{"ticker": "LFUS", "price": {"title": "Littelfuse Historical Annual Stock Price Data", "value": 262.0, "historical": {"2021": {"Average Stock Price": "266.5183", "Year Open": "252.0000", "Year High": "283.9900", "Year Low": "243.3700", "Year Close": "262.0000", "Annual % Change": "2.88%"}, "2020": {"Average Stock Price": "179.7155", "Year Open": "193.4800", "Year High": "254.6600", "Year Low": "105.8000", "Year Close": "254.6600", "Annual % Change": "33.12%"}, "2019": {"Average Stock Price": "179.5912", "Year Open": "170.1600", "Year High": "204.4500", "Year Low": "151.3500", "Year Close": "191.3000", "Annual % Change": "11.56%"}, "2018": {"Average Stock Price": "205.6783", "Year Open": "198.2700", "Year High": "234.9400", "Year Low": "155.1500", "Year Close": "171.4800", "Annual % Change": "-13.32%"}, "2017": {"Average Stock Price": "175.3610", "Year Open": "150.7800", "Year High": "211.6200", "Year Low": "149.4300", "Year Close": "197.8200", "Annual % Change": "30.34%"}, "2016": {"Average Stock Price": "123.0103", "Year Open": "103.2300", "Year High": "155.6800", "Year Low": "94.1800", "Year Close": "151.7700", "Annual % Change": "41.83%"}, "2015": {"Average Stock Price": "97.3411", "Year Open": "95.6100", "Year High": "114.0900", "Year Low": "83.0600", "Year Close": "107.0100", "Annual % Change": "10.70%"}, "2014": {"Average Stock Price": "92.0043", "Year Open": "91.0900", "Year High": "100.7200", "Year Low": "80.0000", "Year Close": "96.6700", "Annual % Change": "4.02%"}, "2013": {"Average Stock Price": "75.0110", "Year Open": "62.8300", "Year High": "94.2600", "Year Low": "61.4600", "Year Close": "92.9300", "Annual % Change": "50.59%"}, "2012": {"Average Stock Price": "55.7662", "Year Open": "45.1200", "Year High": "64.8600", "Year Low": "43.8100", "Year Close": "61.7100", "Annual % Change": "43.58%"}, "2011": {"Average Stock Price": "50.9563", "Year Open": "48.4400", "Year High": "64.8200", "Year Low": "38.5600", "Year Close": "42.9800", "Annual % Change": "-8.67%"}, "2010": {"Average Stock Price": "38.8648", "Year Open": "33.5800", "Year High": "48.7500", "Year Low": "28.9600", "Year Close": "47.0600", "Annual % Change": "46.38%"}, "2009": {"Average Stock Price": "20.5585", "Year Open": "17.2700", "Year High": "32.9400", "Year Low": "8.8700", "Year Close": "32.1500", "Annual % Change": "93.67%"}, "2008": {"Average Stock Price": "29.5535", "Year Open": "33.8900", "Year High": "39.1500", "Year Low": "12.0500", "Year Close": "16.6000", "Annual % Change": "-49.64%"}, "2007": {"Average Stock Price": "36.1185", "Year Open": "31.3200", "Year High": "43.8200", "Year Low": "30.5100", "Year Close": "32.9600", "Annual % Change": "3.39%"}, "2006": {"Average Stock Price": "32.4740", "Year Open": "27.9400", "Year High": "37.2600", "Year Low": "26.5900", "Year Close": "31.8800", "Annual % Change": "16.99%"}, "2005": {"Average Stock Price": "28.5305", "Year Open": "33.6500", "Year High": "33.6500", "Year Low": "21.7800", "Year Close": "27.2500", "Annual % Change": "-20.23%"}, "2004": {"Average Stock Price": "36.4084", "Year Open": "28.6900", "Year High": "44.0500", "Year Low": "28.5600", "Year Close": "34.1600", "Annual % Change": "18.53%"}, "2003": {"Average Stock Price": "22.5434", "Year Open": "17.3500", "Year High": "30.1200", "Year Low": "16.9300", "Year Close": "28.8200", "Annual % Change": "70.94%"}, "2002": {"Average Stock Price": "21.9975", "Year Open": "25.4700", "Year High": "27.9100", "Year Low": "14.4000", "Year Close": "16.8600", "Annual % Change": "-35.75%"}, "2001": {"Average Stock Price": "25.6637", "Year Open": "25.0000", "Year High": "31.5000", "Year Low": "19.9400", "Year Close": "26.2400", "Annual % Change": "-8.35%"}, "2000": {"Average Stock Price": "33.3751", "Year Open": "24.5000", "Year High": "50.5000", "Year Low": "22.0600", "Year Close": "28.6300", "Annual % Change": "17.96%"}, "1999": {"Average Stock Price": "20.2199", "Year Open": "19.1900", "Year High": "24.3100", "Year Low": "16.5000", "Year Close": "24.2700", "Annual % Change": "26.08%"}, "1998": {"Average Stock Price": "22.8904", "Year Open": "25.5000", "Year High": "28.5000", "Year Low": "16.7500", "Year Close": "19.2500", "Annual % Change": "-22.63%"}, "1997": {"Average Stock Price": "26.9188", "Year Open": "23.8750", "Year High": "34.8800", "Year Low": "22.1250", "Year Close": "24.8800", "Annual % Change": "2.60%"}, "1996": {"Average Stock Price": "19.1251", "Year Open": "17.8750", "Year High": "24.2500", "Year Low": "16.3750", "Year Close": "24.2500", "Annual % Change": "31.97%"}, "1995": {"Average Stock Price": "15.7375", "Year Open": "14.5000", "Year High": "18.8750", "Year Low": "12.9400", "Year Close": "18.3750", "Annual % Change": "24.58%"}, "1994": {"Average Stock Price": "11.9595", "Year Open": "12.6250", "Year High": "15.2500", "Year Low": "10.0000", "Year Close": "14.7500", "Annual % Change": "15.69%"}, "1993": {"Average Stock Price": "10.4706", "Year Open": "9.5000", "Year High": "13.5000", "Year Low": "8.7500", "Year Close": "12.7500", "Annual % Change": "32.47%"}}}, "market cap": {"value": "$6.39B"}, "income statement": {"Revenue": {"2020-12-31": "1445.69500", "2019-12-31": "1503.87300", "2018-12-31": "1718.46800", "2017-12-31": "1221.53400", "2016-12-31": "1056.15900", "2015-12-31": "867.86400", "2014-12-31": "851.99500", "2013-12-31": "757.85300", "2012-12-31": "667.91300", "2011-12-31": "664.95500", "2010-12-31": "608.02100", "2009-12-31": "430.14700", "2008-12-31": "530.86900", "2007-12-31": "536.14400", "2006-12-31": "534.85900", "2005-12-31": "467.08900"}, "Cost Of Goods Sold": {"2020-12-31": "944.52300", "2019-12-31": "962.42400", "2018-12-31": "1065.92700", "2017-12-31": "715.00100", "2016-12-31": "643.04200", "2015-12-31": "537.36500", "2014-12-31": "527.56700", "2013-12-31": "461.62100", "2012-12-31": "409.44600", "2011-12-31": "408.26100", "2010-12-31": "374.14900", "2009-12-31": "304.78600", "2008-12-31": "387.20000", "2007-12-31": "364.60700", "2006-12-31": "373.59600", "2005-12-31": "322.53700"}, "Gross Profit": {"2020-12-31": "501.17190", "2019-12-31": "541.44900", "2018-12-31": "652.54100", "2017-12-31": "506.53310", "2016-12-31": "413.11710", "2015-12-31": "330.49900", "2014-12-31": "324.42800", "2013-12-31": "296.23200", "2012-12-31": "258.46700", "2011-12-31": "256.69400", "2010-12-31": "233.87200", "2009-12-31": "125.36100", "2008-12-31": "143.66900", "2007-12-31": "171.53700", "2006-12-31": "161.26300", "2005-12-31": "144.55200"}, "Research And Development Expenses": {"2020-12-31": "52.53800", "2019-12-31": "80.53900", "2018-12-31": "87.30100", "2017-12-31": "50.48900", "2016-12-31": "42.19800", "2015-12-31": "30.80200", "2014-12-31": "31.12200", "2013-12-31": "24.41500", "2012-12-31": "21.23100", "2011-12-31": "19.43900", "2010-12-31": "17.60200", "2009-12-31": "18.13400", "2008-12-31": "24.06900", "2007-12-31": "21.70000", "2006-12-31": "18.70800", "2005-12-31": "16.67200"}, "SG&A Expenses": {"2020-12-31": "204.50700", "2019-12-31": "228.09300", "2018-12-31": "288.00100", "2017-12-31": "212.83300", "2016-12-31": "206.12900", "2015-12-31": "153.71400", "2014-12-31": "146.97500", "2013-12-31": "132.65700", "2012-12-31": "124.27700", "2011-12-31": "116.74000", "2010-12-31": "103.67100", "2009-12-31": "88.50600", "2008-12-31": "107.23900", "2007-12-31": "103.25800", "2006-12-31": "110.58100", "2005-12-31": "98.53600"}, "Other Operating Income Or Expenses": {"2020-12-31": "", "2019-12-31": "", "2018-12-31": "", "2017-12-31": "", "2016-12-31": "", "2015-12-31": "", "2014-12-31": "", "2013-12-31": "", "2012-12-31": "", "2011-12-31": "", "2010-12-31": "", "2009-12-31": "", "2008-12-31": "", "2007-12-31": "8.03700", "2006-12-31": "", "2005-12-31": ""}, "Operating Expenses": {"2020-12-31": "1283.32300", "2019-12-31": "1311.08200", "2018-12-31": "1493.41900", "2017-12-31": "1003.02300", "2016-12-31": "925.51500", "2015-12-31": "763.70700", "2014-12-31": "718.16500", "2013-12-31": "627.97200", "2012-12-31": "561.04300", "2011-12-31": "551.05100", "2010-12-31": "500.44700", "2009-12-31": "416.45200", "2008-12-31": "522.37400", "2007-12-31": "484.83500", "2006-12-31": "506.00100", "2005-12-31": "440.12300"}, "Operating Income": {"2020-12-31": "162.37210", "2019-12-31": "192.79100", "2018-12-31": "225.04910", "2017-12-31": "218.51100", "2016-12-31": "130.64400", "2015-12-31": "104.15700", "2014-12-31": "133.83000", "2013-12-31": "129.88100", "2012-12-31": "106.87010", "2011-12-31": "113.90410", "2010-12-31": "107.57400", "2009-12-31": "13.69500", "2008-12-31": "8.49500", "2007-12-31": "51.30900", "2006-12-31": "28.85800", "2005-12-31": "26.96600"}, "Total Non-Operating Income/Expense": {"2020-12-31": "-1.11900", "2019-12-31": "-26.90700", "2018-12-31": "-20.10700", "2017-12-31": "-14.47400", "2016-12-31": "-7.37000", "2015-12-31": "2.79100", "2014-12-31": "-2.18400", "2013-12-31": "-5.64600", "2012-12-31": "-6.81800", "2011-12-31": "1.19700", "2010-12-31": "0.10500", "2009-12-31": "-2.85800", "2008-12-31": "2.12800", "2007-12-31": "-0.02100", "2006-12-31": "0.54800", "2005-12-31": "0.97000"}, "Pre-Tax Income": {"2020-12-31": "161.25300", "2019-12-31": "165.88400", "2018-12-31": "204.94200", "2017-12-31": "204.03700", "2016-12-31": "123.27400", "2015-12-31": "106.94800", "2014-12-31": "131.64600", "2013-12-31": "124.23500", "2012-12-31": "100.05200", "2011-12-31": "115.10100", "2010-12-31": "107.67900", "2009-12-31": "10.83700", "2008-12-31": "10.62300", "2007-12-31": "51.28800", "2006-12-31": "29.40600", "2005-12-31": "27.93600"}, "Income Taxes": {"2020-12-31": "31.26700", "2019-12-31": "26.80200", "2018-12-31": "40.37700", "2017-12-31": "84.51800", "2016-12-31": "18.78600", "2015-12-31": "26.08200", "2014-12-31": "33.54600", "2013-12-31": "35.45100", "2012-12-31": "24.72000", "2011-12-31": "28.07700", "2010-12-31": "29.01600", "2009-12-31": "1.42600", "2008-12-31": "2.60700", "2007-12-31": "14.45300", "2006-12-31": "6.17000", "2005-12-31": "11.44000"}, "Income After Taxes": {"2020-12-31": "129.98600", "2019-12-31": "139.08200", "2018-12-31": "164.56500", "2017-12-31": "119.51900", "2016-12-31": "104.48800", "2015-12-31": "80.86600", "2014-12-31": "98.10000", "2013-12-31": "88.78400", "2012-12-31": "75.33200", "2011-12-31": "87.02400", "2010-12-31": "78.66300", "2009-12-31": "9.41100", "2008-12-31": "8.01600", "2007-12-31": "36.83500", "2006-12-31": "23.23600", "2005-12-31": "16.49600"}, "Other Income": {"2020-12-31": "", "2019-12-31": "", "2018-12-31": "", "2017-12-31": "", "2016-12-31": "", "2015-12-31": "", "2014-12-31": "", "2013-12-31": "", "2012-12-31": "", "2011-12-31": "", "2010-12-31": "", "2009-12-31": "", "2008-12-31": "", "2007-12-31": "", "2006-12-31": "", "2005-12-31": ""}, "Income From Continuous Operations": {"2020-12-31": "129.98600", "2019-12-31": "139.08200", "2018-12-31": "164.56500", "2017-12-31": "119.51900", "2016-12-31": "104.48800", "2015-12-31": "80.86600", "2014-12-31": "98.10000", "2013-12-31": "88.78400", "2012-12-31": "75.33200", "2011-12-31": "87.02400", "2010-12-31": "78.66300", "2009-12-31": "9.41100", "2008-12-31": "8.01600", "2007-12-31": "36.83500", "2006-12-31": "23.23600", "2005-12-31": "16.58200"}, "Income From Discontinued Operations": {"2020-12-31": "", "2019-12-31": "", "2018-12-31": "", "2017-12-31": "", "2016-12-31": "", "2015-12-31": "", "2014-12-31": "", "2013-12-31": "", "2012-12-31": "", "2011-12-31": "", "2010-12-31": "", "2009-12-31": "", "2008-12-31": "", "2007-12-31": "", "2006-12-31": "0.58800", "2005-12-31": "1.12800"}, "Net Income": {"2020-12-31": "129.98600", "2019-12-31": "139.08200", "2018-12-31": "164.56500", "2017-12-31": "119.51900", "2016-12-31": "104.48800", "2015-12-31": "80.86600", "2014-12-31": "98.10000", "2013-12-31": "88.78400", "2012-12-31": "75.33200", "2011-12-31": "87.02400", "2010-12-31": "78.24900", "2009-12-31": "9.33300", "2008-12-31": "8.00400", "2007-12-31": "36.83500", "2006-12-31": "23.82400", "2005-12-31": "17.71000"}, "EBITDA": {"2020-12-31": "162.37210", "2019-12-31": "285.61600", "2018-12-31": "330.46010", "2017-12-31": "281.52200", "2016-12-31": "198.59000", "2015-12-31": "145.75600", "2014-12-31": "175.70500", "2013-12-31": "164.36100", "2012-12-31": "138.30310", "2011-12-31": "146.15610", "2010-12-31": "139.57900", "2009-12-31": "50.31700", "2008-12-31": "40.69400", "2007-12-31": "80.04500", "2006-12-31": "57.34900", "2005-12-31": "58.19900"}, "EBIT": {"2020-12-31": "162.37210", "2019-12-31": "192.79100", "2018-12-31": "225.04910", "2017-12-31": "218.51100", "2016-12-31": "130.64400", "2015-12-31": "104.15700", "2014-12-31": "133.83000", "2013-12-31": "129.88100", "2012-12-31": "106.87010", "2011-12-31": "113.90410", "2010-12-31": "107.57400", "2009-12-31": "13.69500", "2008-12-31": "8.49500", "2007-12-31": "51.30900", "2006-12-31": "28.85800", "2005-12-31": "26.96600"}, "Basic Shares Outstanding": {"2020-12-31": "24.37100", "2019-12-31": "24.57600", "2018-12-31": "24.87000", "2017-12-31": "22.68700", "2016-12-31": "22.55900", "2015-12-31": "22.56500", "2014-12-31": "22.54300", "2013-12-31": "22.31500", "2012-12-31": "21.82200", "2011-12-31": "21.90100", "2010-12-31": "21.87500", "2009-12-31": "21.74300", "2008-12-31": "21.72200", "2007-12-31": "22.23100", "2006-12-31": "22.30500", "2005-12-31": "22.41300"}, "Shares Outstanding": {"2020-12-31": "24.59200", "2019-12-31": "24.81800", "2018-12-31": "25.23500", "2017-12-31": "22.93100", "2016-12-31": "22.72700", "2015-12-31": "22.71900", "2014-12-31": "22.72700", "2013-12-31": "22.53700", "2012-12-31": "22.09800", "2011-12-31": "22.25500", "2010-12-31": "22.21400", "2009-12-31": "21.81200", "2008-12-31": "21.82600", "2007-12-31": "22.39400", "2006-12-31": "22.43400", "2005-12-31": "22.58200"}, "Basic EPS": {"2020-12-31": "5.33000", "2019-12-31": "5.66000", "2018-12-31": "6.62000", "2017-12-31": "5.27000", "2016-12-31": "4.63000", "2015-12-31": "3.58000", "2014-12-31": "4.35000", "2013-12-31": "3.98000", "2012-12-31": "3.45000", "2011-12-31": "3.96000", "2010-12-31": "3.58000", "2009-12-31": "0.43000", "2008-12-31": "0.37000", "2007-12-31": "1.66000", "2006-12-31": "1.07000", "2005-12-31": "0.79000"}, "EPS - Earnings Per Share": {"2020-12-31": "5.29000", "2019-12-31": "5.60000", "2018-12-31": "6.52000", "2017-12-31": "5.21000", "2016-12-31": "4.60000", "2015-12-31": "3.56000", "2014-12-31": "4.32000", "2013-12-31": "3.94000", "2012-12-31": "3.40000", "2011-12-31": "3.90000", "2010-12-31": "3.52000", "2009-12-31": "0.43000", "2008-12-31": "0.37000", "2007-12-31": "1.64000", "2006-12-31": "1.06000", "2005-12-31": "0.78000"}}, "income statement, quarterly": {"Revenue": {"2020-12-31": "400.69600", "2020-09-30": "391.56600", "2020-06-30": "307.33700", "2020-03-31": "346.09600", "2019-12-31": "338.52310", "2019-09-30": "361.97100", "2019-06-30": "397.87900", "2019-03-31": "405.50000", "2018-12-31": "402.28100", "2018-09-30": "439.19100", "2018-06-30": "459.18300", "2018-03-31": "417.81300", "2017-12-31": "304.84900", "2017-09-30": "317.88900", "2017-06-30": "313.35500", "2017-03-31": "285.44100", "2016-12-31": "284.51810", "2016-09-30": "280.33100", "2016-06-30": "271.91200", "2016-03-31": "219.39800", "2015-12-31": "220.02000", "2015-09-30": "215.51000", "2015-06-30": "222.02100", "2015-03-31": "210.31300", "2014-12-31": "206.61990", "2014-09-30": "217.60800", "2014-06-30": "220.90800", "2014-03-31": "206.85900", "2013-12-31": "198.12910", "2013-09-30": "201.04000", "2013-06-30": "187.76600", "2013-03-31": "170.91800", "2012-12-31": "158.79400", "2012-09-30": "172.68800", "2012-06-30": "175.85300", "2012-03-31": "160.57800", "2011-12-31": "147.19300", "2011-09-30": "173.98700", "2011-06-30": "176.61500", "2011-03-31": "167.16000", "2010-12-31": "142.64600", "2010-09-30": "163.46500", "2010-06-30": "157.50800", "2010-03-31": "144.40200", "2009-12-31": "127.92800", "2009-09-30": "116.42000", "2009-06-30": "101.39600", "2009-03-31": "84.40300", "2008-12-31": "105.88700", "2008-09-30": "141.44800", "2008-06-30": "149.82600", "2008-03-31": "133.70800", "2007-12-31": "134.96600", "2007-09-30": "140.21500", "2007-06-30": "129.14900", "2007-03-31": "131.81400", "2006-12-31": "127.83600", "2006-09-30": "143.47100", "2006-06-30": "137.94100", "2006-03-31": "125.61100", "2005-12-31": "115.37300", "2005-09-30": "122.26600", "2005-06-30": "115.69300", "2005-03-31": "113.75700"}, "Cost Of Goods Sold": {"2020-12-31": "262.61300", "2020-09-30": "253.39000", "2020-06-30": "208.23800", "2020-03-31": "222.38400", "2019-12-31": "225.05600", "2019-09-30": "231.02500", "2019-06-30": "256.07100", "2019-03-31": "250.27200", "2018-12-31": "247.94400", "2018-09-30": "259.59700", "2018-06-30": "290.19600", "2018-03-31": "268.19000", "2017-12-31": "178.22490", "2017-09-30": "184.23800", "2017-06-30": "180.74700", "2017-03-31": "171.79100", "2016-12-31": "170.18100", "2016-09-30": "166.57200", "2016-06-30": "174.04600", "2016-03-31": "132.24300", "2015-12-31": "137.31400", "2015-09-30": "129.32800", "2015-06-30": "136.74000", "2015-03-31": "133.98300", "2014-12-31": "131.06100", "2014-09-30": "130.22800", "2014-06-30": "137.91300", "2014-03-31": "128.36500", "2013-12-31": "121.02000", "2013-09-30": "120.08000", "2013-06-30": "114.20900", "2013-03-31": "106.31200", "2012-12-31": "99.38700", "2012-09-30": "104.05200", "2012-06-30": "106.29100", "2012-03-31": "99.71600", "2011-12-31": "93.66700", "2011-09-30": "105.51600", "2011-06-30": "106.62100", "2011-03-31": "102.45700", "2010-12-31": "88.69000", "2010-09-30": "96.21200", "2010-06-30": "98.12500", "2010-03-31": "91.12200", "2009-12-31": "82.87100", "2009-09-30": "79.80400", "2009-06-30": "75.98200", "2009-03-31": "66.12900", "2008-12-31": "84.06100", "2008-09-30": "105.54800", "2008-06-30": "102.36400", "2008-03-31": "95.22700", "2007-12-31": "92.31000", "2007-09-30": "93.92600", "2007-06-30": "87.87800", "2007-03-31": "90.49300", "2006-12-31": "89.74700", "2006-09-30": "96.38600", "2006-06-30": "106.65200", "2006-03-31": "80.81100", "2005-12-31": "77.46800", "2005-09-30": "87.95700", "2005-06-30": "80.57600", "2005-03-31": "76.53600"}, "Gross Profit": {"2020-12-31": "138.08300", "2020-09-30": "138.17600", "2020-06-30": "99.09900", "2020-03-31": "123.71200", "2019-12-31": "113.46700", "2019-09-30": "130.94600", "2019-06-30": "141.80800", "2019-03-31": "155.22800", "2018-12-31": "154.33700", "2018-09-30": "179.59400", "2018-06-30": "168.98700", "2018-03-31": "149.62300", "2017-12-31": "126.62410", "2017-09-30": "133.65100", "2017-06-30": "132.60800", "2017-03-31": "113.65000", "2016-12-31": "114.33710", "2016-09-30": "113.75900", "2016-06-30": "97.86600", "2016-03-31": "87.15500", "2015-12-31": "82.70600", "2015-09-30": "86.18200", "2015-06-30": "85.28100", "2015-03-31": "76.33000", "2014-12-31": "75.55890", "2014-09-30": "87.38000", "2014-06-30": "82.99500", "2014-03-31": "78.49400", "2013-12-31": "77.10900", "2013-09-30": "80.96000", "2013-06-30": "73.55700", "2013-03-31": "64.60600", "2012-12-31": "59.40700", "2012-09-30": "68.63600", "2012-06-30": "69.56200", "2012-03-31": "60.86200", "2011-12-31": "53.52600", "2011-09-30": "68.47100", "2011-06-30": "69.99400", "2011-03-31": "64.70300", "2010-12-31": "53.95600", "2010-09-30": "67.25300", "2010-06-30": "59.38300", "2010-03-31": "53.28000", "2009-12-31": "45.05700", "2009-09-30": "36.61600", "2009-06-30": "25.41400", "2009-03-31": "18.27400", "2008-12-31": "21.82600", "2008-09-30": "35.90000", "2008-06-30": "47.46200", "2008-03-31": "38.48100", "2007-12-31": "42.65600", "2007-09-30": "46.28900", "2007-06-30": "41.27100", "2007-03-31": "41.32100", "2006-12-31": "38.08900", "2006-09-30": "47.08500", "2006-06-30": "31.28900", "2006-03-31": "44.80000", "2005-12-31": "37.90500", "2005-09-30": "34.30900", "2005-06-30": "35.11700", "2005-03-31": "37.22100"}, "Research And Development Expenses": {"2020-12-31": "11.95100", "2020-09-30": "13.04900", "2020-06-30": "13.40000", "2020-03-31": "14.59500", "2019-12-31": "17.94400", "2019-09-30": "19.72800", "2019-06-30": "21.45800", "2019-03-31": "21.40900", "2018-12-31": "21.55900", "2018-09-30": "20.45400", "2018-06-30": "22.74800", "2018-03-31": "22.54000", "2017-12-31": "13.61800", "2017-09-30": "11.99100", "2017-06-30": "12.72900", "2017-03-31": "12.15100", "2016-12-31": "11.31400", "2016-09-30": "10.40300", "2016-06-30": "11.91600", "2016-03-31": "8.56500", "2015-12-31": "8.57800", "2015-09-30": "7.47900", "2015-06-30": "7.36100", "2015-03-31": "7.38400", "2014-12-31": "8.28900", "2014-09-30": "7.44900", "2014-06-30": "7.81000", "2014-03-31": "7.57400", "2013-12-31": "6.69000", "2013-09-30": "6.21700", "2013-06-30": "5.79300", "2013-03-31": "5.71500", "2012-12-31": "5.67800", "2012-09-30": "5.50500", "2012-06-30": "4.88700", "2012-03-31": "5.16100", "2011-12-31": "4.68500", "2011-09-30": "5.29700", "2011-06-30": "4.66200", "2011-03-31": "4.79500", "2010-12-31": "4.90400", "2010-09-30": "4.34500", "2010-06-30": "4.40300", "2010-03-31": "3.95000", "2009-12-31": "4.37900", "2009-09-30": "4.22200", "2009-06-30": "4.71200", "2009-03-31": "4.82100", "2008-12-31": "5.96800", "2008-09-30": "6.26500", "2008-06-30": "6.21300", "2008-03-31": "5.62300", "2007-12-31": "5.46300", "2007-09-30": "5.64400", "2007-06-30": "5.30600", "2007-03-31": "5.28700", "2006-12-31": "4.60900", "2006-09-30": "4.63400", "2006-06-30": "4.79000", "2006-03-31": "4.67500", "2005-12-31": "3.89000", "2005-09-30": "4.25700", "2005-06-30": "4.24600", "2005-03-31": "4.27900"}, "SG&A Expenses": {"2020-12-31": "50.17900", "2020-09-30": "50.46500", "2020-06-30": "53.98100", "2020-03-31": "54.38600", "2019-12-31": "53.24800", "2019-09-30": "54.22400", "2019-06-30": "57.66600", "2019-03-31": "62.95500", "2018-12-31": "67.46100", "2018-09-30": "69.78200", "2018-06-30": "73.24400", "2018-03-31": "77.51400", "2017-12-31": "55.93300", "2017-09-30": "56.75900", "2017-06-30": "53.43800", "2017-03-31": "46.70300", "2016-12-31": "56.08200", "2016-09-30": "56.58900", "2016-06-30": "51.09200", "2016-03-31": "42.36600", "2015-12-31": "41.59500", "2015-09-30": "37.00200", "2015-06-30": "38.77200", "2015-03-31": "36.34500", "2014-12-31": "37.82900", "2014-09-30": "36.64700", "2014-06-30": "38.32800", "2014-03-31": "34.17100", "2013-12-31": "34.56600", "2013-09-30": "34.43700", "2013-06-30": "34.45200", "2013-03-31": "29.20200", "2012-12-31": "34.07800", "2012-09-30": "30.60100", "2012-06-30": "31.18900", "2012-03-31": "28.40900", "2011-12-31": "28.88900", "2011-09-30": "32.01500", "2011-06-30": "28.44100", "2011-03-31": "27.39500", "2010-12-31": "23.46300", "2010-09-30": "27.55300", "2010-06-30": "26.20800", "2010-03-31": "26.44700", "2009-12-31": "22.04400", "2009-09-30": "21.17400", "2009-06-30": "22.94600", "2009-03-31": "22.34200", "2008-12-31": "28.02300", "2008-09-30": "26.59400", "2008-06-30": "26.94400", "2008-03-31": "25.67800", "2007-12-31": "26.32000", "2007-09-30": "27.57800", "2007-06-30": "23.47400", "2007-03-31": "25.88600", "2006-12-31": "26.98600", "2006-09-30": "29.17400", "2006-06-30": "28.59900", "2006-03-31": "25.82200", "2005-12-31": "24.02400", "2005-09-30": "25.51300", "2005-06-30": "23.53800", "2005-03-31": "25.46100"}, "Other Operating Income Or Expenses": {"2020-12-31": "", "2020-09-30": "", "2020-06-30": "", "2020-03-31": "", "2019-12-31": "", "2019-09-30": "", "2019-06-30": "", "2019-03-31": "", "2018-12-31": "", "2018-09-30": "", "2018-06-30": "", "2018-03-31": "", "2017-12-31": "", "2017-09-30": "", "2017-06-30": "", "2017-03-31": "", "2016-12-31": "", "2016-09-30": "", "2016-06-30": "", "2016-03-31": "", "2015-12-31": "", "2015-09-30": "", "2015-06-30": "", "2015-03-31": "", "2014-12-31": "", "2014-09-30": "", "2014-06-30": "", "2014-03-31": "", "2013-12-31": "", "2013-09-30": "", "2013-06-30": "", "2013-03-31": "", "2012-12-31": "", "2012-09-30": "", "2012-06-30": "", "2012-03-31": "", "2011-12-31": "", "2011-09-30": "", "2011-06-30": "", "2011-03-31": "", "2010-12-31": "", "2010-09-30": "", "2010-06-30": "", "2010-03-31": "", "2009-12-31": "", "2009-09-30": "", "2009-06-30": "", "2009-03-31": "", "2008-12-31": "", "2008-09-30": "", "2008-06-30": "", "2008-03-31": "", "2007-12-31": "", "2007-09-30": "8.03700", "2007-06-30": "", "2007-03-31": "", "2006-12-31": "", "2006-09-30": "", "2006-06-30": "", "2006-03-31": "", "2005-12-31": "", "2005-09-30": "", "2005-06-30": "", "2005-03-31": ""}, "Operating Expenses": {"2020-12-31": "335.68200", "2020-09-30": "327.00800", "2020-06-30": "319.28700", "2020-03-31": "301.34600", "2019-12-31": "306.20610", "2019-09-30": "314.80400", "2019-06-30": "345.24500", "2019-03-31": "344.82700", "2018-12-31": "350.65300", "2018-09-30": "362.96300", "2018-06-30": "399.56100", "2018-03-31": "380.24200", "2017-12-31": "254.06900", "2017-09-30": "259.28000", "2017-06-30": "253.08500", "2017-03-31": "236.58900", "2016-12-31": "243.53000", "2016-09-30": "252.80500", "2016-06-30": "242.21000", "2016-03-31": "186.97000", "2015-12-31": "190.16590", "2015-09-30": "206.92600", "2015-06-30": "185.85000", "2015-03-31": "180.76500", "2014-12-31": "180.22900", "2014-09-30": "177.47800", "2014-06-30": "187.18900", "2014-03-31": "173.26900", "2013-12-31": "165.30600", "2013-09-30": "163.48100", "2013-06-30": "156.38400", "2013-03-31": "142.80100", "2012-12-31": "140.77490", "2012-09-30": "141.75700", "2012-06-30": "143.75700", "2012-03-31": "134.75400", "2011-12-31": "129.07200", "2011-09-30": "144.41300", "2011-06-30": "141.32400", "2011-03-31": "136.24200", "2010-12-31": "118.33000", "2010-09-30": "129.35700", "2010-06-30": "130.00100", "2010-03-31": "122.75900", "2009-12-31": "110.68800", "2009-09-30": "106.40900", "2009-06-30": "104.85200", "2009-03-31": "94.50300", "2008-12-31": "118.99500", "2008-09-30": "139.43700", "2008-06-30": "136.52200", "2008-03-31": "127.42000", "2007-12-31": "124.98710", "2007-09-30": "119.98800", "2007-06-30": "117.53700", "2007-03-31": "122.32300", "2006-12-31": "122.43800", "2006-09-30": "131.10300", "2006-06-30": "140.63200", "2006-03-31": "111.82800", "2005-12-31": "106.25900", "2005-09-30": "118.16300", "2005-06-30": "108.79400", "2005-03-31": "106.90700"}, "Operating Income": {"2020-12-31": "65.01400", "2020-09-30": "64.55800", "2020-06-30": "-11.95000", "2020-03-31": "44.75000", "2019-12-31": "32.31700", "2019-09-30": "47.16700", "2019-06-30": "52.63400", "2019-03-31": "60.67300", "2018-12-31": "51.62810", "2018-09-30": "76.22800", "2018-06-30": "59.62200", "2018-03-31": "37.57100", "2017-12-31": "50.78000", "2017-09-30": "58.60900", "2017-06-30": "60.27000", "2017-03-31": "48.85200", "2016-12-31": "40.98810", "2016-09-30": "27.52600", "2016-06-30": "29.70200", "2016-03-31": "32.42800", "2015-12-31": "29.85410", "2015-09-30": "8.58400", "2015-06-30": "36.17100", "2015-03-31": "29.54800", "2014-12-31": "26.39100", "2014-09-30": "40.13000", "2014-06-30": "33.71900", "2014-03-31": "33.59000", "2013-12-31": "32.82310", "2013-09-30": "37.55900", "2013-06-30": "31.38200", "2013-03-31": "28.11700", "2012-12-31": "18.01910", "2012-09-30": "30.93100", "2012-06-30": "32.09600", "2012-03-31": "25.82400", "2011-12-31": "18.12110", "2011-09-30": "29.57400", "2011-06-30": "35.29100", "2011-03-31": "30.91800", "2010-12-31": "24.31610", "2010-09-30": "34.10800", "2010-06-30": "27.50700", "2010-03-31": "21.64300", "2009-12-31": "17.23990", "2009-09-30": "10.01100", "2009-06-30": "-3.45600", "2009-03-31": "-10.10000", "2008-12-31": "-13.10800", "2008-09-30": "2.01100", "2008-06-30": "13.30400", "2008-03-31": "6.28800", "2007-12-31": "9.97890", "2007-09-30": "20.22700", "2007-06-30": "11.61200", "2007-03-31": "9.49100", "2006-12-31": "5.39800", "2006-09-30": "12.36800", "2006-06-30": "-2.69100", "2006-03-31": "13.78300", "2005-12-31": "9.11400", "2005-09-30": "4.10300", "2005-06-30": "6.89900", "2005-03-31": "6.85000"}, "Total Non-Operating Income/Expense": {"2020-12-31": "3.89900", "2020-09-30": "2.86800", "2020-06-30": "1.36500", "2020-03-31": "-9.25100", "2019-12-31": "-7.84300", "2019-09-30": "-5.76300", "2019-06-30": "0.93300", "2019-03-31": "-14.23400", "2018-12-31": "-11.86200", "2018-09-30": "-8.01600", "2018-06-30": "-7.30400", "2018-03-31": "7.07500", "2017-12-31": "-7.05100", "2017-09-30": "-3.08600", "2017-06-30": "-2.91300", "2017-03-31": "-1.42400", "2016-12-31": "-9.23800", "2016-09-30": "2.90700", "2016-06-30": "4.31200", "2016-03-31": "-5.35100", "2015-12-31": "0.33000", "2015-09-30": "4.05700", "2015-06-30": "1.54600", "2015-03-31": "-3.14200", "2014-12-31": "-1.31900", "2014-09-30": "1.07000", "2014-06-30": "-2.15700", "2014-03-31": "0.22200", "2013-12-31": "1.51900", "2013-09-30": "-1.03500", "2013-06-30": "4.01500", "2013-03-31": "-10.14500", "2012-12-31": "-3.16900", "2012-09-30": "-1.90300", "2012-06-30": "-0.69700", "2012-03-31": "-1.04900", "2011-12-31": "0.53400", "2011-09-30": "1.48300", "2011-06-30": "-0.51000", "2011-03-31": "-0.31000", "2010-12-31": "-0.12700", "2010-09-30": "-0.28400", "2010-06-30": "1.05300", "2010-03-31": "-0.53700", "2009-12-31": "-1.48200", "2009-09-30": "-1.18500", "2009-06-30": "-0.40000", "2009-03-31": "0.20900", "2008-12-31": "0.28600", "2008-09-30": "2.90000", "2008-06-30": "-0.41100", "2008-03-31": "-0.64700", "2007-12-31": "0.32600", "2007-09-30": "-0.40200", "2007-06-30": "0.17700", "2007-03-31": "-0.12200", "2006-12-31": "0.17300", "2006-09-30": "-0.36300", "2006-06-30": "0.58000", "2006-03-31": "0.15800", "2005-12-31": "-0.61700", "2005-09-30": "2.40100", "2005-06-30": "-0.47200", "2005-03-31": "-0.34200"}, "Pre-Tax Income": {"2020-12-31": "68.91300", "2020-09-30": "67.42600", "2020-06-30": "-10.58500", "2020-03-31": "35.49900", "2019-12-31": "24.47400", "2019-09-30": "41.40400", "2019-06-30": "53.56700", "2019-03-31": "46.43900", "2018-12-31": "39.76600", "2018-09-30": "68.21200", "2018-06-30": "52.31800", "2018-03-31": "44.64600", "2017-12-31": "43.72900", "2017-09-30": "55.52300", "2017-06-30": "57.35700", "2017-03-31": "47.42800", "2016-12-31": "31.75000", "2016-09-30": "30.43300", "2016-06-30": "34.01400", "2016-03-31": "27.07700", "2015-12-31": "30.18400", "2015-09-30": "12.64100", "2015-06-30": "37.71700", "2015-03-31": "26.40600", "2014-12-31": "25.07200", "2014-09-30": "41.20000", "2014-06-30": "31.56200", "2014-03-31": "33.81200", "2013-12-31": "34.34200", "2013-09-30": "36.52400", "2013-06-30": "35.39700", "2013-03-31": "17.97200", "2012-12-31": "14.85000", "2012-09-30": "29.02800", "2012-06-30": "31.39900", "2012-03-31": "24.77500", "2011-12-31": "18.65500", "2011-09-30": "31.05700", "2011-06-30": "34.78100", "2011-03-31": "30.60800", "2010-12-31": "24.18900", "2010-09-30": "33.82400", "2010-06-30": "28.56000", "2010-03-31": "21.10600", "2009-12-31": "15.75800", "2009-09-30": "8.82600", "2009-06-30": "-3.85600", "2009-03-31": "-9.89100", "2008-12-31": "-12.82200", "2008-09-30": "4.91100", "2008-06-30": "12.89300", "2008-03-31": "5.64100", "2007-12-31": "10.30500", "2007-09-30": "19.82500", "2007-06-30": "11.78900", "2007-03-31": "9.36900", "2006-12-31": "5.57100", "2006-09-30": "12.00500", "2006-06-30": "-2.11100", "2006-03-31": "13.94100", "2005-12-31": "8.49700", "2005-09-30": "6.50400", "2005-06-30": "6.42700", "2005-03-31": "6.50800"}, "Income Taxes": {"2020-12-31": "9.93600", "2020-09-30": "12.07000", "2020-06-30": "-1.59400", "2020-03-31": "10.85500", "2019-12-31": "1.82000", "2019-09-30": "5.75700", "2019-06-30": "9.77500", "2019-03-31": "9.45000", "2018-12-31": "7.10200", "2018-09-30": "14.66600", "2018-06-30": "9.99200", "2018-03-31": "8.61700", "2017-12-31": "54.54700", "2017-09-30": "12.71500", "2017-06-30": "8.71900", "2017-03-31": "8.53700", "2016-12-31": "4.50500", "2016-09-30": "-0.36900", "2016-06-30": "6.86200", "2016-03-31": "7.78800", "2015-12-31": "9.32100", "2015-09-30": "1.31700", "2015-06-30": "9.03300", "2015-03-31": "6.41100", "2014-12-31": "6.87900", "2014-09-30": "11.26000", "2014-06-30": "6.98400", "2014-03-31": "8.42300", "2013-12-31": "10.68400", "2013-09-30": "9.53400", "2013-06-30": "8.74900", "2013-03-31": "6.48400", "2012-12-31": "2.82200", "2012-09-30": "6.25000", "2012-06-30": "8.43600", "2012-03-31": "7.21200", "2011-12-31": "3.41700", "2011-09-30": "6.11800", "2011-06-30": "9.51200", "2011-03-31": "9.03000", "2010-12-31": "4.61100", "2010-09-30": "10.48600", "2010-06-30": "8.28200", "2010-03-31": "5.63700", "2009-12-31": "4.03700", "2009-09-30": "0.76800", "2009-06-30": "-1.27200", "2009-03-31": "-2.10700", "2008-12-31": "-3.59700", "2008-09-30": "0.92300", "2008-06-30": "3.75200", "2008-03-31": "1.52900", "2007-12-31": "2.36700", "2007-09-30": "5.53100", "2007-06-30": "3.40700", "2007-03-31": "3.14800", "2006-12-31": "0.92700", "2006-09-30": "2.64500", "2006-06-30": "-2.56000", "2006-03-31": "5.15800", "2005-12-31": "3.68400", "2005-09-30": "3.42300", "2005-06-30": "2.11800", "2005-03-31": "2.21500"}, "Income After Taxes": {"2020-12-31": "58.97700", "2020-09-30": "55.35600", "2020-06-30": "-8.99100", "2020-03-31": "24.64400", "2019-12-31": "22.65400", "2019-09-30": "35.64700", "2019-06-30": "43.79200", "2019-03-31": "36.98900", "2018-12-31": "32.66400", "2018-09-30": "53.54600", "2018-06-30": "42.32600", "2018-03-31": "36.02900", "2017-12-31": "-10.81800", "2017-09-30": "42.80800", "2017-06-30": "48.63800", "2017-03-31": "38.89100", "2016-12-31": "27.24500", "2016-09-30": "30.80200", "2016-06-30": "27.15200", "2016-03-31": "19.28900", "2015-12-31": "20.86300", "2015-09-30": "11.32400", "2015-06-30": "28.68400", "2015-03-31": "19.99500", "2014-12-31": "18.19300", "2014-09-30": "29.94000", "2014-06-30": "24.57800", "2014-03-31": "25.38900", "2013-12-31": "23.65800", "2013-09-30": "26.99000", "2013-06-30": "26.64800", "2013-03-31": "11.48800", "2012-12-31": "12.02800", "2012-09-30": "22.77800", "2012-06-30": "22.96300", "2012-03-31": "17.56300", "2011-12-31": "15.23800", "2011-09-30": "24.93900", "2011-06-30": "25.26900", "2011-03-31": "21.57800", "2010-12-31": "19.57800", "2010-09-30": "23.33800", "2010-06-30": "20.27800", "2010-03-31": "15.46900", "2009-12-31": "11.72100", "2009-09-30": "8.05800", "2009-06-30": "-2.58400", "2009-03-31": "-7.78400", "2008-12-31": "-9.22500", "2008-09-30": "3.98800", "2008-06-30": "9.14100", "2008-03-31": "4.11200", "2007-12-31": "7.93800", "2007-09-30": "14.29400", "2007-06-30": "8.38200", "2007-03-31": "6.22100", "2006-12-31": "4.64400", "2006-09-30": "9.36000", "2006-06-30": "0.44900", "2006-03-31": "8.78300", "2005-12-31": "4.81300", "2005-09-30": "3.08100", "2005-06-30": "4.30900", "2005-03-31": "4.29300"}, "Other Income": {"2020-12-31": "", "2020-09-30": "", "2020-06-30": "", "2020-03-31": "", "2019-12-31": "", "2019-09-30": "", "2019-06-30": "", "2019-03-31": "", "2018-12-31": "", "2018-09-30": "", "2018-06-30": "", "2018-03-31": "", "2017-12-31": "", "2017-09-30": "", "2017-06-30": "", "2017-03-31": "", "2016-12-31": "", "2016-09-30": "", "2016-06-30": "", "2016-03-31": "", "2015-12-31": "", "2015-09-30": "", "2015-06-30": "", "2015-03-31": "", "2014-12-31": "", "2014-09-30": "", "2014-06-30": "", "2014-03-31": "", "2013-12-31": "", "2013-09-30": "", "2013-06-30": "", "2013-03-31": "", "2012-12-31": "", "2012-09-30": "", "2012-06-30": "", "2012-03-31": "", "2011-12-31": "", "2011-09-30": "", "2011-06-30": "", "2011-03-31": "", "2010-12-31": "", "2010-09-30": "", "2010-06-30": "", "2010-03-31": "", "2009-12-31": "", "2009-09-30": "", "2009-06-30": "", "2009-03-31": "", "2008-12-31": "", "2008-09-30": "", "2008-06-30": "", "2008-03-31": "", "2007-12-31": "", "2007-09-30": "", "2007-06-30": "", "2007-03-31": "", "2006-12-31": "", "2006-09-30": "", "2006-06-30": "", "2006-03-31": "", "2005-12-31": "", "2005-09-30": "", "2005-06-30": "", "2005-03-31": ""}, "Income From Continuous Operations": {"2020-12-31": "58.97700", "2020-09-30": "55.35600", "2020-06-30": "-8.99100", "2020-03-31": "24.64400", "2019-12-31": "22.65400", "2019-09-30": "35.64700", "2019-06-30": "43.79200", "2019-03-31": "36.98900", "2018-12-31": "32.66400", "2018-09-30": "53.54600", "2018-06-30": "42.32600", "2018-03-31": "36.02900", "2017-12-31": "-10.81800", "2017-09-30": "42.80800", "2017-06-30": "48.63800", "2017-03-31": "38.89100", "2016-12-31": "27.24500", "2016-09-30": "30.80200", "2016-06-30": "27.15200", "2016-03-31": "19.28900", "2015-12-31": "20.86300", "2015-09-30": "11.32400", "2015-06-30": "28.68400", "2015-03-31": "19.99500", "2014-12-31": "18.19300", "2014-09-30": "29.94000", "2014-06-30": "24.57800", "2014-03-31": "25.38900", "2013-12-31": "23.65800", "2013-09-30": "26.99000", "2013-06-30": "26.64800", "2013-03-31": "11.48800", "2012-12-31": "12.02800", "2012-09-30": "22.77800", "2012-06-30": "22.96300", "2012-03-31": "17.56300", "2011-12-31": "15.23800", "2011-09-30": "24.93900", "2011-06-30": "25.26900", "2011-03-31": "21.57800", "2010-12-31": "19.57800", "2010-09-30": "23.33800", "2010-06-30": "20.27800", "2010-03-31": "15.46900", "2009-12-31": "11.72100", "2009-09-30": "8.05800", "2009-06-30": "-2.58400", "2009-03-31": "-7.78400", "2008-12-31": "-9.22500", "2008-09-30": "3.98800", "2008-06-30": "9.14100", "2008-03-31": "4.11200", "2007-12-31": "7.93800", "2007-09-30": "14.29400", "2007-06-30": "8.38200", "2007-03-31": "6.22100", "2006-12-31": "4.64400", "2006-09-30": "9.36000", "2006-06-30": "0.44900", "2006-03-31": "8.78300", "2005-12-31": "4.86100", "2005-09-30": "3.12100", "2005-06-30": "4.31400", "2005-03-31": "4.28600"}, "Income From Discontinued Operations": {"2020-12-31": "", "2020-09-30": "", "2020-06-30": "", "2020-03-31": "", "2019-12-31": "", "2019-09-30": "", "2019-06-30": "", "2019-03-31": "", "2018-12-31": "", "2018-09-30": "", "2018-06-30": "", "2018-03-31": "", "2017-12-31": "", "2017-09-30": "", "2017-06-30": "", "2017-03-31": "", "2016-12-31": "", "2016-09-30": "", "2016-06-30": "", "2016-03-31": "", "2015-12-31": "", "2015-09-30": "", "2015-06-30": "", "2015-03-31": "", "2014-12-31": "", "2014-09-30": "", "2014-06-30": "", "2014-03-31": "", "2013-12-31": "", "2013-09-30": "", "2013-06-30": "", "2013-03-31": "", "2012-12-31": "", "2012-09-30": "", "2012-06-30": "", "2012-03-31": "", "2011-12-31": "", "2011-09-30": "", "2011-06-30": "", "2011-03-31": "", "2010-12-31": "", "2010-09-30": "", "2010-06-30": "", "2010-03-31": "", "2009-12-31": "", "2009-09-30": "", "2009-06-30": "", "2009-03-31": "", "2008-12-31": "", "2008-09-30": "", "2008-06-30": "", "2008-03-31": "", "2007-12-31": "", "2007-09-30": "", "2007-06-30": "", "2007-03-31": "", "2006-12-31": "", "2006-09-30": "", "2006-06-30": "", "2006-03-31": "0.58800", "2005-12-31": "0.38200", "2005-09-30": "0.65000", "2005-06-30": "-0.05700", "2005-03-31": "0.15300"}, "Net Income": {"2020-12-31": "58.97700", "2020-09-30": "55.35600", "2020-06-30": "-8.99100", "2020-03-31": "24.64400", "2019-12-31": "22.65400", "2019-09-30": "35.64700", "2019-06-30": "43.79200", "2019-03-31": "36.98900", "2018-12-31": "32.66400", "2018-09-30": "53.54600", "2018-06-30": "42.32600", "2018-03-31": "36.02900", "2017-12-31": "-10.81800", "2017-09-30": "42.80800", "2017-06-30": "48.63800", "2017-03-31": "38.89100", "2016-12-31": "27.24500", "2016-09-30": "30.80200", "2016-06-30": "27.15200", "2016-03-31": "19.28900", "2015-12-31": "20.86300", "2015-09-30": "11.32400", "2015-06-30": "28.68400", "2015-03-31": "19.99500", "2014-12-31": "18.19300", "2014-09-30": "29.94000", "2014-06-30": "24.57800", "2014-03-31": "25.38900", "2013-12-31": "23.65800", "2013-09-30": "26.99000", "2013-06-30": "26.64800", "2013-03-31": "11.48800", "2012-12-31": "12.11300", "2012-09-30": "22.77800", "2012-06-30": "22.92700", "2012-03-31": "17.51400", "2011-12-31": "15.23800", "2011-09-30": "24.93900", "2011-06-30": "25.26900", "2011-03-31": "21.57800", "2010-12-31": "19.16400", "2010-09-30": "23.33800", "2010-06-30": "20.27800", "2010-03-31": "15.46900", "2009-12-31": "11.64300", "2009-09-30": "8.05800", "2009-06-30": "-2.58400", "2009-03-31": "-7.78400", "2008-12-31": "-9.23700", "2008-09-30": "3.98800", "2008-06-30": "9.14100", "2008-03-31": "4.11200", "2007-12-31": "7.93800", "2007-09-30": "14.29400", "2007-06-30": "8.38200", "2007-03-31": "6.22100", "2006-12-31": "4.64400", "2006-09-30": "9.36000", "2006-06-30": "0.44900", "2006-03-31": "9.37100", "2005-12-31": "5.24300", "2005-09-30": "3.77100", "2005-06-30": "4.25700", "2005-03-31": "4.43900"}, "EBITDA": {"2020-12-31": "", "2020-09-30": "88.88700", "2020-06-30": "11.78400", "2020-03-31": "68.55200", "2019-12-31": "56.08600", "2019-09-30": "70.25500", "2019-06-30": "75.32300", "2019-03-31": "83.95200", "2018-12-31": "80.97910", "2018-09-30": "102.48600", "2018-06-30": "85.81200", "2018-03-31": "61.18300", "2017-12-31": "67.15600", "2017-09-30": "74.55400", "2017-06-30": "75.88800", "2017-03-31": "63.92400", "2016-12-31": "55.90010", "2016-09-30": "55.45200", "2016-06-30": "43.78400", "2016-03-31": "43.45400", "2015-12-31": "40.34710", "2015-09-30": "18.89900", "2015-06-30": "46.54400", "2015-03-31": "39.96600", "2014-12-31": "37.07900", "2014-09-30": "50.56100", "2014-06-30": "44.30900", "2014-03-31": "43.75600", "2013-12-31": "41.45110", "2013-09-30": "47.16100", "2013-06-30": "39.82800", "2013-03-31": "35.92100", "2012-12-31": "25.96610", "2012-09-30": "38.90000", "2012-06-30": "39.66400", "2012-03-31": "33.77300", "2011-12-31": "26.56310", "2011-09-30": "37.87800", "2011-06-30": "43.20700", "2011-03-31": "38.50800", "2010-12-31": "31.86310", "2010-09-30": "41.66300", "2010-06-30": "35.63600", "2010-03-31": "30.41700", "2009-12-31": "26.61200", "2009-09-30": "19.24600", "2009-06-30": "5.96700", "2009-03-31": "-1.50800", "2008-12-31": "-4.67500", "2008-09-30": "10.15900", "2008-06-30": "21.38700", "2008-03-31": "13.82300", "2007-12-31": "17.79890", "2007-09-30": "27.46200", "2007-06-30": "18.88400", "2007-03-31": "15.90000", "2006-12-31": "8.67000", "2006-09-30": "21.57600", "2006-06-30": "6.58800", "2006-03-31": "20.51500", "2005-12-31": "17.05800", "2005-09-30": "12.14600", "2005-06-30": "14.87300", "2005-03-31": "14.12200"}, "EBIT": {"2020-12-31": "65.01400", "2020-09-30": "64.55800", "2020-06-30": "-11.95000", "2020-03-31": "44.75000", "2019-12-31": "32.31700", "2019-09-30": "47.16700", "2019-06-30": "52.63400", "2019-03-31": "60.67300", "2018-12-31": "51.62810", "2018-09-30": "76.22800", "2018-06-30": "59.62200", "2018-03-31": "37.57100", "2017-12-31": "50.78000", "2017-09-30": "58.60900", "2017-06-30": "60.27000", "2017-03-31": "48.85200", "2016-12-31": "40.98810", "2016-09-30": "27.52600", "2016-06-30": "29.70200", "2016-03-31": "32.42800", "2015-12-31": "29.85410", "2015-09-30": "8.58400", "2015-06-30": "36.17100", "2015-03-31": "29.54800", "2014-12-31": "26.39100", "2014-09-30": "40.13000", "2014-06-30": "33.71900", "2014-03-31": "33.59000", "2013-12-31": "32.82300", "2013-09-30": "37.55900", "2013-06-30": "31.38200", "2013-03-31": "28.11700", "2012-12-31": "18.01910", "2012-09-30": "30.93100", "2012-06-30": "32.09600", "2012-03-31": "25.82400", "2011-12-31": "18.12110", "2011-09-30": "29.57400", "2011-06-30": "35.29100", "2011-03-31": "30.91800", "2010-12-31": "24.31610", "2010-09-30": "34.10800", "2010-06-30": "27.50700", "2010-03-31": "21.64300", "2009-12-31": "17.24000", "2009-09-30": "10.01100", "2009-06-30": "-3.45600", "2009-03-31": "-10.10000", "2008-12-31": "-13.10800", "2008-09-30": "2.01100", "2008-06-30": "13.30400", "2008-03-31": "6.28800", "2007-12-31": "9.97900", "2007-09-30": "20.22700", "2007-06-30": "11.61200", "2007-03-31": "9.49100", "2006-12-31": "5.39800", "2006-09-30": "12.36800", "2006-06-30": "-2.69100", "2006-03-31": "13.78300", "2005-12-31": "9.11400", "2005-09-30": "4.10300", "2005-06-30": "6.89900", "2005-03-31": "6.85000"}, "Basic Shares Outstanding": {"2020-12-31": "24.42300", "2020-09-30": "24.35700", "2020-06-30": "24.31200", "2020-03-31": "24.39300", "2019-12-31": "24.57600", "2019-09-30": "24.48200", "2019-06-30": "24.74000", "2019-03-31": "24.71700", "2018-12-31": "24.87000", "2018-09-30": "25.10900", "2018-06-30": "25.00400", "2018-03-31": "24.33900", "2017-12-31": "22.68700", "2017-09-30": "22.71300", "2017-06-30": "22.82200", "2017-03-31": "22.74800", "2016-12-31": "22.55900", "2016-09-30": "22.57800", "2016-06-30": "22.52800", "2016-03-31": "22.43800", "2015-12-31": "22.56500", "2015-09-30": "22.58100", "2015-06-30": "22.69100", "2015-03-31": "22.60000", "2014-12-31": "22.54300", "2014-09-30": "22.53600", "2014-06-30": "22.57900", "2014-03-31": "22.49200", "2013-12-31": "22.31500", "2013-09-30": "22.42800", "2013-06-30": "22.29600", "2013-03-31": "22.09500", "2012-12-31": "21.82200", "2012-09-30": "21.92300", "2012-06-30": "21.77800", "2012-03-31": "21.60800", "2011-12-31": "21.90100", "2011-09-30": "22.00000", "2011-06-30": "22.19100", "2011-03-31": "21.87800", "2010-12-31": "21.87500", "2010-09-30": "21.96800", "2010-06-30": "22.01900", "2010-03-31": "21.84700", "2009-12-31": "21.74300", "2009-09-30": "21.75000", "2009-06-30": "21.72800", "2009-03-31": "21.72100", "2008-12-31": "21.72200", "2008-09-30": "21.70300", "2008-06-30": "21.68700", "2008-03-31": "21.78200", "2007-12-31": "22.23100", "2007-09-30": "22.35900", "2007-06-30": "22.29400", "2007-03-31": "22.16300", "2006-12-31": "22.30500", "2006-09-30": "22.34700", "2006-06-30": "22.32800", "2006-03-31": "22.25700", "2005-12-31": "22.41300", "2005-09-30": "22.44100", "2005-06-30": "22.42300", "2005-03-31": "22.48400"}, "Shares Outstanding": {"2020-12-31": "24.72600", "2020-09-30": "24.57300", "2020-06-30": "24.31200", "2020-03-31": "24.57800", "2019-12-31": "24.81800", "2019-09-30": "24.68400", "2019-06-30": "24.98300", "2019-03-31": "25.00900", "2018-12-31": "25.23500", "2018-09-30": "25.47100", "2018-06-30": "25.40100", "2018-03-31": "24.77500", "2017-12-31": "22.93100", "2017-09-30": "22.95300", "2017-06-30": "23.02300", "2017-03-31": "22.98900", "2016-12-31": "22.72700", "2016-09-30": "22.73400", "2016-06-30": "22.67400", "2016-03-31": "22.62100", "2015-12-31": "22.71900", "2015-09-30": "22.69300", "2015-06-30": "22.83500", "2015-03-31": "22.78100", "2014-12-31": "22.72700", "2014-09-30": "22.68900", "2014-06-30": "22.75000", "2014-03-31": "22.71700", "2013-12-31": "22.53700", "2013-09-30": "22.62500", "2013-06-30": "22.49900", "2013-03-31": "22.36600", "2012-12-31": "22.09800", "2012-09-30": "22.16200", "2012-06-30": "22.07400", "2012-03-31": "21.92900", "2011-12-31": "22.25500", "2011-09-30": "22.28700", "2011-06-30": "22.59000", "2011-03-31": "22.32800", "2010-12-31": "22.21400", "2010-09-30": "22.34400", "2010-06-30": "22.39700", "2010-03-31": "22.20500", "2009-12-31": "21.81200", "2009-09-30": "21.88200", "2009-06-30": "21.72800", "2009-03-31": "21.72700", "2008-12-31": "21.82600", "2008-09-30": "21.85500", "2008-06-30": "21.86900", "2008-03-31": "21.89800", "2007-12-31": "22.39400", "2007-09-30": "22.49900", "2007-06-30": "22.51600", "2007-03-31": "22.33800", "2006-12-31": "22.43400", "2006-09-30": "22.50400", "2006-06-30": "22.69300", "2006-03-31": "22.33400", "2005-12-31": "22.58200", "2005-09-30": "22.62600", "2005-06-30": "22.61300", "2005-03-31": "22.71000"}, "Basic EPS": {"2020-12-31": "2.41000", "2020-09-30": "2.27000", "2020-06-30": "-0.37000", "2020-03-31": "1.01000", "2019-12-31": "0.93000", "2019-09-30": "1.46000", "2019-06-30": "1.77000", "2019-03-31": "1.50000", "2018-12-31": "1.32000", "2018-09-30": "2.13000", "2018-06-30": "1.69000", "2018-03-31": "1.48000", "2017-12-31": "-0.45000", "2017-09-30": "1.88000", "2017-06-30": "2.13000", "2017-03-31": "1.71000", "2016-12-31": "1.20000", "2016-09-30": "1.36000", "2016-06-30": "1.21000", "2016-03-31": "0.86000", "2015-12-31": "0.94000", "2015-09-30": "0.50000", "2015-06-30": "1.26000", "2015-03-31": "0.88000", "2014-12-31": "0.80000", "2014-09-30": "1.33000", "2014-06-30": "1.09000", "2014-03-31": "1.13000", "2013-12-31": "1.07000", "2013-09-30": "1.20000", "2013-06-30": "1.19000", "2013-03-31": "0.52000", "2012-12-31": "0.55000", "2012-09-30": "1.04000", "2012-06-30": "1.05000", "2012-03-31": "0.81000", "2011-12-31": "0.72000", "2011-09-30": "1.13000", "2011-06-30": "1.13000", "2011-03-31": "0.98000", "2010-12-31": "0.91000", "2010-09-30": "1.06000", "2010-06-30": "0.91000", "2010-03-31": "0.70000", "2009-12-31": "0.54000", "2009-09-30": "0.37000", "2009-06-30": "-0.12000", "2009-03-31": "-0.36000", "2008-12-31": "-0.42000", "2008-09-30": "0.18000", "2008-06-30": "0.42000", "2008-03-31": "0.19000", "2007-12-31": "0.36000", "2007-09-30": "0.64000", "2007-06-30": "0.38000", "2007-03-31": "0.28000", "2006-12-31": "0.21000", "2006-09-30": "0.42000", "2006-06-30": "0.02000", "2006-03-31": "0.42000", "2005-12-31": "0.23000", "2005-09-30": "0.17000", "2005-06-30": "0.19000", "2005-03-31": "0.20000"}, "EPS - Earnings Per Share": {"2020-12-31": "2.39000", "2020-09-30": "2.25000", "2020-06-30": "-0.37000", "2020-03-31": "1.00000", "2019-12-31": "0.93000", "2019-09-30": "1.44000", "2019-06-30": "1.75000", "2019-03-31": "1.48000", "2018-12-31": "1.30000", "2018-09-30": "2.10000", "2018-06-30": "1.67000", "2018-03-31": "1.45000", "2017-12-31": "-0.46000", "2017-09-30": "1.87000", "2017-06-30": "2.11000", "2017-03-31": "1.69000", "2016-12-31": "1.20000", "2016-09-30": "1.35000", "2016-06-30": "1.20000", "2016-03-31": "0.85000", "2015-12-31": "0.92000", "2015-09-30": "0.50000", "2015-06-30": "1.26000", "2015-03-31": "0.88000", "2014-12-31": "0.80000", "2014-09-30": "1.32000", "2014-06-30": "1.08000", "2014-03-31": "1.12000", "2013-12-31": "1.06000", "2013-09-30": "1.19000", "2013-06-30": "1.18000", "2013-03-31": "0.51000", "2012-12-31": "0.53000", "2012-09-30": "1.03000", "2012-06-30": "1.04000", "2012-03-31": "0.80000", "2011-12-31": "0.71000", "2011-09-30": "1.12000", "2011-06-30": "1.11000", "2011-03-31": "0.96000", "2010-12-31": "0.89000", "2010-09-30": "1.04000", "2010-06-30": "0.90000", "2010-03-31": "0.69000", "2009-12-31": "0.54000", "2009-09-30": "0.37000", "2009-06-30": "-0.12000", "2009-03-31": "-0.36000", "2008-12-31": "-0.42000", "2008-09-30": "0.18000", "2008-06-30": "0.42000", "2008-03-31": "0.19000", "2007-12-31": "0.35000", "2007-09-30": "0.64000", "2007-06-30": "0.37000", "2007-03-31": "0.28000", "2006-12-31": "0.20000", "2006-09-30": "0.42000", "2006-06-30": "0.02000", "2006-03-31": "0.42000", "2005-12-31": "0.22000", "2005-09-30": "0.17000", "2005-06-30": "0.19000", "2005-03-31": "0.20000"}}, "balance sheet": {"Cash On Hand": {"2020-12-31": "687.57900", "2019-12-31": "531.18300", "2018-12-31": "489.76700", "2017-12-31": "429.71100", "2016-12-31": "278.81400", "2015-12-31": "332.96500", "2014-12-31": "301.87300", "2013-12-31": "312.07800", "2012-12-31": "235.40400", "2011-12-31": "178.01300", "2010-12-31": "109.72000", "2009-12-31": "70.35400", "2008-12-31": "70.93700", "2007-12-31": "64.94300", "2006-12-31": "56.70400", "2005-12-31": "21.94700"}, "Receivables": {"2020-12-31": "232.76000", "2019-12-31": "202.30900", "2018-12-31": "232.89200", "2017-12-31": "182.69900", "2016-12-31": "176.03200", "2015-12-31": "142.88200", "2014-12-31": "135.35600", "2013-12-31": "127.88700", "2012-12-31": "100.55900", "2011-12-31": "92.08800", "2010-12-31": "97.75300", "2009-12-31": "79.52100", "2008-12-31": "62.12600", "2007-12-31": "85.60700", "2006-12-31": "83.90100", "2005-12-31": "80.30300"}, "Inventory": {"2020-12-31": "258.00200", "2019-12-31": "237.50700", "2018-12-31": "258.22800", "2017-12-31": "140.78900", "2016-12-31": "114.06300", "2015-12-31": "98.62900", "2014-12-31": "97.39100", "2013-12-31": "92.59100", "2012-12-31": "75.58000", "2011-12-31": "75.57500", "2010-12-31": "80.18200", "2009-12-31": "52.56700", "2008-12-31": "66.67900", "2007-12-31": "58.84500", "2006-12-31": "65.96100", "2005-12-31": "63.42300"}, "Pre-Paid Expenses": {"2020-12-31": "38.96800", "2019-12-31": "33.39500", "2018-12-31": "51.63000", "2017-12-31": "39.14100", "2016-12-31": "43.17200", "2015-12-31": "9.45300", "2014-12-31": "13.90400", "2013-12-31": "17.08000", "2012-12-31": "16.53200", "2011-12-31": "14.21900", "2010-12-31": "13.88200", "2009-12-31": "18.19600", "2008-12-31": "17.96800", "2007-12-31": "14.78900", "2006-12-31": "9.82100", "2005-12-31": "7.93600"}, "Other Current Assets": {"2020-12-31": "", "2019-12-31": "", "2018-12-31": "", "2017-12-31": "", "2016-12-31": "", "2015-12-31": "", "2014-12-31": "5.50000", "2013-12-31": "5.50000", "2012-12-31": "5.50000", "2011-12-31": "6.59200", "2010-12-31": "6.83100", "2009-12-31": "9.57300", "2008-12-31": "", "2007-12-31": "", "2006-12-31": "", "2005-12-31": "17.63300"}, "Total Current Assets": {"2020-12-31": "1217.30900", "2019-12-31": "1004.39400", "2018-12-31": "1032.51700", "2017-12-31": "792.34000", "2016-12-31": "612.08100", "2015-12-31": "583.92900", "2014-12-31": "554.02400", "2013-12-31": "565.59900", "2012-12-31": "445.46500", "2011-12-31": "378.38200", "2010-12-31": "318.95600", "2009-12-31": "244.01500", "2008-12-31": "229.40300", "2007-12-31": "235.17000", "2006-12-31": "228.76900", "2005-12-31": "203.16900"}, "Property, Plant, And Equipment": {"2020-12-31": "344.17800", "2019-12-31": "344.61700", "2018-12-31": "339.89400", "2017-12-31": "250.57700", "2016-12-31": "217.17500", "2015-12-31": "162.56800", "2014-12-31": "158.64000", "2013-12-31": "150.17300", "2012-12-31": "120.91100", "2011-12-31": "118.88400", "2010-12-31": "130.14700", "2009-12-31": "135.92200", "2008-12-31": "160.15000", "2007-12-31": "144.56200", "2006-12-31": "125.51600", "2005-12-31": "125.49300"}, "Long-Term Investments": {"2020-12-31": "30.54700", "2019-12-31": "24.09900", "2018-12-31": "25.40500", "2017-12-31": "10.99300", "2016-12-31": "13.93300", "2015-12-31": "15.19700", "2014-12-31": "12.05600", "2013-12-31": "12.28600", "2012-12-31": "18.99300", "2011-12-31": "14.86700", "2010-12-31": "11.66000", "2009-12-31": "11.74200", "2008-12-31": "3.43600", "2007-12-31": "6.54400", "2006-12-31": "5.23100", "2005-12-31": "5.59000"}, "Goodwill And Intangible Assets": {"2020-12-31": "1108.69900", "2019-12-31": "1141.83600", "2018-12-31": "1188.18900", "2017-12-31": "657.26400", "2016-12-31": "616.57100", "2015-12-31": "281.39000", "2014-12-31": "299.92900", "2013-12-31": "284.82100", "2012-12-31": "182.40400", "2011-12-31": "160.28000", "2010-12-31": "154.51500", "2009-12-31": "131.63700", "2008-12-31": "129.56900", "2007-12-31": "97.70800", "2006-12-31": "94.14800", "2005-12-31": "69.18200"}, "Other Long-Term Assets": {"2020-12-31": "18.02100", "2019-12-31": "14.96500", "2018-12-31": "20.97100", "2017-12-31": "17.07000", "2016-12-31": "10.84900", "2015-12-31": "14.05800", "2014-12-31": "23.30300", "2013-12-31": "6.40200", "2012-12-31": "1.86500", "2011-12-31": "1.82000", "2010-12-31": "2.58000", "2009-12-31": "1.35100", "2008-12-31": "1.13500", "2007-12-31": "1.24000", "2006-12-31": "1.55600", "2005-12-31": "0.49700"}, "Total Long-Term Assets": {"2020-12-31": "1530.28400", "2019-12-31": "1555.50400", "2018-12-31": "1581.78900", "2017-12-31": "947.76200", "2016-12-31": "879.11300", "2015-12-31": "481.54610", "2014-12-31": "516.80200", "2013-12-31": "458.77400", "2012-12-31": "332.26300", "2011-12-31": "300.04200", "2010-12-31": "302.17300", "2009-12-31": "289.11200", "2008-12-31": "309.52500", "2007-12-31": "256.19500", "2006-12-31": "236.19700", "2005-12-31": "200.76200"}, "Total Assets": {"2020-12-31": "2747.59300", "2019-12-31": "2559.89800", "2018-12-31": "2614.30600", "2017-12-31": "1740.10200", "2016-12-31": "1491.19400", "2015-12-31": "1065.47500", "2014-12-31": "1070.82600", "2013-12-31": "1024.37300", "2012-12-31": "777.72800", "2011-12-31": "678.42400", "2010-12-31": "621.12900", "2009-12-31": "533.12700", "2008-12-31": "538.92800", "2007-12-31": "491.36500", "2006-12-31": "464.96600", "2005-12-31": "403.93100"}, "Total Current Liabilities": {"2020-12-31": "275.64800", "2019-12-31": "225.56200", "2018-12-31": "295.27500", "2017-12-31": "224.79400", "2016-12-31": "187.54100", "2015-12-31": "211.04800", "2014-12-31": "204.46600", "2013-12-31": "208.73800", "2012-12-31": "155.42000", "2011-12-31": "149.27700", "2010-12-31": "109.84800", "2009-12-31": "75.62400", "2008-12-31": "72.90000", "2007-12-31": "96.58700", "2006-12-31": "98.03500", "2005-12-31": "99.91600"}, "Long Term Debt": {"2020-12-31": "687.03400", "2019-12-31": "669.15800", "2018-12-31": "684.73000", "2017-12-31": "489.36100", "2016-12-31": "447.89200", "2015-12-31": "83.75300", "2014-12-31": "106.65800", "2013-12-31": "93.75000", "2012-12-31": "", "2011-12-31": "", "2010-12-31": "41.00000", "2009-12-31": "49.00000", "2008-12-31": "72.00000", "2007-12-31": "1.22300", "2006-12-31": "1.78500", "2005-12-31": ""}, "Other Non-Current Liabilities": {"2020-12-31": "67.25200", "2019-12-31": "64.03700", "2018-12-31": "72.23200", "2017-12-31": "62.58000", "2016-12-31": "20.36600", "2015-12-31": "17.75500", "2014-12-31": "15.81400", "2013-12-31": "14.85600", "2012-12-31": "12.41200", "2011-12-31": "12.75200", "2010-12-31": "12.05700", "2009-12-31": "11.63300", "2008-12-31": "18.54000", "2007-12-31": "21.77000", "2006-12-31": "33.36700", "2005-12-31": "5.65800"}, "Total Long Term Liabilities": {"2020-12-31": "863.17200", "2019-12-31": "838.32200", "2018-12-31": "840.68900", "2017-12-31": "587.75200", "2016-12-31": "488.72200", "2015-12-31": "115.17500", "2014-12-31": "138.69500", "2013-12-31": "128.71900", "2012-12-31": "34.75000", "2011-12-31": "28.04400", "2010-12-31": "58.62100", "2009-12-31": "78.90400", "2008-12-31": "132.17700", "2007-12-31": "41.36400", "2006-12-31": "63.26600", "2005-12-31": "26.94900"}, "Total Liabilities": {"2020-12-31": "1138.82000", "2019-12-31": "1063.88400", "2018-12-31": "1135.96400", "2017-12-31": "812.54600", "2016-12-31": "676.26300", "2015-12-31": "326.22300", "2014-12-31": "343.16100", "2013-12-31": "337.45700", "2012-12-31": "190.17000", "2011-12-31": "177.32100", "2010-12-31": "168.46900", "2009-12-31": "154.52800", "2008-12-31": "205.07700", "2007-12-31": "137.95100", "2006-12-31": "161.30100", "2005-12-31": "126.86500"}, "Common Stock Net": {"2020-12-31": "", "2019-12-31": "0.25600", "2018-12-31": "0.25400", "2017-12-31": "0.22900", "2016-12-31": "0.22800", "2015-12-31": "0.22400", "2014-12-31": "0.22600", "2013-12-31": "0.22500", "2012-12-31": "0.22000", "2011-12-31": "0.21600", "2010-12-31": "0.21800", "2009-12-31": "0.21800", "2008-12-31": "0.21700", "2007-12-31": "0.21900", "2006-12-31": "0.22100", "2005-12-31": "0.22200"}, "Retained Earnings (Accumulated Deficit)": {"2020-12-31": "", "2019-12-31": "950.90100", "2018-12-31": "856.50700", "2017-12-31": "722.14000", "2016-12-31": "634.39100", "2015-12-31": "557.77100", "2014-12-31": "523.30200", "2013-12-31": "445.05900", "2012-12-31": "435.34000", "2011-12-31": "376.57200", "2010-12-31": "304.05600", "2009-12-31": "228.64100", "2008-12-31": "219.23000", "2007-12-31": "217.07400", "2006-12-31": "194.92200", "2005-12-31": "180.20900"}, "Comprehensive Income": {"2020-12-31": "", "2019-12-31": "-106.82300", "2018-12-31": "-97.92400", "2017-12-31": "-63.66800", "2016-12-31": "-74.57900", "2015-12-31": "-45.67300", "2014-12-31": "-21.12600", "2013-12-31": "20.41700", "2012-12-31": "16.54800", "2011-12-31": "8.63100", "2010-12-31": "21.24100", "2009-12-31": "18.72700", "2008-12-31": "-10.12300", "2007-12-31": "17.36100", "2006-12-31": "-0.01100", "2005-12-31": "-2.42600"}, "Other Share Holders Equity": {"2020-12-31": "", "2019-12-31": "", "2018-12-31": "", "2017-12-31": "", "2016-12-31": "", "2015-12-31": "", "2014-12-31": "", "2013-12-31": "", "2012-12-31": "", "2011-12-31": "", "2010-12-31": "", "2009-12-31": "", "2008-12-31": "", "2007-12-31": "-0.00500", "2006-12-31": "-0.01000", "2005-12-31": "-0.01700"}, "Share Holder Equity": {"2020-12-31": "1608.77300", "2019-12-31": "1496.01400", "2018-12-31": "1478.34200", "2017-12-31": "927.55600", "2016-12-31": "814.93100", "2015-12-31": "739.25200", "2014-12-31": "727.66500", "2013-12-31": "686.91600", "2012-12-31": "587.55800", "2011-12-31": "501.10300", "2010-12-31": "452.66000", "2009-12-31": "378.59900", "2008-12-31": "333.85100", "2007-12-31": "353.41400", "2006-12-31": "303.66500", "2005-12-31": "277.06600"}, "Total Liabilities And Share Holders Equity": {"2020-12-31": "2747.59300", "2019-12-31": "2559.89800", "2018-12-31": "2614.30600", "2017-12-31": "1740.10200", "2016-12-31": "1491.19400", "2015-12-31": "1065.47500", "2014-12-31": "1070.82600", "2013-12-31": "1024.37300", "2012-12-31": "777.72800", "2011-12-31": "678.42400", "2010-12-31": "621.12900", "2009-12-31": "533.12700", "2008-12-31": "538.92800", "2007-12-31": "491.36500", "2006-12-31": "464.96600", "2005-12-31": "403.93100"}}, "balance sheet, quarterly": {"Cash On Hand": {"2020-12-31": "687.57900", "2020-09-30": "641.94200", "2020-06-30": "651.91100", "2020-03-31": "620.61800", "2019-12-31": "531.18300", "2019-09-30": "476.09000", "2019-06-30": "474.81500", "2019-03-31": "476.64700", "2018-12-31": "489.76700", "2018-09-30": "498.25000", "2018-06-30": "408.18100", "2018-03-31": "412.49500", "2017-12-31": "429.71100", "2017-09-30": "372.86300", "2017-06-30": "321.92700", "2017-03-31": "278.01100", "2016-12-31": "278.81400", "2016-09-30": "198.45500", "2016-06-30": "183.38100", "2016-03-31": "277.21800", "2015-12-31": "332.96500", "2015-09-30": "340.59800", "2015-06-30": "315.86900", "2015-03-31": "297.50000", "2014-12-31": "301.87300", "2014-09-30": "378.31400", "2014-06-30": "353.25500", "2014-03-31": "326.74900", "2013-12-31": "312.07800", "2013-09-30": "301.74400", "2013-06-30": "266.18500", "2013-03-31": "255.23900", "2012-12-31": "235.40400", "2012-09-30": "207.39800", "2012-06-30": "174.29300", "2012-03-31": "197.71400", "2011-12-31": "178.01300", "2011-09-30": "163.42400", "2011-06-30": "163.92400", "2011-03-31": "131.53300", "2010-12-31": "109.72000", "2010-09-30": "118.92700", "2010-06-30": "87.68200", "2010-03-31": "77.13500", "2009-12-31": "70.35400", "2009-09-30": "57.38900", "2009-06-30": "48.33200", "2009-03-31": "60.20400", "2008-12-31": "70.93700", "2008-09-30": "67.36400", "2008-06-30": "55.25800", "2008-03-31": "53.43400", "2007-12-31": "64.94300", "2007-09-30": "57.71600", "2007-06-30": "49.24000", "2007-03-31": "59.07800", "2006-12-31": "56.70400", "2006-09-30": "42.88900", "2006-06-30": "34.78000", "2006-03-31": "30.45000", "2005-12-31": "21.94700", "2005-09-30": "34.33300", "2005-06-30": "32.64700", "2005-03-31": "29.39000"}, "Receivables": {"2020-12-31": "232.76000", "2020-09-30": "231.93000", "2020-06-30": "185.80600", "2020-03-31": "207.91200", "2019-12-31": "202.30900", "2019-09-30": "226.35200", "2019-06-30": "245.72300", "2019-03-31": "237.87800", "2018-12-31": "232.89200", "2018-09-30": "251.64400", "2018-06-30": "260.44400", "2018-03-31": "244.90500", "2017-12-31": "182.69900", "2017-09-30": "197.53900", "2017-06-30": "199.02700", "2017-03-31": "212.58600", "2016-12-31": "176.03200", "2016-09-30": "205.21100", "2016-06-30": "197.54300", "2016-03-31": "181.38400", "2015-12-31": "142.88200", "2015-09-30": "145.65500", "2015-06-30": "151.28300", "2015-03-31": "136.13300", "2014-12-31": "135.35600", "2014-09-30": "134.70600", "2014-06-30": "144.86900", "2014-03-31": "136.07700", "2013-12-31": "127.88700", "2013-09-30": "129.12200", "2013-06-30": "131.12200", "2013-03-31": "107.04400", "2012-12-31": "100.55900", "2012-09-30": "109.17900", "2012-06-30": "115.87400", "2012-03-31": "106.98500", "2011-12-31": "92.08800", "2011-09-30": "110.68900", "2011-06-30": "118.31000", "2011-03-31": "110.68500", "2010-12-31": "97.75300", "2010-09-30": "107.90600", "2010-06-30": "107.12800", "2010-03-31": "93.24400", "2009-12-31": "79.52100", "2009-09-30": "80.14600", "2009-06-30": "68.56800", "2009-03-31": "52.44600", "2008-12-31": "62.12600", "2008-09-30": "90.37300", "2008-06-30": "94.29200", "2008-03-31": "91.19900", "2007-12-31": "85.60700", "2007-09-30": "90.16600", "2007-06-30": "84.34300", "2007-03-31": "84.24700", "2006-12-31": "83.90100", "2006-09-30": "99.92900", "2006-06-30": "96.49800", "2006-03-31": "86.82300", "2005-12-31": "80.30300", "2005-09-30": "83.37500", "2005-06-30": "80.97100", "2005-03-31": "77.97300"}, "Inventory": {"2020-12-31": "258.00200", "2020-09-30": "243.83200", "2020-06-30": "248.02000", "2020-03-31": "227.28200", "2019-12-31": "237.50700", "2019-09-30": "240.05900", "2019-06-30": "254.30500", "2019-03-31": "261.65900", "2018-12-31": "258.22800", "2018-09-30": "247.25500", "2018-06-30": "239.20100", "2018-03-31": "263.96900", "2017-12-31": "140.78900", "2017-09-30": "136.50500", "2017-06-30": "125.24000", "2017-03-31": "118.31100", "2016-12-31": "114.06300", "2016-09-30": "121.61600", "2016-06-30": "124.70000", "2016-03-31": "133.16200", "2015-12-31": "98.62900", "2015-09-30": "99.20300", "2015-06-30": "97.73500", "2015-03-31": "96.15900", "2014-12-31": "97.39100", "2014-09-30": "99.82200", "2014-06-30": "96.67400", "2014-03-31": "99.12100", "2013-12-31": "92.59100", "2013-09-30": "91.97800", "2013-06-30": "83.47000", "2013-03-31": "71.37200", "2012-12-31": "75.58000", "2012-09-30": "81.07300", "2012-06-30": "80.82900", "2012-03-31": "77.72900", "2011-12-31": "75.57500", "2011-09-30": "82.41200", "2011-06-30": "79.86500", "2011-03-31": "77.06100", "2010-12-31": "80.18200", "2010-09-30": "66.03000", "2010-06-30": "60.67500", "2010-03-31": "57.31100", "2009-12-31": "52.56700", "2009-09-30": "54.10000", "2009-06-30": "55.38000", "2009-03-31": "61.52800", "2008-12-31": "66.67900", "2008-09-30": "64.59800", "2008-06-30": "63.87400", "2008-03-31": "64.06400", "2007-12-31": "58.84500", "2007-09-30": "59.99000", "2007-06-30": "65.38100", "2007-03-31": "65.77200", "2006-12-31": "65.96100", "2006-09-30": "66.18700", "2006-06-30": "65.83100", "2006-03-31": "67.21800", "2005-12-31": "63.42300", "2005-09-30": "69.24600", "2005-06-30": "71.25000", "2005-03-31": "76.97900"}, "Pre-Paid Expenses": {"2020-12-31": "38.96800", "2020-09-30": "31.23000", "2020-06-30": "33.42800", "2020-03-31": "36.67100", "2019-12-31": "33.39500", "2019-09-30": "65.09100", "2019-06-30": "64.70600", "2019-03-31": "53.96100", "2018-12-31": "51.63000", "2018-09-30": "55.48500", "2018-06-30": "50.37500", "2018-03-31": "51.69300", "2017-12-31": "39.14100", "2017-09-30": "52.45700", "2017-06-30": "58.65800", "2017-03-31": "25.31700", "2016-12-31": "43.17200", "2016-09-30": "29.88700", "2016-06-30": "14.25300", "2016-03-31": "14.02400", "2015-12-31": "9.45300", "2015-09-30": "14.17900", "2015-06-30": "15.35700", "2015-03-31": "13.96400", "2014-12-31": "13.90400", "2014-09-30": "16.57000", "2014-06-30": "18.49200", "2014-03-31": "19.66500", "2013-12-31": "17.08000", "2013-09-30": "17.77100", "2013-06-30": "18.81900", "2013-03-31": "15.85700", "2012-12-31": "16.53200", "2012-09-30": "13.98200", "2012-06-30": "14.56400", "2012-03-31": "14.79700", "2011-12-31": "14.21900", "2011-09-30": "15.18900", "2011-06-30": "15.20600", "2011-03-31": "16.86300", "2010-12-31": "13.88200", "2010-09-30": "11.98100", "2010-06-30": "16.46200", "2010-03-31": "19.78200", "2009-12-31": "18.19600", "2009-09-30": "18.11600", "2009-06-30": "19.01600", "2009-03-31": "15.33200", "2008-12-31": "17.96800", "2008-09-30": "11.93600", "2008-06-30": "14.90600", "2008-03-31": "18.78000", "2007-12-31": "14.78900", "2007-09-30": "14.56600", "2007-06-30": "10.66700", "2007-03-31": "9.89400", "2006-12-31": "9.82100", "2006-09-30": "", "2006-06-30": "", "2006-03-31": "", "2005-12-31": "7.93600", "2005-09-30": "", "2005-06-30": "", "2005-03-31": ""}, "Other Current Assets": {"2020-12-31": "", "2020-09-30": "", "2020-06-30": "", "2020-03-31": "", "2019-12-31": "", "2019-09-30": "", "2019-06-30": "", "2019-03-31": "", "2018-12-31": "", "2018-09-30": "", "2018-06-30": "", "2018-03-31": "", "2017-12-31": "", "2017-09-30": "", "2017-06-30": "", "2017-03-31": "", "2016-12-31": "", "2016-09-30": "", "2016-06-30": "", "2016-03-31": "", "2015-12-31": "", "2015-09-30": "", "2015-06-30": "5.50000", "2015-03-31": "5.50000", "2014-12-31": "5.50000", "2014-09-30": "5.50000", "2014-06-30": "5.50000", "2014-03-31": "5.50000", "2013-12-31": "5.50000", "2013-09-30": "5.50000", "2013-06-30": "5.50000", "2013-03-31": "5.50000", "2012-12-31": "5.50000", "2012-09-30": "6.93600", "2012-06-30": "6.23400", "2012-03-31": "6.65800", "2011-12-31": "6.59200", "2011-09-30": "6.56700", "2011-06-30": "6.83900", "2011-03-31": "6.83100", "2010-12-31": "6.83100", "2010-09-30": "6.53500", "2010-06-30": "7.29000", "2010-03-31": "7.29000", "2009-12-31": "9.57300", "2009-09-30": "", "2009-06-30": "", "2009-03-31": "", "2008-12-31": "", "2008-09-30": "", "2008-06-30": "", "2008-03-31": "", "2007-12-31": "", "2007-09-30": "", "2007-06-30": "", "2007-03-31": "", "2006-12-31": "", "2006-09-30": "11.52300", "2006-06-30": "11.40600", "2006-03-31": "9.33100", "2005-12-31": "17.63300", "2005-09-30": "7.83000", "2005-06-30": "8.57500", "2005-03-31": "8.84400"}, "Total Current Assets": {"2020-12-31": "1217.30900", "2020-09-30": "1148.93400", "2020-06-30": "1119.16500", "2020-03-31": "1092.48300", "2019-12-31": "1004.39400", "2019-09-30": "1007.59200", "2019-06-30": "1039.54900", "2019-03-31": "1030.14500", "2018-12-31": "1032.51700", "2018-09-30": "1052.63400", "2018-06-30": "958.20100", "2018-03-31": "973.06200", "2017-12-31": "792.34000", "2017-09-30": "759.36400", "2017-06-30": "704.85200", "2017-03-31": "634.22500", "2016-12-31": "612.08100", "2016-09-30": "555.16900", "2016-06-30": "519.87700", "2016-03-31": "605.78800", "2015-12-31": "583.92900", "2015-09-30": "613.77400", "2015-06-30": "603.12200", "2015-03-31": "566.86200", "2014-12-31": "554.02400", "2014-09-30": "645.63400", "2014-06-30": "629.40000", "2014-03-31": "597.52100", "2013-12-31": "565.59900", "2013-09-30": "557.27200", "2013-06-30": "516.06000", "2013-03-31": "465.88600", "2012-12-31": "445.46500", "2012-09-30": "429.74200", "2012-06-30": "403.09600", "2012-03-31": "416.69800", "2011-12-31": "378.38200", "2011-09-30": "388.24300", "2011-06-30": "393.71500", "2011-03-31": "352.41000", "2010-12-31": "318.95600", "2010-09-30": "324.49400", "2010-06-30": "292.19700", "2010-03-31": "268.21500", "2009-12-31": "244.01500", "2009-09-30": "221.69200", "2009-06-30": "202.63800", "2009-03-31": "200.85000", "2008-12-31": "229.40300", "2008-09-30": "244.87800", "2008-06-30": "239.39100", "2008-03-31": "238.58700", "2007-12-31": "235.17000", "2007-09-30": "237.74700", "2007-06-30": "225.83000", "2007-03-31": "232.93200", "2006-12-31": "228.76900", "2006-09-30": "233.48800", "2006-06-30": "221.46100", "2006-03-31": "207.16400", "2005-12-31": "203.16900", "2005-09-30": "218.10400", "2005-06-30": "213.89100", "2005-03-31": "209.65200"}, "Property, Plant, And Equipment": {"2020-12-31": "344.17800", "2020-09-30": "339.87000", "2020-06-30": "334.67700", "2020-03-31": "334.82900", "2019-12-31": "344.61700", "2019-09-30": "329.79200", "2019-06-30": "338.50000", "2019-03-31": "342.33400", "2018-12-31": "339.89400", "2018-09-30": "343.88300", "2018-06-30": "338.75500", "2018-03-31": "337.20500", "2017-12-31": "250.57700", "2017-09-30": "244.87400", "2017-06-30": "232.53900", "2017-03-31": "223.94200", "2016-12-31": "217.17500", "2016-09-30": "223.85300", "2016-06-30": "224.51000", "2016-03-31": "230.23300", "2015-12-31": "162.56800", "2015-09-30": "162.76500", "2015-06-30": "166.37900", "2015-03-31": "160.87200", "2014-12-31": "158.64000", "2014-09-30": "157.26000", "2014-06-30": "158.65900", "2014-03-31": "158.51700", "2013-12-31": "150.17300", "2013-09-30": "146.10000", "2013-06-30": "141.13300", "2013-03-31": "120.30000", "2012-12-31": "120.91100", "2012-09-30": "118.03000", "2012-06-30": "116.07400", "2012-03-31": "116.65900", "2011-12-31": "118.88400", "2011-09-30": "120.27000", "2011-06-30": "127.29900", "2011-03-31": "128.89000", "2010-12-31": "130.14700", "2010-09-30": "124.01400", "2010-06-30": "123.74600", "2010-03-31": "129.43000", "2009-12-31": "135.92200", "2009-09-30": "151.20400", "2009-06-30": "155.91000", "2009-03-31": "158.77100", "2008-12-31": "160.15000", "2008-09-30": "155.62700", "2008-06-30": "153.35800", "2008-03-31": "147.62700", "2007-12-31": "144.56200", "2007-09-30": "135.71300", "2007-06-30": "127.85900", "2007-03-31": "125.41700", "2006-12-31": "125.51600", "2006-09-30": "128.86400", "2006-06-30": "131.69200", "2006-03-31": "125.71200", "2005-12-31": "125.49300", "2005-09-30": "136.78500", "2005-06-30": "139.31400", "2005-03-31": "138.55800"}, "Long-Term Investments": {"2020-12-31": "30.54700", "2020-09-30": "26.06600", "2020-06-30": "23.67800", "2020-03-31": "21.24800", "2019-12-31": "24.09900", "2019-09-30": "26.66200", "2019-06-30": "25.45600", "2019-03-31": "24.64000", "2018-12-31": "25.40500", "2018-09-30": "29.08400", "2018-06-30": "31.32600", "2018-03-31": "31.12800", "2017-12-31": "10.99300", "2017-09-30": "10.58200", "2017-06-30": "11.91600", "2017-03-31": "11.65700", "2016-12-31": "13.93300", "2016-09-30": "14.97400", "2016-06-30": "13.93600", "2016-03-31": "14.42400", "2015-12-31": "15.19700", "2015-09-30": "11.19600", "2015-06-30": "14.50300", "2015-03-31": "12.86200", "2014-12-31": "12.05600", "2014-09-30": "13.11500", "2014-06-30": "15.78700", "2014-03-31": "13.68600", "2013-12-31": "12.28600", "2013-09-30": "11.13600", "2013-06-30": "11.27400", "2013-03-31": "11.57200", "2012-12-31": "18.99300", "2012-09-30": "26.81900", "2012-06-30": "27.50800", "2012-03-31": "16.91800", "2011-12-31": "14.86700", "2011-09-30": "12.20900", "2011-06-30": "13.08500", "2011-03-31": "13.65600", "2010-12-31": "11.66000", "2010-09-30": "12.03800", "2010-06-30": "12.34100", "2010-03-31": "11.64700", "2009-12-31": "11.74200", "2009-09-30": "8.32500", "2009-06-30": "5.49400", "2009-03-31": "4.51600", "2008-12-31": "3.43600", "2008-09-30": "4.73300", "2008-06-30": "5.91900", "2008-03-31": "7.07000", "2007-12-31": "6.54400", "2007-09-30": "6.33900", "2007-06-30": "5.99400", "2007-03-31": "5.92600", "2006-12-31": "5.23100", "2006-09-30": "5.42200", "2006-06-30": "5.32800", "2006-03-31": "5.61200", "2005-12-31": "5.59000", "2005-09-30": "5.47900", "2005-06-30": "5.13800", "2005-03-31": "5.46600"}, "Goodwill And Intangible Assets": {"2020-12-31": "1108.69900", "2020-09-30": "1095.95000", "2020-06-30": "1089.26200", "2020-03-31": "1121.15600", "2019-12-31": "1141.83600", "2019-09-30": "1140.07000", "2019-06-30": "1167.58200", "2019-03-31": "1175.88800", "2018-12-31": "1188.18900", "2018-09-30": "1207.50500", "2018-06-30": "1222.27900", "2018-03-31": "1245.98000", "2017-12-31": "657.26400", "2017-09-30": "660.65300", "2017-06-30": "642.97100", "2017-03-31": "644.43700", "2016-12-31": "616.57100", "2016-09-30": "634.09900", "2016-06-30": "551.02100", "2016-03-31": "509.61500", "2015-12-31": "281.39000", "2015-09-30": "282.73700", "2015-06-30": "290.22700", "2015-03-31": "290.18500", "2014-12-31": "299.92900", "2014-09-30": "305.73100", "2014-06-30": "313.14900", "2014-03-31": "313.42600", "2013-12-31": "284.82100", "2013-09-30": "283.75400", "2013-06-30": "284.26900", "2013-03-31": "178.35200", "2012-12-31": "182.40400", "2012-09-30": "183.85100", "2012-06-30": "173.38200", "2012-03-31": "160.69600", "2011-12-31": "160.28000", "2011-09-30": "161.11100", "2011-06-30": "157.62000", "2011-03-31": "156.20100", "2010-12-31": "154.51500", "2010-09-30": "128.03400", "2010-06-30": "126.36200", "2010-03-31": "130.86300", "2009-12-31": "131.63700", "2009-09-30": "133.40000", "2009-06-30": "131.57300", "2009-03-31": "130.30700", "2008-12-31": "129.56900", "2008-09-30": "104.64400", "2008-06-30": "108.77900", "2008-03-31": "109.89600", "2007-12-31": "97.70800", "2007-09-30": "97.45600", "2007-06-30": "93.28100", "2007-03-31": "93.70600", "2006-12-31": "94.14800", "2006-09-30": "95.09300", "2006-06-30": "88.21500", "2006-03-31": "70.73400", "2005-12-31": "69.18200", "2005-09-30": "72.22000", "2005-06-30": "72.29400", "2005-03-31": "73.68700"}, "Other Long-Term Assets": {"2020-12-31": "18.02100", "2020-09-30": "17.56600", "2020-06-30": "17.10000", "2020-03-31": "14.69400", "2019-12-31": "14.96500", "2019-09-30": "18.16200", "2019-06-30": "18.01800", "2019-03-31": "18.82500", "2018-12-31": "20.97100", "2018-09-30": "21.40100", "2018-06-30": "27.11300", "2018-03-31": "28.09600", "2017-12-31": "17.07000", "2017-09-30": "8.91300", "2017-06-30": "10.88500", "2017-03-31": "10.25500", "2016-12-31": "10.84900", "2016-09-30": "12.85700", "2016-06-30": "18.46000", "2016-03-31": "23.00100", "2015-12-31": "14.05800", "2015-09-30": "16.21600", "2015-06-30": "19.45600", "2015-03-31": "22.98500", "2014-12-31": "23.30300", "2014-09-30": "6.75000", "2014-06-30": "7.06500", "2014-03-31": "7.22900", "2013-12-31": "6.40200", "2013-09-30": "4.89300", "2013-06-30": "4.16200", "2013-03-31": "1.87800", "2012-12-31": "1.86500", "2012-09-30": "2.18600", "2012-06-30": "2.13600", "2012-03-31": "1.85200", "2011-12-31": "1.82000", "2011-09-30": "2.36800", "2011-06-30": "2.79700", "2011-03-31": "2.66600", "2010-12-31": "2.58000", "2010-09-30": "1.45200", "2010-06-30": "1.38000", "2010-03-31": "1.46900", "2009-12-31": "1.35100", "2009-09-30": "1.17000", "2009-06-30": "1.10600", "2009-03-31": "1.09700", "2008-12-31": "1.13500", "2008-09-30": "1.15300", "2008-06-30": "1.41600", "2008-03-31": "1.03300", "2007-12-31": "1.24000", "2007-09-30": "1.30900", "2007-06-30": "3.64000", "2007-03-31": "3.60900", "2006-12-31": "1.55600", "2006-09-30": "0.86000", "2006-06-30": "0.85600", "2006-03-31": "1.84700", "2005-12-31": "0.49700", "2005-09-30": "0.41000", "2005-06-30": "0.41000", "2005-03-31": "0.41000"}, "Total Long-Term Assets": {"2020-12-31": "1530.28400", "2020-09-30": "1505.43600", "2020-06-30": "1491.89300", "2020-03-31": "1520.14600", "2019-12-31": "1555.50400", "2019-09-30": "1543.76900", "2019-06-30": "1582.03600", "2019-03-31": "1594.87300", "2018-12-31": "1581.78900", "2018-09-30": "1610.85200", "2018-06-30": "1629.79300", "2018-03-31": "1654.44800", "2017-12-31": "947.76200", "2017-09-30": "942.82810", "2017-06-30": "917.33910", "2017-03-31": "909.82100", "2016-12-31": "879.11300", "2016-09-30": "902.93400", "2016-06-30": "821.92100", "2016-03-31": "797.32200", "2015-12-31": "481.54610", "2015-09-30": "478.10300", "2015-06-30": "496.16900", "2015-03-31": "492.15300", "2014-12-31": "516.80200", "2014-09-30": "488.18100", "2014-06-30": "499.49900", "2014-03-31": "498.14500", "2013-12-31": "458.77400", "2013-09-30": "449.65910", "2013-06-30": "443.75490", "2013-03-31": "321.92800", "2012-12-31": "332.26300", "2012-09-30": "333.60500", "2012-06-30": "322.27400", "2012-03-31": "299.88600", "2011-12-31": "300.04200", "2011-09-30": "298.81700", "2011-06-30": "302.77400", "2011-03-31": "304.61400", "2010-12-31": "302.17300", "2010-09-30": "274.60400", "2010-06-30": "273.83100", "2010-03-31": "282.58000", "2009-12-31": "289.11200", "2009-09-30": "307.91400", "2009-06-30": "307.16000", "2009-03-31": "310.30100", "2008-12-31": "309.52500", "2008-09-30": "273.54400", "2008-06-30": "276.19200", "2008-03-31": "272.03700", "2007-12-31": "256.19500", "2007-09-30": "249.47800", "2007-06-30": "238.27200", "2007-03-31": "237.49400", "2006-12-31": "236.19700", "2006-09-30": "241.59900", "2006-06-30": "232.74400", "2006-03-31": "203.90500", "2005-12-31": "200.76200", "2005-09-30": "214.89400", "2005-06-30": "217.15600", "2005-03-31": "218.12100"}, "Total Assets": {"2020-12-31": "2747.59300", "2020-09-30": "2654.37000", "2020-06-30": "2611.05800", "2020-03-31": "2612.62900", "2019-12-31": "2559.89800", "2019-09-30": "2551.36100", "2019-06-30": "2621.58500", "2019-03-31": "2625.01800", "2018-12-31": "2614.30600", "2018-09-30": "2663.48600", "2018-06-30": "2587.99400", "2018-03-31": "2627.51000", "2017-12-31": "1740.10200", "2017-09-30": "1702.19200", "2017-06-30": "1622.19100", "2017-03-31": "1544.04600", "2016-12-31": "1491.19400", "2016-09-30": "1458.10300", "2016-06-30": "1341.79800", "2016-03-31": "1403.11000", "2015-12-31": "1065.47500", "2015-09-30": "1091.87700", "2015-06-30": "1099.29100", "2015-03-31": "1059.01500", "2014-12-31": "1070.82600", "2014-09-30": "1133.81500", "2014-06-30": "1128.89900", "2014-03-31": "1095.66600", "2013-12-31": "1024.37300", "2013-09-30": "1006.93100", "2013-06-30": "959.81500", "2013-03-31": "787.81400", "2012-12-31": "777.72800", "2012-09-30": "763.34700", "2012-06-30": "725.37000", "2012-03-31": "716.58400", "2011-12-31": "678.42400", "2011-09-30": "687.06000", "2011-06-30": "696.48900", "2011-03-31": "657.02400", "2010-12-31": "621.12900", "2010-09-30": "599.09800", "2010-06-30": "566.02800", "2010-03-31": "550.79500", "2009-12-31": "533.12700", "2009-09-30": "529.60600", "2009-06-30": "509.79800", "2009-03-31": "511.15100", "2008-12-31": "538.92800", "2008-09-30": "518.42200", "2008-06-30": "515.58300", "2008-03-31": "510.62400", "2007-12-31": "491.36500", "2007-09-30": "487.22500", "2007-06-30": "464.10200", "2007-03-31": "470.42600", "2006-12-31": "464.96600", "2006-09-30": "475.08700", "2006-06-30": "454.20500", "2006-03-31": "411.06900", "2005-12-31": "403.93100", "2005-09-30": "432.99800", "2005-06-30": "431.04700", "2005-03-31": "427.77300"}, "Total Current Liabilities": {"2020-12-31": "275.64800", "2020-09-30": "234.60600", "2020-06-30": "209.15700", "2020-03-31": "208.21500", "2019-12-31": "225.56200", "2019-09-30": "248.74900", "2019-06-30": "266.41100", "2019-03-31": "269.55000", "2018-12-31": "295.27500", "2018-09-30": "303.88600", "2018-06-30": "267.16300", "2018-03-31": "264.37800", "2017-12-31": "224.79400", "2017-09-30": "226.15600", "2017-06-30": "202.19200", "2017-03-31": "177.17200", "2016-12-31": "187.54100", "2016-09-30": "187.90400", "2016-06-30": "178.78800", "2016-03-31": "232.68300", "2015-12-31": "211.04800", "2015-09-30": "232.08700", "2015-06-30": "203.68600", "2015-03-31": "190.07200", "2014-12-31": "204.46600", "2014-09-30": "280.31200", "2014-06-30": "283.67000", "2014-03-31": "268.19900", "2013-12-31": "208.73800", "2013-09-30": "221.26500", "2013-06-30": "211.79700", "2013-03-31": "158.93700", "2012-12-31": "155.42000", "2012-09-30": "160.52000", "2012-06-30": "156.45300", "2012-03-31": "164.41300", "2011-12-31": "149.27700", "2011-09-30": "171.51300", "2011-06-30": "148.62600", "2011-03-31": "107.38900", "2010-12-31": "109.84800", "2010-09-30": "98.79100", "2010-06-30": "84.84700", "2010-03-31": "81.22200", "2009-12-31": "75.62400", "2009-09-30": "78.57400", "2009-06-30": "65.24200", "2009-03-31": "58.07300", "2008-12-31": "72.90000", "2008-09-30": "109.08300", "2008-06-30": "100.33300", "2008-03-31": "104.14400", "2007-12-31": "96.58700", "2007-09-30": "86.29900", "2007-06-30": "64.90800", "2007-03-31": "86.69300", "2006-12-31": "98.03500", "2006-09-30": "136.96700", "2006-06-30": "127.44700", "2006-03-31": "90.14100", "2005-12-31": "99.91600", "2005-09-30": "113.01300", "2005-06-30": "114.35700", "2005-03-31": "116.48000"}, "Long Term Debt": {"2020-12-31": "687.03400", "2020-09-30": "725.50700", "2020-06-30": "776.20500", "2020-03-31": "764.19500", "2019-12-31": "669.15800", "2019-09-30": "668.16000", "2019-06-30": "676.94000", "2019-03-31": "676.51000", "2018-12-31": "684.73000", "2018-09-30": "690.63700", "2018-06-30": "687.53800", "2018-03-31": "743.43700", "2017-12-31": "489.36100", "2017-09-30": "492.27200", "2017-06-30": "473.87900", "2017-03-31": "464.27300", "2016-12-31": "447.89200", "2016-09-30": "434.20600", "2016-06-30": "361.73200", "2016-03-31": "371.11300", "2015-12-31": "83.75300", "2015-09-30": "91.51700", "2015-06-30": "96.99300", "2015-03-31": "102.96900", "2014-12-31": "106.65800", "2014-09-30": "90.00000", "2014-06-30": "91.25000", "2014-03-31": "92.50000", "2013-12-31": "93.75000", "2013-09-30": "95.00000", "2013-06-30": "95.00000", "2013-03-31": "", "2012-12-31": "", "2012-09-30": "", "2012-06-30": "", "2012-03-31": "", "2011-12-31": "", "2011-09-30": "", "2011-06-30": "", "2011-03-31": "39.00000", "2010-12-31": "41.00000", "2010-09-30": "43.00000", "2010-06-30": "45.00000", "2010-03-31": "47.00000", "2009-12-31": "49.00000", "2009-09-30": "58.00000", "2009-06-30": "60.00000", "2009-03-31": "70.00000", "2008-12-31": "72.00000", "2008-09-30": "", "2008-06-30": "", "2008-03-31": "1.16500", "2007-12-31": "1.22300", "2007-09-30": "1.35500", "2007-06-30": "1.49300", "2007-03-31": "1.62400", "2006-12-31": "1.78500", "2006-09-30": "1.86300", "2006-06-30": "1.60500", "2006-03-31": "", "2005-12-31": "", "2005-09-30": "1.75700", "2005-06-30": "1.54400", "2005-03-31": "1.23200"}, "Other Non-Current Liabilities": {"2020-12-31": "67.25200", "2020-09-30": "63.63900", "2020-06-30": "61.89200", "2020-03-31": "61.70900", "2019-12-31": "64.03700", "2019-09-30": "64.50200", "2019-06-30": "65.94400", "2019-03-31": "69.41400", "2018-12-31": "72.23200", "2018-09-30": "67.40400", "2018-06-30": "76.06700", "2018-03-31": "81.37900", "2017-12-31": "62.58000", "2017-09-30": "26.23000", "2017-06-30": "25.88700", "2017-03-31": "24.37500", "2016-12-31": "20.36600", "2016-09-30": "19.03700", "2016-06-30": "12.57600", "2016-03-31": "12.32900", "2015-12-31": "17.75500", "2015-09-30": "10.94300", "2015-06-30": "14.90000", "2015-03-31": "15.44000", "2014-12-31": "15.81400", "2014-09-30": "14.55800", "2014-06-30": "14.92200", "2014-03-31": "16.90700", "2013-12-31": "14.85600", "2013-09-30": "15.33100", "2013-06-30": "15.40600", "2013-03-31": "13.82000", "2012-12-31": "12.41200", "2012-09-30": "11.60800", "2012-06-30": "11.77500", "2012-03-31": "12.27000", "2011-12-31": "12.75200", "2011-09-30": "13.74500", "2011-06-30": "14.31900", "2011-03-31": "12.16600", "2010-12-31": "12.05700", "2010-09-30": "11.42600", "2010-06-30": "11.27200", "2010-03-31": "11.53700", "2009-12-31": "11.63300", "2009-09-30": "11.65600", "2009-06-30": "17.25900", "2009-03-31": "17.51700", "2008-12-31": "18.54000", "2008-09-30": "19.11400", "2008-06-30": "24.15200", "2008-03-31": "23.44000", "2007-12-31": "21.77000", "2007-09-30": "22.48500", "2007-06-30": "36.69400", "2007-03-31": "36.03100", "2006-12-31": "33.36700", "2006-09-30": "5.36800", "2006-06-30": "5.41200", "2006-03-31": "5.10600", "2005-12-31": "5.65800", "2005-09-30": "6.05100", "2005-06-30": "8.87300", "2005-03-31": "6.80900"}, "Total Long Term Liabilities": {"2020-12-31": "863.17200", "2020-09-30": "890.20200", "2020-06-30": "939.46700", "2020-03-31": "927.46600", "2019-12-31": "838.32200", "2019-09-30": "830.40000", "2019-06-30": "845.23210", "2019-03-31": "850.08000", "2018-12-31": "840.68900", "2018-09-30": "840.20400", "2018-06-30": "850.81100", "2018-03-31": "921.15810", "2017-12-31": "587.75200", "2017-09-30": "542.79200", "2017-06-30": "524.56700", "2017-03-31": "511.11300", "2016-12-31": "488.72200", "2016-09-30": "466.82300", "2016-06-30": "388.15300", "2016-03-31": "397.11400", "2015-12-31": "115.17500", "2015-09-30": "126.05000", "2015-06-30": "128.31300", "2015-03-31": "133.68200", "2014-12-31": "138.69500", "2014-09-30": "115.60400", "2014-06-30": "117.73600", "2014-03-31": "121.10000", "2013-12-31": "128.71900", "2013-09-30": "125.25900", "2013-06-30": "125.33100", "2013-03-31": "31.51200", "2012-12-31": "34.75000", "2012-09-30": "22.29900", "2012-06-30": "22.24600", "2012-03-31": "22.81400", "2011-12-31": "28.04400", "2011-09-30": "19.10100", "2011-06-30": "19.80100", "2011-03-31": "56.85000", "2010-12-31": "58.62100", "2010-09-30": "66.24900", "2010-06-30": "66.97400", "2010-03-31": "70.31700", "2009-12-31": "78.90400", "2009-09-30": "94.20200", "2009-06-30": "108.45100", "2009-03-31": "129.47900", "2008-12-31": "132.17700", "2008-09-30": "38.73700", "2008-06-30": "44.12400", "2008-03-31": "44.45600", "2007-12-31": "41.36400", "2007-09-30": "48.05700", "2007-06-30": "67.32000", "2007-03-31": "67.62300", "2006-12-31": "63.26600", "2006-09-30": "28.45600", "2006-06-30": "30.56700", "2006-03-31": "28.00300", "2005-12-31": "26.94900", "2005-09-30": "38.12800", "2005-06-30": "41.21500", "2005-03-31": "39.56600"}, "Total Liabilities": {"2020-12-31": "1138.82000", "2020-09-30": "1124.80800", "2020-06-30": "1148.62400", "2020-03-31": "1135.68100", "2019-12-31": "1063.88400", "2019-09-30": "1079.14900", "2019-06-30": "1111.64300", "2019-03-31": "1119.63000", "2018-12-31": "1135.96400", "2018-09-30": "1144.09000", "2018-06-30": "1117.97400", "2018-03-31": "1185.53600", "2017-12-31": "812.54600", "2017-09-30": "768.94800", "2017-06-30": "726.75900", "2017-03-31": "688.28500", "2016-12-31": "676.26300", "2016-09-30": "654.72700", "2016-06-30": "566.94100", "2016-03-31": "629.79700", "2015-12-31": "326.22300", "2015-09-30": "358.13700", "2015-06-30": "331.99900", "2015-03-31": "323.75400", "2014-12-31": "343.16100", "2014-09-30": "395.91600", "2014-06-30": "401.40600", "2014-03-31": "389.29900", "2013-12-31": "337.45700", "2013-09-30": "346.52400", "2013-06-30": "337.12800", "2013-03-31": "190.44900", "2012-12-31": "190.17000", "2012-09-30": "182.81900", "2012-06-30": "178.69900", "2012-03-31": "187.22700", "2011-12-31": "177.32100", "2011-09-30": "190.61400", "2011-06-30": "168.42700", "2011-03-31": "164.23900", "2010-12-31": "168.46900", "2010-09-30": "165.04000", "2010-06-30": "151.82100", "2010-03-31": "151.53900", "2009-12-31": "154.52800", "2009-09-30": "172.77600", "2009-06-30": "173.69300", "2009-03-31": "187.55200", "2008-12-31": "205.07700", "2008-09-30": "147.82000", "2008-06-30": "144.45700", "2008-03-31": "148.60000", "2007-12-31": "137.95100", "2007-09-30": "134.35600", "2007-06-30": "132.22800", "2007-03-31": "154.31600", "2006-12-31": "161.30100", "2006-09-30": "165.42300", "2006-06-30": "158.01400", "2006-03-31": "118.14400", "2005-12-31": "126.86500", "2005-09-30": "151.14100", "2005-06-30": "155.57200", "2005-03-31": "156.04600"}, "Common Stock Net": {"2020-12-31": "", "2020-09-30": "0.25800", "2020-06-30": "0.25700", "2020-03-31": "0.25600", "2019-12-31": "0.25600", "2019-09-30": "0.25600", "2019-06-30": "0.25500", "2019-03-31": "0.25400", "2018-12-31": "0.25400", "2018-09-30": "0.25400", "2018-06-30": "0.25300", "2018-03-31": "0.25100", "2017-12-31": "0.22900", "2017-09-30": "0.22900", "2017-06-30": "0.24500", "2017-03-31": "0.22800", "2016-12-31": "0.22800", "2016-09-30": "", "2016-06-30": "", "2016-03-31": "", "2015-12-31": "0.22400", "2015-09-30": "", "2015-06-30": "", "2015-03-31": "", "2014-12-31": "0.22600", "2014-09-30": "", "2014-06-30": "", "2014-03-31": "", "2013-12-31": "0.22500", "2013-09-30": "", "2013-06-30": "", "2013-03-31": "", "2012-12-31": "0.22000", "2012-09-30": "", "2012-06-30": "", "2012-03-31": "", "2011-12-31": "0.21600", "2011-09-30": "", "2011-06-30": "", "2011-03-31": "", "2010-12-31": "0.21800", "2010-09-30": "", "2010-06-30": "", "2010-03-31": "", "2009-12-31": "0.21800", "2009-09-30": "", "2009-06-30": "", "2009-03-31": "", "2008-12-31": "0.21700", "2008-09-30": "", "2008-06-30": "", "2008-03-31": "", "2007-12-31": "0.21900", "2007-09-30": "", "2007-06-30": "", "2007-03-31": "", "2006-12-31": "0.22100", "2006-09-30": "", "2006-06-30": "", "2006-03-31": "", "2005-12-31": "0.22200", "2005-09-30": "", "2005-06-30": "", "2005-03-31": ""}, "Retained Earnings (Accumulated Deficit)": {"2020-12-31": "", "2020-09-30": "986.81000", "2020-06-30": "943.15100", "2020-03-31": "963.82000", "2019-12-31": "950.90100", "2019-09-30": "939.94600", "2019-06-30": "916.01400", "2019-03-31": "882.87100", "2018-12-31": "856.50700", "2018-09-30": "834.57700", "2018-06-30": "791.83100", "2018-03-31": "758.76600", "2017-12-31": "722.14000", "2017-09-30": "741.36300", "2017-06-30": "706.95900", "2017-03-31": "665.81200", "2016-12-31": "634.39100", "2016-09-30": "", "2016-06-30": "", "2016-03-31": "", "2015-12-31": "557.77100", "2015-09-30": "", "2015-06-30": "", "2015-03-31": "", "2014-12-31": "523.30200", "2014-09-30": "", "2014-06-30": "", "2014-03-31": "", "2013-12-31": "445.05900", "2013-09-30": "", "2013-06-30": "", "2013-03-31": "", "2012-12-31": "435.34000", "2012-09-30": "", "2012-06-30": "", "2012-03-31": "", "2011-12-31": "376.57200", "2011-09-30": "", "2011-06-30": "", "2011-03-31": "", "2010-12-31": "304.05600", "2010-09-30": "", "2010-06-30": "", "2010-03-31": "", "2009-12-31": "228.64100", "2009-09-30": "", "2009-06-30": "", "2009-03-31": "", "2008-12-31": "219.23000", "2008-09-30": "", "2008-06-30": "", "2008-03-31": "", "2007-12-31": "217.07400", "2007-09-30": "", "2007-06-30": "", "2007-03-31": "", "2006-12-31": "194.92200", "2006-09-30": "", "2006-06-30": "", "2006-03-31": "", "2005-12-31": "180.20900", "2005-09-30": "", "2005-06-30": "", "2005-03-31": ""}, "Comprehensive Income": {"2020-12-31": "", "2020-09-30": "-107.23800", "2020-06-30": "-124.21900", "2020-03-31": "-121.80200", "2019-12-31": "-106.82300", "2019-09-30": "-112.60800", "2019-06-30": "-95.58200", "2019-03-31": "-89.85100", "2018-12-31": "-97.92400", "2018-09-30": "-97.63100", "2018-06-30": "-89.68400", "2018-03-31": "-73.74200", "2017-12-31": "-63.66800", "2017-09-30": "-73.34300", "2017-06-30": "-73.10400", "2017-03-31": "-68.95200", "2016-12-31": "-74.57900", "2016-09-30": "", "2016-06-30": "", "2016-03-31": "", "2015-12-31": "-45.67300", "2015-09-30": "", "2015-06-30": "", "2015-03-31": "", "2014-12-31": "-21.12600", "2014-09-30": "", "2014-06-30": "", "2014-03-31": "", "2013-12-31": "20.41700", "2013-09-30": "", "2013-06-30": "", "2013-03-31": "", "2012-12-31": "16.54800", "2012-09-30": "", "2012-06-30": "", "2012-03-31": "", "2011-12-31": "8.63100", "2011-09-30": "", "2011-06-30": "", "2011-03-31": "", "2010-12-31": "21.24100", "2010-09-30": "", "2010-06-30": "", "2010-03-31": "", "2009-12-31": "18.72700", "2009-09-30": "", "2009-06-30": "", "2009-03-31": "", "2008-12-31": "-10.12300", "2008-09-30": "", "2008-06-30": "", "2008-03-31": "", "2007-12-31": "17.36100", "2007-09-30": "", "2007-06-30": "", "2007-03-31": "", "2006-12-31": "-0.01100", "2006-09-30": "", "2006-06-30": "", "2006-03-31": "", "2005-12-31": "-2.42600", "2005-09-30": "", "2005-06-30": "", "2005-03-31": ""}, "Other Share Holders Equity": {"2020-12-31": "", "2020-09-30": "", "2020-06-30": "", "2020-03-31": "", "2019-12-31": "", "2019-09-30": "", "2019-06-30": "", "2019-03-31": "", "2018-12-31": "", "2018-09-30": "", "2018-06-30": "", "2018-03-31": "", "2017-12-31": "", "2017-09-30": "", "2017-06-30": "", "2017-03-31": "", "2016-12-31": "", "2016-09-30": "", "2016-06-30": "", "2016-03-31": "", "2015-12-31": "", "2015-09-30": "", "2015-06-30": "", "2015-03-31": "", "2014-12-31": "", "2014-09-30": "", "2014-06-30": "", "2014-03-31": "", "2013-12-31": "", "2013-09-30": "", "2013-06-30": "", "2013-03-31": "", "2012-12-31": "", "2012-09-30": "", "2012-06-30": "", "2012-03-31": "", "2011-12-31": "", "2011-09-30": "", "2011-06-30": "", "2011-03-31": "", "2010-12-31": "", "2010-09-30": "", "2010-06-30": "", "2010-03-31": "", "2009-12-31": "", "2009-09-30": "", "2009-06-30": "", "2009-03-31": "", "2008-12-31": "", "2008-09-30": "", "2008-06-30": "", "2008-03-31": "", "2007-12-31": "-0.00500", "2007-09-30": "", "2007-06-30": "", "2007-03-31": "", "2006-12-31": "-0.01000", "2006-09-30": "", "2006-06-30": "", "2006-03-31": "", "2005-12-31": "-0.01700", "2005-09-30": "", "2005-06-30": "", "2005-03-31": ""}, "Share Holder Equity": {"2020-12-31": "1608.77300", "2020-09-30": "1529.56200", "2020-06-30": "1462.43400", "2020-03-31": "1476.94800", "2019-12-31": "1496.01400", "2019-09-30": "1472.21200", "2019-06-30": "1509.94200", "2019-03-31": "1505.38800", "2018-12-31": "1478.34200", "2018-09-30": "1519.39600", "2018-06-30": "1470.02000", "2018-03-31": "1441.97400", "2017-12-31": "927.55600", "2017-09-30": "933.24400", "2017-06-30": "895.43200", "2017-03-31": "855.76100", "2016-12-31": "814.93100", "2016-09-30": "803.37600", "2016-06-30": "774.85700", "2016-03-31": "773.31300", "2015-12-31": "739.25200", "2015-09-30": "733.74000", "2015-06-30": "767.29200", "2015-03-31": "735.26100", "2014-12-31": "727.66500", "2014-09-30": "737.89900", "2014-06-30": "727.49300", "2014-03-31": "706.36700", "2013-12-31": "686.91600", "2013-09-30": "660.40700", "2013-06-30": "622.68700", "2013-03-31": "597.36500", "2012-12-31": "587.55800", "2012-09-30": "580.52800", "2012-06-30": "546.67100", "2012-03-31": "529.35700", "2011-12-31": "501.10300", "2011-09-30": "496.44600", "2011-06-30": "528.06200", "2011-03-31": "492.78500", "2010-12-31": "452.66000", "2010-09-30": "434.05800", "2010-06-30": "414.20700", "2010-03-31": "399.25600", "2009-12-31": "378.59900", "2009-09-30": "356.83000", "2009-06-30": "336.10500", "2009-03-31": "323.59900", "2008-12-31": "333.85100", "2008-09-30": "370.60200", "2008-06-30": "371.12600", "2008-03-31": "362.02400", "2007-12-31": "353.41400", "2007-09-30": "352.86900", "2007-06-30": "331.87400", "2007-03-31": "316.11000", "2006-12-31": "303.66500", "2006-09-30": "309.66400", "2006-06-30": "296.19100", "2006-03-31": "292.92500", "2005-12-31": "277.06600", "2005-09-30": "281.85700", "2005-06-30": "275.47500", "2005-03-31": "271.72700"}, "Total Liabilities And Share Holders Equity": {"2020-12-31": "2747.59300", "2020-09-30": "2654.37000", "2020-06-30": "2611.05800", "2020-03-31": "2612.62900", "2019-12-31": "2559.89800", "2019-09-30": "2551.36100", "2019-06-30": "2621.58500", "2019-03-31": "2625.01800", "2018-12-31": "2614.30600", "2018-09-30": "2663.48600", "2018-06-30": "2587.99400", "2018-03-31": "2627.51000", "2017-12-31": "1740.10200", "2017-09-30": "1702.19200", "2017-06-30": "1622.19100", "2017-03-31": "1544.04600", "2016-12-31": "1491.19400", "2016-09-30": "1458.10300", "2016-06-30": "1341.79800", "2016-03-31": "1403.11000", "2015-12-31": "1065.47500", "2015-09-30": "1091.87700", "2015-06-30": "1099.29100", "2015-03-31": "1059.01500", "2014-12-31": "1070.82600", "2014-09-30": "1133.81500", "2014-06-30": "1128.89900", "2014-03-31": "1095.66600", "2013-12-31": "1024.37300", "2013-09-30": "1006.93100", "2013-06-30": "959.81500", "2013-03-31": "787.81400", "2012-12-31": "777.72800", "2012-09-30": "763.34700", "2012-06-30": "725.37000", "2012-03-31": "716.58400", "2011-12-31": "678.42400", "2011-09-30": "687.06000", "2011-06-30": "696.48900", "2011-03-31": "657.02400", "2010-12-31": "621.12900", "2010-09-30": "599.09800", "2010-06-30": "566.02800", "2010-03-31": "550.79500", "2009-12-31": "533.12700", "2009-09-30": "529.60600", "2009-06-30": "509.79800", "2009-03-31": "511.15100", "2008-12-31": "538.92800", "2008-09-30": "518.42200", "2008-06-30": "515.58300", "2008-03-31": "510.62400", "2007-12-31": "491.36500", "2007-09-30": "487.22500", "2007-06-30": "464.10200", "2007-03-31": "470.42600", "2006-12-31": "464.96600", "2006-09-30": "475.08700", "2006-06-30": "454.20500", "2006-03-31": "411.06900", "2005-12-31": "403.93100", "2005-09-30": "432.99800", "2005-06-30": "431.04700", "2005-03-31": "427.77300"}}, "cash flow statement": {"Net Income/Loss": {"2020-12-31": "129.98600", "2019-12-31": "139.08200", "2018-12-31": "164.56500", "2017-12-31": "119.51900", "2016-12-31": "104.48800", "2015-12-31": "80.86600", "2014-12-31": "98.10000", "2013-12-31": "88.78400", "2012-12-31": "75.33200", "2011-12-31": "87.02400", "2010-12-31": "78.66300", "2009-12-31": "9.41100", "2008-12-31": "8.01600", "2007-12-31": "36.83500", "2006-12-31": "23.82400", "2005-12-31": "17.71000"}, "Total Depreciation And Amortization - Cash Flow": {"2020-12-31": "", "2019-12-31": "92.82500", "2018-12-31": "105.41100", "2017-12-31": "63.01100", "2016-12-31": "67.94600", "2015-12-31": "41.59900", "2014-12-31": "41.87500", "2013-12-31": "34.48000", "2012-12-31": "31.43300", "2011-12-31": "32.25200", "2010-12-31": "32.00500", "2009-12-31": "36.62200", "2008-12-31": "32.19900", "2007-12-31": "28.73600", "2006-12-31": "28.49100", "2005-12-31": "31.23300"}, "Other Non-Cash Items": {"2020-12-31": "123.68500", "2019-12-31": "22.43500", "2018-12-31": "62.97400", "2017-12-31": "34.98500", "2016-12-31": "11.13100", "2015-12-31": "40.57900", "2014-12-31": "5.97200", "2013-12-31": "23.77900", "2012-12-31": "14.55600", "2011-12-31": "7.31400", "2010-12-31": "14.13600", "2009-12-31": "4.43400", "2008-12-31": "12.39500", "2007-12-31": "1.37500", "2006-12-31": "1.02500", "2005-12-31": "-1.08000"}, "Total Non-Cash Items": {"2020-12-31": "123.68500", "2019-12-31": "115.26000", "2018-12-31": "168.38500", "2017-12-31": "97.99600", "2016-12-31": "79.07700", "2015-12-31": "82.17800", "2014-12-31": "47.84700", "2013-12-31": "58.25900", "2012-12-31": "45.98900", "2011-12-31": "39.56600", "2010-12-31": "46.14100", "2009-12-31": "41.05600", "2008-12-31": "44.59400", "2007-12-31": "30.11100", "2006-12-31": "29.51600", "2005-12-31": "30.15300"}, "Change In Accounts Receivable": {"2020-12-31": "-25.58800", "2019-12-31": "28.49700", "2018-12-31": "-3.53900", "2017-12-31": "-11.08700", "2016-12-31": "-22.77900", "2015-12-31": "-3.39700", "2014-12-31": "-13.06200", "2013-12-31": "-16.68300", "2012-12-31": "-1.58700", "2011-12-31": "4.76800", "2010-12-31": "-12.80400", "2009-12-31": "-15.56900", "2008-12-31": "23.08000", "2007-12-31": "-0.28000", "2006-12-31": "2.84300", "2005-12-31": "-11.18500"}, "Change In Inventories": {"2020-12-31": "-12.42500", "2019-12-31": "22.09400", "2018-12-31": "-33.97100", "2017-12-31": "-20.18000", "2016-12-31": "8.53900", "2015-12-31": "-3.57700", "2014-12-31": "-2.25800", "2013-12-31": "-5.48600", "2012-12-31": "5.43900", "2011-12-31": "2.61200", "2010-12-31": "-15.14700", "2009-12-31": "15.54900", "2008-12-31": "-6.59300", "2007-12-31": "9.11200", "2006-12-31": "1.24000", "2005-12-31": "6.59400"}, "Change In Accounts Payable": {"2020-12-31": "28.82000", "2019-12-31": "", "2018-12-31": "", "2017-12-31": "", "2016-12-31": "19.19000", "2015-12-31": "2.57300", "2014-12-31": "17.28100", "2013-12-31": "2.00000", "2012-12-31": "", "2011-12-31": "", "2010-12-31": "", "2009-12-31": "", "2008-12-31": "", "2007-12-31": "", "2006-12-31": "", "2005-12-31": ""}, "Change In Assets/Liabilities": {"2020-12-31": "6.78800", "2019-12-31": "10.57300", "2018-12-31": "-7.26900", "2017-12-31": "19.75400", "2016-12-31": "-2.71100", "2015-12-31": "-5.73900", "2014-12-31": "3.68100", "2013-12-31": "2.14000", "2012-12-31": "-0.04200", "2011-12-31": "1.75600", "2010-12-31": "5.39900", "2009-12-31": "-0.56200", "2008-12-31": "-6.22600", "2007-12-31": "-4.41400", "2006-12-31": "1.35100", "2005-12-31": "1.59400"}, "Total Change In Assets/Liabilities": {"2020-12-31": "4.36000", "2019-12-31": "-15.65200", "2018-12-31": "-1.74200", "2017-12-31": "45.60700", "2016-12-31": "-7.40500", "2015-12-31": "2.78200", "2014-12-31": "7.19400", "2013-12-31": "-29.67600", "2012-12-31": "-5.15100", "2011-12-31": "-5.84000", "2010-12-31": "-20.73500", "2009-12-31": "-20.85600", "2008-12-31": "-12.03500", "2007-12-31": "-7.00600", "2006-12-31": "27.57500", "2005-12-31": "-9.72100"}, "Cash Flow From Operating Activities": {"2020-12-31": "258.03100", "2019-12-31": "245.32800", "2018-12-31": "331.82800", "2017-12-31": "269.17000", "2016-12-31": "180.13300", "2015-12-31": "165.82600", "2014-12-31": "153.14100", "2013-12-31": "117.36700", "2012-12-31": "116.17000", "2011-12-31": "120.75000", "2010-12-31": "104.06900", "2009-12-31": "29.61100", "2008-12-31": "40.57500", "2007-12-31": "59.94000", "2006-12-31": "80.91500", "2005-12-31": "38.14200"}, "Net Change In Property, Plant, And Equipment": {"2020-12-31": "-56.19100", "2019-12-31": "-55.68200", "2018-12-31": "-65.18100", "2017-12-31": "-64.96300", "2016-12-31": "-45.98000", "2015-12-31": "-43.91700", "2014-12-31": "-32.15600", "2013-12-31": "-34.77700", "2012-12-31": "-18.86500", "2011-12-31": "-17.33800", "2010-12-31": "-17.43600", "2009-12-31": "-13.97800", "2008-12-31": "-46.80900", "2007-12-31": "-30.30100", "2006-12-31": "-19.61300", "2005-12-31": "-27.23900"}, "Net Change In Intangible Assets": {"2020-12-31": "", "2019-12-31": "", "2018-12-31": "", "2017-12-31": "", "2016-12-31": "", "2015-12-31": "", "2014-12-31": "", "2013-12-31": "", "2012-12-31": "", "2011-12-31": "", "2010-12-31": "", "2009-12-31": "", "2008-12-31": "", "2007-12-31": "", "2006-12-31": "", "2005-12-31": ""}, "Net Acquisitions/Divestitures": {"2020-12-31": "", "2019-12-31": "-0.77500", "2018-12-31": "-318.47400", "2017-12-31": "-38.51200", "2016-12-31": "-471.11800", "2015-12-31": "-4.55800", "2014-12-31": "-56.36800", "2013-12-31": "-144.38200", "2012-12-31": "-34.01600", "2011-12-31": "-11.07700", "2010-12-31": "-48.29200", "2009-12-31": "-0.92000", "2008-12-31": "-47.46500", "2007-12-31": "-4.50700", "2006-12-31": "-22.94000", "2005-12-31": "-3.65800"}, "Net Change In Short-term Investments": {"2020-12-31": "", "2019-12-31": "", "2018-12-31": "", "2017-12-31": "", "2016-12-31": "0.34500", "2015-12-31": "", "2014-12-31": "2.43900", "2013-12-31": "-6.43400", "2012-12-31": "-4.61600", "2011-12-31": "-14.22800", "2010-12-31": "", "2009-12-31": "0.00000", "2008-12-31": "", "2007-12-31": "", "2006-12-31": "", "2005-12-31": ""}, "Net Change In Long-Term Investments": {"2020-12-31": "", "2019-12-31": "", "2018-12-31": "1.40700", "2017-12-31": "3.73900", "2016-12-31": "", "2015-12-31": "-3.50000", "2014-12-31": "", "2013-12-31": "", "2012-12-31": "7.80500", "2011-12-31": "-6.00000", "2010-12-31": "", "2009-12-31": "0.13300", "2008-12-31": "", "2007-12-31": "", "2006-12-31": "", "2005-12-31": "0.60000"}, "Net Change In Investments - Total": {"2020-12-31": "", "2019-12-31": "", "2018-12-31": "1.40700", "2017-12-31": "3.73900", "2016-12-31": "0.34500", "2015-12-31": "-3.50000", "2014-12-31": "2.43900", "2013-12-31": "-6.43400", "2012-12-31": "3.18900", "2011-12-31": "-20.22800", "2010-12-31": "", "2009-12-31": "0.13300", "2008-12-31": "", "2007-12-31": "", "2006-12-31": "", "2005-12-31": "0.60000"}, "Investing Activities - Other": {"2020-12-31": "4.75800", "2019-12-31": "", "2018-12-31": "", "2017-12-31": "3.59900", "2016-12-31": "5.51000", "2015-12-31": "7.81100", "2014-12-31": "-17.90800", "2013-12-31": "", "2012-12-31": "-2.00000", "2011-12-31": "", "2010-12-31": "", "2009-12-31": "", "2008-12-31": "", "2007-12-31": "", "2006-12-31": "", "2005-12-31": ""}, "Cash Flow From Investing Activities": {"2020-12-31": "-51.43300", "2019-12-31": "-56.45700", "2018-12-31": "-382.24800", "2017-12-31": "-96.13700", "2016-12-31": "-511.24300", "2015-12-31": "-44.16400", "2014-12-31": "-103.99300", "2013-12-31": "-185.59300", "2012-12-31": "-51.69200", "2011-12-31": "-48.64300", "2010-12-31": "-65.72800", "2009-12-31": "-14.76500", "2008-12-31": "-94.27400", "2007-12-31": "-34.80800", "2006-12-31": "-42.55300", "2005-12-31": "-30.29700"}, "Net Long-Term Debt": {"2020-12-31": "", "2019-12-31": "-10.00000", "2018-12-31": "207.50000", "2017-12-31": "11.08800", "2016-12-31": "291.73000", "2015-12-31": "-16.56100", "2014-12-31": "12.90800", "2013-12-31": "259.25000", "2012-12-31": "23.25100", "2011-12-31": "61.00000", "2010-12-31": "31.34500", "2009-12-31": "13.37400", "2008-12-31": "66.58800", "2007-12-31": "-12.79100", "2006-12-31": "-2.35300", "2005-12-31": "-6.79700"}, "Net Current Debt": {"2020-12-31": "-15.00000", "2019-12-31": "", "2018-12-31": "", "2017-12-31": "", "2016-12-31": "", "2015-12-31": "-6.50000", "2014-12-31": "-37.50000", "2013-12-31": "-123.50000", "2012-12-31": "-25.03200", "2011-12-31": "-50.00000", "2010-12-31": "-20.62400", "2009-12-31": "-31.07600", "2008-12-31": "", "2007-12-31": "", "2006-12-31": "", "2005-12-31": ""}, "Debt Issuance/Retirement Net - Total": {"2020-12-31": "-15.00000", "2019-12-31": "-10.00000", "2018-12-31": "207.50000", "2017-12-31": "11.08800", "2016-12-31": "291.73000", "2015-12-31": "-23.06100", "2014-12-31": "-24.59200", "2013-12-31": "135.75000", "2012-12-31": "-1.78100", "2011-12-31": "11.00000", "2010-12-31": "10.72100", "2009-12-31": "-17.70200", "2008-12-31": "66.58800", "2007-12-31": "-12.79100", "2006-12-31": "-2.35300", "2005-12-31": "-6.79700"}, "Net Common Equity Issued/Repurchased": {"2020-12-31": "-22.92700", "2019-12-31": "-91.58700", "2018-12-31": "-44.70700", "2017-12-31": "-2.37300", "2016-12-31": "20.49400", "2015-12-31": "-22.10200", "2014-12-31": "-0.22200", "2013-12-31": "21.95900", "2012-12-31": "16.36700", "2011-12-31": "-14.05600", "2010-12-31": "-6.88100", "2009-12-31": "1.50500", "2008-12-31": "-4.76600", "2007-12-31": "-10.11700", "2006-12-31": "-4.52800", "2005-12-31": "-8.98800"}, "Net Total Equity Issued/Repurchased": {"2020-12-31": "-22.92700", "2019-12-31": "-91.58700", "2018-12-31": "-44.70700", "2017-12-31": "-2.37300", "2016-12-31": "20.49400", "2015-12-31": "-22.10200", "2014-12-31": "-0.22200", "2013-12-31": "21.95900", "2012-12-31": "16.36700", "2011-12-31": "-14.05600", "2010-12-31": "-6.88100", "2009-12-31": "1.50500", "2008-12-31": "-4.76600", "2007-12-31": "-10.11700", "2006-12-31": "-4.52800", "2005-12-31": "-8.98800"}, "Total Common And Preferred Stock Dividends Paid": {"2020-12-31": "-46.83900", "2019-12-31": "-44.68900", "2018-12-31": "-39.99300", "2017-12-31": "-31.77000", "2016-12-31": "-27.86600", "2015-12-31": "-24.34100", "2014-12-31": "-21.17500", "2013-12-31": "-18.72200", "2012-12-31": "-16.56400", "2011-12-31": "-14.50800", "2010-12-31": "-3.24800", "2009-12-31": "", "2008-12-31": "", "2007-12-31": "", "2006-12-31": "", "2005-12-31": ""}, "Financial Activities - Other": {"2020-12-31": "16.95800", "2019-12-31": "", "2018-12-31": "-0.90300", "2017-12-31": "-1.62600", "2016-12-31": "-0.16200", "2015-12-31": "1.84900", "2014-12-31": "2.73600", "2013-12-31": "3.24500", "2012-12-31": "2.72800", "2011-12-31": "3.50400", "2010-12-31": "1.61700", "2009-12-31": "0.01500", "2008-12-31": "0.17700", "2007-12-31": "0.61500", "2006-12-31": "0.47500", "2005-12-31": "3.53300"}, "Cash Flow From Financial Activities": {"2020-12-31": "-67.80800", "2019-12-31": "-146.27600", "2018-12-31": "121.89700", "2017-12-31": "-24.68100", "2016-12-31": "284.19600", "2015-12-31": "-67.65500", "2014-12-31": "-43.25300", "2013-12-31": "142.23200", "2012-12-31": "0.75000", "2011-12-31": "-14.06000", "2010-12-31": "2.20900", "2009-12-31": "-16.18200", "2008-12-31": "61.99900", "2007-12-31": "-22.29300", "2006-12-31": "-6.40600", "2005-12-31": "-12.25200"}, "Net Cash Flow": {"2020-12-31": "156.38600", "2019-12-31": "41.40600", "2018-12-31": "60.05700", "2017-12-31": "154.55200", "2016-12-31": "-53.66200", "2015-12-31": "31.21500", "2014-12-31": "-7.62100", "2013-12-31": "69.78800", "2012-12-31": "71.38800", "2011-12-31": "54.29600", "2010-12-31": "39.36600", "2009-12-31": "-0.58300", "2008-12-31": "5.99400", "2007-12-31": "8.23900", "2006-12-31": "34.75700", "2005-12-31": "-6.63600"}, "Stock-Based Compensation": {"2020-12-31": "", "2019-12-31": "19.04600", "2018-12-31": "27.43100", "2017-12-31": "16.31500", "2016-12-31": "11.98700", "2015-12-31": "10.26600", "2014-12-31": "9.06900", "2013-12-31": "8.60900", "2012-12-31": "7.34800", "2011-12-31": "5.80500", "2010-12-31": "5.24300", "2009-12-31": "5.50300", "2008-12-31": "5.05800", "2007-12-31": "4.95700", "2006-12-31": "5.18700", "2005-12-31": ""}, "Common Stock Dividends Paid": {"2020-12-31": "-46.83900", "2019-12-31": "-44.68900", "2018-12-31": "-39.99300", "2017-12-31": "-31.77000", "2016-12-31": "-27.86600", "2015-12-31": "-24.34100", "2014-12-31": "-21.17500", "2013-12-31": "-18.72200", "2012-12-31": "-16.56400", "2011-12-31": "-14.50800", "2010-12-31": "-3.24800", "2009-12-31": "0.00000", "2008-12-31": "", "2007-12-31": "", "2006-12-31": "", "2005-12-31": ""}}, "cash flow statement, quarterly": {"Net Income/Loss": {"2020-12-31": 58.977, "2020-09-30": 55.356, "2020-06-30": -8.991, "2020-03-31": "24.64400", "2019-12-31": 22.654, "2019-09-30": 35.647, "2019-06-30": 43.792, "2019-03-31": "36.98900", "2018-12-31": 32.665, "2018-09-30": 53.546, "2018-06-30": 42.325, "2018-03-31": "36.02900", "2017-12-31": -10.819, "2017-09-30": 42.808, "2017-06-30": 48.639, "2017-03-31": "38.89100", "2016-12-31": 27.245, "2016-09-30": 30.802, "2016-06-30": 27.152, "2016-03-31": "19.28900", "2015-12-31": 20.863, "2015-09-30": 11.324, "2015-06-30": 28.684, "2015-03-31": "19.99500", "2014-12-31": 18.193, "2014-09-30": 29.94, "2014-06-30": 24.578, "2014-03-31": "25.38900", "2013-12-31": 23.658, "2013-09-30": 26.99, "2013-06-30": 26.648, "2013-03-31": "11.48800", "2012-12-31": 12.028, "2012-09-30": 22.778, "2012-06-30": 22.963, "2012-03-31": "17.56300", "2011-12-31": 15.238, "2011-09-30": 24.939, "2011-06-30": 25.269, "2011-03-31": "21.57800", "2010-12-31": 19.578, "2010-09-30": 23.338, "2010-06-30": 20.278, "2010-03-31": "15.46900", "2009-12-31": 11.721, "2009-09-30": 8.058, "2009-06-30": -2.584, "2009-03-31": "-7.78400", "2008-12-31": -9.225, "2008-09-30": 3.988, "2008-06-30": 9.141, "2008-03-31": "4.11200", "2007-12-31": 7.938, "2007-09-30": 14.294, "2007-06-30": 8.382, "2007-03-31": "6.22100", "2006-12-31": 4.644, "2006-09-30": 9.36, "2006-06-30": 0.449, "2006-03-31": "9.37100", "2005-12-31": 5.243, "2005-09-30": 3.771, "2005-06-30": 4.257, "2005-03-31": "4.43900"}, "Total Depreciation And Amortization - Cash Flow": {"2020-12-31": -71.865, "2020-09-30": 24.329, "2020-06-30": 23.734, "2020-03-31": "23.80200", "2019-12-31": 23.769, "2019-09-30": 23.088, "2019-06-30": 22.689, "2019-03-31": "23.27900", "2018-12-31": 29.351, "2018-09-30": 26.258, "2018-06-30": 26.19, "2018-03-31": "23.61200", "2017-12-31": 16.376, "2017-09-30": 15.945, "2017-06-30": 15.618, "2017-03-31": "15.07200", "2016-12-31": 14.912, "2016-09-30": 27.926, "2016-06-30": 14.082, "2016-03-31": "11.02600", "2015-12-31": 10.493, "2015-09-30": 10.315, "2015-06-30": 10.373, "2015-03-31": "10.41800", "2014-12-31": 10.688, "2014-09-30": 10.431, "2014-06-30": 10.59, "2014-03-31": "10.16600", "2013-12-31": 8.628, "2013-09-30": 9.602, "2013-06-30": 8.446, "2013-03-31": "7.80400", "2012-12-31": 7.947, "2012-09-30": 7.969, "2012-06-30": 7.568, "2012-03-31": "7.94900", "2011-12-31": 8.442, "2011-09-30": 8.304, "2011-06-30": 7.916, "2011-03-31": "7.59000", "2010-12-31": 7.547, "2010-09-30": 7.555, "2010-06-30": 8.129, "2010-03-31": "8.77400", "2009-12-31": 9.372, "2009-09-30": 9.235, "2009-06-30": 9.423, "2009-03-31": "8.59200", "2008-12-31": 8.433, "2008-09-30": 8.148, "2008-06-30": 8.083, "2008-03-31": "7.53500", "2007-12-31": 7.82, "2007-09-30": 7.235, "2007-06-30": 7.272, "2007-03-31": "6.40900", "2006-12-31": 3.272, "2006-09-30": 9.208, "2006-06-30": 9.279, "2006-03-31": "6.73200", "2005-12-31": 7.944, "2005-09-30": 8.043, "2005-06-30": 7.974, "2005-03-31": "7.27200"}, "Other Non-Cash Items": {"2020-12-31": 73.134, "2020-09-30": 0.856, "2020-06-30": 41.418, "2020-03-31": "8.27700", "2019-12-31": 6.247, "2019-09-30": 2.112, "2019-06-30": 7.372, "2019-03-31": "6.70400", "2018-12-31": 9.133, "2018-09-30": -1.138, "2018-06-30": 29.391, "2018-03-31": "25.58800", "2017-12-31": 16.908, "2017-09-30": 5.485, "2017-06-30": 7.442, "2017-03-31": "5.15000", "2016-12-31": -5.05, "2016-09-30": 3.018, "2016-06-30": 10.247, "2016-03-31": "2.91600", "2015-12-31": 14.302, "2015-09-30": 21.654, "2015-06-30": 3.388, "2015-03-31": "1.23500", "2014-12-31": -2.161, "2014-09-30": 2.224, "2014-06-30": 4.023, "2014-03-31": "1.88600", "2013-12-31": 7.596, "2013-09-30": 2.592, "2013-06-30": 1.625, "2013-03-31": "11.96600", "2012-12-31": 6.752, "2012-09-30": 4.502, "2012-06-30": 1.675, "2012-03-31": "1.62700", "2011-12-31": 0.946, "2011-09-30": 3.435, "2011-06-30": -0.785, "2011-03-31": "3.71800", "2010-12-31": 8.386, "2010-09-30": 3.981, "2010-06-30": 1.429, "2010-03-31": "0.34000", "2009-12-31": -1.254, "2009-09-30": 2.531, "2009-06-30": 1.851, "2009-03-31": "1.30600", "2008-12-31": 3.205, "2008-09-30": 6.989, "2008-06-30": 1.198, "2008-03-31": "1.00300", "2007-12-31": 3.77, "2007-09-30": -5.029, "2007-06-30": 1.224, "2007-03-31": "1.41000", "2006-12-31": -2.878, "2006-09-30": 1.199, "2006-06-30": 1.251, "2006-03-31": "1.45300", "2005-12-31": -1.08, "2005-09-30": 0, "2005-06-30": 0, "2005-03-31": ""}, "Total Non-Cash Items": {"2020-12-31": 1.269, "2020-09-30": 25.185, "2020-06-30": 65.152, "2020-03-31": "32.07900", "2019-12-31": 30.016, "2019-09-30": 25.2, "2019-06-30": 30.061, "2019-03-31": "29.98300", "2018-12-31": 38.484, "2018-09-30": 25.12, "2018-06-30": 55.581, "2018-03-31": "49.20000", "2017-12-31": 33.284, "2017-09-30": 21.43, "2017-06-30": 23.06, "2017-03-31": "20.22200", "2016-12-31": 9.862, "2016-09-30": 30.944, "2016-06-30": 24.329, "2016-03-31": "13.94200", "2015-12-31": 24.795, "2015-09-30": 31.969, "2015-06-30": 13.761, "2015-03-31": "11.65300", "2014-12-31": 8.527, "2014-09-30": 12.655, "2014-06-30": 14.613, "2014-03-31": "12.05200", "2013-12-31": 16.224, "2013-09-30": 12.194, "2013-06-30": 10.071, "2013-03-31": "19.77000", "2012-12-31": 14.699, "2012-09-30": 12.471, "2012-06-30": 9.243, "2012-03-31": "9.57600", "2011-12-31": 9.388, "2011-09-30": 11.739, "2011-06-30": 7.131, "2011-03-31": "11.30800", "2010-12-31": 15.933, "2010-09-30": 11.536, "2010-06-30": 9.558, "2010-03-31": "9.11400", "2009-12-31": 8.118, "2009-09-30": 11.766, "2009-06-30": 11.274, "2009-03-31": "9.89800", "2008-12-31": 11.638, "2008-09-30": 15.137, "2008-06-30": 9.281, "2008-03-31": "8.53800", "2007-12-31": 11.59, "2007-09-30": 2.206, "2007-06-30": 8.496, "2007-03-31": "7.81900", "2006-12-31": 0.394, "2006-09-30": 10.407, "2006-06-30": 10.53, "2006-03-31": "8.18500", "2005-12-31": 6.864, "2005-09-30": 8.043, "2005-06-30": 7.974, "2005-03-31": "7.27200"}, "Change In Accounts Receivable": {"2020-12-31": 3.774, "2020-09-30": -43.276, "2020-06-30": 23.371, "2020-03-31": "-9.45700", "2019-12-31": 25.716, "2019-09-30": 16.023, "2019-06-30": -7.442, "2019-03-31": "-5.80000", "2018-12-31": 17.049, "2018-09-30": 12.893, "2018-06-30": -25.064, "2018-03-31": "-8.41700", "2017-12-31": 15.705, "2017-09-30": 5.247, "2017-06-30": -20.772, "2017-03-31": "-11.26700", "2016-12-31": -4.806, "2016-09-30": 7.055, "2016-06-30": -14.615, "2016-03-31": "-10.41300", "2015-12-31": 14.877, "2015-09-30": 2.992, "2015-06-30": -17.356, "2015-03-31": "-3.91000", "2014-12-31": -3.334, "2014-09-30": 8.143, "2014-06-30": -11.368, "2014-03-31": "-6.50300", "2013-12-31": -0.335, "2013-09-30": 3.898, "2013-06-30": -10.501, "2013-03-31": "-9.74500", "2012-12-31": 11.169, "2012-09-30": 8.923, "2012-06-30": -7.662, "2012-03-31": "-14.01700", "2011-12-31": 17.034, "2011-09-30": 6.62, "2011-06-30": -7.607, "2011-03-31": "-11.27900", "2010-12-31": 15.799, "2010-09-30": 2.182, "2010-06-30": -16.843, "2010-03-31": "-13.94200", "2009-12-31": 0.415, "2009-09-30": -10.106, "2009-06-30": -15.228, "2009-03-31": "9.35000", "2008-12-31": 28.749, "2008-09-30": 1.883, "2008-06-30": -3.495, "2008-03-31": "-4.05700", "2007-12-31": 5.076, "2007-09-30": -5.357, "2007-06-30": 0.211, "2007-03-31": "-0.21000", "2006-12-31": 16.757, "2006-09-30": -3.292, "2006-06-30": -6.847, "2006-03-31": "-3.77500", "2005-12-31": -2.132, "2005-09-30": -2.618, "2005-06-30": -4.908, "2005-03-31": "-1.52700"}, "Change In Inventories": {"2020-12-31": -10.814, "2020-09-30": 9.15, "2020-06-30": -17.428, "2020-03-31": "6.66700", "2019-12-31": 3.992, "2019-09-30": 11.872, "2019-06-30": 9.48, "2019-03-31": "-3.25000", "2018-12-31": -16.347, "2018-09-30": -16.122, "2018-06-30": -1.233, "2018-03-31": "-0.26900", "2017-12-31": -3.021, "2017-09-30": -8.42, "2017-06-30": -5.443, "2017-03-31": "-3.29600", "2016-12-31": 4.034, "2016-09-30": 5.787, "2016-06-30": 2.202, "2016-03-31": "-3.48400", "2015-12-31": 0.626, "2015-09-30": -3.004, "2015-06-30": -1.348, "2015-03-31": "0.14900", "2014-12-31": 1.86, "2014-09-30": -4.528, "2014-06-30": 1.184, "2014-03-31": "-0.77400", "2013-12-31": -0.949, "2013-09-30": -7.891, "2013-06-30": -0.278, "2013-03-31": "3.63200", "2012-12-31": 5.381, "2012-09-30": 2.208, "2012-06-30": -0.437, "2012-03-31": "-1.71300", "2011-12-31": 6.982, "2011-09-30": -2.895, "2011-06-30": -2.15, "2011-03-31": "0.67500", "2010-12-31": -2.288, "2010-09-30": -3.679, "2010-06-30": -4.64, "2010-03-31": "-4.54000", "2009-12-31": 1.723, "2009-09-30": 2.318, "2009-06-30": 6.792, "2009-03-31": "4.71600", "2008-12-31": -0.403, "2008-09-30": -1.861, "2008-06-30": -0.083, "2008-03-31": "-4.24600", "2007-12-31": 1.93, "2007-09-30": 6.005, "2007-06-30": 0.761, "2007-03-31": "0.41600", "2006-12-31": 0.848, "2006-09-30": -0.104, "2006-06-30": 4.055, "2006-03-31": "-3.55900", "2005-12-31": -0.251, "2005-09-30": 1.894, "2005-06-30": 4.006, "2005-03-31": "0.94500"}, "Change In Accounts Payable": {"2020-12-31": 28.82, "2020-09-30": -3.439, "2020-06-30": 7.403, "2020-03-31": "-3.96400", "2019-12-31": 0, "2019-09-30": 17.927, "2019-06-30": -9.428, "2019-03-31": "-8.49900", "2018-12-31": -17.033, "2018-09-30": 3.349, "2018-06-30": 10.694, "2018-03-31": "2.99000", "2017-12-31": -9.448, "2017-09-30": 1.463, "2017-06-30": 11.28, "2017-03-31": "-3.29500", "2016-12-31": 11.345, "2016-09-30": 4.871, "2016-06-30": -0.742, "2016-03-31": "3.71600", "2015-12-31": -1.643, "2015-09-30": 0.776, "2015-06-30": 6.403, "2015-03-31": "-2.96300", "2014-12-31": 14.257, "2014-09-30": 0.491, "2014-06-30": 2.533, "2014-03-31": "", "2013-12-31": 2, "2013-09-30": -4.655, "2013-06-30": 2.203, "2013-03-31": "2.45200", "2012-12-31": 0, "2012-09-30": 0, "2012-06-30": -8.552, "2012-03-31": "8.55200", "2011-12-31": 0, "2011-09-30": 0, "2011-06-30": 0, "2011-03-31": "", "2010-12-31": 0, "2010-09-30": 0, "2010-06-30": 0, "2010-03-31": "", "2009-12-31": 0, "2009-09-30": 0, "2009-06-30": 0, "2009-03-31": "", "2008-12-31": 0, "2008-09-30": 0, "2008-06-30": 0, "2008-03-31": "", "2007-12-31": 0, "2007-09-30": 0, "2007-06-30": 0, "2007-03-31": "", "2006-12-31": 0, "2006-09-30": 0, "2006-06-30": 0, "2006-03-31": "", "2005-12-31": 0, "2005-09-30": 0, "2005-06-30": 0, "2005-03-31": ""}, "Change In Assets/Liabilities": {"2020-12-31": 1.001, "2020-09-30": 3.611, "2020-06-30": 3.401, "2020-03-31": "-1.22500", "2019-12-31": 6.838, "2019-09-30": 4.825, "2019-06-30": -4.363, "2019-03-31": "3.27300", "2018-12-31": 2.567, "2018-09-30": -4.52, "2018-06-30": -2.173, "2018-03-31": "-3.14300", "2017-12-31": 4.217, "2017-09-30": 11.22, "2017-06-30": 6.328, "2017-03-31": "-2.01100", "2016-12-31": 22.381, "2016-09-30": -17.45, "2016-06-30": -5.247, "2016-03-31": "-2.39500", "2015-12-31": -6.016, "2015-09-30": -2.145, "2015-06-30": -1.157, "2015-03-31": "3.57900", "2014-12-31": 5.733, "2014-09-30": 0.137, "2014-06-30": 1.458, "2014-03-31": "-3.64700", "2013-12-31": 0.846, "2013-09-30": 0.57, "2013-06-30": -0.302, "2013-03-31": "1.02600", "2012-12-31": 0.706, "2012-09-30": -0.227, "2012-06-30": -0.42, "2012-03-31": "-0.10100", "2011-12-31": 3.26, "2011-09-30": -0.765, "2011-06-30": 1.82, "2011-03-31": "-2.55900", "2010-12-31": -3.333, "2010-09-30": 6.356, "2010-06-30": 3.401, "2010-03-31": "-1.02500", "2009-12-31": 0.413, "2009-09-30": 0.514, "2009-06-30": -3.069, "2009-03-31": "1.58000", "2008-12-31": -13.308, "2008-09-30": 3.874, "2008-06-30": 6.133, "2008-03-31": "-2.92500", "2007-12-31": -0.014, "2007-09-30": -1.178, "2007-06-30": -0.424, "2007-03-31": "-2.79800", "2006-12-31": 0.451, "2006-09-30": 0.098, "2006-06-30": -0.197, "2006-03-31": "0.99900", "2005-12-31": 1.812, "2005-09-30": 0.796, "2005-06-30": 2.759, "2005-03-31": "-3.77300"}, "Total Change In Assets/Liabilities": {"2020-12-31": 24.98, "2020-09-30": -10.244, "2020-06-30": 4.615, "2020-03-31": "-14.99100", "2019-12-31": 33.424, "2019-09-30": 13.666, "2019-06-30": -21.296, "2019-03-31": "-41.44600", "2018-12-31": 8.537, "2018-09-30": 32.719, "2018-06-30": -26.951, "2018-03-31": "-16.04700", "2017-12-31": 59.337, "2017-09-30": 23.509, "2017-06-30": -1.069, "2017-03-31": "-36.17000", "2016-12-31": 39.038, "2016-09-30": 2.993, "2016-06-30": -25.697, "2016-03-31": "-23.73900", "2015-12-31": 6.585, "2015-09-30": 8.326, "2015-06-30": -3.711, "2015-03-31": "-8.41800", "2014-12-31": 22.59, "2014-09-30": 18.723, "2014-06-30": -8.187, "2014-03-31": "-25.93200", "2013-12-31": -8.326, "2013-09-30": 7.622, "2013-06-30": -13.759, "2013-03-31": "-15.21300", "2012-12-31": 13.392, "2012-09-30": 8.225, "2012-06-30": -7.493, "2012-03-31": "-19.27500", "2011-12-31": 12.171, "2011-09-30": 1.206, "2011-06-30": -0.048, "2011-03-31": "-19.16900", "2010-12-31": -6.373, "2010-09-30": 13.921, "2010-06-30": -10.59, "2010-03-31": "-17.69300", "2009-12-31": 9.028, "2009-09-30": -14.873, "2009-06-30": -10.988, "2009-03-31": "-4.02300", "2008-12-31": 10.313, "2008-09-30": -5.8, "2008-06-30": -2.897, "2008-03-31": "-13.65100", "2007-12-31": 9.138, "2007-09-30": -1.233, "2007-06-30": -1.872, "2007-03-31": "-13.03900", "2006-12-31": 21.511, "2006-09-30": -5.13, "2006-06-30": 14.752, "2006-03-31": "-3.55800", "2005-12-31": -1.297, "2005-09-30": 3.308, "2005-06-30": -0.114, "2005-03-31": "-11.61800"}, "Cash Flow From Operating Activities": {"2020-12-31": 93.775, "2020-09-30": 62.97, "2020-06-30": 56.007, "2020-03-31": "45.27900", "2019-12-31": 84.465, "2019-09-30": 80.771, "2019-06-30": 49.173, "2019-03-31": "30.91900", "2018-12-31": 79.712, "2018-09-30": 111.201, "2018-06-30": 71.647, "2018-03-31": "69.26800", "2017-12-31": 87.85, "2017-09-30": 87.747, "2017-06-30": 70.63, "2017-03-31": "22.94300", "2016-12-31": 80.118, "2016-09-30": 64.739, "2016-06-30": 25.784, "2016-03-31": "9.49200", "2015-12-31": 52.243, "2015-09-30": 51.619, "2015-06-30": 38.734, "2015-03-31": "23.23000", "2014-12-31": 49.31, "2014-09-30": 61.318, "2014-06-30": 31.004, "2014-03-31": "11.50900", "2013-12-31": 31.556, "2013-09-30": 46.806, "2013-06-30": 22.96, "2013-03-31": "16.04500", "2012-12-31": 40.119, "2012-09-30": 43.474, "2012-06-30": 24.713, "2012-03-31": "7.86400", "2011-12-31": 36.797, "2011-09-30": 37.884, "2011-06-30": 32.352, "2011-03-31": "13.71700", "2010-12-31": 29.138, "2010-09-30": 48.795, "2010-06-30": 19.246, "2010-03-31": "6.89000", "2009-12-31": 28.867, "2009-09-30": 4.951, "2009-06-30": -2.298, "2009-03-31": "-1.90900", "2008-12-31": 12.726, "2008-09-30": 13.325, "2008-06-30": 15.525, "2008-03-31": "-1.00100", "2007-12-31": 28.666, "2007-09-30": 15.267, "2007-06-30": 15.006, "2007-03-31": "1.00100", "2006-12-31": 26.549, "2006-09-30": 14.637, "2006-06-30": 25.731, "2006-03-31": "13.99800", "2005-12-31": 10.81, "2005-09-30": 15.122, "2005-06-30": 12.117, "2005-03-31": "0.09300"}, "Net Change In Property, Plant, And Equipment": {"2020-12-31": -14.655, "2020-09-30": -12.146, "2020-06-30": -12.854, "2020-03-31": "-16.53600", "2019-12-31": -17.285, "2019-09-30": -19.36, "2019-06-30": -5.568, "2019-03-31": "-13.46900", "2018-12-31": -10.093, "2018-09-30": -14.841, "2018-06-30": -22.357, "2018-03-31": "-17.89000", "2017-12-31": -17.034, "2017-09-30": -19.829, "2017-06-30": -15.78, "2017-03-31": "-12.32000", "2016-12-31": -11.734, "2016-09-30": -14.399, "2016-06-30": -10.726, "2016-03-31": "-9.12100", "2015-12-31": -8.939, "2015-09-30": -8.638, "2015-06-30": -14.067, "2015-03-31": "-12.27300", "2014-12-31": -12.806, "2014-09-30": -6.255, "2014-06-30": -6.687, "2014-03-31": "-6.40800", "2013-12-31": -9.607, "2013-09-30": -10.781, "2013-06-30": -8.945, "2013-03-31": "-5.44400", "2012-12-31": -6.563, "2012-09-30": -5.996, "2012-06-30": -3.083, "2012-03-31": "-3.22300", "2011-12-31": -5.531, "2011-09-30": -1.501, "2011-06-30": -5.859, "2011-03-31": "-4.44700", "2010-12-31": -6.444, "2010-09-30": -8.551, "2010-06-30": -4.697, "2010-03-31": "2.25600", "2009-12-31": -0.688, "2009-09-30": -1.962, "2009-06-30": -4.123, "2009-03-31": "-7.20500", "2008-12-31": -13.237, "2008-09-30": -11.855, "2008-06-30": -10.262, "2008-03-31": "-11.45500", "2007-12-31": -12.679, "2007-09-30": -4.545, "2007-06-30": -7.952, "2007-03-31": "-5.12500", "2006-12-31": -17.071, "2006-09-30": -4.716, "2006-06-30": -2.651, "2006-03-31": "4.82500", "2005-12-31": -5.296, "2005-09-30": -4.979, "2005-06-30": -8.266, "2005-03-31": "-8.69800"}, "Net Change In Intangible Assets": {"2020-12-31": 0, "2020-09-30": 0, "2020-06-30": 0, "2020-03-31": "", "2019-12-31": 0, "2019-09-30": 0, "2019-06-30": 0, "2019-03-31": "", "2018-12-31": 0, "2018-09-30": 0, "2018-06-30": 0, "2018-03-31": "", "2017-12-31": 0, "2017-09-30": 0, "2017-06-30": 0, "2017-03-31": "", "2016-12-31": 0, "2016-09-30": 0, "2016-06-30": 0, "2016-03-31": "", "2015-12-31": 0, "2015-09-30": 0, "2015-06-30": 0, "2015-03-31": "", "2014-12-31": 0, "2014-09-30": 0, "2014-06-30": 0, "2014-03-31": "", "2013-12-31": 0, "2013-09-30": 0, "2013-06-30": 0, "2013-03-31": "", "2012-12-31": 0, "2012-09-30": 0, "2012-06-30": 0, "2012-03-31": "", "2011-12-31": 0, "2011-09-30": 0, "2011-06-30": 0, "2011-03-31": "", "2010-12-31": 0, "2010-09-30": 0, "2010-06-30": 0, "2010-03-31": "", "2009-12-31": 0, "2009-09-30": 0, "2009-06-30": 0, "2009-03-31": "", "2008-12-31": 0, "2008-09-30": 0, "2008-06-30": 0, "2008-03-31": "", "2007-12-31": 0, "2007-09-30": 0, "2007-06-30": 0, "2007-03-31": "", "2006-12-31": 0, "2006-09-30": 0, "2006-06-30": 0, "2006-03-31": "", "2005-12-31": 0, "2005-09-30": 0, "2005-06-30": 0, "2005-03-31": ""}, "Net Acquisitions/Divestitures": {"2020-12-31": -0.148, "2020-09-30": 0.148, "2020-06-30": 0, "2020-03-31": "", "2019-12-31": -6.212, "2019-09-30": 6.212, "2019-06-30": 0, "2019-03-31": "-0.77500", "2018-12-31": -4.999, "2018-09-30": -2.988, "2018-06-30": -4, "2018-03-31": "-306.48700", "2017-12-31": 0.098, "2017-09-30": -24.438, "2017-06-30": 0, "2017-03-31": "-14.17200", "2016-12-31": -2.482, "2016-09-30": -114.28, "2016-06-30": -90.258, "2016-03-31": "-264.09800", "2015-12-31": -4.558, "2015-09-30": 0, "2015-06-30": 0, "2015-03-31": "", "2014-12-31": -3.6, "2014-09-30": 0, "2014-06-30": -0.768, "2014-03-31": "-52.00000", "2013-12-31": 0.618, "2013-09-30": 0, "2013-06-30": -145, "2013-03-31": "", "2012-12-31": 0, "2012-09-30": -10.495, "2012-06-30": -23.521, "2012-03-31": "", "2011-12-31": 0, "2011-09-30": -11.127, "2011-06-30": 0.05, "2011-03-31": "", "2010-12-31": -48.292, "2010-09-30": 0, "2010-06-30": 0, "2010-03-31": "", "2009-12-31": 0, "2009-09-30": 0, "2009-06-30": 0, "2009-03-31": "-0.92000", "2008-12-31": -38.185, "2008-09-30": 0, "2008-06-30": 0, "2008-03-31": "-9.28000", "2007-12-31": 0, "2007-09-30": -4.507, "2007-06-30": 0, "2007-03-31": "", "2006-12-31": 14.702, "2006-09-30": -6.116, "2006-06-30": -28.825, "2006-03-31": "-2.70100", "2005-12-31": -2.241, "2005-09-30": -0.398, "2005-06-30": -0.991, "2005-03-31": "-0.02800"}, "Net Change In Short-term Investments": {"2020-12-31": 0, "2020-09-30": 0, "2020-06-30": 0, "2020-03-31": "", "2019-12-31": 0, "2019-09-30": 0, "2019-06-30": 0, "2019-03-31": "", "2018-12-31": 0, "2018-09-30": 0, "2018-06-30": 0, "2018-03-31": "", "2017-12-31": -3.739, "2017-09-30": 0, "2017-06-30": 0, "2017-03-31": "3.73900", "2016-12-31": 0, "2016-09-30": 0.345, "2016-06-30": 0, "2016-03-31": "", "2015-12-31": 0, "2015-09-30": 0, "2015-06-30": 0, "2015-03-31": "", "2014-12-31": -4.331, "2014-09-30": 6.77, "2014-06-30": 0, "2014-03-31": "", "2013-12-31": 2.044, "2013-09-30": 0, "2013-06-30": 0, "2013-03-31": "-8.47800", "2012-12-31": 10, "2012-09-30": 0, "2012-06-30": -10, "2012-03-31": "-4.61600", "2011-12-31": -14.228, "2011-09-30": 0, "2011-06-30": 0, "2011-03-31": "0.00000", "2010-12-31": 0, "2010-09-30": 0, "2010-06-30": 0, "2010-03-31": "", "2009-12-31": -0.133, "2009-09-30": 0.133, "2009-06-30": 0, "2009-03-31": "", "2008-12-31": 0, "2008-09-30": 0, "2008-06-30": 0, "2008-03-31": "", "2007-12-31": 0, "2007-09-30": 0, "2007-06-30": 0, "2007-03-31": "", "2006-12-31": 0, "2006-09-30": 0, "2006-06-30": 0, "2006-03-31": "", "2005-12-31": 0, "2005-09-30": 0, "2005-06-30": 0, "2005-03-31": ""}, "Net Change In Long-Term Investments": {"2020-12-31": 0, "2020-09-30": 0, "2020-06-30": 0, "2020-03-31": "", "2019-12-31": 0, "2019-09-30": 0, "2019-06-30": 0, "2019-03-31": "", "2018-12-31": 1.407, "2018-09-30": 0, "2018-06-30": 0, "2018-03-31": "", "2017-12-31": 3.739, "2017-09-30": 0, "2017-06-30": 0, "2017-03-31": "", "2016-12-31": 0, "2016-09-30": 0, "2016-06-30": 0, "2016-03-31": "", "2015-12-31": -3.5, "2015-09-30": 0, "2015-06-30": 0, "2015-03-31": "", "2014-12-31": 0, "2014-09-30": 0, "2014-06-30": 0, "2014-03-31": "", "2013-12-31": 0, "2013-09-30": 0, "2013-06-30": 0, "2013-03-31": "", "2012-12-31": -10, "2012-09-30": 5.404, "2012-06-30": 12.401, "2012-03-31": "", "2011-12-31": -3, "2011-09-30": -3, "2011-06-30": 0, "2011-03-31": "", "2010-12-31": 0, "2010-09-30": 0, "2010-06-30": 0, "2010-03-31": "", "2009-12-31": 0.133, "2009-09-30": 0, "2009-06-30": 0, "2009-03-31": "", "2008-12-31": 0, "2008-09-30": 0, "2008-06-30": 0, "2008-03-31": "", "2007-12-31": 0, "2007-09-30": 0, "2007-06-30": 0, "2007-03-31": "", "2006-12-31": 0, "2006-09-30": 0, "2006-06-30": 0, "2006-03-31": "", "2005-12-31": 0.6, "2005-09-30": 0, "2005-06-30": 0, "2005-03-31": ""}, "Net Change In Investments - Total": {"2020-12-31": 0, "2020-09-30": 0, "2020-06-30": 0, "2020-03-31": "", "2019-12-31": 0, "2019-09-30": 0, "2019-06-30": 0, "2019-03-31": "", "2018-12-31": 1.407, "2018-09-30": 0, "2018-06-30": 0, "2018-03-31": "", "2017-12-31": 0, "2017-09-30": 0, "2017-06-30": 0, "2017-03-31": "3.73900", "2016-12-31": 0, "2016-09-30": 0.345, "2016-06-30": 0, "2016-03-31": "", "2015-12-31": -3.5, "2015-09-30": 0, "2015-06-30": 0, "2015-03-31": "", "2014-12-31": -4.331, "2014-09-30": 6.77, "2014-06-30": 0, "2014-03-31": "", "2013-12-31": 2.044, "2013-09-30": 0, "2013-06-30": 0, "2013-03-31": "-8.47800", "2012-12-31": 0, "2012-09-30": 5.404, "2012-06-30": 2.401, "2012-03-31": "-4.61600", "2011-12-31": -17.228, "2011-09-30": -3, "2011-06-30": 0, "2011-03-31": "", "2010-12-31": 0, "2010-09-30": 0, "2010-06-30": 0, "2010-03-31": "", "2009-12-31": 0, "2009-09-30": 0.133, "2009-06-30": 0, "2009-03-31": "", "2008-12-31": 0, "2008-09-30": 0, "2008-06-30": 0, "2008-03-31": "", "2007-12-31": 0, "2007-09-30": 0, "2007-06-30": 0, "2007-03-31": "", "2006-12-31": 0, "2006-09-30": 0, "2006-06-30": 0, "2006-03-31": "", "2005-12-31": 0.6, "2005-09-30": 0, "2005-06-30": 0, "2005-03-31": ""}, "Investing Activities - Other": {"2020-12-31": 4.758, "2020-09-30": 0, "2020-06-30": 0, "2020-03-31": "", "2019-12-31": 0, "2019-09-30": 0, "2019-06-30": 0, "2019-03-31": "", "2018-12-31": 0, "2018-09-30": 0, "2018-06-30": 0, "2018-03-31": "", "2017-12-31": 0, "2017-09-30": 1.183, "2017-06-30": 1.761, "2017-03-31": "0.65500", "2016-12-31": 1.454, "2016-09-30": 4.056, "2016-06-30": 0, "2016-03-31": "", "2015-12-31": 1.881, "2015-09-30": 2.411, "2015-06-30": 3.519, "2015-03-31": "", "2014-12-31": -17.908, "2014-09-30": 0, "2014-06-30": 0, "2014-03-31": "", "2013-12-31": 0, "2013-09-30": 0, "2013-06-30": 0, "2013-03-31": "", "2012-12-31": -2, "2012-09-30": 0, "2012-06-30": 0, "2012-03-31": "", "2011-12-31": 0, "2011-09-30": 0, "2011-06-30": 0, "2011-03-31": "", "2010-12-31": 0, "2010-09-30": 0, "2010-06-30": 0, "2010-03-31": "", "2009-12-31": 0, "2009-09-30": 0, "2009-06-30": 0, "2009-03-31": "", "2008-12-31": 0, "2008-09-30": 0, "2008-06-30": 0, "2008-03-31": "", "2007-12-31": 0, "2007-09-30": 0, "2007-06-30": 0, "2007-03-31": "", "2006-12-31": 0, "2006-09-30": 0, "2006-06-30": 0, "2006-03-31": "", "2005-12-31": 0, "2005-09-30": 0, "2005-06-30": 0, "2005-03-31": ""}, "Cash Flow From Investing Activities": {"2020-12-31": -10.045, "2020-09-30": -11.998, "2020-06-30": -12.854, "2020-03-31": "-16.53600", "2019-12-31": -23.497, "2019-09-30": -13.148, "2019-06-30": -5.568, "2019-03-31": "-14.24400", "2018-12-31": -13.685, "2018-09-30": -17.829, "2018-06-30": -26.357, "2018-03-31": "-324.37700", "2017-12-31": -16.936, "2017-09-30": -43.084, "2017-06-30": -14.019, "2017-03-31": "-22.09800", "2016-12-31": -12.762, "2016-09-30": -124.278, "2016-06-30": -100.984, "2016-03-31": "-273.21900", "2015-12-31": -15.116, "2015-09-30": -6.227, "2015-06-30": -10.548, "2015-03-31": "-12.27300", "2014-12-31": -38.645, "2014-09-30": 0.515, "2014-06-30": -7.455, "2014-03-31": "-58.40800", "2013-12-31": -6.945, "2013-09-30": -10.781, "2013-06-30": -153.945, "2013-03-31": "-13.92200", "2012-12-31": -8.563, "2012-09-30": -11.087, "2012-06-30": -24.203, "2012-03-31": "-7.83900", "2011-12-31": -22.759, "2011-09-30": -15.628, "2011-06-30": -5.809, "2011-03-31": "-4.44700", "2010-12-31": -54.736, "2010-09-30": -8.551, "2010-06-30": -4.697, "2010-03-31": "2.25600", "2009-12-31": -0.688, "2009-09-30": -1.829, "2009-06-30": -4.123, "2009-03-31": "-8.12500", "2008-12-31": -51.422, "2008-09-30": -11.855, "2008-06-30": -10.262, "2008-03-31": "-20.73500", "2007-12-31": -12.679, "2007-09-30": -9.052, "2007-06-30": -7.952, "2007-03-31": "-5.12500", "2006-12-31": -2.369, "2006-09-30": -10.832, "2006-06-30": -31.476, "2006-03-31": "2.12400", "2005-12-31": -6.937, "2005-09-30": -5.377, "2005-06-30": -9.257, "2005-03-31": "-8.72600"}, "Net Long-Term Debt": {"2020-12-31": -35, "2020-09-30": -60, "2020-06-30": 97.5, "2020-03-31": "-2.50000", "2019-12-31": -2.5, "2019-09-30": 0, "2019-06-30": -2.5, "2019-03-31": "-5.00000", "2018-12-31": 0.025, "2018-09-30": -2.5, "2018-06-30": -40.525, "2018-03-31": "250.50000", "2017-12-31": -8.126, "2017-09-30": -100.245, "2017-06-30": -3.323, "2017-03-31": "122.78200", "2016-12-31": 20.411, "2016-09-30": 232.882, "2016-06-30": -1.563, "2016-03-31": "40.00000", "2015-12-31": -6.881, "2015-09-30": -3.661, "2015-06-30": -4.769, "2015-03-31": "-1.25000", "2014-12-31": 16.658, "2014-09-30": -1.25, "2014-06-30": -1.25, "2014-03-31": "-1.25000", "2013-12-31": 159.25, "2013-09-30": 0, "2013-06-30": 100, "2013-03-31": "", "2012-12-31": 3, "2012-09-30": 3.251, "2012-06-30": 17, "2012-03-31": "", "2011-12-31": 0, "2011-09-30": 25, "2011-06-30": 23, "2011-03-31": "13.00000", "2010-12-31": 24, "2010-09-30": 4.5, "2010-06-30": 7.267, "2010-03-31": "-4.42200", "2009-12-31": 15.886, "2009-09-30": 3.867, "2009-06-30": -6.759, "2009-03-31": "0.38000", "2008-12-31": 42.5, "2008-09-30": 13.5, "2008-06-30": -4.266, "2008-03-31": "14.85400", "2007-12-31": 5.375, "2007-09-30": -0.641, "2007-06-30": -20.639, "2007-03-31": "3.11400", "2006-12-31": -1.691, "2006-09-30": 1.778, "2006-06-30": 7.576, "2006-03-31": "-10.01600", "2005-12-31": -13.363, "2005-09-30": -4.172, "2005-06-30": 0.895, "2005-03-31": "9.84300"}, "Net Current Debt": {"2020-12-31": -15, "2020-09-30": 0, "2020-06-30": -100, "2020-03-31": "100.00000", "2019-12-31": 0, "2019-09-30": 0, "2019-06-30": 0, "2019-03-31": "", "2018-12-31": 0, "2018-09-30": 0, "2018-06-30": 0, "2018-03-31": "", "2017-12-31": 0, "2017-09-30": 112.5, "2017-06-30": 0, "2017-03-31": "-112.50000", "2016-12-31": 0, "2016-09-30": -160.5, "2016-06-30": -7, "2016-03-31": "167.50000", "2015-12-31": -30.5, "2015-09-30": 34, "2015-06-30": -6, "2015-03-31": "-4.00000", "2014-12-31": -98, "2014-09-30": -17.5, "2014-06-30": 11, "2014-03-31": "67.00000", "2013-12-31": -168, "2013-09-30": -4.5, "2013-06-30": 39, "2013-03-31": "10.00000", "2012-12-31": -7.532, "2012-09-30": 0, "2012-06-30": -29, "2012-03-31": "11.50000", "2011-12-31": -8, "2011-09-30": -2, "2011-06-30": -28, "2011-03-31": "-12.00000", "2010-12-31": -7.5, "2010-09-30": -1.918, "2010-06-30": -11.206, "2010-03-31": "", "2009-12-31": -31.076, "2009-09-30": 0, "2009-06-30": 0, "2009-03-31": "", "2008-12-31": 0, "2008-09-30": 0, "2008-06-30": 0, "2008-03-31": "", "2007-12-31": 0, "2007-09-30": 0, "2007-06-30": 0, "2007-03-31": "", "2006-12-31": 0, "2006-09-30": 0, "2006-06-30": 0, "2006-03-31": "", "2005-12-31": 0, "2005-09-30": 0, "2005-06-30": 0, "2005-03-31": ""}, "Debt Issuance/Retirement Net - Total": {"2020-12-31": -50, "2020-09-30": -60, "2020-06-30": -2.5, "2020-03-31": "97.50000", "2019-12-31": -2.5, "2019-09-30": 0, "2019-06-30": -2.5, "2019-03-31": "-5.00000", "2018-12-31": 0.025, "2018-09-30": -2.5, "2018-06-30": -40.525, "2018-03-31": "250.50000", "2017-12-31": -8.126, "2017-09-30": 12.255, "2017-06-30": -3.323, "2017-03-31": "10.28200", "2016-12-31": 20.411, "2016-09-30": 72.382, "2016-06-30": -8.563, "2016-03-31": "207.50000", "2015-12-31": -37.381, "2015-09-30": 30.339, "2015-06-30": -10.769, "2015-03-31": "-5.25000", "2014-12-31": -81.342, "2014-09-30": -18.75, "2014-06-30": 9.75, "2014-03-31": "65.75000", "2013-12-31": -8.75, "2013-09-30": -4.5, "2013-06-30": 139, "2013-03-31": "10.00000", "2012-12-31": -4.532, "2012-09-30": 3.251, "2012-06-30": -12, "2012-03-31": "11.50000", "2011-12-31": -8, "2011-09-30": 23, "2011-06-30": -5, "2011-03-31": "1.00000", "2010-12-31": 16.5, "2010-09-30": 2.582, "2010-06-30": -3.939, "2010-03-31": "-4.42200", "2009-12-31": -15.19, "2009-09-30": 3.867, "2009-06-30": -6.759, "2009-03-31": "0.38000", "2008-12-31": 42.5, "2008-09-30": 13.5, "2008-06-30": -4.266, "2008-03-31": "14.85400", "2007-12-31": 5.375, "2007-09-30": -0.641, "2007-06-30": -20.639, "2007-03-31": "3.11400", "2006-12-31": -1.691, "2006-09-30": 1.778, "2006-06-30": 7.576, "2006-03-31": "-10.01600", "2005-12-31": -13.363, "2005-09-30": -4.172, "2005-06-30": 0.895, "2005-03-31": "9.84300"}, "Net Common Equity Issued/Repurchased": {"2020-12-31": -6.437, "2020-09-30": 2.795, "2020-06-30": 0.686, "2020-03-31": "-19.97100", "2019-12-31": 3.388, "2019-09-30": -48.125, "2019-06-30": -31.142, "2019-03-31": "-15.70800", "2018-12-31": -62.627, "2018-09-30": 12.352, "2018-06-30": 5.684, "2018-03-31": "-0.11600", "2017-12-31": -0.037, "2017-09-30": -0.262, "2017-06-30": -2.273, "2017-03-31": "0.19900", "2016-12-31": 9.598, "2016-09-30": 7.936, "2016-06-30": -0.75, "2016-03-31": "3.71000", "2015-12-31": 2.964, "2015-09-30": -31.344, "2015-06-30": 4.51, "2015-03-31": "1.76800", "2014-12-31": 1.891, "2014-09-30": 1.069, "2014-06-30": -6.858, "2014-03-31": "3.67600", "2013-12-31": 2.624, "2013-09-30": 3.934, "2013-06-30": 10.118, "2013-03-31": "5.28300", "2012-12-31": 2.956, "2012-09-30": 2.713, "2012-06-30": 6.481, "2012-03-31": "4.21700", "2011-12-31": 1.297, "2011-09-30": -36.026, "2011-06-30": 10.675, "2011-03-31": "9.99800", "2010-12-31": 3.672, "2010-09-30": -18.035, "2010-06-30": 3.664, "2010-03-31": "3.81800", "2009-12-31": 0.732, "2009-09-30": 0.59, "2009-06-30": 0.15, "2009-03-31": "0.03300", "2008-12-31": 0.17, "2008-09-30": 0.5, "2008-06-30": 0.748, "2008-03-31": "-6.18400", "2007-12-31": -16.322, "2007-09-30": 0.141, "2007-06-30": 3.375, "2007-03-31": "2.68900", "2006-12-31": -9.86, "2006-09-30": 1.982, "2006-06-30": 1.516, "2006-03-31": "1.83400", "2005-12-31": -2.778, "2005-09-30": -3.686, "2005-06-30": 0.214, "2005-03-31": "-2.73800"}, "Net Total Equity Issued/Repurchased": {"2020-12-31": -6.437, "2020-09-30": 2.795, "2020-06-30": 0.686, "2020-03-31": "-19.97100", "2019-12-31": 3.388, "2019-09-30": -48.125, "2019-06-30": -31.142, "2019-03-31": "-15.70800", "2018-12-31": -62.627, "2018-09-30": 12.352, "2018-06-30": 5.684, "2018-03-31": "-0.11600", "2017-12-31": -0.037, "2017-09-30": -0.262, "2017-06-30": -2.273, "2017-03-31": "0.19900", "2016-12-31": 9.598, "2016-09-30": 7.936, "2016-06-30": -0.75, "2016-03-31": "3.71000", "2015-12-31": 2.964, "2015-09-30": -31.344, "2015-06-30": 4.51, "2015-03-31": "1.76800", "2014-12-31": 1.891, "2014-09-30": 1.069, "2014-06-30": -6.858, "2014-03-31": "3.67600", "2013-12-31": 2.624, "2013-09-30": 3.934, "2013-06-30": 10.118, "2013-03-31": "5.28300", "2012-12-31": 2.956, "2012-09-30": 2.713, "2012-06-30": 6.481, "2012-03-31": "4.21700", "2011-12-31": 1.297, "2011-09-30": -36.026, "2011-06-30": 10.675, "2011-03-31": "9.99800", "2010-12-31": 3.672, "2010-09-30": -18.035, "2010-06-30": 3.664, "2010-03-31": "3.81800", "2009-12-31": 0.732, "2009-09-30": 0.59, "2009-06-30": 0.15, "2009-03-31": "0.03300", "2008-12-31": 0.17, "2008-09-30": 0.5, "2008-06-30": 0.748, "2008-03-31": "-6.18400", "2007-12-31": -16.322, "2007-09-30": 0.141, "2007-06-30": 3.375, "2007-03-31": "2.68900", "2006-12-31": -9.86, "2006-09-30": 1.982, "2006-06-30": 1.516, "2006-03-31": "1.83400", "2005-12-31": -2.778, "2005-09-30": -3.686, "2005-06-30": 0.214, "2005-03-31": "-2.73800"}, "Total Common And Preferred Stock Dividends Paid": {"2020-12-31": -11.739, "2020-09-30": -11.697, "2020-06-30": -11.678, "2020-03-31": "-11.72500", "2019-12-31": -11.699, "2019-09-30": -11.716, "2019-06-30": -10.649, "2019-03-31": "-10.62500", "2018-12-31": -10.735, "2018-09-30": -10.8, "2018-06-30": -9.26, "2018-03-31": "-9.19800", "2017-12-31": -8.403, "2017-09-30": -8.404, "2017-06-30": -7.491, "2017-03-31": "-7.47200", "2016-12-31": -7.461, "2016-09-30": -7.41, "2016-06-30": -6.512, "2016-03-31": "-6.48300", "2015-12-31": -6.477, "2015-09-30": -6.568, "2015-06-30": -5.661, "2015-03-31": "-5.63500", "2014-12-31": -5.632, "2014-09-30": -5.622, "2014-06-30": -4.977, "2014-03-31": "-4.94400", "2013-12-31": -4.933, "2013-09-30": -4.924, "2013-06-30": -4.455, "2013-03-31": "-4.41000", "2012-12-31": -4.383, "2012-09-30": -4.375, "2012-06-30": -3.918, "2012-03-31": "-3.88800", "2011-12-31": -3.875, "2011-09-30": -4.02, "2011-06-30": -3.329, "2011-03-31": "-3.28400", "2010-12-31": -3.248, "2010-09-30": 0, "2010-06-30": 0, "2010-03-31": "", "2009-12-31": 0, "2009-09-30": 0, "2009-06-30": 0, "2009-03-31": "", "2008-12-31": 0, "2008-09-30": 0, "2008-06-30": 0, "2008-03-31": "", "2007-12-31": 0, "2007-09-30": 0, "2007-06-30": 0, "2007-03-31": "", "2006-12-31": 0, "2006-09-30": 0, "2006-06-30": 0, "2006-03-31": "", "2005-12-31": 0, "2005-09-30": 0, "2005-06-30": 0, "2005-03-31": ""}, "Financial Activities - Other": {"2020-12-31": 18.744, "2020-09-30": 0, "2020-06-30": -1.786, "2020-03-31": "", "2019-12-31": 0, "2019-09-30": 0, "2019-06-30": 0, "2019-03-31": "", "2018-12-31": -0.025, "2018-09-30": 0, "2018-06-30": 0, "2018-03-31": "-0.87800", "2017-12-31": -1.624, "2017-09-30": -0.001, "2017-06-30": 0.07, "2017-03-31": "-0.07100", "2016-12-31": -0.733, "2016-09-30": 0.686, "2016-06-30": 0.879, "2016-03-31": "-0.99400", "2015-12-31": 0.391, "2015-09-30": 0.03, "2015-06-30": 0.756, "2015-03-31": "0.67200", "2014-12-31": 0.367, "2014-09-30": 0.247, "2014-06-30": 1.173, "2014-03-31": "0.94900", "2013-12-31": 0.291, "2013-09-30": 0.268, "2013-06-30": 2.219, "2013-03-31": "0.46700", "2012-12-31": 0.257, "2012-09-30": 0.225, "2012-06-30": 1.771, "2012-03-31": "0.47500", "2011-12-31": 0.347, "2011-09-30": 0.188, "2011-06-30": 1.994, "2011-03-31": "0.97500", "2010-12-31": 0.67, "2010-09-30": 0.259, "2010-06-30": 0.471, "2010-03-31": "0.21700", "2009-12-31": 0.015, "2009-09-30": 0, "2009-06-30": 0, "2009-03-31": "", "2008-12-31": 0.172, "2008-09-30": 0.005, "2008-06-30": 0, "2008-03-31": "", "2007-12-31": -0.39, "2007-09-30": 1.005, "2007-06-30": 0, "2007-03-31": "", "2006-12-31": 0.06, "2006-09-30": 0.408, "2006-06-30": 0, "2006-03-31": "0.00700", "2005-12-31": 0, "2005-09-30": 0, "2005-06-30": 0.012, "2005-03-31": "3.52100"}, "Cash Flow From Financial Activities": {"2020-12-31": -49.432, "2020-09-30": -68.902, "2020-06-30": -15.278, "2020-03-31": "65.80400", "2019-12-31": -10.811, "2019-09-30": -59.841, "2019-06-30": -44.291, "2019-03-31": "-31.33300", "2018-12-31": -73.362, "2018-09-30": -0.948, "2018-06-30": -44.101, "2018-03-31": "240.30800", "2017-12-31": -18.19, "2017-09-30": 3.588, "2017-06-30": -13.017, "2017-03-31": "2.93800", "2016-12-31": 21.815, "2016-09-30": 73.594, "2016-06-30": -14.946, "2016-03-31": "203.73300", "2015-12-31": -40.503, "2015-09-30": -7.543, "2015-06-30": -11.164, "2015-03-31": "-8.44500", "2014-12-31": -84.716, "2014-09-30": -23.056, "2014-06-30": -0.912, "2014-03-31": "65.43100", "2013-12-31": -10.768, "2013-09-30": -5.222, "2013-06-30": 146.882, "2013-03-31": "11.34000", "2012-12-31": -5.702, "2012-09-30": 1.814, "2012-06-30": -7.666, "2012-03-31": "12.30400", "2011-12-31": -10.231, "2011-09-30": -16.858, "2011-06-30": 4.34, "2011-03-31": "8.68900", "2010-12-31": 17.594, "2010-09-30": -15.194, "2010-06-30": 0.196, "2010-03-31": "-0.38700", "2009-12-31": -14.443, "2009-09-30": 4.457, "2009-06-30": -6.609, "2009-03-31": "0.41300", "2008-12-31": 42.842, "2008-09-30": 14.005, "2008-06-30": -3.518, "2008-03-31": "8.67000", "2007-12-31": -11.337, "2007-09-30": 0.505, "2007-06-30": -17.264, "2007-03-31": "5.80300", "2006-12-31": -11.491, "2006-09-30": 4.168, "2006-06-30": 9.092, "2006-03-31": "-8.17500", "2005-12-31": -16.141, "2005-09-30": -7.858, "2005-06-30": 1.121, "2005-03-31": "10.62600"}, "Net Cash Flow": {"2020-12-31": 45.635, "2020-09-30": -9.977, "2020-06-30": 31.292, "2020-03-31": "89.43600", "2019-12-31": 55.082, "2019-09-30": 1.276, "2019-06-30": -1.833, "2019-03-31": "-13.11900", "2018-12-31": -8.482, "2018-09-30": 90.068, "2018-06-30": -4.311, "2018-03-31": "-17.21800", "2017-12-31": 56.848, "2017-09-30": 50.935, "2017-06-30": 43.914, "2017-03-31": "2.85500", "2016-12-31": 80.63, "2016-09-30": 15.033, "2016-06-30": -93.403, "2016-03-31": "-55.92200", "2015-12-31": -7.854, "2015-09-30": 24.725, "2015-06-30": 18.284, "2015-03-31": "-3.94000", "2014-12-31": -80.705, "2014-09-30": 31.87, "2014-06-30": 26.6, "2014-03-31": "14.61400", "2013-12-31": 12.256, "2013-09-30": 35.264, "2013-06-30": 10.777, "2013-03-31": "11.49100", "2012-12-31": 28.006, "2012-09-30": 38.58, "2012-06-30": -9.874, "2012-03-31": "14.67600", "2011-12-31": 0.592, "2011-09-30": -0.5, "2011-06-30": 32.391, "2011-03-31": "21.81300", "2010-12-31": -9.207, "2010-09-30": 31.245, "2010-06-30": 10.547, "2010-03-31": "6.78100", "2009-12-31": 12.965, "2009-09-30": 9.057, "2009-06-30": -11.872, "2009-03-31": "-10.73300", "2008-12-31": 3.573, "2008-09-30": 12.106, "2008-06-30": 1.824, "2008-03-31": "-11.50900", "2007-12-31": 7.227, "2007-09-30": 8.476, "2007-06-30": -9.838, "2007-03-31": "2.37400", "2006-12-31": 13.815, "2006-09-30": 8.109, "2006-06-30": 4.33, "2006-03-31": "8.50300", "2005-12-31": -12.386, "2005-09-30": 1.686, "2005-06-30": 3.257, "2005-03-31": "0.80700"}, "Stock-Based Compensation": {"2020-12-31": -14.544, "2020-09-30": 3.692, "2020-06-30": 7.887, "2020-03-31": "2.96500", "2019-12-31": 3.308, "2019-09-30": 3.488, "2019-06-30": 8.284, "2019-03-31": "3.96600", "2018-12-31": 4.278, "2018-09-30": 7.27, "2018-06-30": 7.169, "2018-03-31": "8.71400", "2017-12-31": 3.878, "2017-09-30": 3.847, "2017-06-30": 5.007, "2017-03-31": "3.58300", "2016-12-31": 2.821, "2016-09-30": 3.042, "2016-06-30": 3.92, "2016-03-31": "2.20400", "2015-12-31": 2.269, "2015-09-30": 2.233, "2015-06-30": 3.962, "2015-03-31": "1.80200", "2014-12-31": 1.901, "2014-09-30": 1.939, "2014-06-30": 3.764, "2014-03-31": "1.46500", "2013-12-31": 1.579, "2013-09-30": 2.468, "2013-06-30": 2.783, "2013-03-31": "1.77900", "2012-12-31": 1.774, "2012-09-30": 1.849, "2012-06-30": 2.36, "2012-03-31": "1.36500", "2011-12-31": 1.304, "2011-09-30": 1.461, "2011-06-30": 1.858, "2011-03-31": "1.18200", "2010-12-31": 1.2, "2010-09-30": 1.263, "2010-06-30": 1.66, "2010-03-31": "1.12000", "2009-12-31": 1.206, "2009-09-30": 1.65, "2009-06-30": 1.341, "2009-03-31": "1.30600", "2008-12-31": 1.288, "2008-09-30": 1.264, "2008-06-30": 1.503, "2008-03-31": "1.00300", "2007-12-31": 1.162, "2007-09-30": 1.161, "2007-06-30": 1.224, "2007-03-31": "1.41000", "2006-12-31": 1.284, "2006-09-30": 1.199, "2006-06-30": 1.251, "2006-03-31": "1.45300", "2005-12-31": 0, "2005-09-30": 0, "2005-06-30": 0, "2005-03-31": ""}, "Common Stock Dividends Paid": {"2020-12-31": -11.739, "2020-09-30": -11.697, "2020-06-30": -11.678, "2020-03-31": "-11.72500", "2019-12-31": -11.699, "2019-09-30": -11.716, "2019-06-30": -10.649, "2019-03-31": "-10.62500", "2018-12-31": -10.735, "2018-09-30": -10.8, "2018-06-30": -9.26, "2018-03-31": "-9.19800", "2017-12-31": -8.403, "2017-09-30": -8.404, "2017-06-30": -7.491, "2017-03-31": "-7.47200", "2016-12-31": -7.461, "2016-09-30": -7.41, "2016-06-30": -6.512, "2016-03-31": "-6.48300", "2015-12-31": -6.477, "2015-09-30": -6.568, "2015-06-30": -5.661, "2015-03-31": "-5.63500", "2014-12-31": -5.632, "2014-09-30": -5.622, "2014-06-30": -4.977, "2014-03-31": "-4.94400", "2013-12-31": -4.933, "2013-09-30": -4.924, "2013-06-30": -4.455, "2013-03-31": "-4.41000", "2012-12-31": -4.383, "2012-09-30": -4.375, "2012-06-30": -3.918, "2012-03-31": "-3.88800", "2011-12-31": -3.875, "2011-09-30": -4.02, "2011-06-30": -3.329, "2011-03-31": "-3.28400", "2010-12-31": -3.248, "2010-09-30": 0, "2010-06-30": 0, "2010-03-31": "", "2009-12-31": 0, "2009-09-30": 0, "2009-06-30": 0, "2009-03-31": "", "2008-12-31": 0, "2008-09-30": 0, "2008-06-30": 0, "2008-03-31": "", "2007-12-31": 0, "2007-09-30": 0, "2007-06-30": 0, "2007-03-31": "", "2006-12-31": 0, "2006-09-30": 0, "2006-06-30": 0, "2006-03-31": "", "2005-12-31": 0, "2005-09-30": 0, "2005-06-30": 0, "2005-03-31": ""}}, "financial ratios": {"Current Ratio": {"2019-12-31": "4.45290", "2018-12-31": "3.49680", "2017-12-31": "3.52470", "2016-12-31": "3.26370", "2015-12-31": "2.76680", "2014-12-31": "2.70960", "2013-12-31": "2.70960", "2012-12-31": "2.86620", "2011-12-31": "2.53480", "2010-12-31": "2.90360", "2009-12-31": "3.22670", "2008-12-31": "3.14680", "2007-12-31": "2.43480", "2006-12-31": "2.33350", "2005-12-31": "2.03340"}, "Long-term Debt / Capital": {"2019-12-31": "0.30910", "2018-12-31": "0.31660", "2017-12-31": "0.34540", "2016-12-31": "0.35470", "2015-12-31": "0.10180", "2014-12-31": "0.12780", "2013-12-31": "0.12010", "2012-12-31": "", "2011-12-31": "", "2010-12-31": "0.08310", "2009-12-31": "0.11460", "2008-12-31": "0.17740", "2007-12-31": "0.00340", "2006-12-31": "0.00580", "2005-12-31": ""}, "Debt/Equity Ratio": {"2019-12-31": "0.45400", "2018-12-31": "0.46990", "2017-12-31": "0.53430", "2016-12-31": "0.55730", "2015-12-31": "0.23100", "2014-12-31": "0.26820", "2013-12-31": "0.31990", "2012-12-31": "0.14300", "2011-12-31": "0.16960", "2010-12-31": "0.16350", "2009-12-31": "0.16690", "2008-12-31": "0.23960", "2007-12-31": "0.03770", "2006-12-31": "0.08600", "2005-12-31": "0.09630"}, "Gross Margin": {"2019-12-31": "36.00360", "2018-12-31": "37.97230", "2017-12-31": "41.46700", "2016-12-31": "39.11500", "2015-12-31": "38.08190", "2014-12-31": "38.07860", "2013-12-31": "39.08830", "2012-12-31": "38.69770", "2011-12-31": "38.60320", "2010-12-31": "38.46450", "2009-12-31": "29.14380", "2008-12-31": "27.06300", "2007-12-31": "31.99460", "2006-12-31": "30.15060", "2005-12-31": "30.94740"}, "Operating Margin": {"2019-12-31": "12.81960", "2018-12-31": "13.09590", "2017-12-31": "17.88830", "2016-12-31": "12.36970", "2015-12-31": "12.00150", "2014-12-31": "15.70780", "2013-12-31": "17.13800", "2012-12-31": "16.00060", "2011-12-31": "17.12960", "2010-12-31": "17.69250", "2009-12-31": "3.18380", "2008-12-31": "1.60020", "2007-12-31": "9.57000", "2006-12-31": "5.39540", "2005-12-31": "5.77320"}, "EBIT Margin": {"2019-12-31": "12.81960", "2018-12-31": "13.09590", "2017-12-31": "17.88830", "2016-12-31": "12.36970", "2015-12-31": "12.00150", "2014-12-31": "15.70780", "2013-12-31": "17.13800", "2012-12-31": "16.00060", "2011-12-31": "17.12960", "2010-12-31": "17.69250", "2009-12-31": "3.18380", "2008-12-31": "1.60020", "2007-12-31": "9.57000", "2006-12-31": "5.39540", "2005-12-31": "5.77320"}, "EBITDA Margin": {"2019-12-31": "18.99200", "2018-12-31": "19.22990", "2017-12-31": "23.04660", "2016-12-31": "18.80300", "2015-12-31": "16.79480", "2014-12-31": "20.62280", "2013-12-31": "21.68770", "2012-12-31": "20.70680", "2011-12-31": "21.97980", "2010-12-31": "22.95630", "2009-12-31": "11.69760", "2008-12-31": "7.66550", "2007-12-31": "14.92980", "2006-12-31": "10.72230", "2005-12-31": "12.45990"}, "Pre-Tax Profit Margin": {"2019-12-31": "11.03050", "2018-12-31": "11.92590", "2017-12-31": "16.70330", "2016-12-31": "11.67190", "2015-12-31": "12.32310", "2014-12-31": "15.45150", "2013-12-31": "16.39300", "2012-12-31": "14.97980", "2011-12-31": "17.30960", "2010-12-31": "17.70980", "2009-12-31": "2.51940", "2008-12-31": "2.00110", "2007-12-31": "9.56610", "2006-12-31": "5.49790", "2005-12-31": "5.98090"}, "Net Profit Margin": {"2019-12-31": "9.24830", "2018-12-31": "9.57630", "2017-12-31": "9.78430", "2016-12-31": "9.89320", "2015-12-31": "9.31780", "2014-12-31": "11.51420", "2013-12-31": "11.71520", "2012-12-31": "11.27870", "2011-12-31": "13.08720", "2010-12-31": "12.86950", "2009-12-31": "2.16970", "2008-12-31": "1.50770", "2007-12-31": "6.87040", "2006-12-31": "4.45430", "2005-12-31": "3.79160"}, "Asset Turnover": {"2019-12-31": "0.58750", "2018-12-31": "0.65730", "2017-12-31": "0.70200", "2016-12-31": "0.70830", "2015-12-31": "0.81450", "2014-12-31": "0.79560", "2013-12-31": "0.73980", "2012-12-31": "0.85880", "2011-12-31": "0.98010", "2010-12-31": "0.97890", "2009-12-31": "0.80680", "2008-12-31": "0.98500", "2007-12-31": "1.09110", "2006-12-31": "1.15030", "2005-12-31": "1.15640"}, "Inventory Turnover Ratio": {"2019-12-31": "4.05220", "2018-12-31": "4.12790", "2017-12-31": "5.07850", "2016-12-31": "5.63760", "2015-12-31": "5.44830", "2014-12-31": "5.41700", "2013-12-31": "4.98560", "2012-12-31": "5.41740", "2011-12-31": "5.40210", "2010-12-31": "4.66620", "2009-12-31": "5.79800", "2008-12-31": "5.80690", "2007-12-31": "6.19610", "2006-12-31": "5.66390", "2005-12-31": "5.08550"}, "Receiveable Turnover": {"2019-12-31": "7.43350", "2018-12-31": "7.37880", "2017-12-31": "6.68600", "2016-12-31": "5.99980", "2015-12-31": "6.07400", "2014-12-31": "6.29450", "2013-12-31": "5.92600", "2012-12-31": "6.64200", "2011-12-31": "7.22090", "2010-12-31": "6.22000", "2009-12-31": "5.40920", "2008-12-31": "8.54500", "2007-12-31": "6.26290", "2006-12-31": "6.37490", "2005-12-31": "5.81660"}, "Days Sales In Receivables": {"2019-12-31": "49.10170", "2018-12-31": "49.46590", "2017-12-31": "54.59130", "2016-12-31": "60.83520", "2015-12-31": "60.09230", "2014-12-31": "57.98740", "2013-12-31": "61.59340", "2012-12-31": "54.95330", "2011-12-31": "50.54800", "2010-12-31": "58.68190", "2009-12-31": "67.47730", "2008-12-31": "42.71490", "2007-12-31": "58.28020", "2006-12-31": "57.25600", "2005-12-31": "62.75160"}, "ROE - Return On Equity": {"2019-12-31": "9.29680", "2018-12-31": "11.13170", "2017-12-31": "12.88540", "2016-12-31": "12.82170", "2015-12-31": "10.93890", "2014-12-31": "13.48150", "2013-12-31": "12.92500", "2012-12-31": "12.82120", "2011-12-31": "17.36650", "2010-12-31": "17.37790", "2009-12-31": "2.48570", "2008-12-31": "2.40110", "2007-12-31": "10.42260", "2006-12-31": "7.65190", "2005-12-31": "5.98490"}, "Return On Tangible Equity": {"2019-12-31": "39.26900", "2018-12-31": "56.71660", "2017-12-31": "44.21850", "2016-12-31": "52.67600", "2015-12-31": "17.66170", "2014-12-31": "22.93470", "2013-12-31": "22.08040", "2012-12-31": "18.59340", "2011-12-31": "25.53350", "2010-12-31": "26.38410", "2009-12-31": "3.81070", "2008-12-31": "3.92400", "2007-12-31": "14.40520", "2006-12-31": "11.09030", "2005-12-31": "7.97660"}, "ROA - Return On Assets": {"2019-12-31": "5.43310", "2018-12-31": "6.29480", "2017-12-31": "6.86850", "2016-12-31": "7.00700", "2015-12-31": "7.58970", "2014-12-31": "9.16120", "2013-12-31": "8.66720", "2012-12-31": "9.68620", "2011-12-31": "12.82740", "2010-12-31": "12.66450", "2009-12-31": "1.76520", "2008-12-31": "1.48740", "2007-12-31": "7.49650", "2006-12-31": "4.99740", "2005-12-31": "4.10520"}, "ROI - Return On Investment": {"2019-12-31": "6.42360", "2018-12-31": "7.60790", "2017-12-31": "8.43510", "2016-12-31": "8.27420", "2015-12-31": "9.82570", "2014-12-31": "11.75800", "2013-12-31": "11.37290", "2012-12-31": "12.82120", "2011-12-31": "17.36650", "2010-12-31": "15.93470", "2009-12-31": "2.20090", "2008-12-31": "1.97510", "2007-12-31": "10.38670", "2006-12-31": "7.60710", "2005-12-31": "5.98490"}, "Book Value Per Share": {"2019-12-31": "61.35980", "2018-12-31": "59.67310", "2017-12-31": "40.83630", "2016-12-31": "36.67890", "2015-12-31": "33.51400", "2014-12-31": "32.50540", "2013-12-31": "30.57440", "2012-12-31": "29.33540", "2011-12-31": "23.25090", "2010-12-31": "20.81000", "2009-12-31": "17.37330", "2008-12-31": "15.37140", "2007-12-31": "16.15980", "2006-12-31": "13.73370", "2005-12-31": "12.46420"}, "Operating Cash Flow Per Share": {"2019-12-31": -3.2644, "2018-12-31": 1.4112, "2017-12-31": 3.8124, "2016-12-31": 0.6269, "2015-12-31": 0.5607, "2014-12-31": 1.5306, "2013-12-31": -0.0493, "2012-12-31": -0.1687, "2011-12-31": 0.7409, "2010-12-31": 3.3272, "2009-12-31": -0.5014, "2008-12-31": -0.8176, "2007-12-31": -0.9302, "2006-12-31": 1.9178, "2005-12-31": 1.689}, "Free Cash Flow Per Share": {"2019-12-31": -2.9251, "2018-12-31": 1.6613, "2017-12-31": 3.0025, "2016-12-31": 0.5368, "2015-12-31": 0.0426, "2014-12-31": 1.6588, "2013-12-31": -0.7387, "2012-12-31": -0.2434, "2011-12-31": 0.7468, "2010-12-31": 3.1832, "2009-12-31": 1.0023, "2008-12-31": -1.6091, "2007-12-31": -1.409, "2006-12-31": 2.2497, "2005-12-31": 0.4828}}, "financial ratios, quarterly": {"Current Ratio": {"2020-09-30": "4.89730", "2020-06-30": "5.35080", "2020-03-31": "5.24690", "2019-12-31": "4.45290", "2019-09-30": "4.05060", "2019-06-30": "3.90210", "2019-03-31": "3.82170", "2018-12-31": "3.49680", "2018-09-30": "3.46390", "2018-06-30": "3.58660", "2018-03-31": "3.68060", "2017-12-31": "3.52470", "2017-09-30": "3.35770", "2017-06-30": "3.48610", "2017-03-31": "3.57970", "2016-12-31": "3.26370", "2016-09-30": "2.95450", "2016-06-30": "2.90780", "2016-03-31": "2.60350", "2015-12-31": "2.76680", "2015-09-30": "2.64460", "2015-06-30": "2.96100", "2015-03-31": "2.98240", "2014-12-31": "2.70960", "2014-09-30": "2.30330", "2014-06-30": "2.21880", "2014-03-31": "2.22790", "2013-12-31": "2.70960", "2013-09-30": "2.51860", "2013-06-30": "2.43660", "2013-03-31": "2.93130", "2012-12-31": "2.86620", "2012-09-30": "2.67720", "2012-06-30": "2.57650", "2012-03-31": "2.53450", "2011-12-31": "2.53480", "2011-09-30": "2.26360", "2011-06-30": "2.64900", "2011-03-31": "3.28160", "2010-12-31": "2.90360", "2010-09-30": "3.28470", "2010-06-30": "3.44380", "2010-03-31": "3.30220", "2009-12-31": "3.22670", "2009-09-30": "2.82140", "2009-06-30": "3.10590", "2009-03-31": "3.45860", "2008-12-31": "3.14680", "2008-09-30": "2.24490", "2008-06-30": "2.38600", "2008-03-31": "2.29090", "2007-12-31": "2.43480", "2007-09-30": "2.75490", "2007-06-30": "3.47920", "2007-03-31": "2.68690", "2006-12-31": "2.33350", "2006-09-30": "1.70470", "2006-06-30": "1.73770", "2006-03-31": "2.29820", "2005-12-31": "2.03340", "2005-09-30": "1.92990", "2005-06-30": "1.87040", "2005-03-31": "1.79990"}, "Long-term Debt / Capital": {"2020-09-30": "0.32170", "2020-06-30": "0.34670", "2020-03-31": "0.34100", "2019-12-31": "0.30910", "2019-09-30": "0.31220", "2019-06-30": "0.30950", "2019-03-31": "0.31010", "2018-12-31": "0.31660", "2018-09-30": "0.31250", "2018-06-30": "0.31870", "2018-03-31": "0.34020", "2017-12-31": "0.34540", "2017-09-30": "0.34530", "2017-06-30": "0.34610", "2017-03-31": "0.35170", "2016-12-31": "0.35470", "2016-09-30": "0.35090", "2016-06-30": "0.31830", "2016-03-31": "0.32430", "2015-12-31": "0.10180", "2015-09-30": "0.11090", "2015-06-30": "0.11220", "2015-03-31": "0.12280", "2014-12-31": "0.12780", "2014-09-30": "0.10870", "2014-06-30": "0.11150", "2014-03-31": "0.11580", "2013-12-31": "0.12010", "2013-09-30": "0.12580", "2013-06-30": "0.13240", "2013-03-31": "", "2012-12-31": "", "2012-09-30": "", "2012-06-30": "", "2012-03-31": "", "2011-12-31": "", "2011-09-30": "", "2011-06-30": "", "2011-03-31": "0.07330", "2010-12-31": "0.08310", "2010-09-30": "0.09010", "2010-06-30": "0.09800", "2010-03-31": "0.10530", "2009-12-31": "0.11460", "2009-09-30": "0.13980", "2009-06-30": "0.15150", "2009-03-31": "0.17780", "2008-12-31": "0.17740", "2008-09-30": "", "2008-06-30": "", "2008-03-31": "0.00320", "2007-12-31": "0.00340", "2007-09-30": "0.00380", "2007-06-30": "0.00450", "2007-03-31": "0.00510", "2006-12-31": "0.00580", "2006-09-30": "0.00600", "2006-06-30": "0.00540", "2006-03-31": "", "2005-12-31": "", "2005-09-30": "0.00620", "2005-06-30": "0.00560", "2005-03-31": "0.00450"}, "Debt/Equity Ratio": {"2020-09-30": "0.47430", "2020-06-30": "0.53080", "2020-03-31": "0.52420", "2019-12-31": "0.45400", "2019-09-30": "0.46060", "2019-06-30": "0.45490", "2019-03-31": "0.45600", "2018-12-31": "0.46990", "2018-09-30": "0.46120", "2018-06-30": "0.47460", "2018-03-31": "0.52260", "2017-12-31": "0.53430", "2017-09-30": "0.53750", "2017-06-30": "0.53790", "2017-03-31": "0.54980", "2016-12-31": "0.55730", "2016-09-30": "0.54830", "2016-06-30": "0.47490", "2016-03-31": "0.48800", "2015-12-31": "0.23100", "2015-09-30": "0.28490", "2015-06-30": "0.23360", "2015-03-31": "0.25840", "2014-12-31": "0.26820", "2014-09-30": "0.37470", "2014-06-30": "0.40580", "2014-03-31": "0.40420", "2013-12-31": "0.31990", "2013-09-30": "0.34600", "2013-06-30": "0.37420", "2013-03-31": "0.15740", "2012-12-31": "0.14300", "2012-09-30": "0.15250", "2012-06-30": "0.15590", "2012-03-31": "0.18230", "2011-12-31": "0.16960", "2011-09-30": "0.18730", "2011-06-30": "0.13260", "2011-03-31": "0.15220", "2010-12-31": "0.16350", "2010-09-30": "0.13250", "2010-06-30": "0.13250", "2010-03-31": "0.14770", "2009-12-31": "0.16690", "2009-09-30": "0.21720", "2009-06-30": "0.21900", "2009-03-31": "0.24860", "2008-12-31": "0.23960", "2008-09-30": "0.10120", "2008-06-30": "0.06470", "2008-03-31": "0.07820", "2007-12-31": "0.03770", "2007-09-30": "0.02240", "2007-06-30": "0.02580", "2007-03-31": "0.09230", "2006-12-31": "0.08600", "2006-09-30": "0.08970", "2006-06-30": "0.08820", "2006-03-31": "0.05430", "2005-12-31": "0.09630", "2005-09-30": "0.14280", "2005-06-30": "0.16160", "2005-03-31": "0.16140"}, "Gross Margin": {"2020-09-30": "35.28810", "2020-06-30": "32.24440", "2020-03-31": "35.74500", "2019-12-31": "33.51830", "2019-09-30": "36.17580", "2019-06-30": "35.64100", "2019-03-31": "38.28060", "2018-12-31": "38.36550", "2018-09-30": "40.89200", "2018-06-30": "36.80170", "2018-03-31": "35.81100", "2017-12-31": "41.53660", "2017-09-30": "42.04330", "2017-06-30": "42.31880", "2017-03-31": "39.81560", "2016-12-31": "40.18620", "2016-09-30": "40.58030", "2016-06-30": "35.99180", "2016-03-31": "39.72460", "2015-12-31": "37.59020", "2015-09-30": "39.98980", "2015-06-30": "38.41120", "2015-03-31": "36.29350", "2014-12-31": "36.56910", "2014-09-30": "40.15480", "2014-06-30": "37.56990", "2014-03-31": "37.94570", "2013-12-31": "38.91860", "2013-09-30": "40.27060", "2013-06-30": "39.17480", "2013-03-31": "37.79940", "2012-12-31": "37.41140", "2012-09-30": "39.74570", "2012-06-30": "39.55690", "2012-03-31": "37.90180", "2011-12-31": "36.36450", "2011-09-30": "39.35410", "2011-06-30": "39.63080", "2011-03-31": "38.70720", "2010-12-31": "37.82510", "2010-09-30": "41.14210", "2010-06-30": "37.70160", "2010-03-31": "36.89700", "2009-12-31": "35.22060", "2009-09-30": "31.45160", "2009-06-30": "25.06410", "2009-03-31": "21.65090", "2008-12-31": "20.61250", "2008-09-30": "25.38040", "2008-06-30": "31.67810", "2008-03-31": "28.77990", "2007-12-31": "31.60500", "2007-09-30": "33.01290", "2007-06-30": "31.95610", "2007-03-31": "31.34800", "2006-12-31": "29.79520", "2006-09-30": "32.81850", "2006-06-30": "22.68290", "2006-03-31": "35.66570", "2005-12-31": "32.85430", "2005-09-30": "28.06100", "2005-06-30": "30.35360", "2005-03-31": "32.71970"}, "Operating Margin": {"2020-09-30": "16.48710", "2020-06-30": "-3.88820", "2020-03-31": "12.92990", "2019-12-31": "9.54650", "2019-09-30": "13.03060", "2019-06-30": "13.22870", "2019-03-31": "14.96250", "2018-12-31": "12.83380", "2018-09-30": "17.35650", "2018-06-30": "12.98440", "2018-03-31": "8.99230", "2017-12-31": "16.65740", "2017-09-30": "18.43690", "2017-06-30": "19.23380", "2017-03-31": "17.11460", "2016-12-31": "14.40610", "2016-09-30": "9.81910", "2016-06-30": "10.92340", "2016-03-31": "14.78040", "2015-12-31": "13.56880", "2015-09-30": "3.98310", "2015-06-30": "16.29170", "2015-03-31": "14.04950", "2014-12-31": "12.77270", "2014-09-30": "18.44140", "2014-06-30": "15.26380", "2014-03-31": "16.23810", "2013-12-31": "16.56650", "2013-09-30": "18.68240", "2013-06-30": "16.71340", "2013-03-31": "16.45060", "2012-12-31": "11.34750", "2012-09-30": "17.91150", "2012-06-30": "18.25160", "2012-03-31": "16.08190", "2011-12-31": "12.31110", "2011-09-30": "16.99780", "2011-06-30": "19.98190", "2011-03-31": "18.49610", "2010-12-31": "17.04640", "2010-09-30": "20.86560", "2010-06-30": "17.46390", "2010-03-31": "14.98800", "2009-12-31": "13.47630", "2009-09-30": "8.59900", "2009-06-30": "-3.40840", "2009-03-31": "-11.96640", "2008-12-31": "-12.37920", "2008-09-30": "1.42170", "2008-06-30": "8.87960", "2008-03-31": "4.70280", "2007-12-31": "7.39370", "2007-09-30": "14.42570", "2007-06-30": "8.99120", "2007-03-31": "7.20030", "2006-12-31": "4.22260", "2006-09-30": "8.62060", "2006-06-30": "-1.95080", "2006-03-31": "10.97280", "2005-12-31": "7.89960", "2005-09-30": "3.35580", "2005-06-30": "5.96320", "2005-03-31": "6.02160"}, "EBIT Margin": {"2020-09-30": "16.48710", "2020-06-30": "-3.88820", "2020-03-31": "12.92990", "2019-12-31": "9.54650", "2019-09-30": "13.03060", "2019-06-30": "13.22870", "2019-03-31": "14.96250", "2018-12-31": "12.83380", "2018-09-30": "17.35650", "2018-06-30": "12.98440", "2018-03-31": "8.99230", "2017-12-31": "16.65740", "2017-09-30": "18.43690", "2017-06-30": "19.23380", "2017-03-31": "17.11460", "2016-12-31": "14.40620", "2016-09-30": "9.81910", "2016-06-30": "10.92340", "2016-03-31": "14.78040", "2015-12-31": "13.56880", "2015-09-30": "3.98310", "2015-06-30": "16.29170", "2015-03-31": "14.04950", "2014-12-31": "12.77270", "2014-09-30": "18.44140", "2014-06-30": "15.26380", "2014-03-31": "16.23810", "2013-12-31": "16.56650", "2013-09-30": "18.68240", "2013-06-30": "16.71340", "2013-03-31": "16.45060", "2012-12-31": "11.34750", "2012-09-30": "17.91150", "2012-06-30": "18.25160", "2012-03-31": "16.08190", "2011-12-31": "12.31110", "2011-09-30": "16.99780", "2011-06-30": "19.98190", "2011-03-31": "18.49610", "2010-12-31": "17.04640", "2010-09-30": "20.86560", "2010-06-30": "17.46390", "2010-03-31": "14.98800", "2009-12-31": "13.47630", "2009-09-30": "8.59900", "2009-06-30": "-3.40840", "2009-03-31": "-11.96640", "2008-12-31": "-12.37920", "2008-09-30": "1.42170", "2008-06-30": "8.87960", "2008-03-31": "4.70280", "2007-12-31": "7.39370", "2007-09-30": "14.42570", "2007-06-30": "8.99120", "2007-03-31": "7.20030", "2006-12-31": "4.22260", "2006-09-30": "8.62060", "2006-06-30": "-1.95080", "2006-03-31": "10.97280", "2005-12-31": "7.89960", "2005-09-30": "3.35580", "2005-06-30": "5.96320", "2005-03-31": "6.02160"}, "EBITDA Margin": {"2020-09-30": "", "2020-06-30": "", "2020-03-31": "", "2019-12-31": "", "2019-09-30": "", "2019-06-30": "", "2019-03-31": "", "2018-12-31": "", "2018-09-30": "", "2018-06-30": "", "2018-03-31": "", "2017-12-31": "", "2017-09-30": "", "2017-06-30": "", "2017-03-31": "", "2016-12-31": "", "2016-09-30": "", "2016-06-30": "", "2016-03-31": "", "2015-12-31": "", "2015-09-30": "", "2015-06-30": "", "2015-03-31": "", "2014-12-31": "", "2014-09-30": "", "2014-06-30": "", "2014-03-31": "", "2013-12-31": "", "2013-09-30": "", "2013-06-30": "", "2013-03-31": "", "2012-12-31": "", "2012-09-30": "", "2012-06-30": "", "2012-03-31": "", "2011-12-31": "", "2011-09-30": "", "2011-06-30": "", "2011-03-31": "", "2010-12-31": "", "2010-09-30": "", "2010-06-30": "", "2010-03-31": "", "2009-12-31": "", "2009-09-30": "", "2009-06-30": "", "2009-03-31": "", "2008-12-31": "", "2008-09-30": "", "2008-06-30": "", "2008-03-31": "", "2007-12-31": "", "2007-09-30": "", "2007-06-30": "", "2007-03-31": "", "2006-12-31": "", "2006-09-30": "", "2006-06-30": "", "2006-03-31": "", "2005-12-31": "", "2005-09-30": "", "2005-06-30": "", "2005-03-31": ""}, "Pre-Tax Profit Margin": {"2020-09-30": "17.21960", "2020-06-30": "-3.44410", "2020-03-31": "10.25700", "2019-12-31": "7.22960", "2019-09-30": "11.43850", "2019-06-30": "13.46310", "2019-03-31": "11.45230", "2018-12-31": "9.88510", "2018-09-30": "15.53130", "2018-06-30": "11.39370", "2018-03-31": "10.68560", "2017-12-31": "14.34450", "2017-09-30": "17.46620", "2017-06-30": "18.30420", "2017-03-31": "16.61570", "2016-12-31": "11.15920", "2016-09-30": "10.85610", "2016-06-30": "12.50920", "2016-03-31": "12.34150", "2015-12-31": "13.71880", "2015-09-30": "5.86560", "2015-06-30": "16.98800", "2015-03-31": "12.55560", "2014-12-31": "12.13440", "2014-09-30": "18.93310", "2014-06-30": "14.28740", "2014-03-31": "16.34540", "2013-12-31": "17.33320", "2013-09-30": "18.16750", "2013-06-30": "18.85170", "2013-03-31": "10.51500", "2012-12-31": "9.35170", "2012-09-30": "16.80950", "2012-06-30": "17.85530", "2012-03-31": "15.42860", "2011-12-31": "12.67380", "2011-09-30": "17.85020", "2011-06-30": "19.69310", "2011-03-31": "18.31060", "2010-12-31": "16.95740", "2010-09-30": "20.69190", "2010-06-30": "18.13240", "2010-03-31": "14.61610", "2009-12-31": "12.31790", "2009-09-30": "7.58120", "2009-06-30": "-3.80290", "2009-03-31": "-11.71880", "2008-12-31": "-12.10910", "2008-09-30": "3.47190", "2008-06-30": "8.60530", "2008-03-31": "4.21890", "2007-12-31": "7.63530", "2007-09-30": "14.13900", "2007-06-30": "9.12820", "2007-03-31": "7.10770", "2006-12-31": "4.35790", "2006-09-30": "8.36750", "2006-06-30": "-1.53040", "2006-03-31": "11.09860", "2005-12-31": "7.36480", "2005-09-30": "5.31960", "2005-06-30": "5.55520", "2005-03-31": "5.72100"}, "Net Profit Margin": {"2020-09-30": "14.13710", "2020-06-30": "-2.92550", "2020-03-31": "7.12060", "2019-12-31": "6.69200", "2019-09-30": "9.84800", "2019-06-30": "11.00640", "2019-03-31": "9.12180", "2018-12-31": "8.11970", "2018-09-30": "12.19200", "2018-06-30": "9.21770", "2018-03-31": "8.62320", "2017-12-31": "-3.54860", "2017-09-30": "13.46630", "2017-06-30": "15.52170", "2017-03-31": "13.62490", "2016-12-31": "9.57580", "2016-09-30": "10.98770", "2016-06-30": "9.98560", "2016-03-31": "8.79180", "2015-12-31": "9.48230", "2015-09-30": "5.25450", "2015-06-30": "12.91950", "2015-03-31": "9.50730", "2014-12-31": "8.80510", "2014-09-30": "13.75870", "2014-06-30": "11.12590", "2014-03-31": "12.27360", "2013-12-31": "11.94070", "2013-09-30": "13.42520", "2013-06-30": "14.19210", "2013-03-31": "6.72140", "2012-12-31": "7.62810", "2012-09-30": "13.19030", "2012-06-30": "13.03760", "2012-03-31": "10.90690", "2011-12-31": "10.35240", "2011-09-30": "14.33380", "2011-06-30": "14.30740", "2011-03-31": "12.90860", "2010-12-31": "13.43470", "2010-09-30": "14.27710", "2010-06-30": "12.87430", "2010-03-31": "10.71250", "2009-12-31": "9.10120", "2009-09-30": "6.92150", "2009-06-30": "-2.54840", "2009-03-31": "-9.22240", "2008-12-31": "-8.72340", "2008-09-30": "2.81940", "2008-06-30": "6.10110", "2008-03-31": "3.07540", "2007-12-31": "5.88150", "2007-09-30": "10.19430", "2007-06-30": "6.49020", "2007-03-31": "4.71950", "2006-12-31": "3.63280", "2006-09-30": "6.52400", "2006-06-30": "0.32550", "2006-03-31": "7.46030", "2005-12-31": "4.54440", "2005-09-30": "3.08430", "2005-06-30": "3.67960", "2005-03-31": "3.90220"}, "Asset Turnover": {"2020-09-30": "0.14750", "2020-06-30": "0.11770", "2020-03-31": "0.13250", "2019-12-31": "0.13220", "2019-09-30": "0.14190", "2019-06-30": "0.15180", "2019-03-31": "0.15450", "2018-12-31": "0.15390", "2018-09-30": "0.16490", "2018-06-30": "0.17740", "2018-03-31": "0.15900", "2017-12-31": "0.17520", "2017-09-30": "0.18680", "2017-06-30": "0.19320", "2017-03-31": "0.18490", "2016-12-31": "0.19080", "2016-09-30": "0.19230", "2016-06-30": "0.20260", "2016-03-31": "0.15640", "2015-12-31": "0.20650", "2015-09-30": "0.19740", "2015-06-30": "0.20200", "2015-03-31": "0.19860", "2014-12-31": "0.19300", "2014-09-30": "0.19190", "2014-06-30": "0.19570", "2014-03-31": "0.18880", "2013-12-31": "0.19340", "2013-09-30": "0.19970", "2013-06-30": "0.19560", "2013-03-31": "0.21700", "2012-12-31": "0.20420", "2012-09-30": "0.22620", "2012-06-30": "0.24240", "2012-03-31": "0.22410", "2011-12-31": "0.21700", "2011-09-30": "0.25320", "2011-06-30": "0.25360", "2011-03-31": "0.25440", "2010-12-31": "0.22970", "2010-09-30": "0.27290", "2010-06-30": "0.27830", "2010-03-31": "0.26220", "2009-12-31": "0.24000", "2009-09-30": "0.21980", "2009-06-30": "0.19890", "2009-03-31": "0.16510", "2008-12-31": "0.19650", "2008-09-30": "0.27280", "2008-06-30": "0.29060", "2008-03-31": "0.26190", "2007-12-31": "0.27470", "2007-09-30": "0.28780", "2007-06-30": "0.27830", "2007-03-31": "0.28020", "2006-12-31": "0.27490", "2006-09-30": "0.30200", "2006-06-30": "0.30370", "2006-03-31": "0.30560", "2005-12-31": "0.28560", "2005-09-30": "0.28240", "2005-06-30": "0.26840", "2005-03-31": "0.26590"}, "Inventory Turnover Ratio": {"2020-09-30": "1.03920", "2020-06-30": "0.83960", "2020-03-31": "0.97840", "2019-12-31": "0.94760", "2019-09-30": "0.96240", "2019-06-30": "1.00690", "2019-03-31": "0.95650", "2018-12-31": "0.96020", "2018-09-30": "1.04990", "2018-06-30": "1.21320", "2018-03-31": "1.01600", "2017-12-31": "1.26590", "2017-09-30": "1.34970", "2017-06-30": "1.44320", "2017-03-31": "1.45200", "2016-12-31": "1.49200", "2016-09-30": "1.36970", "2016-06-30": "1.39570", "2016-03-31": "0.99310", "2015-12-31": "1.39220", "2015-09-30": "1.30370", "2015-06-30": "1.39910", "2015-03-31": "1.39330", "2014-12-31": "1.34570", "2014-09-30": "1.30460", "2014-06-30": "1.42660", "2014-03-31": "1.29500", "2013-12-31": "1.30700", "2013-09-30": "1.30550", "2013-06-30": "1.36830", "2013-03-31": "1.48950", "2012-12-31": "1.31500", "2012-09-30": "1.28340", "2012-06-30": "1.31500", "2012-03-31": "1.28290", "2011-12-31": "1.23940", "2011-09-30": "1.28030", "2011-06-30": "1.33500", "2011-03-31": "1.32960", "2010-12-31": "1.10610", "2010-09-30": "1.45710", "2010-06-30": "1.61720", "2010-03-31": "1.59000", "2009-12-31": "1.57650", "2009-09-30": "1.47510", "2009-06-30": "1.37200", "2009-03-31": "1.07480", "2008-12-31": "1.26070", "2008-09-30": "1.63390", "2008-06-30": "1.60260", "2008-03-31": "1.48640", "2007-12-31": "1.56870", "2007-09-30": "1.56570", "2007-06-30": "1.34410", "2007-03-31": "1.37590", "2006-12-31": "1.36060", "2006-09-30": "1.45630", "2006-06-30": "1.62010", "2006-03-31": "1.20220", "2005-12-31": "1.22140", "2005-09-30": "1.27020", "2005-06-30": "1.13090", "2005-03-31": "0.99420"}, "Receiveable Turnover": {"2020-09-30": "1.68830", "2020-06-30": "1.65410", "2020-03-31": "1.66460", "2019-12-31": "1.67330", "2019-09-30": "1.59920", "2019-06-30": "1.61920", "2019-03-31": "1.70470", "2018-12-31": "1.72730", "2018-09-30": "1.74530", "2018-06-30": "1.76310", "2018-03-31": "1.70600", "2017-12-31": "1.66860", "2017-09-30": "1.60920", "2017-06-30": "1.57440", "2017-03-31": "1.34270", "2016-12-31": "1.61630", "2016-09-30": "1.36610", "2016-06-30": "1.37650", "2016-03-31": "1.20960", "2015-12-31": "1.53990", "2015-09-30": "1.47960", "2015-06-30": "1.46760", "2015-03-31": "1.54490", "2014-12-31": "1.52650", "2014-09-30": "1.61540", "2014-06-30": "1.52490", "2014-03-31": "1.52020", "2013-12-31": "1.54930", "2013-09-30": "1.55700", "2013-06-30": "1.43200", "2013-03-31": "1.59670", "2012-12-31": "1.57910", "2012-09-30": "1.58170", "2012-06-30": "1.51760", "2012-03-31": "1.50090", "2011-12-31": "1.59840", "2011-09-30": "1.57190", "2011-06-30": "1.49280", "2011-03-31": "1.51020", "2010-12-31": "1.45920", "2010-09-30": "1.51490", "2010-06-30": "1.47030", "2010-03-31": "1.54860", "2009-12-31": "1.60870", "2009-09-30": "1.45260", "2009-06-30": "1.47880", "2009-03-31": "1.60930", "2008-12-31": "1.70440", "2008-09-30": "1.56520", "2008-06-30": "1.58900", "2008-03-31": "1.46610", "2007-12-31": "1.57660", "2007-09-30": "1.55510", "2007-06-30": "1.53120", "2007-03-31": "1.56460", "2006-12-31": "1.52370", "2006-09-30": "1.43570", "2006-06-30": "1.42950", "2006-03-31": "1.44670", "2005-12-31": "1.43670", "2005-09-30": "1.46650", "2005-06-30": "1.42880", "2005-03-31": "1.45890"}, "Days Sales In Receivables": {"2020-09-30": "53.30830", "2020-06-30": "54.41110", "2020-03-31": "54.06620", "2019-12-31": "53.78600", "2019-09-30": "56.27990", "2019-06-30": "55.58240", "2019-03-31": "52.79660", "2018-12-31": "52.10360", "2018-09-30": "51.56750", "2018-06-30": "51.04710", "2018-03-31": "52.75430", "2017-12-31": "53.93790", "2017-09-30": "55.92680", "2017-06-30": "57.16340", "2017-03-31": "67.02870", "2016-12-31": "55.68320", "2016-09-30": "65.88280", "2016-06-30": "65.38470", "2016-03-31": "74.40620", "2015-12-31": "58.44640", "2015-09-30": "60.82760", "2015-06-30": "61.32520", "2015-03-31": "58.25590", "2014-12-31": "58.95870", "2014-09-30": "55.71280", "2014-06-30": "59.02100", "2014-03-31": "59.20420", "2013-12-31": "58.09260", "2013-09-30": "57.80430", "2013-06-30": "62.84940", "2013-03-31": "56.36600", "2012-12-31": "56.99400", "2012-09-30": "56.90090", "2012-06-30": "59.30330", "2012-03-31": "59.96250", "2011-12-31": "56.30650", "2011-09-30": "57.25720", "2011-06-30": "60.28880", "2011-03-31": "59.59350", "2010-12-31": "61.67550", "2010-09-30": "59.41050", "2010-06-30": "61.21290", "2010-03-31": "58.11530", "2009-12-31": "55.94470", "2009-09-30": "61.95790", "2009-06-30": "60.86160", "2009-03-31": "55.92380", "2008-12-31": "52.80480", "2008-09-30": "57.50220", "2008-06-30": "56.64090", "2008-03-31": "61.38680", "2007-12-31": "57.08570", "2007-09-30": "57.87500", "2007-06-30": "58.77610", "2007-03-31": "57.52220", "2006-12-31": "59.06860", "2006-09-30": "62.68590", "2006-06-30": "62.96040", "2006-03-31": "62.20850", "2005-12-31": "62.64260", "2005-09-30": "61.37230", "2005-06-30": "62.98900", "2005-03-31": "61.68910"}, "ROE - Return On Equity": {"2020-09-30": "3.61910", "2020-06-30": "-0.61480", "2020-03-31": "1.66860", "2019-12-31": "1.51430", "2019-09-30": "2.42130", "2019-06-30": "2.90020", "2019-03-31": "2.45710", "2018-12-31": "2.20950", "2018-09-30": "3.52420", "2018-06-30": "2.87930", "2018-03-31": "2.49860", "2017-12-31": "-1.16630", "2017-09-30": "4.58700", "2017-06-30": "5.43180", "2017-03-31": "4.54460", "2016-12-31": "3.34320", "2016-09-30": "", "2016-06-30": "", "2016-03-31": "", "2015-12-31": "2.82220", "2015-09-30": "", "2015-06-30": "", "2015-03-31": "", "2014-12-31": "2.50020", "2014-09-30": "", "2014-06-30": "", "2014-03-31": "", "2013-12-31": "3.44410", "2013-09-30": "", "2013-06-30": "", "2013-03-31": "", "2012-12-31": "2.04710", "2012-09-30": "", "2012-06-30": "", "2012-03-31": "", "2011-12-31": "3.04090", "2011-09-30": "", "2011-06-30": "", "2011-03-31": "", "2010-12-31": "4.32510", "2010-09-30": "", "2010-06-30": "", "2010-03-31": "", "2009-12-31": "3.09590", "2009-09-30": "", "2009-06-30": "", "2009-03-31": "", "2008-12-31": "-2.76320", "2008-09-30": "", "2008-06-30": "", "2008-03-31": "", "2007-12-31": "2.24610", "2007-09-30": "", "2007-06-30": "", "2007-03-31": "", "2006-12-31": "1.52930", "2006-09-30": "", "2006-06-30": "", "2006-03-31": "", "2005-12-31": "1.75450", "2005-09-30": "", "2005-06-30": "", "2005-03-31": ""}, "Return On Tangible Equity": {"2020-09-30": "12.76630", "2020-06-30": "-2.40930", "2020-03-31": "6.92650", "2019-12-31": "6.39620", "2019-09-30": "10.73250", "2019-06-30": "12.79120", "2019-03-31": "11.22580", "2018-12-31": "11.25750", "2018-09-30": "17.16820", "2018-06-30": "17.08480", "2018-03-31": "18.38270", "2017-12-31": "-4.00230", "2017-09-30": "15.70410", "2017-06-30": "19.26560", "2017-03-31": "18.40350", "2016-12-31": "13.73510", "2016-09-30": "18.19620", "2016-06-30": "12.13030", "2016-03-31": "7.31480", "2015-12-31": "4.55660", "2015-09-30": "2.51080", "2015-06-30": "6.01260", "2015-03-31": "4.49250", "2014-12-31": "4.25330", "2014-09-30": "6.92790", "2014-06-30": "5.93180", "2014-03-31": "6.46130", "2013-12-31": "5.88370", "2013-09-30": "7.16570", "2013-06-30": "7.87430", "2013-03-31": "2.74170", "2012-12-31": "2.96870", "2012-09-30": "5.74220", "2012-06-30": "6.15150", "2012-03-31": "4.76400", "2011-12-31": "4.47090", "2011-09-30": "7.43700", "2011-06-30": "6.82130", "2011-03-31": "6.41090", "2010-12-31": "6.56660", "2010-09-30": "7.62620", "2010-06-30": "7.04480", "2010-03-31": "5.76360", "2009-12-31": "4.74610", "2009-09-30": "3.60650", "2009-06-30": "-1.26340", "2009-03-31": "-4.02710", "2008-12-31": "-4.51580", "2008-09-30": "1.49950", "2008-06-30": "3.48430", "2008-03-31": "1.63090", "2007-12-31": "3.10430", "2007-09-30": "5.59640", "2007-06-30": "3.51310", "2007-03-31": "2.79720", "2006-12-31": "2.21650", "2006-09-30": "4.36220", "2006-06-30": "0.21590", "2006-03-31": "3.95290", "2005-12-31": "2.33830", "2005-09-30": "1.48880", "2005-06-30": "2.12320", "2005-03-31": "2.16420"}, "ROA - Return On Assets": {"2020-09-30": "2.08550", "2020-06-30": "-0.34430", "2020-03-31": "0.94330", "2019-12-31": "0.88500", "2019-09-30": "1.39720", "2019-06-30": "1.67040", "2019-03-31": "1.40910", "2018-12-31": "1.24940", "2018-09-30": "2.01040", "2018-06-30": "1.63550", "2018-03-31": "1.37120", "2017-12-31": "-0.62170", "2017-09-30": "2.51490", "2017-06-30": "2.99830", "2017-03-31": "2.51880", "2016-12-31": "1.82710", "2016-09-30": "2.11250", "2016-06-30": "2.02360", "2016-03-31": "1.37470", "2015-12-31": "1.95810", "2015-09-30": "1.03710", "2015-06-30": "2.60930", "2015-03-31": "1.88810", "2014-12-31": "1.69900", "2014-09-30": "2.64060", "2014-06-30": "2.17720", "2014-03-31": "2.31720", "2013-12-31": "2.30950", "2013-09-30": "2.68040", "2013-06-30": "2.77640", "2013-03-31": "1.45820", "2012-12-31": "1.54660", "2012-09-30": "2.98400", "2012-06-30": "3.16570", "2012-03-31": "2.45090", "2011-12-31": "2.24610", "2011-09-30": "3.62980", "2011-06-30": "3.62810", "2011-03-31": "3.28420", "2010-12-31": "3.15200", "2010-09-30": "3.89550", "2010-06-30": "3.58250", "2010-03-31": "2.80850", "2009-12-31": "2.19850", "2009-09-30": "1.52150", "2009-06-30": "-0.50690", "2009-03-31": "-1.52280", "2008-12-31": "-1.71170", "2008-09-30": "0.76930", "2008-06-30": "1.77290", "2008-03-31": "0.80530", "2007-12-31": "1.61550", "2007-09-30": "2.93380", "2007-06-30": "1.80610", "2007-03-31": "1.32240", "2006-12-31": "0.99880", "2006-09-30": "1.97020", "2006-06-30": "0.09890", "2006-03-31": "2.13660", "2005-12-31": "1.20340", "2005-09-30": "0.72080", "2005-06-30": "1.00080", "2005-03-31": "1.00190"}, "ROI - Return On Investment": {"2020-09-30": "2.45470", "2020-06-30": "-0.40160", "2020-03-31": "1.09960", "2019-12-31": "1.04630", "2019-09-30": "1.66550", "2019-06-30": "2.00250", "2019-03-31": "1.69530", "2018-12-31": "1.51010", "2018-09-30": "2.42290", "2018-06-30": "1.96180", "2018-03-31": "1.64860", "2017-12-31": "-0.76350", "2017-09-30": "3.00300", "2017-06-30": "3.55200", "2017-03-31": "2.94620", "2016-12-31": "2.15750", "2016-09-30": "2.48890", "2016-06-30": "2.38890", "2016-03-31": "1.68550", "2015-12-31": "2.53500", "2015-09-30": "1.37220", "2015-06-30": "3.31880", "2015-03-31": "2.38540", "2014-12-31": "2.18060", "2014-09-30": "3.61640", "2014-06-30": "3.00190", "2014-03-31": "3.17810", "2013-12-31": "3.03050", "2013-09-30": "3.57290", "2013-06-30": "3.71300", "2013-03-31": "1.92310", "2012-12-31": "2.04710", "2012-09-30": "3.92370", "2012-06-30": "4.20050", "2012-03-31": "3.31780", "2011-12-31": "3.04090", "2011-09-30": "5.02350", "2011-06-30": "4.78520", "2011-03-31": "4.05770", "2010-12-31": "3.96590", "2010-09-30": "4.89210", "2010-06-30": "4.41590", "2010-03-31": "3.46640", "2009-12-31": "2.74110", "2009-09-30": "1.94250", "2009-06-30": "-0.65240", "2009-03-31": "-1.97760", "2008-12-31": "-2.27300", "2008-09-30": "1.07610", "2008-06-30": "2.46300", "2008-03-31": "1.13220", "2007-12-31": "2.23830", "2007-09-30": "4.03530", "2007-06-30": "2.51430", "2007-03-31": "1.95790", "2006-12-31": "1.52040", "2006-09-30": "3.00460", "2006-06-30": "0.15080", "2006-03-31": "2.99840", "2005-12-31": "1.75450", "2005-09-30": "1.10040", "2005-06-30": "1.55730", "2005-03-31": "1.57020"}, "Book Value Per Share": {"2020-09-30": "62.76160", "2020-06-30": "60.08360", "2020-03-31": "60.83980", "2019-12-31": "61.35980", "2019-09-30": "60.46790", "2019-06-30": "61.30750", "2019-03-31": "60.88030", "2018-12-31": "59.67310", "2018-09-30": "60.40380", "2018-06-30": "59.76660", "2018-03-31": "58.89700", "2017-12-31": "40.83630", "2017-09-30": "41.08850", "2017-06-30": "39.42380", "2017-03-31": "37.71040", "2016-12-31": "36.67890", "2016-09-30": "35.47850", "2016-06-30": "34.35720", "2016-03-31": "34.41380", "2015-12-31": "33.51400", "2015-09-30": "32.78550", "2015-06-30": "33.76270", "2015-03-31": "32.49340", "2014-12-31": "32.50540", "2014-09-30": "32.73440", "2014-06-30": "32.29710", "2014-03-31": "31.34530", "2013-12-31": "30.57440", "2013-09-30": "29.45620", "2013-06-30": "27.76140", "2013-03-31": "26.97520", "2012-12-31": "29.33540", "2012-09-30": "26.43810", "2012-06-30": "24.98730", "2012-03-31": "24.42920", "2011-12-31": "23.25090", "2011-09-30": "23.08090", "2011-06-30": "23.64600", "2011-03-31": "22.40750", "2010-12-31": "20.81000", "2010-09-30": "20.06460", "2010-06-30": "18.77550", "2010-03-31": "18.21590", "2009-12-31": "17.37330", "2009-09-30": "16.39320", "2009-06-30": "15.46450", "2009-03-31": "14.89730", "2008-12-31": "15.37140", "2008-09-30": "17.06900", "2008-06-30": "17.10890", "2008-03-31": "16.70620", "2007-12-31": "16.15980", "2007-09-30": "15.77910", "2007-06-30": "14.84560", "2007-03-31": "14.22060", "2006-12-31": "13.73370", "2006-09-30": "13.83050", "2006-06-30": "13.32090", "2006-03-31": "13.12330", "2005-12-31": "12.46420", "2005-09-30": "12.62630", "2005-06-30": "12.26900", "2005-03-31": "12.12530"}, "Operating Cash Flow Per Share": {"2020-09-30": 2.5183, "2020-06-30": 2.3238, "2020-03-31": "1.84230", "2019-12-31": 3.3682, "2019-09-30": 3.311, "2019-06-30": 1.9696, "2019-03-31": "1.23630", "2018-12-31": 3.2513, "2018-09-30": 4.3506, "2018-06-30": 2.7517, "2018-03-31": "2.79590", "2017-12-31": 3.8387, "2017-09-30": 3.8353, "2017-06-30": 3.0663, "2017-03-31": "0.99800", "2016-12-31": 3.5265, "2016-09-30": 2.8436, "2016-06-30": 1.1362, "2016-03-31": "0.41960", "2015-12-31": 2.2938, "2015-09-30": 2.2916, "2015-06-30": 1.6939, "2015-03-31": "1.01970", "2014-12-31": 2.162, "2014-09-30": 2.7076, "2014-06-30": 1.3621, "2014-03-31": "0.50660", "2013-12-31": 1.4149, "2013-09-30": 2.0592, "2013-06-30": 1.0162, "2013-03-31": "0.71740", "2012-12-31": 1.8254, "2012-09-30": 1.9558, "2012-06-30": 1.1172, "2012-03-31": "0.35860", "2011-12-31": 1.6588, "2011-09-30": 1.7275, "2011-06-30": 1.4251, "2011-03-31": "0.61430", "2010-12-31": 1.3313, "2010-09-30": 2.1866, "2010-06-30": 0.8566, "2010-03-31": "0.31030", "2009-12-31": 1.3236, "2009-09-30": 0.2276, "2009-06-30": -0.1057, "2009-03-31": "-0.08790", "2008-12-31": 0.5847, "2008-09-30": 0.6102, "2008-06-30": 0.7098, "2008-03-31": "-0.04570", "2007-12-31": 1.2866, "2007-09-30": 0.6791, "2007-06-30": 0.6661, "2007-03-31": "0.04480", "2006-12-31": 1.191, "2006-09-30": 0.6651, "2006-06-30": 1.1239, "2006-03-31": "0.62680", "2005-12-31": 0.481, "2005-09-30": 0.668, "2005-06-30": 0.5359, "2005-03-31": "0.00410"}, "Free Cash Flow Per Share": {"2020-09-30": 2.0369, "2020-06-30": 1.7877, "2020-03-31": "1.16950", "2019-12-31": 2.6801, "2019-09-30": 2.5175, "2019-06-30": 1.7462, "2019-03-31": "0.69770", "2018-12-31": 2.8312, "2018-09-30": 3.7722, "2018-06-30": 1.8894, "2018-03-31": "2.07380", "2017-12-31": 3.0938, "2017-09-30": 2.9677, "2017-06-30": 2.3817, "2017-03-31": "0.46210", "2016-12-31": 3.0098, "2016-09-30": 2.2125, "2016-06-30": 0.6641, "2016-03-31": "0.01640", "2015-12-31": 1.9022, "2015-09-30": 1.9037, "2015-06-30": 1.0791, "2015-03-31": "0.48100", "2014-12-31": 1.6, "2014-09-30": 2.4303, "2014-06-30": 1.0686, "2014-03-31": "0.22450", "2013-12-31": 0.9843, "2013-09-30": 1.5862, "2013-06-30": 0.6201, "2013-03-31": "0.47400", "2012-12-31": 1.5268, "2012-09-30": 1.6864, "2012-06-30": 0.9785, "2012-03-31": "0.21160", "2011-12-31": 1.4096, "2011-09-30": 1.654, "2011-06-30": 1.1679, "2011-03-31": "0.41520", "2010-12-31": 1.0383, "2010-09-30": 1.8036, "2010-06-30": 0.6461, "2010-03-31": "0.41190", "2009-12-31": 1.29, "2009-09-30": 0.1417, "2009-06-30": -0.2955, "2009-03-31": "-0.41950", "2008-12-31": -0.0237, "2008-09-30": 0.067, "2008-06-30": 0.2399, "2008-03-31": "-0.56880", "2007-12-31": 0.7167, "2007-09-30": 0.4767, "2007-06-30": 0.3147, "2007-03-31": "-0.18460", "2006-12-31": 0.4296, "2006-09-30": 0.4564, "2006-06-30": 1.0037, "2006-03-31": "0.84280", "2005-12-31": 0.2446, "2005-09-30": 0.4484, "2005-06-30": 0.1687, "2005-03-31": "-0.37890"}}, "revenue": {"Littelfuse Annual Revenue (Millions of US $)": {"2020": "$1,446", "2019": "$1,504", "2018": "$1,718", "2017": "$1,222", "2016": "$1,056", "2015": "$868", "2014": "$852", "2013": "$758", "2012": "$668", "2011": "$665", "2010": "$608", "2009": "$430", "2008": "$531", "2007": "$536", "2006": "$535", "2005": "$467"}, "Littelfuse Quarterly Revenue (Millions of US $)": {"2020-12-31": "$401", "2020-09-30": "$392", "2020-06-30": "$307", "2020-03-31": "$346", "2019-12-31": "$339", "2019-09-30": "$362", "2019-06-30": "$398", "2019-03-31": "$406", "2018-12-31": "$402", "2018-09-30": "$439", "2018-06-30": "$459", "2018-03-31": "$418", "2017-12-31": "$305", "2017-09-30": "$318", "2017-06-30": "$313", "2017-03-31": "$285", "2016-12-31": "$285", "2016-09-30": "$280", "2016-06-30": "$272", "2016-03-31": "$219", "2015-12-31": "$220", "2015-09-30": "$216", "2015-06-30": "$222", "2015-03-31": "$210", "2014-12-31": "$207", "2014-09-30": "$218", "2014-06-30": "$221", "2014-03-31": "$207", "2013-12-31": "$198", "2013-09-30": "$201", "2013-06-30": "$188", "2013-03-31": "$171", "2012-12-31": "$159", "2012-09-30": "$173", "2012-06-30": "$176", "2012-03-31": "$161", "2011-12-31": "$147", "2011-09-30": "$174", "2011-06-30": "$177", "2011-03-31": "$167", "2010-12-31": "$143", "2010-09-30": "$163", "2010-06-30": "$158", "2010-03-31": "$144", "2009-12-31": "$128", "2009-09-30": "$116", "2009-06-30": "$101", "2009-03-31": "$84", "2008-12-31": "$106", "2008-09-30": "$141", "2008-06-30": "$150", "2008-03-31": "$134", "2007-12-31": "$135", "2007-09-30": "$140", "2007-06-30": "$129", "2007-03-31": "$132", "2006-12-31": "$128", "2006-09-30": "$143", "2006-06-30": "$138", "2006-03-31": "$126", "2005-12-31": "$115", "2005-09-30": "$122", "2005-06-30": "$116", "2005-03-31": "$114"}}, "gross-profit": {"Littelfuse Annual Gross Profit (Millions of US $)": {"2020": "$501", "2019": "$541", "2018": "$653", "2017": "$507", "2016": "$413", "2015": "$330", "2014": "$324", "2013": "$296", "2012": "$258", "2011": "$257", "2010": "$234", "2009": "$125", "2008": "$144", "2007": "$172", "2006": "$161", "2005": "$145"}, "Littelfuse Quarterly Gross Profit (Millions of US $)": {"2020-12-31": "$138", "2020-09-30": "$138", "2020-06-30": "$99", "2020-03-31": "$124", "2019-12-31": "$113", "2019-09-30": "$131", "2019-06-30": "$142", "2019-03-31": "$155", "2018-12-31": "$154", "2018-09-30": "$180", "2018-06-30": "$169", "2018-03-31": "$150", "2017-12-31": "$127", "2017-09-30": "$134", "2017-06-30": "$133", "2017-03-31": "$114", "2016-12-31": "$114", "2016-09-30": "$114", "2016-06-30": "$98", "2016-03-31": "$87", "2015-12-31": "$83", "2015-09-30": "$86", "2015-06-30": "$85", "2015-03-31": "$76", "2014-12-31": "$76", "2014-09-30": "$87", "2014-06-30": "$83", "2014-03-31": "$78", "2013-12-31": "$77", "2013-09-30": "$81", "2013-06-30": "$74", "2013-03-31": "$65", "2012-12-31": "$59", "2012-09-30": "$69", "2012-06-30": "$70", "2012-03-31": "$61", "2011-12-31": "$54", "2011-09-30": "$68", "2011-06-30": "$70", "2011-03-31": "$65", "2010-12-31": "$54", "2010-09-30": "$67", "2010-06-30": "$59", "2010-03-31": "$53", "2009-12-31": "$45", "2009-09-30": "$37", "2009-06-30": "$25", "2009-03-31": "$18", "2008-12-31": "$22", "2008-09-30": "$36", "2008-06-30": "$47", "2008-03-31": "$38", "2007-12-31": "$43", "2007-09-30": "$46", "2007-06-30": "$41", "2007-03-31": "$41", "2006-12-31": "$38", "2006-09-30": "$47", "2006-06-30": "$31", "2006-03-31": "$45", "2005-12-31": "$38", "2005-09-30": "$34", "2005-06-30": "$35", "2005-03-31": "$37"}}, "operating-income": {"Littelfuse Annual Operating Income (Millions of US $)": {"2020": "$162", "2019": "$193", "2018": "$225", "2017": "$219", "2016": "$131", "2015": "$104", "2014": "$134", "2013": "$130", "2012": "$107", "2011": "$114", "2010": "$108", "2009": "$14", "2008": "$8", "2007": "$51", "2006": "$29", "2005": "$27"}, "Littelfuse Quarterly Operating Income (Millions of US $)": {"2020-12-31": "$65", "2020-09-30": "$65", "2020-06-30": "$-12", "2020-03-31": "$45", "2019-12-31": "$32", "2019-09-30": "$47", "2019-06-30": "$53", "2019-03-31": "$61", "2018-12-31": "$52", "2018-09-30": "$76", "2018-06-30": "$60", "2018-03-31": "$38", "2017-12-31": "$51", "2017-09-30": "$59", "2017-06-30": "$60", "2017-03-31": "$49", "2016-12-31": "$41", "2016-09-30": "$28", "2016-06-30": "$30", "2016-03-31": "$32", "2015-12-31": "$30", "2015-09-30": "$9", "2015-06-30": "$36", "2015-03-31": "$30", "2014-12-31": "$26", "2014-09-30": "$40", "2014-06-30": "$34", "2014-03-31": "$34", "2013-12-31": "$33", "2013-09-30": "$38", "2013-06-30": "$31", "2013-03-31": "$28", "2012-12-31": "$18", "2012-09-30": "$31", "2012-06-30": "$32", "2012-03-31": "$26", "2011-12-31": "$18", "2011-09-30": "$30", "2011-06-30": "$35", "2011-03-31": "$31", "2010-12-31": "$24", "2010-09-30": "$34", "2010-06-30": "$28", "2010-03-31": "$22", "2009-12-31": "$17", "2009-09-30": "$10", "2009-06-30": "$-3", "2009-03-31": "$-10", "2008-12-31": "$-13", "2008-09-30": "$2", "2008-06-30": "$13", "2008-03-31": "$6", "2007-12-31": "$10", "2007-09-30": "$20", "2007-06-30": "$12", "2007-03-31": "$9", "2006-12-31": "$5", "2006-09-30": "$12", "2006-06-30": "$-3", "2006-03-31": "$14", "2005-12-31": "$9", "2005-09-30": "$4", "2005-06-30": "$7", "2005-03-31": "$7"}}, "ebitda": {"Littelfuse Annual EBITDA (Millions of US $)": {"2019": "$286", "2018": "$330", "2017": "$282", "2016": "$199", "2015": "$146", "2014": "$176", "2013": "$164", "2012": "$138", "2011": "$146", "2010": "$140", "2009": "$50", "2008": "$41", "2007": "$80", "2006": "$57", "2005": "$58"}, "Littelfuse Quarterly EBITDA (Millions of US $)": {"2020-09-30": "$89", "2020-06-30": "$12", "2020-03-31": "$69", "2019-12-31": "$56", "2019-09-30": "$70", "2019-06-30": "$75", "2019-03-31": "$84", "2018-12-31": "$81", "2018-09-30": "$102", "2018-06-30": "$86", "2018-03-31": "$61", "2017-12-31": "$67", "2017-09-30": "$75", "2017-06-30": "$76", "2017-03-31": "$64", "2016-12-31": "$56", "2016-09-30": "$55", "2016-06-30": "$44", "2016-03-31": "$43", "2015-12-31": "$40", "2015-09-30": "$19", "2015-06-30": "$47", "2015-03-31": "$40", "2014-12-31": "$37", "2014-09-30": "$51", "2014-06-30": "$44", "2014-03-31": "$44", "2013-12-31": "$41", "2013-09-30": "$47", "2013-06-30": "$40", "2013-03-31": "$36", "2012-12-31": "$26", "2012-09-30": "$39", "2012-06-30": "$40", "2012-03-31": "$34", "2011-12-31": "$27", "2011-09-30": "$38", "2011-06-30": "$43", "2011-03-31": "$39", "2010-12-31": "$32", "2010-09-30": "$42", "2010-06-30": "$36", "2010-03-31": "$30", "2009-12-31": "$27", "2009-09-30": "$19", "2009-06-30": "$6", "2009-03-31": "$-2", "2008-12-31": "$-5", "2008-09-30": "$10", "2008-06-30": "$21", "2008-03-31": "$14", "2007-12-31": "$18", "2007-09-30": "$27", "2007-06-30": "$19", "2007-03-31": "$16", "2006-12-31": "$9", "2006-09-30": "$22", "2006-06-30": "$7", "2006-03-31": "$21", "2005-12-31": "$17", "2005-09-30": "$12", "2005-06-30": "$15", "2005-03-31": "$14"}}, "net-income": {"Littelfuse Annual Net Income (Millions of US $)": {"2020": "$130", "2019": "$139", "2018": "$165", "2017": "$120", "2016": "$104", "2015": "$81", "2014": "$98", "2013": "$89", "2012": "$75", "2011": "$87", "2010": "$78", "2009": "$9", "2008": "$8", "2007": "$37", "2006": "$24", "2005": "$18"}, "Littelfuse Quarterly Net Income (Millions of US $)": {"2020-12-31": "$59", "2020-09-30": "$55", "2020-06-30": "$-9", "2020-03-31": "$25", "2019-12-31": "$23", "2019-09-30": "$36", "2019-06-30": "$44", "2019-03-31": "$37", "2018-12-31": "$33", "2018-09-30": "$54", "2018-06-30": "$42", "2018-03-31": "$36", "2017-12-31": "$-11", "2017-09-30": "$43", "2017-06-30": "$49", "2017-03-31": "$39", "2016-12-31": "$27", "2016-09-30": "$31", "2016-06-30": "$27", "2016-03-31": "$19", "2015-12-31": "$21", "2015-09-30": "$11", "2015-06-30": "$29", "2015-03-31": "$20", "2014-12-31": "$18", "2014-09-30": "$30", "2014-06-30": "$25", "2014-03-31": "$25", "2013-12-31": "$24", "2013-09-30": "$27", "2013-06-30": "$27", "2013-03-31": "$11", "2012-12-31": "$12", "2012-09-30": "$23", "2012-06-30": "$23", "2012-03-31": "$18", "2011-12-31": "$15", "2011-09-30": "$25", "2011-06-30": "$25", "2011-03-31": "$22", "2010-12-31": "$19", "2010-09-30": "$23", "2010-06-30": "$20", "2010-03-31": "$15", "2009-12-31": "$12", "2009-09-30": "$8", "2009-06-30": "$-3", "2009-03-31": "$-8", "2008-12-31": "$-9", "2008-09-30": "$4", "2008-06-30": "$9", "2008-03-31": "$4", "2007-12-31": "$8", "2007-09-30": "$14", "2007-06-30": "$8", "2007-03-31": "$6", "2006-12-31": "$5", "2006-09-30": "$9", "2006-06-30": "$0", "2006-03-31": "$9", "2005-12-31": "$5", "2005-09-30": "$4", "2005-06-30": "$4", "2005-03-31": "$4"}}, "eps-earnings-per-share-diluted": {"Littelfuse Annual EPS": {"2020": "$5.29", "2019": "$5.60", "2018": "$6.52", "2017": "$5.21", "2016": "$4.60", "2015": "$3.56", "2014": "$4.32", "2013": "$3.94", "2012": "$3.40", "2011": "$3.90", "2010": "$3.52", "2009": "$0.43", "2008": "$0.37", "2007": "$1.64", "2006": "$1.06", "2005": "$0.78"}, "Littelfuse Quarterly EPS": {"2020-12-31": "$2.39", "2020-09-30": "$2.25", "2020-06-30": "$-0.37", "2020-03-31": "$1.00", "2019-12-31": "$0.93", "2019-09-30": "$1.44", "2019-06-30": "$1.75", "2019-03-31": "$1.48", "2018-12-31": "$1.30", "2018-09-30": "$2.10", "2018-06-30": "$1.67", "2018-03-31": "$1.45", "2017-12-31": "$-0.46", "2017-09-30": "$1.87", "2017-06-30": "$2.11", "2017-03-31": "$1.69", "2016-12-31": "$1.20", "2016-09-30": "$1.35", "2016-06-30": "$1.20", "2016-03-31": "$0.85", "2015-12-31": "$0.92", "2015-09-30": "$0.50", "2015-06-30": "$1.26", "2015-03-31": "$0.88", "2014-12-31": "$0.80", "2014-09-30": "$1.32", "2014-06-30": "$1.08", "2014-03-31": "$1.12", "2013-12-31": "$1.06", "2013-09-30": "$1.19", "2013-06-30": "$1.18", "2013-03-31": "$0.51", "2012-12-31": "$0.53", "2012-09-30": "$1.03", "2012-06-30": "$1.04", "2012-03-31": "$0.80", "2011-12-31": "$0.71", "2011-09-30": "$1.12", "2011-06-30": "$1.11", "2011-03-31": "$0.96", "2010-12-31": "$0.89", "2010-09-30": "$1.04", "2010-06-30": "$0.90", "2010-03-31": "$0.69", "2009-12-31": "$0.54", "2009-09-30": "$0.37", "2009-06-30": "$-0.12", "2009-03-31": "$-0.36", "2008-12-31": "$-0.42", "2008-09-30": "$0.18", "2008-06-30": "$0.42", "2008-03-31": "$0.19", "2007-12-31": "$0.35", "2007-09-30": "$0.64", "2007-06-30": "$0.37", "2007-03-31": "$0.28", "2006-12-31": "$0.20", "2006-09-30": "$0.42", "2006-06-30": "$0.02", "2006-03-31": "$0.42", "2005-12-31": "$0.22", "2005-09-30": "$0.17", "2005-06-30": "$0.19", "2005-03-31": "$0.20"}}, "shares-outstanding": {"Littelfuse Annual Shares Outstanding (Millions of Shares)": {"2020": "25", "2019": "25", "2018": "25", "2017": "23", "2016": "23", "2015": "23", "2014": "23", "2013": "23", "2012": "22", "2011": "22", "2010": "22", "2009": "22", "2008": "22", "2007": "22", "2006": "22", "2005": "23"}, "Littelfuse Quarterly Shares Outstanding (Millions of Shares)": {"2020-12-31": "25", "2020-09-30": "25", "2020-06-30": "24", "2020-03-31": "25", "2019-12-31": "25", "2019-09-30": "25", "2019-06-30": "25", "2019-03-31": "25", "2018-12-31": "25", "2018-09-30": "25", "2018-06-30": "25", "2018-03-31": "25", "2017-12-31": "23", "2017-09-30": "23", "2017-06-30": "23", "2017-03-31": "23", "2016-12-31": "23", "2016-09-30": "23", "2016-06-30": "23", "2016-03-31": "23", "2015-12-31": "23", "2015-09-30": "23", "2015-06-30": "23", "2015-03-31": "23", "2014-12-31": "23", "2014-09-30": "23", "2014-06-30": "23", "2014-03-31": "23", "2013-12-31": "23", "2013-09-30": "23", "2013-06-30": "22", "2013-03-31": "22", "2012-12-31": "22", "2012-09-30": "22", "2012-06-30": "22", "2012-03-31": "22", "2011-12-31": "22", "2011-09-30": "22", "2011-06-30": "23", "2011-03-31": "22", "2010-12-31": "22", "2010-09-30": "22", "2010-06-30": "22", "2010-03-31": "22", "2009-12-31": "22", "2009-09-30": "22", "2009-06-30": "22", "2009-03-31": "22", "2008-12-31": "22", "2008-09-30": "22", "2008-06-30": "22", "2008-03-31": "22", "2007-12-31": "22", "2007-09-30": "22", "2007-06-30": "23", "2007-03-31": "22", "2006-12-31": "22", "2006-09-30": "23", "2006-06-30": "23", "2006-03-31": "22", "2005-12-31": "23", "2005-09-30": "23", "2005-06-30": "23", "2005-03-31": "23"}}, "total-assets": {"Littelfuse Annual Total Assets (Millions of US $)": {"2019": "$2,560", "2018": "$2,614", "2017": "$1,740", "2016": "$1,491", "2015": "$1,065", "2014": "$1,071", "2013": "$1,024", "2012": "$778", "2011": "$678", "2010": "$621", "2009": "$533", "2008": "$539", "2007": "$491", "2006": "$465", "2005": "$404"}, "Littelfuse Quarterly Total Assets (Millions of US $)": {"2020-09-30": "$2,654", "2020-06-30": "$2,611", "2020-03-31": "$2,613", "2019-12-31": "$2,560", "2019-09-30": "$2,551", "2019-06-30": "$2,622", "2019-03-31": "$2,625", "2018-12-31": "$2,614", "2018-09-30": "$2,663", "2018-06-30": "$2,588", "2018-03-31": "$2,628", "2017-12-31": "$1,740", "2017-09-30": "$1,702", "2017-06-30": "$1,622", "2017-03-31": "$1,544", "2016-12-31": "$1,491", "2016-09-30": "$1,458", "2016-06-30": "$1,342", "2016-03-31": "$1,403", "2015-12-31": "$1,065", "2015-09-30": "$1,092", "2015-06-30": "$1,099", "2015-03-31": "$1,059", "2014-12-31": "$1,071", "2014-09-30": "$1,134", "2014-06-30": "$1,129", "2014-03-31": "$1,096", "2013-12-31": "$1,024", "2013-09-30": "$1,007", "2013-06-30": "$960", "2013-03-31": "$788", "2012-12-31": "$778", "2012-09-30": "$763", "2012-06-30": "$725", "2012-03-31": "$717", "2011-12-31": "$678", "2011-09-30": "$687", "2011-06-30": "$696", "2011-03-31": "$657", "2010-12-31": "$621", "2010-09-30": "$599", "2010-06-30": "$566", "2010-03-31": "$551", "2009-12-31": "$533", "2009-09-30": "$530", "2009-06-30": "$510", "2009-03-31": "$511", "2008-12-31": "$539", "2008-09-30": "$518", "2008-06-30": "$516", "2008-03-31": "$511", "2007-12-31": "$491", "2007-09-30": "$487", "2007-06-30": "$464", "2007-03-31": "$470", "2006-12-31": "$465", "2006-09-30": "$475", "2006-06-30": "$454", "2006-03-31": "$411", "2005-12-31": "$404", "2005-09-30": "$433", "2005-06-30": "$431", "2005-03-31": "$428"}}, "cash-on-hand": {"Littelfuse Annual Cash on Hand (Millions of US $)": {"2019": "$531", "2018": "$490", "2017": "$430", "2016": "$279", "2015": "$333", "2014": "$302", "2013": "$312", "2012": "$235", "2011": "$178", "2010": "$110", "2009": "$70", "2008": "$71", "2007": "$65", "2006": "$57", "2005": "$22"}, "Littelfuse Quarterly Cash on Hand (Millions of US $)": {"2020-09-30": "$642", "2020-06-30": "$652", "2020-03-31": "$621", "2019-12-31": "$531", "2019-09-30": "$476", "2019-06-30": "$475", "2019-03-31": "$477", "2018-12-31": "$490", "2018-09-30": "$498", "2018-06-30": "$408", "2018-03-31": "$412", "2017-12-31": "$430", "2017-09-30": "$373", "2017-06-30": "$322", "2017-03-31": "$278", "2016-12-31": "$279", "2016-09-30": "$198", "2016-06-30": "$183", "2016-03-31": "$277", "2015-12-31": "$333", "2015-09-30": "$341", "2015-06-30": "$316", "2015-03-31": "$298", "2014-12-31": "$302", "2014-09-30": "$378", "2014-06-30": "$353", "2014-03-31": "$327", "2013-12-31": "$312", "2013-09-30": "$302", "2013-06-30": "$266", "2013-03-31": "$255", "2012-12-31": "$235", "2012-09-30": "$207", "2012-06-30": "$174", "2012-03-31": "$198", "2011-12-31": "$178", "2011-09-30": "$163", "2011-06-30": "$164", "2011-03-31": "$132", "2010-12-31": "$110", "2010-09-30": "$119", "2010-06-30": "$88", "2010-03-31": "$77", "2009-12-31": "$70", "2009-09-30": "$57", "2009-06-30": "$48", "2009-03-31": "$60", "2008-12-31": "$71", "2008-09-30": "$67", "2008-06-30": "$55", "2008-03-31": "$53", "2007-12-31": "$65", "2007-09-30": "$58", "2007-06-30": "$49", "2007-03-31": "$59", "2006-12-31": "$57", "2006-09-30": "$43", "2006-06-30": "$35", "2006-03-31": "$30", "2005-12-31": "$22", "2005-09-30": "$34", "2005-06-30": "$33", "2005-03-31": "$29"}}, "long-term-debt": {"Littelfuse Annual Long Term Debt (Millions of US $)": {"2019": "$669", "2018": "$685", "2017": "$489", "2016": "$448", "2015": "$84", "2014": "$107", "2013": "$94", "2012": "$", "2011": "$", "2010": "$41", "2009": "$49", "2008": "$72", "2007": "$1", "2006": "$2", "2005": "$"}, "Littelfuse Quarterly Long Term Debt (Millions of US $)": {"2020-09-30": "$726", "2020-06-30": "$776", "2020-03-31": "$764", "2019-12-31": "$669", "2019-09-30": "$668", "2019-06-30": "$677", "2019-03-31": "$677", "2018-12-31": "$685", "2018-09-30": "$691", "2018-06-30": "$688", "2018-03-31": "$743", "2017-12-31": "$489", "2017-09-30": "$492", "2017-06-30": "$474", "2017-03-31": "$464", "2016-12-31": "$448", "2016-09-30": "$434", "2016-06-30": "$362", "2016-03-31": "$371", "2015-12-31": "$84", "2015-09-30": "$92", "2015-06-30": "$97", "2015-03-31": "$103", "2014-12-31": "$107", "2014-09-30": "$90", "2014-06-30": "$91", "2014-03-31": "$93", "2013-12-31": "$94", "2013-09-30": "$95", "2013-06-30": "$95", "2013-03-31": "", "2012-12-31": "", "2012-09-30": "", "2012-06-30": "", "2012-03-31": "", "2011-12-31": "", "2011-09-30": "", "2011-06-30": "", "2011-03-31": "$39", "2010-12-31": "$41", "2010-09-30": "$43", "2010-06-30": "$45", "2010-03-31": "$47", "2009-12-31": "$49", "2009-09-30": "$58", "2009-06-30": "$60", "2009-03-31": "$70", "2008-12-31": "$72", "2008-09-30": "", "2008-06-30": "", "2008-03-31": "$1", "2007-12-31": "$1", "2007-09-30": "$1", "2007-06-30": "$1", "2007-03-31": "$2", "2006-12-31": "$2", "2006-09-30": "$2", "2006-06-30": "$2", "2006-03-31": "", "2005-12-31": "", "2005-09-30": "$2", "2005-06-30": "$2", "2005-03-31": "$1"}}, "total-liabilities": {"Littelfuse Annual Total Liabilities (Millions of US $)": {"2019": "$1,064", "2018": "$1,136", "2017": "$813", "2016": "$676", "2015": "$326", "2014": "$343", "2013": "$337", "2012": "$190", "2011": "$177", "2010": "$168", "2009": "$155", "2008": "$205", "2007": "$138", "2006": "$161", "2005": "$127"}, "Littelfuse Quarterly Total Liabilities (Millions of US $)": {"2020-09-30": "$1,125", "2020-06-30": "$1,149", "2020-03-31": "$1,136", "2019-12-31": "$1,064", "2019-09-30": "$1,079", "2019-06-30": "$1,112", "2019-03-31": "$1,120", "2018-12-31": "$1,136", "2018-09-30": "$1,144", "2018-06-30": "$1,118", "2018-03-31": "$1,186", "2017-12-31": "$813", "2017-09-30": "$769", "2017-06-30": "$727", "2017-03-31": "$688", "2016-12-31": "$676", "2016-09-30": "$655", "2016-06-30": "$567", "2016-03-31": "$630", "2015-12-31": "$326", "2015-09-30": "$358", "2015-06-30": "$332", "2015-03-31": "$324", "2014-12-31": "$343", "2014-09-30": "$396", "2014-06-30": "$401", "2014-03-31": "$389", "2013-12-31": "$337", "2013-09-30": "$347", "2013-06-30": "$337", "2013-03-31": "$190", "2012-12-31": "$190", "2012-09-30": "$183", "2012-06-30": "$179", "2012-03-31": "$187", "2011-12-31": "$177", "2011-09-30": "$191", "2011-06-30": "$168", "2011-03-31": "$164", "2010-12-31": "$168", "2010-09-30": "$165", "2010-06-30": "$152", "2010-03-31": "$152", "2009-12-31": "$155", "2009-09-30": "$173", "2009-06-30": "$174", "2009-03-31": "$188", "2008-12-31": "$205", "2008-09-30": "$148", "2008-06-30": "$144", "2008-03-31": "$149", "2007-12-31": "$138", "2007-09-30": "$134", "2007-06-30": "$132", "2007-03-31": "$154", "2006-12-31": "$161", "2006-09-30": "$165", "2006-06-30": "$158", "2006-03-31": "$118", "2005-12-31": "$127", "2005-09-30": "$151", "2005-06-30": "$156", "2005-03-31": "$156"}}, "total-share-holder-equity": {"Littelfuse Annual Share Holder Equity (Millions of US $)": {"2019": "$1,496", "2018": "$1,478", "2017": "$928", "2016": "$815", "2015": "$739", "2014": "$728", "2013": "$687", "2012": "$588", "2011": "$501", "2010": "$453", "2009": "$379", "2008": "$334", "2007": "$353", "2006": "$304", "2005": "$277"}, "Littelfuse Quarterly Share Holder Equity (Millions of US $)": {"2020-09-30": "$1,530", "2020-06-30": "$1,462", "2020-03-31": "$1,477", "2019-12-31": "$1,496", "2019-09-30": "$1,472", "2019-06-30": "$1,510", "2019-03-31": "$1,505", "2018-12-31": "$1,478", "2018-09-30": "$1,519", "2018-06-30": "$1,470", "2018-03-31": "$1,442", "2017-12-31": "$928", "2017-09-30": "$933", "2017-06-30": "$895", "2017-03-31": "$856", "2016-12-31": "$815", "2016-09-30": "$803", "2016-06-30": "$775", "2016-03-31": "$773", "2015-12-31": "$739", "2015-09-30": "$734", "2015-06-30": "$767", "2015-03-31": "$735", "2014-12-31": "$728", "2014-09-30": "$738", "2014-06-30": "$727", "2014-03-31": "$706", "2013-12-31": "$687", "2013-09-30": "$660", "2013-06-30": "$623", "2013-03-31": "$597", "2012-12-31": "$588", "2012-09-30": "$581", "2012-06-30": "$547", "2012-03-31": "$529", "2011-12-31": "$501", "2011-09-30": "$496", "2011-06-30": "$528", "2011-03-31": "$493", "2010-12-31": "$453", "2010-09-30": "$434", "2010-06-30": "$414", "2010-03-31": "$399", "2009-12-31": "$379", "2009-09-30": "$357", "2009-06-30": "$336", "2009-03-31": "$324", "2008-12-31": "$334", "2008-09-30": "$371", "2008-06-30": "$371", "2008-03-31": "$362", "2007-12-31": "$353", "2007-09-30": "$353", "2007-06-30": "$332", "2007-03-31": "$316", "2006-12-31": "$304", "2006-09-30": "$310", "2006-06-30": "$296", "2006-03-31": "$293", "2005-12-31": "$277", "2005-09-30": "$282", "2005-06-30": "$275", "2005-03-31": "$272"}}, "profit-margins": {"current": "8.99%"}, "gross margin": {"2020-12-31": "34.51%", "2020-09-30": "34.25%", "2020-06-30": "34.49%", "2020-03-31": "35.29%", "2019-12-31": "35.95%", "2019-09-30": "37.12%", "2019-06-30": "38.36%", "2019-03-31": "38.57%", "2018-12-31": "38.01%", "2018-09-30": "38.62%", "2018-06-30": "38.67%", "2018-03-31": "40.18%", "2017-12-31": "41.61%", "2017-09-30": "41.22%", "2017-06-30": "40.84%", "2017-03-31": "39.22%", "2016-12-31": "39.11%", "2016-09-30": "38.55%", "2016-06-30": "38.19%", "2016-03-31": "38.88%", "2015-12-31": "38.02%", "2015-09-30": "37.78%", "2015-06-30": "37.81%", "2015-03-31": "37.62%", "2014-12-31": "37.98%", "2014-09-30": "38.51%", "2014-06-30": "38.57%", "2014-03-31": "39.04%", "2013-12-31": "39.18%", "2013-09-30": "38.80%", "2013-06-30": "38.64%", "2013-03-31": "38.73%", "2012-12-31": "38.71%", "2012-09-30": "38.66%", "2012-06-30": "38.45%", "2012-03-31": "38.39%", "2011-12-31": "38.65%", "2011-09-30": "38.88%", "2011-06-30": "39.38%", "2011-03-31": "38.83%", "2010-12-31": "38.32%", "2010-09-30": "37.77%", "2010-06-30": "35.53%", "2010-03-31": "32.72%", "2009-12-31": "29.14%", "2009-09-30": "25.06%", "2009-06-30": "23.38%", "2009-03-31": "25.57%", "2008-12-31": "26.93%", "2008-09-30": "29.29%", "2008-06-30": "31.13%", "2008-03-31": "31.23%", "2007-12-31": "31.90%", "2007-09-30": "31.38%", "2007-06-30": "31.39%", "2007-03-31": "29.02%", "2006-12-31": "30.09%", "2006-09-30": "30.84%", "2006-06-30": "29.54%", "2006-03-31": "31.73%", "2005-12-31": "30.84%"}, "operating margin": {"2020-12-31": "11.27%", "2020-09-30": "9.39%", "2020-06-30": "8.27%", "2020-03-31": "12.25%", "2019-12-31": "12.82%", "2019-09-30": "13.58%", "2019-06-30": "14.71%", "2019-03-31": "14.60%", "2018-12-31": "13.15%", "2018-09-30": "13.88%", "2018-06-30": "13.87%", "2018-03-31": "15.36%", "2017-12-31": "17.94%", "2017-09-30": "17.40%", "2017-06-30": "15.31%", "2017-03-31": "13.19%", "2016-12-31": "12.41%", "2016-09-30": "12.11%", "2016-06-30": "10.90%", "2016-03-31": "12.20%", "2015-12-31": "12.10%", "2015-09-30": "11.81%", "2015-06-30": "15.40%", "2015-03-31": "15.19%", "2014-12-31": "15.71%", "2014-09-30": "16.71%", "2014-06-30": "16.81%", "2014-03-31": "17.13%", "2013-12-31": "17.15%", "2013-09-30": "15.99%", "2013-06-30": "15.63%", "2013-03-31": "16.05%", "2012-12-31": "15.99%", "2012-09-30": "16.29%", "2012-06-30": "16.11%", "2012-03-31": "16.54%", "2011-12-31": "17.14%", "2011-09-30": "18.15%", "2011-06-30": "19.08%", "2011-03-31": "18.54%", "2010-12-31": "17.76%", "2010-09-30": "17.03%", "2010-06-30": "14.10%", "2010-03-31": "9.41%", "2009-12-31": "3.26%", "2009-09-30": "-3.93%", "2009-06-30": "-5.56%", "2009-03-31": "-1.66%", "2008-12-31": "1.51%", "2008-09-30": "5.54%", "2008-06-30": "8.77%", "2008-03-31": "8.92%", "2007-12-31": "9.51%", "2007-09-30": "8.70%", "2007-06-30": "7.14%", "2007-03-31": "4.25%", "2006-12-31": "5.23%", "2006-09-30": "6.13%", "2006-06-30": "4.79%", "2006-03-31": "7.10%", "2005-12-31": "5.78%"}, "ebitda margin": {"2020-09-30": "16.33%", "2020-06-30": "15.29%", "2020-03-31": "18.69%", "2019-12-31": "18.94%", "2019-09-30": "19.77%", "2019-06-30": "20.79%", "2019-03-31": "20.69%", "2018-12-31": "19.21%", "2018-09-30": "19.49%", "2018-06-30": "19.27%", "2018-03-31": "20.61%", "2017-12-31": "23.10%", "2017-09-30": "22.56%", "2017-06-30": "21.58%", "2017-03-31": "19.52%", "2016-12-31": "18.75%", "2016-09-30": "18.37%", "2016-06-30": "15.75%", "2016-03-31": "16.99%", "2015-12-31": "16.82%", "2015-09-30": "16.73%", "2015-06-30": "20.42%", "2015-03-31": "20.09%", "2014-12-31": "20.63%", "2014-09-30": "21.33%", "2014-06-30": "21.28%", "2014-03-31": "21.66%", "2013-12-31": "21.64%", "2013-09-30": "20.72%", "2013-06-30": "20.41%", "2013-03-31": "20.77%", "2012-12-31": "20.78%", "2012-09-30": "21.31%", "2012-06-30": "21.12%", "2012-03-31": "21.55%", "2011-12-31": "22.11%", "2011-09-30": "23.00%", "2011-06-30": "24.00%", "2011-03-31": "23.61%", "2010-12-31": "23.03%", "2010-09-30": "22.77%", "2010-06-30": "20.51%", "2010-03-31": "16.77%", "2009-12-31": "11.66%", "2009-09-30": "4.42%", "2009-06-30": "2.08%", "2009-03-31": "4.99%", "2008-12-31": "7.53%", "2008-09-30": "11.25%", "2008-06-30": "14.31%", "2008-03-31": "14.50%", "2007-12-31": "14.93%", "2007-09-30": "13.42%", "2007-06-30": "12.41%", "2007-03-31": "9.98%", "2006-12-31": "11.03%", "2006-09-30": "12.84%", "2006-06-30": "11.38%", "2006-03-31": "13.57%", "2005-12-31": "12.42%"}, "pre tax profit margin": {"2020-12-31": "11.07%", "2020-09-30": "8.31%", "2020-06-30": "6.57%", "2020-03-31": "10.66%", "2019-12-31": "10.96%", "2019-09-30": "11.54%", "2019-06-30": "12.64%", "2019-03-31": "12.08%", "2018-12-31": "11.93%", "2018-09-30": "12.89%", "2018-06-30": "13.13%", "2018-03-31": "14.92%", "2017-12-31": "16.71%", "2017-09-30": "15.99%", "2017-06-30": "14.27%", "2017-03-31": "12.75%", "2016-12-31": "11.65%", "2016-09-30": "12.21%", "2016-06-30": "11.22%", "2016-03-31": "12.31%", "2015-12-31": "12.33%", "2015-09-30": "11.93%", "2015-06-30": "15.17%", "2015-03-31": "14.49%", "2014-12-31": "15.47%", "2014-09-30": "16.71%", "2014-06-30": "16.57%", "2014-03-31": "17.63%", "2013-12-31": "16.36%", "2013-09-30": "14.60%", "2013-06-30": "14.04%", "2013-03-31": "13.70%", "2012-12-31": "14.95%", "2012-09-30": "15.83%", "2012-06-30": "16.11%", "2012-03-31": "16.69%", "2011-12-31": "17.44%", "2011-09-30": "18.31%", "2011-06-30": "19.08%", "2011-03-31": "18.70%", "2010-12-31": "17.76%", "2010-09-30": "16.86%", "2010-06-30": "13.74%", "2010-03-31": "8.59%", "2009-12-31": "2.56%", "2009-09-30": "-4.42%", "2009-06-30": "-5.09%", "2009-03-31": "-1.04%", "2008-12-31": "2.07%", "2008-09-30": "6.07%", "2008-06-30": "8.77%", "2008-03-31": "8.92%", "2007-12-31": "9.51%", "2007-09-30": "8.88%", "2007-06-30": "7.33%", "2007-03-31": "4.62%", "2006-12-31": "5.61%", "2006-09-30": "6.13%", "2006-06-30": "5.39%", "2006-03-31": "7.31%", "2005-12-31": "6.00%"}, "net profit margin": {"2020-12-31": "8.99%", "2020-09-30": "6.79%", "2020-06-30": "5.54%", "2020-03-31": "8.86%", "2019-12-31": "9.30%", "2019-09-30": "9.57%", "2019-06-30": "10.21%", "2019-03-31": "9.73%", "2018-12-31": "9.60%", "2018-09-30": "7.46%", "2018-06-30": "7.33%", "2018-03-31": "8.64%", "2017-12-31": "9.83%", "2017-09-30": "13.16%", "2017-06-30": "12.55%", "2017-03-31": "11.05%", "2016-12-31": "9.85%", "2016-09-30": "9.89%", "2016-06-30": "8.41%", "2016-03-31": "9.12%", "2015-12-31": "9.33%", "2015-09-30": "9.12%", "2015-06-30": "11.32%", "2015-03-31": "10.86%", "2014-12-31": "11.49%", "2014-09-30": "12.32%", "2014-06-30": "12.21%", "2014-03-31": "12.97%", "2013-12-31": "11.74%", "2013-09-30": "10.71%", "2013-06-30": "10.56%", "2013-03-31": "10.16%", "2012-12-31": "11.36%", "2012-09-30": "12.02%", "2012-06-30": "12.31%", "2012-03-31": "12.59%", "2011-12-31": "13.08%", "2011-09-30": "13.77%", "2011-06-30": "13.69%", "2011-03-31": "13.31%", "2010-12-31": "12.66%", "2010-09-30": "11.80%", "2010-06-30": "10.07%", "2010-03-31": "6.54%", "2009-12-31": "2.10%", "2009-09-30": "-2.95%", "2009-06-30": "-3.70%", "2009-03-31": "-0.83%", "2008-12-31": "1.51%", "2008-09-30": "4.46%", "2008-06-30": "6.26%", "2008-03-31": "6.32%", "2007-12-31": "6.72%", "2007-09-30": "6.24%", "2007-06-30": "5.26%", "2007-03-31": "3.70%", "2006-12-31": "4.30%", "2006-09-30": "4.41%", "2006-06-30": "3.59%", "2006-03-31": "4.59%", "2005-12-31": "3.64%"}, "pe ratio": {"current": "41.00", "2021-02-05": "90.97", "2020-12-31": "88.42", "2020-09-30": "46.57", "2020-06-30": "56.80", "2020-03-31": "25.91", "2019-12-31": "33.87", "2019-09-30": "29.37", "2019-06-30": "26.30", "2019-03-31": "27.39", "2018-12-31": "25.80", "2018-09-30": "40.79", "2018-06-30": "49.34", "2018-03-31": "40.94", "2017-12-31": "37.04", "2017-09-30": "27.70", "2017-06-30": "25.19", "2017-03-31": "28.45", "2016-12-31": "31.88", "2016-09-30": "28.16", "2016-06-30": "31.94", "2016-03-31": "32.63", "2015-12-31": "28.06", "2015-09-30": "24.78", "2015-06-30": "20.84", "2015-03-31": "22.72", "2014-12-31": "20.84", "2014-09-30": "17.59", "2014-06-30": "19.70", "2014-03-31": "19.36", "2013-12-31": "21.34", "2013-09-30": "21.01", "2013-06-30": "20.64", "2013-03-31": "19.35", "2012-12-31": "16.77", "2012-09-30": "14.22", "2012-06-30": "14.10", "2012-03-31": "15.33", "2011-12-31": "10.07", "2011-09-30": "8.97", "2011-06-30": "13.30", "2011-03-31": "13.62", "2010-12-31": "12.05", "2010-09-30": "12.39", "2010-06-30": "11.37", "2010-03-31": "23.17", "2009-12-31": "68.59", "2009-09-30": "0.00", "2009-06-30": "0.00", "2009-03-31": "0.00", "2008-12-31": "40.20", "2008-09-30": "23.16", "2008-06-30": "17.56", "2008-03-31": "20.09", "2007-12-31": "17.90", "2007-09-30": "21.32", "2007-06-30": "23.64", "2007-03-31": "39.12", "2006-12-31": "26.70"}, "price sales": {"2021-02-05": "4.45", "2020-12-31": "4.33", "2020-09-30": "3.14", "2020-06-30": "3.09", "2020-03-31": "2.27", "2019-12-31": "3.13", "2019-09-30": "2.79", "2019-06-30": "2.67", "2019-03-31": "2.65", "2018-12-31": "2.47", "2018-09-30": "2.95", "2018-06-30": "3.58", "2018-03-31": "3.52", "2017-12-31": "3.62", "2017-09-30": "3.63", "2017-06-30": "3.14", "2017-03-31": "3.14", "2016-12-31": "3.14", "2016-09-30": "2.83", "2016-06-30": "2.77", "2016-03-31": "3.05", "2015-12-31": "2.68", "2015-09-30": "2.31", "2015-06-30": "2.39", "2015-03-31": "2.50", "2014-12-31": "2.43", "2014-09-30": "2.16", "2014-06-30": "2.39", "2014-03-31": "2.50", "2013-12-31": "2.58", "2013-09-30": "2.27", "2013-06-30": "2.24", "2013-03-31": "2.06", "2012-12-31": "1.88", "2012-09-30": "1.75", "2012-06-30": "1.76", "2012-03-31": "1.94", "2011-12-31": "1.32", "2011-09-30": "1.24", "2011-06-30": "1.83", "2011-03-31": "1.82", "2010-12-31": "1.55", "2010-09-30": "1.47", "2010-06-30": "1.15", "2010-03-31": "1.52", "2009-12-31": "1.46", "2009-09-30": "1.26", "2009-06-30": "0.90", "2009-03-31": "0.45", "2008-12-31": "0.61", "2008-09-30": "1.05", "2008-06-30": "1.12", "2008-03-31": "1.30", "2007-12-31": "1.24", "2007-09-30": "1.36", "2007-06-30": "1.28", "2007-03-31": "1.51", "2006-12-31": "1.20"}, "price book": {"current": "3.97", "2021-02-05": "4.17", "2020-09-30": "2.82", "2020-06-30": "2.83", "2020-03-31": "2.18", "2019-12-31": "3.09", "2019-09-30": "2.89", "2019-06-30": "2.84", "2019-03-31": "2.94", "2018-12-31": "2.81", "2018-09-30": "3.20", "2018-06-30": "3.72", "2018-03-31": "3.44", "2017-12-31": "4.71", "2017-09-30": "4.62", "2017-06-30": "4.05", "2017-03-31": "4.10", "2016-12-31": "3.99", "2016-09-30": "3.49", "2016-06-30": "3.30", "2016-03-31": "3.42", "2015-12-31": "3.05", "2015-09-30": "2.65", "2015-06-30": "2.67", "2015-03-31": "2.90", "2014-12-31": "2.81", "2014-09-30": "2.45", "2014-06-30": "2.70", "2014-03-31": "2.80", "2013-12-31": "2.84", "2013-09-30": "2.47", "2013-06-30": "2.50", "2013-03-31": "2.33", "2012-12-31": "1.94", "2012-09-30": "1.97", "2012-06-30": "2.09", "2012-03-31": "2.35", "2011-12-31": "1.68", "2011-09-30": "1.58", "2011-06-30": "2.24", "2011-03-31": "2.30", "2010-12-31": "2.03", "2010-09-30": "1.95", "2010-06-30": "1.51", "2010-03-31": "1.87", "2009-12-31": "1.66", "2009-09-30": "1.43", "2009-06-30": "1.16", "2009-03-31": "0.66", "2008-12-31": "0.97", "2008-09-30": "1.56", "2008-06-30": "1.65", "2008-03-31": "1.88", "2007-12-31": "1.83", "2007-09-30": "2.03", "2007-06-30": "2.04", "2007-03-31": "2.56", "2006-12-31": "2.08", "2006-09-30": "2.25", "2006-06-30": "2.31", "2006-03-31": "2.33"}, "price fcf": {"2021-02-05": "", "2020-09-30": "$7.67", "2020-06-30": "$8.15", "2020-03-31": "$8.11", "2019-12-31": "$7.64", "2019-09-30": "$7.79", "2019-06-30": "$9.05", "2019-03-31": "$9.19", "2018-12-31": "$10.57", "2018-09-30": "$10.83", "2018-06-30": "$10.02", "2018-03-31": "$10.52", "2017-12-31": "$8.91", "2017-09-30": "$8.82", "2017-06-30": "$8.07", "2017-03-31": "$6.35", "2016-12-31": "$5.90", "2016-09-30": "$4.80", "2016-06-30": "$4.49", "2016-03-31": "$4.90", "2015-12-31": "$5.37", "2015-09-30": "$5.06", "2015-06-30": "$5.59", "2015-03-31": "$5.58", "2014-12-31": "$5.32", "2014-09-30": "$4.71", "2014-06-30": "$3.86", "2014-03-31": "$3.42", "2013-12-31": "$3.66", "2013-09-30": "$4.21", "2013-06-30": "$4.31", "2013-03-31": "$4.67", "2012-12-31": "$4.40", "2012-09-30": "$4.29", "2012-06-30": "$4.25", "2012-03-31": "$4.44", "2011-12-31": "$4.65", "2011-09-30": "$4.28", "2011-06-30": "$4.43", "2011-03-31": "$3.90", "2010-12-31": "$3.90", "2010-09-30": "$4.15", "2010-06-30": "$2.49", "2010-03-31": "$1.55", "2009-12-31": "$0.72", "2009-09-30": "$-0.60", "2009-06-30": "$-0.67", "2009-03-31": "$-0.14", "2008-12-31": "$-0.29", "2008-09-30": "$0.45", "2008-06-30": "$0.86", "2008-03-31": "$0.94", "2007-12-31": "$1.32", "2007-09-30": "$1.04", "2007-06-30": "$1.02", "2007-03-31": "$1.71", "2006-12-31": "$2.73"}, "net worth": {"value": "$6.39B"}, "current ratio": {"2020-12-31": "4.42", "2020-09-30": "4.90", "2020-06-30": "5.35", "2020-03-31": "5.25", "2019-12-31": "4.45", "2019-09-30": "4.05", "2019-06-30": "3.90", "2019-03-31": "3.82", "2018-12-31": "3.50", "2018-09-30": "3.46", "2018-06-30": "3.59", "2018-03-31": "3.68", "2017-12-31": "3.53", "2017-09-30": "3.36", "2017-06-30": "3.49", "2017-03-31": "3.58", "2016-12-31": "3.26", "2016-09-30": "2.96", "2016-06-30": "2.91", "2016-03-31": "2.60", "2015-12-31": "2.77", "2015-09-30": "2.65", "2015-06-30": "2.96", "2015-03-31": "2.98", "2014-12-31": "2.71", "2014-09-30": "2.30", "2014-06-30": "2.22", "2014-03-31": "2.23", "2013-12-31": "2.71", "2013-09-30": "2.52", "2013-06-30": "2.44", "2013-03-31": "2.93", "2012-12-31": "2.87", "2012-09-30": "2.68", "2012-06-30": "2.58", "2012-03-31": "2.53", "2011-12-31": "2.54", "2011-09-30": "2.26", "2011-06-30": "2.65", "2011-03-31": "3.28", "2010-12-31": "2.90", "2010-09-30": "3.29", "2010-06-30": "3.44", "2010-03-31": "3.30", "2009-12-31": "3.23", "2009-09-30": "2.82", "2009-06-30": "3.11", "2009-03-31": "3.46", "2008-12-31": "3.15", "2008-09-30": "2.25", "2008-06-30": "2.39", "2008-03-31": "2.29", "2007-12-31": "2.44", "2007-09-30": "2.76", "2007-06-30": "3.48", "2007-03-31": "2.69", "2006-12-31": "2.33", "2006-09-30": "1.71", "2006-06-30": "1.74", "2006-03-31": "2.30", "2005-12-31": "2.03", "2005-09-30": "1.93", "2005-06-30": "1.87", "2005-03-31": "1.80"}, "quick ratio": {"2020-12-31": "3.48", "2020-09-30": "3.86", "2020-06-30": "4.17", "2020-03-31": "4.16", "2019-12-31": "3.40", "2019-09-30": "3.09", "2019-06-30": "2.95", "2019-03-31": "2.85", "2018-12-31": "2.62", "2018-09-30": "2.65", "2018-06-30": "2.69", "2018-03-31": "2.68", "2017-12-31": "2.90", "2017-09-30": "2.75", "2017-06-30": "2.87", "2017-03-31": "2.91", "2016-12-31": "2.66", "2016-09-30": "2.31", "2016-06-30": "2.21", "2016-03-31": "2.03", "2015-12-31": "2.30", "2015-09-30": "2.22", "2015-06-30": "2.48", "2015-03-31": "2.48", "2014-12-31": "2.23", "2014-09-30": "1.95", "2014-06-30": "1.88", "2014-03-31": "1.86", "2013-12-31": "2.27", "2013-09-30": "2.10", "2013-06-30": "2.04", "2013-03-31": "2.48", "2012-12-31": "2.38", "2012-09-30": "2.17", "2012-06-30": "2.06", "2012-03-31": "2.06", "2011-12-31": "2.03", "2011-09-30": "1.78", "2011-06-30": "2.11", "2011-03-31": "2.56", "2010-12-31": "2.17", "2010-09-30": "2.62", "2010-06-30": "2.73", "2010-03-31": "2.60", "2009-12-31": "2.53", "2009-09-30": "2.13", "2009-06-30": "2.26", "2009-03-31": "2.40", "2008-12-31": "2.23", "2008-09-30": "1.65", "2008-06-30": "1.75", "2008-03-31": "1.68", "2007-12-31": "1.83", "2007-09-30": "2.06", "2007-06-30": "2.47", "2007-03-31": "1.93", "2006-12-31": "1.66", "2006-09-30": "1.22", "2006-06-30": "1.22", "2006-03-31": "1.55", "2005-12-31": "1.40", "2005-09-30": "1.32", "2005-06-30": "1.25", "2005-03-31": "1.14"}, "debt equity ratio": {"current": "0.43", "2020-12-31": "0.71", "2020-09-30": "0.74", "2020-06-30": "0.79", "2020-03-31": "0.77", "2019-12-31": "0.71", "2019-09-30": "0.73", "2019-06-30": "0.74", "2019-03-31": "0.74", "2018-12-31": "0.77", "2018-09-30": "0.75", "2018-06-30": "0.76", "2018-03-31": "0.82", "2017-12-31": "0.88", "2017-09-30": "0.82", "2017-06-30": "0.81", "2017-03-31": "0.80", "2016-12-31": "0.83", "2016-09-30": "0.82", "2016-06-30": "0.73", "2016-03-31": "0.81", "2015-12-31": "0.44", "2015-09-30": "0.49", "2015-06-30": "0.43", "2015-03-31": "0.44", "2014-12-31": "0.47", "2014-09-30": "0.54", "2014-06-30": "0.55", "2014-03-31": "0.55", "2013-12-31": "0.49", "2013-09-30": "0.53", "2013-06-30": "0.54", "2013-03-31": "0.32", "2012-12-31": "0.32", "2012-09-30": "0.32", "2012-06-30": "0.33", "2012-03-31": "0.35", "2011-12-31": "0.35", "2011-09-30": "0.38", "2011-06-30": "0.32", "2011-03-31": "0.33", "2010-12-31": "0.37", "2010-09-30": "0.38", "2010-06-30": "0.37", "2010-03-31": "0.38", "2009-12-31": "0.41", "2009-09-30": "0.48", "2009-06-30": "0.52", "2009-03-31": "0.58", "2008-12-31": "0.61", "2008-09-30": "0.40", "2008-06-30": "0.39", "2008-03-31": "0.41", "2007-12-31": "0.39", "2007-09-30": "0.38", "2007-06-30": "0.40", "2007-03-31": "0.49", "2006-12-31": "0.53", "2006-09-30": "0.53", "2006-06-30": "0.53", "2006-03-31": "0.40", "2005-12-31": "0.46", "2005-09-30": "0.54", "2005-06-30": "0.57", "2005-03-31": "0.57"}, "return on equity": {"2020-12-31": "8.56%", "2020-09-30": "6.30%", "2020-06-30": "5.08%", "2020-03-31": "8.60%", "2019-12-31": "9.36%", "2019-09-30": "10.06%", "2019-06-30": "11.18%", "2019-03-31": "11.12%", "2018-12-31": "11.17%", "2018-09-30": "9.03%", "2018-06-30": "9.22%", "2018-03-31": "11.15%", "2017-12-31": "13.29%", "2017-09-30": "18.06%", "2017-06-30": "17.33%", "2017-03-31": "15.27%", "2016-12-31": "13.14%", "2016-09-30": "12.69%", "2016-06-30": "10.33%", "2016-03-31": "10.62%", "2015-12-31": "10.89%", "2015-09-30": "10.53%", "2015-06-30": "13.07%", "2015-03-31": "12.70%", "2014-12-31": "13.52%", "2014-09-30": "14.56%", "2014-06-30": "14.53%", "2014-03-31": "15.40%", "2013-12-31": "13.87%", "2013-09-30": "12.48%", "2013-06-30": "12.22%", "2013-03-31": "11.93%", "2012-12-31": "13.54%", "2012-09-30": "14.64%", "2012-06-30": "15.63%", "2012-03-31": "16.16%", "2011-12-31": "17.24%", "2011-09-30": "18.48%", "2011-06-30": "18.66%", "2011-03-31": "18.73%", "2010-12-31": "18.12%", "2010-09-30": "17.22%", "2010-06-30": "14.20%", "2010-03-31": "8.70%", "2009-12-31": "2.58%", "2009-09-30": "-3.55%", "2009-06-30": "-4.69%", "2009-03-31": "-1.14%", "2008-12-31": "2.23%", "2008-09-30": "6.86%", "2008-06-30": "9.73%", "2008-03-31": "9.71%", "2007-12-31": "10.64%", "2007-09-30": "10.11%", "2007-06-30": "8.87%", "2007-03-31": "6.53%", "2006-12-31": "7.65%", "2006-09-30": "7.82%", "2006-06-30": "6.27%", "2006-03-31": "7.81%", "2005-12-31": "6.15%"}, "return on assets": {"2020-12-31": "4.89%", "2020-09-30": "3.60%", "2020-06-30": "2.90%", "2020-03-31": "4.95%", "2019-12-31": "5.41%", "2019-09-30": "5.76%", "2019-06-30": "6.39%", "2019-03-31": "6.33%", "2018-12-31": "6.29%", "2018-09-30": "5.03%", "2018-06-30": "5.08%", "2018-03-31": "6.08%", "2017-12-31": "7.26%", "2017-09-30": "9.94%", "2017-06-30": "9.55%", "2017-03-31": "8.50%", "2016-12-31": "7.31%", "2016-09-30": "7.44%", "2016-06-30": "6.36%", "2016-03-31": "6.87%", "2015-12-31": "7.51%", "2015-09-30": "7.22%", "2015-06-30": "8.89%", "2015-03-31": "8.47%", "2014-12-31": "8.85%", "2014-09-30": "9.49%", "2014-06-30": "9.49%", "2014-03-31": "10.08%", "2013-12-31": "9.42%", "2013-09-30": "8.72%", "2013-06-30": "8.88%", "2013-03-31": "9.04%", "2012-12-31": "10.19%", "2012-09-30": "10.96%", "2012-06-30": "11.54%", "2012-03-31": "11.95%", "2011-12-31": "12.80%", "2011-09-30": "13.68%", "2011-06-30": "13.84%", "2011-03-31": "13.75%", "2010-12-31": "13.18%", "2010-09-30": "12.45%", "2010-06-30": "10.09%", "2010-03-31": "6.03%", "2009-12-31": "1.73%", "2009-09-30": "-2.30%", "2009-06-30": "-3.08%", "2009-03-31": "-0.77%", "2008-12-31": "1.54%", "2008-09-30": "4.91%", "2008-06-30": "6.98%", "2008-03-31": "6.96%", "2007-12-31": "7.53%", "2007-09-30": "7.00%", "2007-06-30": "5.98%", "2007-03-31": "4.29%", "2006-12-31": "5.10%", "2006-09-30": "5.28%", "2006-06-30": "4.23%", "2006-03-31": "5.24%", "2005-12-31": "4.01%"}, "return on investments": {"2020-12-31": "7.22%", "2020-09-30": "5.84%", "2020-06-30": "5.10%", "2020-03-31": "8.11%", "2019-12-31": "8.90%", "2019-09-30": "9.82%", "2019-06-30": "11.07%", "2019-03-31": "11.43%", "2018-12-31": "10.37%", "2018-09-30": "11.29%", "2018-06-30": "11.58%", "2018-03-31": "13.01%", "2017-12-31": "15.84%", "2017-09-30": "15.54%", "2017-06-30": "13.72%", "2017-03-31": "11.94%", "2016-12-31": "10.96%", "2016-09-30": "11.05%", "2016-06-30": "10.28%", "2016-03-31": "11.71%", "2015-12-31": "12.54%", "2015-09-30": "12.02%", "2015-06-30": "15.70%", "2015-03-31": "15.67%", "2014-12-31": "16.34%", "2014-09-30": "17.48%", "2014-06-30": "17.63%", "2014-03-31": "17.82%", "2013-12-31": "23.07%", "2013-09-30": "31.23%", "2013-06-30": "60.17%", "2013-03-31": "inf%", "2012-12-31": "inf%", "2012-09-30": "inf%", "2012-06-30": "inf%", "2012-03-31": "inf%", "2011-12-31": "85.71%", "2011-09-30": "46.78%", "2011-06-30": "33.00%", "2011-03-31": "23.85%", "2010-12-31": "23.03%", "2010-09-30": "22.32%", "2010-06-30": "17.62%", "2010-03-31": "10.92%", "2009-12-31": "3.43%", "2009-09-30": "-3.97%", "2009-06-30": "-8.03%", "2009-03-31": "-4.00%", "2008-12-31": "4.16%", "2008-09-30": "17.27%", "2008-06-30": "18.28%", "2008-03-31": "13.67%", "2007-12-31": "15.00%", "2007-09-30": "14.05%", "2007-06-30": "11.99%", "2007-03-31": "7.46%", "2006-12-31": "12.24%", "2006-09-30": "20.98%", "2006-06-30": "16.49%", "2006-03-31": "24.24%", "2005-12-31": "12.95%"}, "return on tangible equity": {"2020-09-30": "24.79%", "2020-06-30": "21.20%", "2020-03-31": "36.99%", "2019-12-31": "41.24%", "2019-09-30": "46.37%", "2019-06-30": "52.75%", "2019-03-31": "56.27%", "2018-12-31": "63.10%", "2018-09-30": "47.17%", "2018-06-30": "44.58%", "2018-03-31": "47.23%", "2017-12-31": "47.71%", "2017-09-30": "67.67%", "2017-06-30": "70.36%", "2017-03-31": "61.85%", "2016-12-31": "48.65%", "2016-09-30": "35.16%", "2016-06-30": "22.33%", "2016-03-31": "19.39%", "2015-12-31": "17.70%", "2015-09-30": "17.32%", "2015-06-30": "21.77%", "2015-03-31": "21.64%", "2014-12-31": "23.52%", "2014-09-30": "25.35%", "2014-06-30": "25.47%", "2014-03-31": "27.28%", "2013-12-31": "23.18%", "2013-09-30": "20.01%", "2013-06-30": "18.73%", "2013-03-31": "17.31%", "2012-12-31": "19.69%", "2012-09-30": "21.35%", "2012-06-30": "22.85%", "2012-03-31": "23.46%", "2011-12-31": "25.16%", "2011-09-30": "27.16%", "2011-06-30": "27.15%", "2011-03-31": "27.34%", "2010-12-31": "26.55%", "2010-09-30": "25.25%", "2010-06-30": "21.44%", "2010-03-31": "13.57%", "2009-12-31": "4.15%", "2009-09-30": "-5.82%", "2009-06-30": "-7.37%", "2009-03-31": "-1.73%", "2008-12-31": "3.25%", "2008-09-30": "9.65%", "2008-06-30": "13.66%", "2008-03-31": "13.57%", "2007-12-31": "14.81%", "2007-09-30": "14.25%", "2007-06-30": "12.64%", "2007-03-31": "9.36%", "2006-12-31": "10.76%", "2006-09-30": "10.79%", "2006-06-30": "8.49%", "2006-03-31": "10.44%", "2005-12-31": "8.30%"}, "dividend yield history": {"last payout": "$1.92", "last yield": "0.73%"}}