{"ticker": "LYV", "price": {"title": "Live Nation Entertainment Historical Annual Stock Price Data", "value": 74.34, "historical": {"2020": {"Average Stock Price": "55.0660", "Year Open": "71.8900", "Year High": "76.0800", "Year Low": "29.5000", "Year Close": "73.4800", "Annual % Change": "2.81%"}, "2019": {"Average Stock Price": "64.7605", "Year Open": "48.3100", "Year High": "73.5400", "Year Low": "47.6900", "Year Close": "71.4700", "Annual % Change": "45.12%"}, "2018": {"Average Stock Price": "47.6612", "Year Open": "42.6500", "Year High": "57.4300", "Year Low": "36.6100", "Year Close": "49.2500", "Annual % Change": "15.69%"}, "2017": {"Average Stock Price": "36.1501", "Year Open": "27.4000", "Year High": "46.4100", "Year Low": "27.2900", "Year Close": "42.5700", "Annual % Change": "60.04%"}, "2016": {"Average Stock Price": "24.5927", "Year Open": "23.9700", "Year High": "28.7800", "Year Low": "19.3600", "Year Close": "26.6000", "Annual % Change": "8.26%"}, "2015": {"Average Stock Price": "25.9523", "Year Open": "26.1600", "Year High": "29.2100", "Year Low": "23.5800", "Year Close": "24.5700", "Annual % Change": "-5.90%"}, "2014": {"Average Stock Price": "23.1534", "Year Open": "20.0600", "Year High": "27.3600", "Year Low": "19.8200", "Year Close": "26.1100", "Annual % Change": "32.14%"}, "2013": {"Average Stock Price": "15.0713", "Year Open": "9.6900", "Year High": "19.8200", "Year Low": "9.6900", "Year Close": "19.7600", "Annual % Change": "112.24%"}, "2012": {"Average Stock Price": "9.1530", "Year Open": "9.1900", "Year High": "10.8800", "Year Low": "8.2100", "Year Close": "9.3100", "Annual % Change": "12.03%"}, "2011": {"Average Stock Price": "9.9136", "Year Open": "11.6800", "Year High": "12.2600", "Year Low": "7.3300", "Year Close": "8.3100", "Annual % Change": "-27.23%"}, "2010": {"Average Stock Price": "11.3579", "Year Open": "9.1200", "Year High": "16.7000", "Year Low": "8.4300", "Year Close": "11.4200", "Annual % Change": "34.20%"}, "2009": {"Average Stock Price": "5.7721", "Year Open": "5.6000", "Year High": "8.9000", "Year Low": "2.5200", "Year Close": "8.5100", "Annual % Change": "48.26%"}, "2008": {"Average Stock Price": "11.7021", "Year Open": "14.1300", "Year High": "17.4800", "Year Low": "3.0600", "Year Close": "5.7400", "Annual % Change": "-60.47%"}, "2007": {"Average Stock Price": "20.8380", "Year Open": "23.1700", "Year High": "25.0500", "Year Low": "12.5600", "Year Close": "14.5200", "Annual % Change": "-35.18%"}, "2006": {"Average Stock Price": "20.1464", "Year Open": "13.5000", "Year High": "24.5800", "Year Low": "12.9300", "Year Close": "22.4000", "Annual % Change": "70.99%"}, "2005": {"Average Stock Price": "12.2157", "Year Open": "10.8500", "Year High": "13.3000", "Year Low": "10.6000", "Year Close": "13.1000", "Annual % Change": "0.00%"}}}, "market cap": {"value": "$16.14B"}, "income statement": {"Revenue": {"2019-12-31": "11547.97000", "2018-12-31": "10787.80000", "2017-12-31": "9687.22200", "2016-12-31": "7826.33600", "2015-12-31": "7245.73100", "2014-12-31": "6866.96400", "2013-12-31": "6478.54700", "2012-12-31": "5819.04700", "2011-12-31": "5383.99800", "2010-12-31": "5063.74800", "2009-12-31": "4181.02100", "2008-12-31": "4085.30600", "2007-12-31": "3635.38900", "2006-12-31": "3294.47100", "2005-12-31": "2936.84500"}, "Cost Of Goods Sold": {"2019-12-31": "8467.18200", "2018-12-31": "7967.93200", "2017-12-31": "7181.89800", "2016-12-31": "5639.17700", "2015-12-31": "5196.47300", "2014-12-31": "4919.96900", "2013-12-31": "4680.50700", "2012-12-31": "4151.27700", "2011-12-31": "3789.48800", "2010-12-31": "3658.31000", "2009-12-31": "3357.24500", "2008-12-31": "3299.44400", "2007-12-31": "2943.31100", "2006-12-31": "2678.86900", "2005-12-31": "2310.92500"}, "Gross Profit": {"2019-12-31": "3080.78700", "2018-12-31": "2819.86800", "2017-12-31": "2505.32400", "2016-12-31": "2187.15900", "2015-12-31": "2049.25800", "2014-12-31": "1946.99500", "2013-12-31": "1798.04000", "2012-12-31": "1667.77000", "2011-12-31": "1594.51000", "2010-12-31": "1405.43800", "2009-12-31": "823.77590", "2008-12-31": "785.86180", "2007-12-31": "692.07790", "2006-12-31": "615.60210", "2005-12-31": "625.91990"}, "Research And Development Expenses": {"2019-12-31": "", "2018-12-31": "", "2017-12-31": "", "2016-12-31": "", "2015-12-31": "", "2014-12-31": "", "2013-12-31": "", "2012-12-31": "", "2011-12-31": "", "2010-12-31": "", "2009-12-31": "", "2008-12-31": "", "2007-12-31": "", "2006-12-31": "", "2005-12-31": ""}, "SG&A Expenses": {"2019-12-31": "2145.48600", "2018-12-31": "1997.02800", "2017-12-31": "1907.72300", "2016-12-31": "1548.45000", "2015-12-31": "1411.85500", "2014-12-31": "1337.31600", "2013-12-31": "1226.89200", "2012-12-31": "1143.63200", "2011-12-31": "1111.96900", "2010-12-31": "1014.49100", "2009-12-31": "617.70900", "2008-12-31": "618.57700", "2007-12-31": "553.25900", "2006-12-31": "468.97000", "2005-12-31": "518.90700"}, "Other Operating Income Or Expenses": {"2019-12-31": "2.37300", "2018-12-31": "-10.36900", "2017-12-31": "0.96900", "2016-12-31": "-0.12400", "2015-12-31": "-0.84500", "2014-12-31": "4.49400", "2013-12-31": "38.25900", "2012-12-31": "0.51400", "2011-12-31": "-0.97800", "2010-12-31": "-0.37400", "2009-12-31": "2.98300", "2008-12-31": "-1.13100", "2007-12-31": "20.73500", "2006-12-31": "9.98700", "2005-12-31": "-4.85900"}, "Operating Expenses": {"2019-12-31": "11223.13000", "2018-12-31": "10515.26000", "2017-12-31": "9595.82500", "2016-12-31": "7631.39600", "2015-12-31": "7114.35900", "2014-12-31": "6859.80000", "2013-12-31": "6338.88700", "2012-12-31": "5840.68600", "2011-12-31": "5365.66100", "2010-12-31": "5127.44800", "2009-12-31": "4233.37700", "2008-12-31": "4382.59900", "2007-12-31": "3629.11700", "2006-12-31": "3295.34300", "2005-12-31": "2950.02800"}, "Operating Income": {"2019-12-31": "324.84380", "2018-12-31": "272.53520", "2017-12-31": "91.39650", "2016-12-31": "194.93990", "2015-12-31": "131.37160", "2014-12-31": "7.16410", "2013-12-31": "139.65970", "2012-12-31": "-21.63870", "2011-12-31": "18.33740", "2010-12-31": "-63.70020", "2009-12-31": "-52.35650", "2008-12-31": "-297.29270", "2007-12-31": "6.27200", "2006-12-31": "-0.87180", "2005-12-31": "-13.18310"}, "Total Non-Operating Income/Expense": {"2019-12-31": "-139.74000", "2018-12-31": "-141.43100", "2017-12-31": "-100.77700", "2016-12-31": "-146.61400", "2015-12-31": "-125.01900", "2014-12-31": "-106.98400", "2013-12-31": "-144.79700", "2012-12-31": "-110.52200", "2011-12-31": "-114.96400", "2010-12-31": "-124.95400", "2009-12-31": "-62.32200", "2008-12-31": "-60.44200", "2007-12-31": "-59.85300", "2006-12-31": "-35.41300", "2005-12-31": "-55.94800"}, "Pre-Tax Income": {"2019-12-31": "185.10400", "2018-12-31": "131.10500", "2017-12-31": "-9.38000", "2016-12-31": "48.32600", "2015-12-31": "6.35300", "2014-12-31": "-99.82000", "2013-12-31": "-5.13700", "2012-12-31": "-132.16100", "2011-12-31": "-96.62700", "2010-12-31": "-188.65400", "2009-12-31": "-114.67800", "2008-12-31": "-357.73500", "2007-12-31": "-53.58100", "2006-12-31": "-36.28500", "2005-12-31": "-69.13100"}, "Income Taxes": {"2019-12-31": "66.89200", "2018-12-31": "40.76500", "2017-12-31": "-17.15400", "2016-12-31": "28.02900", "2015-12-31": "22.12200", "2014-12-31": "4.63000", "2013-12-31": "30.87800", "2012-12-31": "29.73600", "2011-12-31": "-26.22400", "2010-12-31": "15.15400", "2009-12-31": "11.33300", "2008-12-31": "-24.25700", "2007-12-31": "8.72900", "2006-12-31": "18.60200", "2005-12-31": "61.48800"}, "Income After Taxes": {"2019-12-31": "118.21200", "2018-12-31": "90.34000", "2017-12-31": "7.77400", "2016-12-31": "20.29700", "2015-12-31": "-15.76900", "2014-12-31": "-104.45000", "2013-12-31": "-36.01500", "2012-12-31": "-161.89700", "2011-12-31": "-70.40300", "2010-12-31": "-203.80800", "2009-12-31": "-126.01100", "2008-12-31": "-333.47800", "2007-12-31": "-62.31000", "2006-12-31": "-54.88700", "2005-12-31": "-130.61900"}, "Other Income": {"2019-12-31": "", "2018-12-31": "", "2017-12-31": "", "2016-12-31": "", "2015-12-31": "", "2014-12-31": "", "2013-12-31": "", "2012-12-31": "", "2011-12-31": "", "2010-12-31": "", "2009-12-31": "", "2008-12-31": "", "2007-12-31": "", "2006-12-31": "", "2005-12-31": ""}, "Income From Continuous Operations": {"2019-12-31": "118.21200", "2018-12-31": "90.34000", "2017-12-31": "7.77400", "2016-12-31": "20.29700", "2015-12-31": "-15.76900", "2014-12-31": "-104.45000", "2013-12-31": "-36.01500", "2012-12-31": "-161.89700", "2011-12-31": "-70.40300", "2010-12-31": "-203.80800", "2009-12-31": "-126.01100", "2008-12-31": "-333.47800", "2007-12-31": "-62.31000", "2006-12-31": "-54.88700", "2005-12-31": "-130.61900"}, "Income From Discontinued Operations": {"2019-12-31": "", "2018-12-31": "", "2017-12-31": "", "2016-12-31": "", "2015-12-31": "", "2014-12-31": "", "2013-12-31": "", "2012-12-31": "", "2011-12-31": "", "2010-12-31": "-4.22800", "2009-12-31": "76.27700", "2008-12-31": "95.65300", "2007-12-31": "54.99000", "2006-12-31": "23.44500", "2005-12-31": ""}, "Net Income": {"2019-12-31": "69.88900", "2018-12-31": "60.24900", "2017-12-31": "-6.01500", "2016-12-31": "-47.01000", "2015-12-31": "-65.68700", "2014-12-31": "-96.46700", "2013-12-31": "-43.94700", "2012-12-31": "-163.22700", "2011-12-31": "-83.01600", "2010-12-31": "-228.39000", "2009-12-31": "-60.17900", "2008-12-31": "-239.41200", "2007-12-31": "-15.18900", "2006-12-31": "-31.44200", "2005-12-31": "-130.61900"}, "EBITDA": {"2019-12-31": "873.25270", "2018-12-31": "759.37010", "2017-12-31": "560.10550", "2016-12-31": "611.18490", "2015-12-31": "539.49760", "2014-12-31": "526.30600", "2013-12-31": "528.76970", "2012-12-31": "424.61430", "2011-12-31": "374.41440", "2010-12-31": "269.40280", "2009-12-31": "132.45760", "2008-12-31": "145.47930", "2007-12-31": "132.44800", "2006-12-31": "128.03120", "2005-12-31": "51.44790"}, "EBIT": {"2019-12-31": "324.84380", "2018-12-31": "272.53520", "2017-12-31": "91.39650", "2016-12-31": "194.93990", "2015-12-31": "131.37160", "2014-12-31": "7.16410", "2013-12-31": "139.65970", "2012-12-31": "-21.63870", "2011-12-31": "18.33740", "2010-12-31": "-63.70020", "2009-12-31": "-52.35650", "2008-12-31": "-297.29270", "2007-12-31": "6.27200", "2006-12-31": "-0.87180", "2005-12-31": "-13.18310"}, "Basic Shares Outstanding": {"2019-12-31": "210.08300", "2018-12-31": "207.44100", "2017-12-31": "204.92400", "2016-12-31": "202.07600", "2015-12-31": "200.97300", "2014-12-31": "198.87400", "2013-12-31": "193.88500", "2012-12-31": "186.95600", "2011-12-31": "182.38800", "2010-12-31": "164.41000", "2009-12-31": "82.65200", "2008-12-31": "76.22800", "2007-12-31": "68.44100", "2006-12-31": "64.85300", "2005-12-31": "66.80900"}, "Shares Outstanding": {"2019-12-31": "210.08300", "2018-12-31": "207.44100", "2017-12-31": "204.92400", "2016-12-31": "202.07600", "2015-12-31": "200.97300", "2014-12-31": "198.87400", "2013-12-31": "193.88500", "2012-12-31": "186.95600", "2011-12-31": "182.38800", "2010-12-31": "164.41000", "2009-12-31": "82.65200", "2008-12-31": "76.22800", "2007-12-31": "68.44100", "2006-12-31": "64.85300", "2005-12-31": "66.80900"}, "Basic EPS": {"2019-12-31": "-0.02000", "2018-12-31": "-0.09000", "2017-12-31": "-0.48000", "2016-12-31": "-0.23000", "2015-12-31": "-0.33000", "2014-12-31": "-0.49000", "2013-12-31": "-0.23000", "2012-12-31": "-0.88000", "2011-12-31": "-0.46000", "2010-12-31": "-1.39000", "2009-12-31": "-0.73000", "2008-12-31": "-3.14000", "2007-12-31": "-0.22000", "2006-12-31": "-0.48000", "2005-12-31": "-1.96000"}, "EPS - Earnings Per Share": {"2019-12-31": "-0.02000", "2018-12-31": "-0.09000", "2017-12-31": "-0.48000", "2016-12-31": "-0.23000", "2015-12-31": "-0.33000", "2014-12-31": "-0.49000", "2013-12-31": "-0.23000", "2012-12-31": "-0.88000", "2011-12-31": "-0.46000", "2010-12-31": "-1.39000", "2009-12-31": "-0.73000", "2008-12-31": "-3.14000", "2007-12-31": "-0.22000", "2006-12-31": "-0.48000", "2005-12-31": "-1.96000"}}, "income statement, quarterly": {"Revenue": {"2020-09-30": "184.01800", "2020-06-30": "74.08400", "2020-03-31": "1365.69300", "2019-12-31": "2889.44700", "2019-09-30": "3773.68400", "2019-06-30": "3157.00900", "2019-03-31": "1727.82800", "2018-12-31": "2601.85500", "2018-09-30": "3835.24600", "2018-06-30": "2868.31500", "2018-03-31": "1482.38400", "2017-12-31": "2320.45000", "2017-09-30": "3440.30800", "2017-06-30": "2683.58500", "2017-03-31": "1242.87900", "2016-12-31": "1268.94600", "2016-09-30": "3170.41600", "2016-06-30": "2179.25800", "2016-03-31": "1207.71600", "2015-12-31": "1736.72500", "2015-09-30": "2622.91700", "2015-06-30": "1765.77700", "2015-03-31": "1120.31200", "2014-12-31": "1571.85500", "2014-09-30": "2502.00800", "2014-06-30": "1665.78500", "2014-03-31": "1127.31600", "2013-12-31": "1613.10000", "2013-09-30": "2262.23600", "2013-06-30": "1679.51300", "2013-03-31": "923.69800", "2012-12-31": "1437.22700", "2012-09-30": "1963.14600", "2012-06-30": "1550.67700", "2012-03-31": "867.99700", "2011-12-31": "1185.68200", "2011-09-30": "1790.02500", "2011-06-30": "1558.88200", "2011-03-31": "849.40900", "2010-12-31": "1237.84600", "2010-09-30": "1835.80600", "2010-06-30": "1266.73500", "2010-03-31": "723.36100", "2009-12-31": "854.30520", "2009-09-30": "1794.58800", "2009-06-30": "1047.21600", "2009-03-31": "484.91200", "2008-12-31": "834.41970", "2008-09-30": "1588.46200", "2008-06-30": "1129.73500", "2008-03-31": "532.68900", "2007-12-31": "676.22200", "2007-09-30": "1452.57800", "2007-06-30": "986.27700", "2007-03-31": "520.31200", "2006-12-31": "641.45300", "2006-09-30": "1368.22100", "2006-06-30": "768.23000", "2006-03-31": "516.56700", "2005-12-31": "752.25700", "2005-09-30": "998.41400", "2005-06-30": "741.69100", "2005-03-31": "444.48300"}, "Cost Of Goods Sold": {"2020-09-30": "130.74900", "2020-06-30": "194.55700", "2020-03-31": "873.82000", "2019-12-31": "2187.73500", "2019-09-30": "2800.42900", "2019-06-30": "2327.41400", "2019-03-31": "1151.60400", "2018-12-31": "1976.38500", "2018-09-30": "2924.35600", "2018-06-30": "2135.10700", "2018-03-31": "932.08400", "2017-12-31": "1750.22600", "2017-09-30": "2633.94000", "2017-06-30": "2022.47100", "2017-03-31": "775.26100", "2016-12-31": "821.28280", "2016-09-30": "2428.00300", "2016-06-30": "1605.68800", "2016-03-31": "784.20300", "2015-12-31": "1221.76300", "2015-09-30": "1974.32200", "2015-06-30": "1279.09900", "2015-03-31": "721.28900", "2014-12-31": "1127.60300", "2014-09-30": "1876.51900", "2014-06-30": "1184.69600", "2014-03-31": "731.15100", "2013-12-31": "1194.92400", "2013-09-30": "1698.73100", "2013-06-30": "1209.91800", "2013-03-31": "576.93400", "2012-12-31": "1048.27100", "2012-09-30": "1457.42300", "2012-06-30": "1106.86900", "2012-03-31": "538.71400", "2011-12-31": "817.90910", "2011-09-30": "1286.30400", "2011-06-30": "1138.15100", "2011-03-31": "547.12400", "2010-12-31": "888.97620", "2010-09-30": "1388.29500", "2010-06-30": "896.28300", "2010-03-31": "484.75600", "2009-12-31": "677.80720", "2009-09-30": "1467.64700", "2009-06-30": "838.73100", "2009-03-31": "373.06000", "2008-12-31": "710.00100", "2008-09-30": "1295.41600", "2008-06-30": "891.71600", "2008-03-31": "402.31100", "2007-12-31": "593.68900", "2007-09-30": "1200.07100", "2007-06-30": "776.26200", "2007-03-31": "373.28900", "2006-12-31": "563.47000", "2006-09-30": "1132.78800", "2006-06-30": "604.77900", "2006-03-31": "377.83200", "2005-12-31": "631.69300", "2005-09-30": "781.28000", "2005-06-30": "583.31800", "2005-03-31": "314.63400"}, "Gross Profit": {"2020-09-30": "53.26900", "2020-06-30": "-120.47300", "2020-03-31": "491.87300", "2019-12-31": "701.71240", "2019-09-30": "973.25510", "2019-06-30": "829.59500", "2019-03-31": "576.22400", "2018-12-31": "625.46950", "2018-09-30": "910.89010", "2018-06-30": "733.20800", "2018-03-31": "550.30000", "2017-12-31": "570.22360", "2017-09-30": "806.36820", "2017-06-30": "661.11400", "2017-03-31": "467.61800", "2016-12-31": "447.66310", "2016-09-30": "742.41310", "2016-06-30": "573.57010", "2016-03-31": "423.51290", "2015-12-31": "514.96190", "2015-09-30": "648.59500", "2015-06-30": "486.67800", "2015-03-31": "399.02300", "2014-12-31": "444.25170", "2014-09-30": "625.48900", "2014-06-30": "481.08900", "2014-03-31": "396.16500", "2013-12-31": "418.17580", "2013-09-30": "563.50510", "2013-06-30": "469.59500", "2013-03-31": "346.76400", "2012-12-31": "388.95580", "2012-09-30": "505.72300", "2012-06-30": "443.80800", "2012-03-31": "329.28300", "2011-12-31": "367.77310", "2011-09-30": "503.72110", "2011-06-30": "420.73100", "2011-03-31": "302.28500", "2010-12-31": "348.86980", "2010-09-30": "447.51100", "2010-06-30": "370.45200", "2010-03-31": "238.60500", "2009-12-31": "176.49800", "2009-09-30": "326.94100", "2009-06-30": "208.48490", "2009-03-31": "111.85200", "2008-12-31": "124.41880", "2008-09-30": "293.04600", "2008-06-30": "238.01900", "2008-03-31": "130.37800", "2007-12-31": "82.53310", "2007-09-30": "252.50700", "2007-06-30": "210.01500", "2007-03-31": "147.02300", "2006-12-31": "77.98300", "2006-09-30": "235.43300", "2006-06-30": "163.45100", "2006-03-31": "138.73500", "2005-12-31": "120.56400", "2005-09-30": "217.13400", "2005-06-30": "158.37300", "2005-03-31": "129.84900"}, "Research And Development Expenses": {"2020-09-30": "", "2020-06-30": "", "2020-03-31": "", "2019-12-31": "", "2019-09-30": "", "2019-06-30": "", "2019-03-31": "", "2018-12-31": "", "2018-09-30": "", "2018-06-30": "", "2018-03-31": "", "2017-12-31": "", "2017-09-30": "", "2017-06-30": "", "2017-03-31": "", "2016-12-31": "", "2016-09-30": "", "2016-06-30": "", "2016-03-31": "", "2015-12-31": "", "2015-09-30": "", "2015-06-30": "", "2015-03-31": "", "2014-12-31": "", "2014-09-30": "", "2014-06-30": "", "2014-03-31": "", "2013-12-31": "", "2013-09-30": "", "2013-06-30": "", "2013-03-31": "", "2012-12-31": "", "2012-09-30": "", "2012-06-30": "", "2012-03-31": "", "2011-12-31": "", "2011-09-30": "", "2011-06-30": "", "2011-03-31": "", "2010-12-31": "", "2010-09-30": "", "2010-06-30": "", "2010-03-31": "", "2009-12-31": "", "2009-09-30": "", "2009-06-30": "", "2009-03-31": "", "2008-12-31": "", "2008-09-30": "", "2008-06-30": "", "2008-03-31": "", "2007-12-31": "", "2007-09-30": "", "2007-06-30": "", "2007-03-31": "", "2006-12-31": "", "2006-09-30": "", "2006-06-30": "", "2006-03-31": "", "2005-12-31": "", "2005-09-30": "", "2005-06-30": "", "2005-03-31": ""}, "SG&A Expenses": {"2020-09-30": "405.93400", "2020-06-30": "323.35200", "2020-03-31": "514.02100", "2019-12-31": "624.57620", "2019-09-30": "542.54700", "2019-06-30": "513.49700", "2019-03-31": "464.86600", "2018-12-31": "561.32510", "2018-09-30": "524.65400", "2018-06-30": "476.43800", "2018-03-31": "434.61100", "2017-12-31": "614.16600", "2017-09-30": "475.86400", "2017-06-30": "434.38500", "2017-03-31": "383.30800", "2016-12-31": "421.99800", "2016-09-30": "414.41200", "2016-06-30": "374.82600", "2016-03-31": "337.21400", "2015-12-31": "402.52000", "2015-09-30": "365.22000", "2015-06-30": "329.57000", "2015-03-31": "314.54500", "2014-12-31": "359.31000", "2014-09-30": "349.67600", "2014-06-30": "325.92500", "2014-03-31": "302.40500", "2013-12-31": "326.64600", "2013-09-30": "325.00500", "2013-06-30": "295.71900", "2013-03-31": "279.52200", "2012-12-31": "310.70790", "2012-09-30": "283.84600", "2012-06-30": "280.94300", "2012-03-31": "268.13500", "2011-12-31": "289.74290", "2011-09-30": "282.46200", "2011-06-30": "266.79500", "2011-03-31": "272.96900", "2010-12-31": "285.30200", "2010-09-30": "244.69400", "2010-06-30": "252.89900", "2010-03-31": "231.59600", "2009-12-31": "163.78900", "2009-09-30": "158.41200", "2009-06-30": "154.60600", "2009-03-31": "140.90200", "2008-12-31": "123.26600", "2008-09-30": "174.24500", "2008-06-30": "166.66900", "2008-03-31": "154.39700", "2007-12-31": "95.44000", "2007-09-30": "151.91000", "2007-06-30": "163.44200", "2007-03-31": "142.46700", "2006-12-31": "84.46100", "2006-09-30": "139.30600", "2006-06-30": "129.18700", "2006-03-31": "116.01600", "2005-12-31": "147.50800", "2005-09-30": "128.14100", "2005-06-30": "120.22700", "2005-03-31": "123.03100"}, "Other Operating Income Or Expenses": {"2020-09-30": "-0.20800", "2020-06-30": "-0.55900", "2020-03-31": "-0.13000", "2019-12-31": "1.82000", "2019-09-30": "0.30500", "2019-06-30": "0.10100", "2019-03-31": "0.14700", "2018-12-31": "0.09500", "2018-09-30": "-10.31800", "2018-06-30": "-0.10800", "2018-03-31": "-0.03800", "2017-12-31": "0.46200", "2017-09-30": "-0.03700", "2017-06-30": "-0.11500", "2017-03-31": "0.65900", "2016-12-31": "-0.12500", "2016-09-30": "-0.25300", "2016-06-30": "0.27900", "2016-03-31": "-0.02500", "2015-12-31": "-0.25700", "2015-09-30": "-0.62500", "2015-06-30": "0.07600", "2015-03-31": "-0.03900", "2014-12-31": "-0.48300", "2014-09-30": "1.69600", "2014-06-30": "3.78700", "2014-03-31": "-0.50600", "2013-12-31": "-4.59700", "2013-09-30": "9.06000", "2013-06-30": "30.19900", "2013-03-31": "3.59700", "2012-12-31": "0.25900", "2012-09-30": "0.06000", "2012-06-30": "-0.09300", "2012-03-31": "0.28800", "2011-12-31": "-0.11200", "2011-09-30": "-0.23100", "2011-06-30": "0.66000", "2011-03-31": "-1.29500", "2010-12-31": "2.78100", "2010-09-30": "0.77900", "2010-06-30": "0.63700", "2010-03-31": "-4.57100", "2009-12-31": "1.97400", "2009-09-30": "0.02700", "2009-06-30": "0.71800", "2009-03-31": "0.26400", "2008-12-31": "-1.91200", "2008-09-30": "1.23000", "2008-06-30": "", "2008-03-31": "-0.44900", "2007-12-31": "-0.07100", "2007-09-30": "6.11200", "2007-06-30": "19.26900", "2007-03-31": "-4.57500", "2006-12-31": "-1.51400", "2006-09-30": "2.09100", "2006-06-30": "1.68200", "2006-03-31": "7.72800", "2005-12-31": "-5.28500", "2005-09-30": "-0.19100", "2005-06-30": "0.26000", "2005-03-31": "0.35700"}, "Operating Expenses": {"2020-09-30": "688.45900", "2020-06-30": "662.15110", "2020-03-31": "1538.36300", "2019-12-31": "2972.36900", "2019-09-30": "3513.64300", "2019-06-30": "2985.42300", "2019-03-31": "1751.69100", "2018-12-31": "2692.23300", "2018-09-30": "3601.02700", "2018-06-30": "2733.59000", "2018-03-31": "1488.41400", "2017-12-31": "2522.46700", "2017-09-30": "3238.96100", "2017-06-30": "2570.15200", "2017-03-31": "1264.24500", "2016-12-31": "1306.16100", "2016-09-30": "2979.13000", "2016-06-30": "2105.09900", "2016-03-31": "1241.00600", "2015-12-31": "1777.17300", "2015-09-30": "2469.40700", "2015-06-30": "1723.53200", "2015-03-31": "1144.24700", "2014-12-31": "1758.67200", "2014-09-30": "2351.40400", "2014-06-30": "1610.09900", "2014-03-31": "1139.62400", "2013-12-31": "1664.09400", "2013-09-30": "2136.19900", "2013-06-30": "1581.70700", "2013-03-31": "956.88700", "2012-12-31": "1563.54600", "2012-09-30": "1858.63100", "2012-06-30": "1507.70900", "2012-03-31": "910.80000", "2011-12-31": "1252.36500", "2011-09-30": "1685.21600", "2011-06-30": "1506.50900", "2011-03-31": "921.57000", "2010-12-31": "1323.92200", "2010-09-30": "1732.70000", "2010-06-30": "1241.12900", "2010-03-31": "829.69700", "2009-12-31": "918.66650", "2009-09-30": "1686.18900", "2009-06-30": "1055.35100", "2009-03-31": "573.17100", "2008-12-31": "1164.68800", "2008-09-30": "1512.98300", "2008-06-30": "1101.90100", "2008-03-31": "603.02700", "2007-12-31": "734.48790", "2007-09-30": "1383.39500", "2007-06-30": "954.04500", "2007-03-31": "557.18900", "2006-12-31": "690.10670", "2006-09-30": "1340.18400", "2006-06-30": "756.54800", "2006-03-31": "508.50400", "2005-12-31": "815.04000", "2005-09-30": "936.54600", "2005-06-30": "726.43300", "2005-03-31": "472.00900"}, "Operating Income": {"2020-09-30": "-504.44100", "2020-06-30": "-588.06710", "2020-03-31": "-172.67000", "2019-12-31": "-82.92140", "2019-09-30": "260.04130", "2019-06-30": "171.58590", "2019-03-31": "-23.86300", "2018-12-31": "-90.37870", "2018-09-30": "234.21900", "2018-06-30": "134.72510", "2018-03-31": "-6.02990", "2017-12-31": "-202.01760", "2017-09-30": "201.34690", "2017-06-30": "113.43290", "2017-03-31": "-21.36580", "2016-12-31": "-37.21520", "2016-09-30": "191.28610", "2016-06-30": "74.15920", "2016-03-31": "-33.29020", "2015-12-31": "-40.44810", "2015-09-30": "153.51000", "2015-06-30": "42.24500", "2015-03-31": "-23.93490", "2014-12-31": "-186.81750", "2014-09-30": "150.60400", "2014-06-30": "55.68590", "2014-03-31": "-12.30800", "2013-12-31": "-50.99490", "2013-09-30": "126.03740", "2013-06-30": "97.80590", "2013-03-31": "-33.18900", "2012-12-31": "-126.31880", "2012-09-30": "104.51510", "2012-06-30": "42.96790", "2012-03-31": "-42.80300", "2011-12-31": "-66.68340", "2011-09-30": "104.80900", "2011-06-30": "52.37290", "2011-03-31": "-72.16100", "2010-12-31": "-86.07620", "2010-09-30": "103.10610", "2010-06-30": "25.60600", "2010-03-31": "-106.33600", "2009-12-31": "-64.36130", "2009-09-30": "108.39900", "2009-06-30": "-8.13500", "2009-03-31": "-88.25900", "2008-12-31": "-330.26800", "2008-09-30": "75.47900", "2008-06-30": "27.83400", "2008-03-31": "-70.33800", "2007-12-31": "-58.26580", "2007-09-30": "69.18300", "2007-06-30": "32.23190", "2007-03-31": "-36.87700", "2006-12-31": "-48.65370", "2006-09-30": "28.03690", "2006-06-30": "11.68200", "2006-03-31": "8.06300", "2005-12-31": "752.25700", "2005-09-30": "61.86800", "2005-06-30": "15.25800", "2005-03-31": "-27.52600"}, "Total Non-Operating Income/Expense": {"2020-09-30": "-54.92100", "2020-06-30": "-51.70000", "2020-03-31": "-41.58200", "2019-12-31": "-46.81500", "2019-09-30": "-38.78900", "2019-06-30": "-26.71600", "2019-03-31": "-27.42000", "2018-12-31": "-39.75600", "2018-09-30": "-33.99100", "2018-06-30": "-39.57000", "2018-03-31": "-28.11400", "2017-12-31": "-31.10800", "2017-09-30": "-26.89200", "2017-06-30": "-22.89400", "2017-03-31": "-19.88300", "2016-12-31": "-53.88400", "2016-09-30": "-44.70100", "2016-06-30": "-32.29200", "2016-03-31": "-15.73700", "2015-12-31": "-30.49900", "2015-09-30": "-35.55100", "2015-06-30": "-17.12300", "2015-03-31": "-41.84600", "2014-12-31": "-24.07200", "2014-09-30": "-37.91400", "2014-06-30": "-25.15400", "2014-03-31": "-19.84400", "2013-12-31": "-25.75900", "2013-09-30": "-61.20900", "2013-06-30": "-30.39000", "2013-03-31": "-27.43900", "2012-12-31": "-30.80600", "2012-09-30": "-24.38900", "2012-06-30": "-32.18000", "2012-03-31": "-23.14700", "2011-12-31": "-25.69200", "2011-09-30": "-33.04900", "2011-06-30": "-29.10000", "2011-03-31": "-27.12300", "2010-12-31": "-24.88100", "2010-09-30": "-27.73000", "2010-06-30": "-48.04000", "2010-03-31": "-24.30300", "2009-12-31": "-10.18700", "2009-09-30": "-20.79100", "2009-06-30": "-13.56800", "2009-03-31": "-17.77600", "2008-12-31": "-19.25000", "2008-09-30": "-12.54000", "2008-06-30": "-14.19900", "2008-03-31": "-14.45300", "2007-12-31": "-23.65900", "2007-09-30": "-15.99200", "2007-06-30": "-11.29600", "2007-03-31": "-8.90600", "2006-12-31": "-19.73200", "2006-09-30": "-12.80700", "2006-06-30": "3.35400", "2006-03-31": "-6.22800", "2005-12-31": "-13.55800", "2005-09-30": "-18.39600", "2005-06-30": "-13.64100", "2005-03-31": "-10.35300"}, "Pre-Tax Income": {"2020-09-30": "-559.36200", "2020-06-30": "-639.76700", "2020-03-31": "-214.25200", "2019-12-31": "-129.73500", "2019-09-30": "221.25200", "2019-06-30": "144.87000", "2019-03-31": "-51.28300", "2018-12-31": "-130.13400", "2018-09-30": "200.22800", "2018-06-30": "95.15500", "2018-03-31": "-34.14400", "2017-12-31": "-233.12500", "2017-09-30": "174.45500", "2017-06-30": "90.53900", "2017-03-31": "-41.24900", "2016-12-31": "-91.09900", "2016-09-30": "146.58500", "2016-06-30": "41.86700", "2016-03-31": "-49.02700", "2015-12-31": "-70.94700", "2015-09-30": "117.95900", "2015-06-30": "25.12200", "2015-03-31": "-65.78100", "2014-12-31": "-210.89000", "2014-09-30": "112.69000", "2014-06-30": "30.53200", "2014-03-31": "-32.15200", "2013-12-31": "-76.75300", "2013-09-30": "64.82800", "2013-06-30": "67.41600", "2013-03-31": "-60.62800", "2012-12-31": "-157.12500", "2012-09-30": "80.12600", "2012-06-30": "10.78800", "2012-03-31": "-65.95000", "2011-12-31": "-92.37600", "2011-09-30": "71.76000", "2011-06-30": "23.27300", "2011-03-31": "-99.28400", "2010-12-31": "-110.95700", "2010-09-30": "75.37600", "2010-06-30": "-22.43400", "2010-03-31": "-130.63900", "2009-12-31": "-74.54800", "2009-09-30": "87.60800", "2009-06-30": "-21.70300", "2009-03-31": "-106.03500", "2008-12-31": "-349.51800", "2008-09-30": "62.93900", "2008-06-30": "13.63500", "2008-03-31": "-84.79100", "2007-12-31": "-81.92500", "2007-09-30": "53.19100", "2007-06-30": "20.93600", "2007-03-31": "-45.78300", "2006-12-31": "-68.38600", "2006-09-30": "15.23000", "2006-06-30": "15.03600", "2006-03-31": "1.83500", "2005-12-31": "752.25700", "2005-09-30": "43.47200", "2005-06-30": "1.61700", "2005-03-31": "-37.87900"}, "Income Taxes": {"2020-09-30": "-16.90400", "2020-06-30": "-29.18300", "2020-03-31": "-3.33000", "2019-12-31": "6.90400", "2019-09-30": "27.28000", "2019-06-30": "28.75000", "2019-03-31": "3.95800", "2018-12-31": "5.05100", "2018-09-30": "17.03100", "2018-06-30": "11.79900", "2018-03-31": "6.88400", "2017-12-31": "-59.34400", "2017-09-30": "25.68500", "2017-06-30": "9.98400", "2017-03-31": "6.52100", "2016-12-31": "1.87200", "2016-09-30": "13.82400", "2016-06-30": "5.40600", "2016-03-31": "6.92700", "2015-12-31": "2.89000", "2015-09-30": "13.57700", "2015-06-30": "4.91000", "2015-03-31": "0.74500", "2014-12-31": "5.11200", "2014-09-30": "-3.13700", "2014-06-30": "4.71000", "2014-03-31": "-2.05500", "2013-12-31": "4.50800", "2013-09-30": "14.41000", "2013-06-30": "8.40100", "2013-03-31": "3.55900", "2012-12-31": "8.28000", "2012-09-30": "11.95000", "2012-06-30": "5.22800", "2012-03-31": "4.27800", "2011-12-31": "3.32000", "2011-09-30": "8.73900", "2011-06-30": "6.65900", "2011-03-31": "-44.94200", "2010-12-31": "4.39900", "2010-09-30": "10.33800", "2010-06-30": "8.40800", "2010-03-31": "-7.99100", "2009-12-31": "-12.57100", "2009-09-30": "15.21500", "2009-06-30": "8.60300", "2009-03-31": "0.08600", "2008-12-31": "7.48100", "2008-09-30": "-31.84800", "2008-06-30": "14.07200", "2008-03-31": "-13.96200", "2007-12-31": "-24.36500", "2007-09-30": "12.24000", "2007-06-30": "14.95300", "2007-03-31": "5.90100", "2006-12-31": "-11.80100", "2006-09-30": "24.33100", "2006-06-30": "5.35400", "2006-03-31": "0.71800", "2005-12-31": "58.60400", "2005-09-30": "17.38900", "2005-06-30": "0.64700", "2005-03-31": "-15.15200"}, "Income After Taxes": {"2020-09-30": "-542.45800", "2020-06-30": "-610.58400", "2020-03-31": "-210.92200", "2019-12-31": "-136.63900", "2019-09-30": "193.97200", "2019-06-30": "116.12000", "2019-03-31": "-55.24100", "2018-12-31": "-135.18500", "2018-09-30": "183.19700", "2018-06-30": "83.35600", "2018-03-31": "-41.02800", "2017-12-31": "-173.78100", "2017-09-30": "148.77000", "2017-06-30": "80.55500", "2017-03-31": "-47.77000", "2016-12-31": "-92.97100", "2016-09-30": "132.76100", "2016-06-30": "36.46100", "2016-03-31": "-55.95400", "2015-12-31": "-73.83700", "2015-09-30": "104.38200", "2015-06-30": "20.21200", "2015-03-31": "-66.52600", "2014-12-31": "-216.00200", "2014-09-30": "115.82700", "2014-06-30": "25.82200", "2014-03-31": "-30.09700", "2013-12-31": "-81.26100", "2013-09-30": "50.41800", "2013-06-30": "59.01500", "2013-03-31": "-64.18700", "2012-12-31": "-165.40500", "2012-09-30": "68.17600", "2012-06-30": "5.56000", "2012-03-31": "-70.22800", "2011-12-31": "-95.69600", "2011-09-30": "63.02100", "2011-06-30": "16.61400", "2011-03-31": "-54.34200", "2010-12-31": "-115.35600", "2010-09-30": "65.03800", "2010-06-30": "-30.84200", "2010-03-31": "-122.64800", "2009-12-31": "-61.97700", "2009-09-30": "72.39300", "2009-06-30": "-30.30600", "2009-03-31": "-106.12100", "2008-12-31": "-356.99900", "2008-09-30": "94.78700", "2008-06-30": "-0.43700", "2008-03-31": "-70.82900", "2007-12-31": "-57.56000", "2007-09-30": "40.95100", "2007-06-30": "5.98300", "2007-03-31": "-51.68400", "2006-12-31": "-56.58500", "2006-09-30": "-9.10100", "2006-06-30": "9.68200", "2006-03-31": "1.11700", "2005-12-31": "752.25700", "2005-09-30": "26.08300", "2005-06-30": "0.97000", "2005-03-31": "-22.72700"}, "Other Income": {"2020-09-30": "", "2020-06-30": "", "2020-03-31": "", "2019-12-31": "", "2019-09-30": "", "2019-06-30": "", "2019-03-31": "", "2018-12-31": "", "2018-09-30": "", "2018-06-30": "", "2018-03-31": "", "2017-12-31": "", "2017-09-30": "", "2017-06-30": "", "2017-03-31": "", "2016-12-31": "", "2016-09-30": "", "2016-06-30": "", "2016-03-31": "", "2015-12-31": "", "2015-09-30": "", "2015-06-30": "", "2015-03-31": "", "2014-12-31": "", "2014-09-30": "", "2014-06-30": "", "2014-03-31": "", "2013-12-31": "", "2013-09-30": "", "2013-06-30": "", "2013-03-31": "", "2012-12-31": "", "2012-09-30": "", "2012-06-30": "", "2012-03-31": "", "2011-12-31": "", "2011-09-30": "", "2011-06-30": "", "2011-03-31": "", "2010-12-31": "", "2010-09-30": "", "2010-06-30": "", "2010-03-31": "", "2009-12-31": "", "2009-09-30": "", "2009-06-30": "", "2009-03-31": "", "2008-12-31": "", "2008-09-30": "", "2008-06-30": "", "2008-03-31": "", "2007-12-31": "", "2007-09-30": "", "2007-06-30": "", "2007-03-31": "", "2006-12-31": "", "2006-09-30": "", "2006-06-30": "", "2006-03-31": "", "2005-12-31": "", "2005-09-30": "", "2005-06-30": "", "2005-03-31": ""}, "Income From Continuous Operations": {"2020-09-30": "-542.45800", "2020-06-30": "-610.58400", "2020-03-31": "-210.92200", "2019-12-31": "-136.63900", "2019-09-30": "193.97200", "2019-06-30": "116.12000", "2019-03-31": "-55.24100", "2018-12-31": "-135.18500", "2018-09-30": "183.19700", "2018-06-30": "83.35600", "2018-03-31": "-41.02800", "2017-12-31": "-173.78100", "2017-09-30": "148.77000", "2017-06-30": "80.55500", "2017-03-31": "-47.77000", "2016-12-31": "-92.97100", "2016-09-30": "132.76100", "2016-06-30": "36.46100", "2016-03-31": "-55.95400", "2015-12-31": "-73.83700", "2015-09-30": "104.38200", "2015-06-30": "20.21200", "2015-03-31": "-66.52600", "2014-12-31": "-216.00200", "2014-09-30": "115.82700", "2014-06-30": "25.82200", "2014-03-31": "-30.09700", "2013-12-31": "-81.26100", "2013-09-30": "50.41800", "2013-06-30": "59.01500", "2013-03-31": "-64.18700", "2012-12-31": "-165.40500", "2012-09-30": "68.17600", "2012-06-30": "5.56000", "2012-03-31": "-70.22800", "2011-12-31": "-95.69600", "2011-09-30": "63.02100", "2011-06-30": "16.61400", "2011-03-31": "-54.34200", "2010-12-31": "-115.35600", "2010-09-30": "65.03800", "2010-06-30": "-30.84200", "2010-03-31": "-122.64800", "2009-12-31": "-61.97700", "2009-09-30": "72.39300", "2009-06-30": "-30.30600", "2009-03-31": "-106.12100", "2008-12-31": "-356.99900", "2008-09-30": "94.78700", "2008-06-30": "-0.43700", "2008-03-31": "-70.82900", "2007-12-31": "-57.56000", "2007-09-30": "40.95100", "2007-06-30": "5.98300", "2007-03-31": "-51.68400", "2006-12-31": "-56.58500", "2006-09-30": "-9.10100", "2006-06-30": "9.68200", "2006-03-31": "1.11700", "2005-12-31": "-134.94500", "2005-09-30": "26.08300", "2005-06-30": "0.97000", "2005-03-31": "-22.72700"}, "Income From Discontinued Operations": {"2020-09-30": "", "2020-06-30": "", "2020-03-31": "", "2019-12-31": "", "2019-09-30": "", "2019-06-30": "", "2019-03-31": "", "2018-12-31": "", "2018-09-30": "", "2018-06-30": "", "2018-03-31": "", "2017-12-31": "", "2017-09-30": "", "2017-06-30": "", "2017-03-31": "", "2016-12-31": "", "2016-09-30": "", "2016-06-30": "", "2016-03-31": "", "2015-12-31": "", "2015-09-30": "", "2015-06-30": "", "2015-03-31": "", "2014-12-31": "", "2014-09-30": "", "2014-06-30": "", "2014-03-31": "", "2013-12-31": "", "2013-09-30": "", "2013-06-30": "", "2013-03-31": "", "2012-12-31": "", "2012-09-30": "", "2012-06-30": "", "2012-03-31": "", "2011-12-31": "", "2011-09-30": "", "2011-06-30": "", "2011-03-31": "", "2010-12-31": "-0.33500", "2010-09-30": "-3.21300", "2010-06-30": "-0.37700", "2010-03-31": "-0.30300", "2009-12-31": "63.03600", "2009-09-30": "6.77900", "2009-06-30": "3.49800", "2009-03-31": "2.96400", "2008-12-31": "19.19300", "2008-09-30": "47.55000", "2008-06-30": "-2.45600", "2008-03-31": "31.36600", "2007-12-31": "43.81400", "2007-09-30": "0.60200", "2007-06-30": "3.93900", "2007-03-31": "6.63500", "2006-12-31": "", "2006-09-30": "", "2006-06-30": "", "2006-03-31": "", "2005-12-31": "0.00000", "2005-09-30": "", "2005-06-30": "", "2005-03-31": ""}, "Net Income": {"2020-09-30": "-528.90200", "2020-06-30": "-567.51700", "2020-03-31": "-184.78400", "2019-12-31": "-159.94700", "2019-09-30": "178.92500", "2019-06-30": "103.35500", "2019-03-31": "-52.44400", "2018-12-31": "-93.54100", "2018-09-30": "151.89400", "2018-06-30": "52.18700", "2018-03-31": "-50.29100", "2017-12-31": "-138.08200", "2017-09-30": "114.99600", "2017-06-30": "62.64100", "2017-03-31": "-45.57000", "2016-12-31": "-131.44400", "2016-09-30": "102.50300", "2016-06-30": "26.44900", "2016-03-31": "-44.51800", "2015-12-31": "-97.50600", "2015-09-30": "78.93100", "2015-06-30": "15.05600", "2015-03-31": "-62.16800", "2014-12-31": "-192.11600", "2014-09-30": "105.16300", "2014-06-30": "22.93400", "2014-03-31": "-32.44800", "2013-12-31": "-82.61200", "2013-09-30": "43.77400", "2013-06-30": "58.13000", "2013-03-31": "-63.23900", "2012-12-31": "-159.71700", "2012-09-30": "57.94800", "2012-06-30": "7.69200", "2012-03-31": "-69.15000", "2011-12-31": "-99.52500", "2011-09-30": "51.71200", "2011-06-30": "13.25700", "2011-03-31": "-48.46000", "2010-12-31": "-124.39700", "2010-09-30": "51.00700", "2010-06-30": "-32.78700", "2010-03-31": "-122.21300", "2009-12-31": "0.47900", "2009-09-30": "69.24700", "2009-06-30": "-27.19800", "2009-03-31": "-102.70700", "2008-12-31": "-339.51200", "2008-09-30": "137.99300", "2008-06-30": "-0.65200", "2008-03-31": "-37.24100", "2007-12-31": "-21.61500", "2007-09-30": "41.55300", "2007-06-30": "9.92200", "2007-03-31": "-45.04900", "2006-12-31": "-33.14000", "2006-09-30": "-9.10100", "2006-06-30": "9.68200", "2006-03-31": "1.11700", "2005-12-31": "-134.94500", "2005-09-30": "26.08300", "2005-06-30": "0.97000", "2005-03-31": "-22.72700"}, "EBITDA": {"2020-09-30": "-368.45100", "2020-06-30": "-437.12910", "2020-03-31": "-31.77910", "2019-12-31": "66.02360", "2019-09-30": "411.67220", "2019-06-30": "303.26990", "2019-03-31": "92.28600", "2018-12-31": "48.53640", "2018-09-30": "358.90000", "2018-06-30": "250.14810", "2018-03-31": "101.78610", "2017-12-31": "-48.96160", "2017-09-30": "320.53490", "2017-06-30": "209.30290", "2017-03-31": "79.22920", "2016-12-31": "75.96580", "2016-09-30": "298.77210", "2016-06-30": "172.19120", "2016-03-31": "64.25580", "2015-12-31": "87.53780", "2015-09-30": "255.23700", "2015-06-30": "133.47300", "2015-03-31": "63.25010", "2014-12-31": "62.21750", "2014-09-30": "251.80300", "2014-06-30": "137.26890", "2014-03-31": "75.01700", "2013-12-31": "65.12420", "2013-09-30": "223.75430", "2013-06-30": "185.74490", "2013-03-31": "54.14600", "2012-12-31": "49.86320", "2012-09-30": "193.73310", "2012-06-30": "140.70490", "2012-03-31": "40.31300", "2011-12-31": "41.93770", "2011-09-30": "191.44400", "2011-06-30": "132.53690", "2011-03-31": "8.49600", "2010-12-31": "41.46280", "2010-09-30": "176.37910", "2010-06-30": "92.44400", "2010-03-31": "-40.88300", "2009-12-31": "-6.53730", "2009-09-30": "149.08110", "2009-06-30": "31.78200", "2009-03-31": "-41.86800", "2008-12-31": "-9.07800", "2008-09-30": "123.93800", "2008-06-30": "63.72100", "2008-03-31": "-33.10200", "2007-12-31": "-13.11080", "2007-09-30": "96.87300", "2007-06-30": "57.57590", "2007-03-31": "-8.89000", "2006-12-31": "-14.13070", "2006-09-30": "90.81390", "2006-06-30": "28.17500", "2006-03-31": "23.17300", "2005-12-31": "-44.54500", "2005-09-30": "77.50100", "2005-06-30": "30.54000", "2005-03-31": "-12.04900"}, "EBIT": {"2020-09-30": "-504.44100", "2020-06-30": "-588.06710", "2020-03-31": "-172.67000", "2019-12-31": "-82.92040", "2019-09-30": "260.04130", "2019-06-30": "171.58590", "2019-03-31": "-23.86300", "2018-12-31": "-90.37900", "2018-09-30": "234.21900", "2018-06-30": "134.72510", "2018-03-31": "-6.02990", "2017-12-31": "-202.01750", "2017-09-30": "201.34690", "2017-06-30": "113.43290", "2017-03-31": "-21.36580", "2016-12-31": "-37.21520", "2016-09-30": "191.28610", "2016-06-30": "74.15920", "2016-03-31": "-33.29020", "2015-12-31": "-40.44850", "2015-09-30": "153.51000", "2015-06-30": "42.24500", "2015-03-31": "-23.93490", "2014-12-31": "-186.81790", "2014-09-30": "150.60400", "2014-06-30": "55.68590", "2014-03-31": "-12.30800", "2013-12-31": "-50.99460", "2013-09-30": "126.03740", "2013-06-30": "97.80590", "2013-03-31": "-33.18900", "2012-12-31": "-126.31870", "2012-09-30": "104.51510", "2012-06-30": "42.96790", "2012-03-31": "-42.80300", "2011-12-31": "-66.68350", "2011-09-30": "104.80900", "2011-06-30": "52.37290", "2011-03-31": "-72.16100", "2010-12-31": "-86.07620", "2010-09-30": "103.10610", "2010-06-30": "25.60600", "2010-03-31": "-106.33600", "2009-12-31": "-64.36150", "2009-09-30": "108.39900", "2009-06-30": "-8.13500", "2009-03-31": "-88.25900", "2008-12-31": "-330.26780", "2008-09-30": "75.47900", "2008-06-30": "27.83400", "2008-03-31": "-70.33800", "2007-12-31": "-58.26590", "2007-09-30": "69.18300", "2007-06-30": "32.23190", "2007-03-31": "-36.87700", "2006-12-31": "-48.65370", "2006-09-30": "28.03690", "2006-06-30": "11.68200", "2006-03-31": "8.06300", "2005-12-31": "752.25700", "2005-09-30": "61.86800", "2005-06-30": "15.25800", "2005-03-31": "-27.52600"}, "Basic Shares Outstanding": {"2020-09-30": "212.59400", "2020-06-30": "211.69400", "2020-03-31": "211.04800", "2019-12-31": "210.08300", "2019-09-30": "210.62200", "2019-06-30": "209.99800", "2019-03-31": "208.90800", "2018-12-31": "207.44100", "2018-09-30": "207.61400", "2018-06-30": "207.33200", "2018-03-31": "206.72800", "2017-12-31": "204.92400", "2017-09-30": "205.28800", "2017-06-30": "204.68800", "2017-03-31": "203.73100", "2016-12-31": "202.07600", "2016-09-30": "202.11800", "2016-06-30": "201.89600", "2016-03-31": "201.69600", "2015-12-31": "200.97300", "2015-09-30": "201.39300", "2015-06-30": "200.76800", "2015-03-31": "200.15500", "2014-12-31": "198.87400", "2014-09-30": "199.26200", "2014-06-30": "198.70200", "2014-03-31": "197.85800", "2013-12-31": "193.88500", "2013-09-30": "196.39700", "2013-06-30": "193.06900", "2013-03-31": "188.82700", "2012-12-31": "186.95600", "2012-09-30": "187.15400", "2012-06-30": "186.89400", "2012-03-31": "186.52200", "2011-12-31": "182.38800", "2011-09-30": "186.12800", "2011-06-30": "180.81900", "2011-03-31": "176.29300", "2010-12-31": "164.41000", "2010-09-30": "170.28500", "2010-06-30": "170.00800", "2010-03-31": "146.30100", "2009-12-31": "82.65200", "2009-09-30": "83.63200", "2009-06-30": "83.61200", "2009-03-31": "79.60200", "2008-12-31": "76.22800", "2008-09-30": "76.23100", "2008-06-30": "75.72100", "2008-03-31": "74.98500", "2007-12-31": "68.44100", "2007-09-30": "69.39800", "2007-06-30": "65.52200", "2007-03-31": "65.49900", "2006-12-31": "64.85300", "2006-09-30": "65.47800", "2006-06-30": "64.46300", "2006-03-31": "63.97200", "2005-12-31": "66.80900", "2005-09-30": "", "2005-06-30": "", "2005-03-31": ""}, "Shares Outstanding": {"2020-09-30": "212.59400", "2020-06-30": "211.69400", "2020-03-31": "211.04800", "2019-12-31": "210.08300", "2019-09-30": "218.95700", "2019-06-30": "219.97800", "2019-03-31": "208.90800", "2018-12-31": "207.44100", "2018-09-30": "216.78900", "2018-06-30": "215.10500", "2018-03-31": "206.72800", "2017-12-31": "204.92400", "2017-09-30": "223.13200", "2017-06-30": "213.87900", "2017-03-31": "203.73100", "2016-12-31": "202.07600", "2016-09-30": "217.69000", "2016-06-30": "208.60200", "2016-03-31": "201.69600", "2015-12-31": "200.97300", "2015-09-30": "208.73900", "2015-06-30": "208.77900", "2015-03-31": "200.15500", "2014-12-31": "198.87400", "2014-09-30": "221.58200", "2014-06-30": "205.98900", "2014-03-31": "197.85800", "2013-12-31": "193.88500", "2013-09-30": "202.10900", "2013-06-30": "196.77000", "2013-03-31": "188.82700", "2012-12-31": "186.95600", "2012-09-30": "189.75400", "2012-06-30": "189.32500", "2012-03-31": "186.52200", "2011-12-31": "182.38800", "2011-09-30": "188.53100", "2011-06-30": "182.79000", "2011-03-31": "176.29300", "2010-12-31": "164.41000", "2010-09-30": "172.30200", "2010-06-30": "170.00800", "2010-03-31": "146.30100", "2009-12-31": "82.65200", "2009-09-30": "92.71800", "2009-06-30": "83.61200", "2009-03-31": "79.60200", "2008-12-31": "76.22800", "2008-09-30": "84.51300", "2008-06-30": "76.79200", "2008-03-31": "74.98500", "2007-12-31": "68.44100", "2007-09-30": "78.21500", "2007-06-30": "67.70300", "2007-03-31": "65.49900", "2006-12-31": "64.85300", "2006-09-30": "65.47800", "2006-06-30": "65.32900", "2006-03-31": "64.48000", "2005-12-31": "66.80900", "2005-09-30": "", "2005-06-30": "", "2005-03-31": ""}, "Basic EPS": {"2020-09-30": "-2.45000", "2020-06-30": "-2.67000", "2020-03-31": "-0.94000", "2019-12-31": "-0.88000", "2019-09-30": "0.74000", "2019-06-30": "0.43000", "2019-03-31": "-0.31000", "2018-12-31": "-0.83000", "2018-09-30": "0.73000", "2018-06-30": "0.25000", "2018-03-31": "-0.24000", "2017-12-31": "-1.13000", "2017-09-30": "0.56000", "2017-06-30": "0.31000", "2017-03-31": "-0.22000", "2016-12-31": "-0.58000", "2016-09-30": "0.51000", "2016-06-30": "0.13000", "2016-03-31": "-0.29000", "2015-12-31": "-0.47000", "2015-09-30": "0.39000", "2015-06-30": "0.06000", "2015-03-31": "-0.31000", "2014-12-31": "-0.95000", "2014-09-30": "0.52000", "2014-06-30": "0.11000", "2014-03-31": "-0.17000", "2013-12-31": "-0.42000", "2013-09-30": "0.22000", "2013-06-30": "0.30000", "2013-03-31": "-0.33000", "2012-12-31": "-0.86000", "2012-09-30": "0.31000", "2012-06-30": "0.04000", "2012-03-31": "-0.37000", "2011-12-31": "-0.54000", "2011-09-30": "0.28000", "2011-06-30": "0.07000", "2011-03-31": "-0.27000", "2010-12-31": "-0.67000", "2010-09-30": "0.30000", "2010-06-30": "-0.19000", "2010-03-31": "-0.83000", "2009-12-31": "0.07000", "2009-09-30": "0.82000", "2009-06-30": "-0.33000", "2009-03-31": "-1.29000", "2008-12-31": "-4.41000", "2008-09-30": "1.78000", "2008-06-30": "-0.01000", "2008-03-31": "-0.50000", "2007-12-31": "-0.28000", "2007-09-30": "0.60000", "2007-06-30": "0.15000", "2007-03-31": "-0.69000", "2006-12-31": "-0.51000", "2006-09-30": "-0.14000", "2006-06-30": "0.15000", "2006-03-31": "0.02000", "2005-12-31": "-2.02000", "2005-09-30": "", "2005-06-30": "", "2005-03-31": ""}, "EPS - Earnings Per Share": {"2020-09-30": "-2.45000", "2020-06-30": "-2.67000", "2020-03-31": "-0.94000", "2019-12-31": "-0.83000", "2019-09-30": "0.71000", "2019-06-30": "0.41000", "2019-03-31": "-0.31000", "2018-12-31": "-0.79000", "2018-09-30": "0.70000", "2018-06-30": "0.24000", "2018-03-31": "-0.24000", "2017-12-31": "-1.08000", "2017-09-30": "0.53000", "2017-06-30": "0.29000", "2017-03-31": "-0.22000", "2016-12-31": "-0.56000", "2016-09-30": "0.49000", "2016-06-30": "0.13000", "2016-03-31": "-0.29000", "2015-12-31": "-0.46000", "2015-09-30": "0.38000", "2015-06-30": "0.06000", "2015-03-31": "-0.31000", "2014-12-31": "-0.92000", "2014-09-30": "0.49000", "2014-06-30": "0.11000", "2014-03-31": "-0.17000", "2013-12-31": "-0.42000", "2013-09-30": "0.22000", "2013-06-30": "0.30000", "2013-03-31": "-0.33000", "2012-12-31": "-0.86000", "2012-09-30": "0.31000", "2012-06-30": "0.04000", "2012-03-31": "-0.37000", "2011-12-31": "-0.53000", "2011-09-30": "0.27000", "2011-06-30": "0.07000", "2011-03-31": "-0.27000", "2010-12-31": "-0.67000", "2010-09-30": "0.30000", "2010-06-30": "-0.19000", "2010-03-31": "-0.83000", "2009-12-31": "0.11000", "2009-09-30": "0.78000", "2009-06-30": "-0.33000", "2009-03-31": "-1.29000", "2008-12-31": "-4.29000", "2008-09-30": "1.66000", "2008-06-30": "-0.01000", "2008-03-31": "-0.50000", "2007-12-31": "-0.23000", "2007-09-30": "0.55000", "2007-06-30": "0.15000", "2007-03-31": "-0.69000", "2006-12-31": "-0.51000", "2006-09-30": "-0.14000", "2006-06-30": "0.15000", "2006-03-31": "0.02000", "2005-12-31": "-2.02000", "2005-09-30": "0.00000", "2005-06-30": "0.00000", "2005-03-31": "0.00000"}}, "balance sheet": {"Cash On Hand": {"2019-12-31": "2474.24200", "2018-12-31": "2378.20300", "2017-12-31": "1828.82200", "2016-12-31": "1526.59100", "2015-12-31": "1303.12500", "2014-12-31": "1382.02900", "2013-12-31": "1299.18400", "2012-12-31": "1001.05500", "2011-12-31": "844.25300", "2010-12-31": "892.75800", "2009-12-31": "236.95500", "2008-12-31": "199.66000", "2007-12-31": "338.99100", "2006-12-31": "313.88000", "2005-12-31": "403.71600"}, "Receivables": {"2019-12-31": "994.60600", "2018-12-31": "829.32000", "2017-12-31": "725.30400", "2016-12-31": "568.93600", "2015-12-31": "452.60000", "2014-12-31": "419.30100", "2013-12-31": "439.15100", "2012-12-31": "415.79000", "2011-12-31": "389.34600", "2010-12-31": "329.94700", "2009-12-31": "176.17900", "2008-12-31": "217.28600", "2007-12-31": "264.31600", "2006-12-31": "250.83100", "2005-12-31": "190.20700"}, "Inventory": {"2019-12-31": "", "2018-12-31": "", "2017-12-31": "", "2016-12-31": "", "2015-12-31": "", "2014-12-31": "", "2013-12-31": "", "2012-12-31": "", "2011-12-31": "", "2010-12-31": "", "2009-12-31": "", "2008-12-31": "", "2007-12-31": "", "2006-12-31": "", "2005-12-31": ""}, "Pre-Paid Expenses": {"2019-12-31": "667.04400", "2018-12-31": "597.86600", "2017-12-31": "546.71300", "2016-12-31": "528.25000", "2015-12-31": "496.22600", "2014-12-31": "440.27200", "2013-12-31": "378.34200", "2012-12-31": "359.93600", "2011-12-31": "316.49100", "2010-12-31": "348.30900", "2009-12-31": "277.59900", "2008-12-31": "194.35500", "2007-12-31": "186.37900", "2006-12-31": "136.93800", "2005-12-31": "115.05500"}, "Other Current Assets": {"2019-12-31": "57.00700", "2018-12-31": "42.68500", "2017-12-31": "51.90300", "2016-12-31": "49.77400", "2015-12-31": "36.36400", "2014-12-31": "26.08900", "2013-12-31": "43.42700", "2012-12-31": "36.03100", "2011-12-31": "26.70000", "2010-12-31": "32.48300", "2009-12-31": "27.13300", "2008-12-31": "28.51700", "2007-12-31": "44.72200", "2006-12-31": "38.51900", "2005-12-31": "46.29500"}, "Total Current Assets": {"2019-12-31": "4192.89900", "2018-12-31": "3848.07400", "2017-12-31": "3152.74200", "2016-12-31": "2673.55100", "2015-12-31": "2288.31500", "2014-12-31": "2267.69100", "2013-12-31": "2160.10400", "2012-12-31": "1812.81200", "2011-12-31": "1576.79000", "2010-12-31": "1603.49700", "2009-12-31": "717.86600", "2008-12-31": "639.81800", "2007-12-31": "834.40800", "2006-12-31": "740.16800", "2005-12-31": "755.27300"}, "Property, Plant, And Equipment": {"2019-12-31": "1117.93200", "2018-12-31": "946.59300", "2017-12-31": "885.93600", "2016-12-31": "751.53600", "2015-12-31": "731.28200", "2014-12-31": "695.33700", "2013-12-31": "706.80000", "2012-12-31": "721.78600", "2011-12-31": "720.13600", "2010-12-31": "737.06400", "2009-12-31": "749.98400", "2008-12-31": "887.73500", "2007-12-31": "915.04500", "2006-12-31": "876.17200", "2005-12-31": "808.91900"}, "Long-Term Investments": {"2019-12-31": "", "2018-12-31": "", "2017-12-31": "", "2016-12-31": "", "2015-12-31": "", "2014-12-31": "", "2013-12-31": "", "2012-12-31": "", "2011-12-31": "55.79600", "2010-12-31": "30.07700", "2009-12-31": "2.07700", "2008-12-31": "18.51900", "2007-12-31": "23.44300", "2006-12-31": "59.28300", "2005-12-31": "30.66000"}, "Goodwill And Intangible Assets": {"2019-12-31": "3237.59300", "2018-12-31": "2853.24800", "2017-12-31": "2852.87700", "2016-12-31": "2927.88500", "2015-12-31": "2751.39500", "2014-12-31": "2531.23000", "2013-12-31": "2520.28300", "2012-12-31": "2459.75300", "2011-12-31": "2508.51600", "2010-12-31": "2598.89800", "2009-12-31": "675.56100", "2008-12-31": "719.76500", "2007-12-31": "854.54100", "2006-12-31": "496.56700", "2005-12-31": "149.46100"}, "Other Long-Term Assets": {"2019-12-31": "1025.17200", "2018-12-31": "848.97100", "2017-12-31": "612.70800", "2016-12-31": "411.29400", "2015-12-31": "385.24900", "2014-12-31": "474.10300", "2013-12-31": "296.33400", "2012-12-31": "296.45500", "2011-12-31": "216.10600", "2010-12-31": "226.02400", "2009-12-31": "196.27100", "2008-12-31": "210.21400", "2007-12-31": "122.96300", "2006-12-31": "50.19900", "2005-12-31": "27.55100"}, "Total Long-Term Assets": {"2019-12-31": "6782.71600", "2018-12-31": "4648.81200", "2017-12-31": "4351.52100", "2016-12-31": "4090.71500", "2015-12-31": "3867.92600", "2014-12-31": "3700.67000", "2013-12-31": "3523.41700", "2012-12-31": "3477.99400", "2011-12-31": "3500.55400", "2010-12-31": "3592.06300", "2009-12-31": "1623.89300", "2008-12-31": "1836.90500", "2007-12-31": "1917.69500", "2006-12-31": "1484.83400", "2005-12-31": "1021.31100"}, "Total Assets": {"2019-12-31": "10975.62000", "2018-12-31": "8496.88600", "2017-12-31": "7504.26300", "2016-12-31": "6764.26600", "2015-12-31": "6156.24100", "2014-12-31": "5968.36100", "2013-12-31": "5683.52100", "2012-12-31": "5290.80600", "2011-12-31": "5077.34400", "2010-12-31": "5195.56000", "2009-12-31": "2341.75900", "2008-12-31": "2476.72300", "2007-12-31": "2752.10300", "2006-12-31": "2225.00200", "2005-12-31": "1776.58400"}, "Total Current Liabilities": {"2019-12-31": "4107.59900", "2018-12-31": "3749.86600", "2017-12-31": "3577.00000", "2016-12-31": "2460.34400", "2015-12-31": "2101.20600", "2014-12-31": "2010.73900", "2013-12-31": "2255.51800", "2012-12-31": "1768.17200", "2011-12-31": "1492.55300", "2010-12-31": "1474.22100", "2009-12-31": "752.23400", "2008-12-31": "771.23700", "2007-12-31": "905.47000", "2006-12-31": "773.96000", "2005-12-31": "678.71900"}, "Long Term Debt": {"2019-12-31": "3271.26200", "2018-12-31": "2732.87800", "2017-12-31": "1952.36600", "2016-12-31": "2259.73600", "2015-12-31": "2002.66200", "2014-12-31": "1995.95700", "2013-12-31": "1530.48400", "2012-12-31": "1677.95500", "2011-12-31": "1652.62900", "2010-12-31": "1677.71400", "2009-12-31": "699.03700", "2008-12-31": "775.48300", "2007-12-31": "786.26100", "2006-12-31": "607.42500", "2005-12-31": "341.13600"}, "Other Non-Current Liabilities": {"2019-12-31": "130.64800", "2018-12-31": "204.97700", "2017-12-31": "174.39100", "2016-12-31": "149.79100", "2015-12-31": "142.26700", "2014-12-31": "112.20400", "2013-12-31": "85.03500", "2012-12-31": "94.40900", "2011-12-31": "120.69300", "2010-12-31": "215.27300", "2009-12-31": "94.56700", "2008-12-31": "146.36000", "2007-12-31": "91.46500", "2006-12-31": "88.79000", "2005-12-31": "53.66700"}, "Total Long Term Liabilities": {"2019-12-31": "5404.06200", "2018-12-31": "3404.27700", "2017-12-31": "2509.11900", "2016-12-31": "2954.40600", "2015-12-31": "2608.11600", "2014-12-31": "2473.77500", "2013-12-31": "1838.19700", "2012-12-31": "2014.06000", "2011-12-31": "1967.89700", "2010-12-31": "2219.67100", "2009-12-31": "864.08400", "2008-12-31": "961.84300", "2007-12-31": "979.56700", "2006-12-31": "812.37990", "2005-12-31": "461.16500"}, "Total Liabilities": {"2019-12-31": "9511.66100", "2018-12-31": "7154.14300", "2017-12-31": "6086.11900", "2016-12-31": "5414.75000", "2015-12-31": "4709.32200", "2014-12-31": "4484.51400", "2013-12-31": "4093.71500", "2012-12-31": "3782.23200", "2011-12-31": "3460.45000", "2010-12-31": "3693.89200", "2009-12-31": "1616.31800", "2008-12-31": "1733.08000", "2007-12-31": "1885.03700", "2006-12-31": "1586.34000", "2005-12-31": "1139.88400"}, "Common Stock Net": {"2019-12-31": "2.11300", "2018-12-31": "2.09100", "2017-12-31": "2.06900", "2016-12-31": "2.03400", "2015-12-31": "2.02000", "2014-12-31": "2.00400", "2013-12-31": "1.97800", "2012-12-31": "1.87700", "2011-12-31": "1.86800", "2010-12-31": "1.72400", "2009-12-31": "0.86000", "2008-12-31": "0.78500", "2007-12-31": "0.74900", "2006-12-31": "0.67200", "2005-12-31": "0.67200"}, "Retained Earnings (Accumulated Deficit)": {"2019-12-31": "-949.33400", "2018-12-31": "-1019.22300", "2017-12-31": "-1079.47200", "2016-12-31": "-1073.45700", "2015-12-31": "-1075.11100", "2014-12-31": "-1042.60300", "2013-12-31": "-951.79600", "2012-12-31": "-908.41800", "2011-12-31": "-745.19100", "2010-12-31": "-662.17500", "2009-12-31": "-433.78500", "2008-12-31": "-373.60600", "2007-12-31": "-130.94100", "2006-12-31": "-119.00500", "2005-12-31": "-87.56300"}, "Comprehensive Income": {"2019-12-31": "-145.71300", "2018-12-31": "-145.23100", "2017-12-31": "-108.54200", "2016-12-31": "-176.70700", "2015-12-31": "-111.65700", "2014-12-31": "-70.01000", "2013-12-31": "-2.37000", "2012-12-31": "-10.92300", "2011-12-31": "-36.37400", "2010-12-31": "-22.24400", "2009-12-31": "4.19900", "2008-12-31": "-5.02900", "2007-12-31": "56.41000", "2006-12-31": "20.71900", "2005-12-31": "-6.41700"}, "Other Share Holders Equity": {"2019-12-31": "", "2018-12-31": "", "2017-12-31": "", "2016-12-31": "", "2015-12-31": "", "2014-12-31": "", "2013-12-31": "", "2012-12-31": "", "2011-12-31": "", "2010-12-31": "", "2009-12-31": "", "2008-12-31": "", "2007-12-31": "", "2006-12-31": "", "2005-12-31": ""}, "Share Holder Equity": {"2019-12-31": "1463.95400", "2018-12-31": "1342.74300", "2017-12-31": "1418.14400", "2016-12-31": "1349.51600", "2015-12-31": "1446.91900", "2014-12-31": "1483.84700", "2013-12-31": "1589.80600", "2012-12-31": "1508.57400", "2011-12-31": "1616.89400", "2010-12-31": "1501.66800", "2009-12-31": "725.44100", "2008-12-31": "743.64300", "2007-12-31": "867.06600", "2006-12-31": "638.66200", "2005-12-31": "636.70000"}, "Total Liabilities And Share Holders Equity": {"2019-12-31": "10975.62000", "2018-12-31": "8496.88600", "2017-12-31": "7504.26300", "2016-12-31": "6764.26600", "2015-12-31": "6156.24100", "2014-12-31": "5968.36100", "2013-12-31": "5683.52100", "2012-12-31": "5290.80600", "2011-12-31": "5077.34400", "2010-12-31": "5195.56000", "2009-12-31": "2341.75900", "2008-12-31": "2476.72300", "2007-12-31": "2752.10300", "2006-12-31": "2225.00200", "2005-12-31": "1776.58400"}}, "balance sheet, quarterly": {"Cash On Hand": {"2020-09-30": "2633.49100", "2020-06-30": "3300.36500", "2020-03-31": "3281.71100", "2019-12-31": "2474.24200", "2019-09-30": "1808.79400", "2019-06-30": "2284.97900", "2019-03-31": "2684.19200", "2018-12-31": "2378.20300", "2018-09-30": "1909.79800", "2018-06-30": "2300.31300", "2018-03-31": "2948.78300", "2017-12-31": "1828.82200", "2017-09-30": "1801.01300", "2017-06-30": "2216.81200", "2017-03-31": "2227.55500", "2016-12-31": "1526.59100", "2016-09-30": "1039.70600", "2016-06-30": "1512.09900", "2016-03-31": "1699.28100", "2015-12-31": "1303.12500", "2015-09-30": "1061.38300", "2015-06-30": "1525.81900", "2015-03-31": "1606.65800", "2014-12-31": "1382.02900", "2014-09-30": "1358.30000", "2014-06-30": "2041.68600", "2014-03-31": "1629.14200", "2013-12-31": "1299.18400", "2013-09-30": "1302.57800", "2013-06-30": "1385.26000", "2013-03-31": "1246.41500", "2012-12-31": "1001.05500", "2012-09-30": "783.67100", "2012-06-30": "1005.03900", "2012-03-31": "1071.41200", "2011-12-31": "844.25300", "2011-09-30": "782.57300", "2011-06-30": "1003.96000", "2011-03-31": "987.18600", "2010-12-31": "892.75800", "2010-09-30": "855.61600", "2010-06-30": "999.92800", "2010-03-31": "825.19700", "2009-12-31": "236.95500", "2009-09-30": "258.08900", "2009-06-30": "469.83000", "2009-03-31": "357.10400", "2008-12-31": "199.66000", "2008-09-30": "205.91600", "2008-06-30": "453.36800", "2008-03-31": "433.86500", "2007-12-31": "338.99100", "2007-09-30": "351.34200", "2007-06-30": "466.66100", "2007-03-31": "394.76600", "2006-12-31": "313.88000", "2006-09-30": "496.58600", "2006-06-30": "603.43200", "2006-03-31": "408.82900", "2005-12-31": "403.71600", "2005-09-30": "", "2005-06-30": "", "2005-03-31": ""}, "Receivables": {"2020-09-30": "564.87300", "2020-06-30": "618.58000", "2020-03-31": "759.43200", "2019-12-31": "994.60600", "2019-09-30": "1215.46500", "2019-06-30": "1096.75400", "2019-03-31": "920.03500", "2018-12-31": "829.32000", "2018-09-30": "1252.58500", "2018-06-30": "949.42200", "2018-03-31": "783.80700", "2017-12-31": "725.30400", "2017-09-30": "991.21500", "2017-06-30": "865.10700", "2017-03-31": "584.63800", "2016-12-31": "568.93600", "2016-09-30": "785.41800", "2016-06-30": "634.56200", "2016-03-31": "480.68100", "2015-12-31": "452.60000", "2015-09-30": "631.34400", "2015-06-30": "524.22700", "2015-03-31": "434.54300", "2014-12-31": "419.30100", "2014-09-30": "607.15000", "2014-06-30": "563.39400", "2014-03-31": "509.11900", "2013-12-31": "439.15100", "2013-09-30": "578.42600", "2013-06-30": "634.50900", "2013-03-31": "486.17300", "2012-12-31": "415.79000", "2012-09-30": "583.32200", "2012-06-30": "492.48400", "2012-03-31": "421.91900", "2011-12-31": "389.34600", "2011-09-30": "489.23600", "2011-06-30": "487.84300", "2011-03-31": "385.98800", "2010-12-31": "329.94700", "2010-09-30": "470.50300", "2010-06-30": "365.03400", "2010-03-31": "263.95200", "2009-12-31": "176.17900", "2009-09-30": "324.83500", "2009-06-30": "250.54500", "2009-03-31": "214.44900", "2008-12-31": "217.28600", "2008-09-30": "358.62100", "2008-06-30": "384.29200", "2008-03-31": "284.70300", "2007-12-31": "264.31600", "2007-09-30": "390.34900", "2007-06-30": "405.16900", "2007-03-31": "263.73000", "2006-12-31": "250.83100", "2006-09-30": "313.86300", "2006-06-30": "291.50900", "2006-03-31": "196.22900", "2005-12-31": "190.20700", "2005-09-30": "", "2005-06-30": "", "2005-03-31": ""}, "Inventory": {"2020-09-30": "", "2020-06-30": "", "2020-03-31": "", "2019-12-31": "", "2019-09-30": "", "2019-06-30": "", "2019-03-31": "", "2018-12-31": "", "2018-09-30": "", "2018-06-30": "", "2018-03-31": "", "2017-12-31": "", "2017-09-30": "", "2017-06-30": "", "2017-03-31": "", "2016-12-31": "", "2016-09-30": "", "2016-06-30": "", "2016-03-31": "", "2015-12-31": "", "2015-09-30": "", "2015-06-30": "", "2015-03-31": "", "2014-12-31": "", "2014-09-30": "", "2014-06-30": "", "2014-03-31": "", "2013-12-31": "", "2013-09-30": "", "2013-06-30": "", "2013-03-31": "", "2012-12-31": "", "2012-09-30": "", "2012-06-30": "", "2012-03-31": "", "2011-12-31": "", "2011-09-30": "", "2011-06-30": "", "2011-03-31": "", "2010-12-31": "", "2010-09-30": "", "2010-06-30": "", "2010-03-31": "", "2009-12-31": "", "2009-09-30": "", "2009-06-30": "", "2009-03-31": "", "2008-12-31": "", "2008-09-30": "", "2008-06-30": "", "2008-03-31": "", "2007-12-31": "", "2007-09-30": "", "2007-06-30": "", "2007-03-31": "", "2006-12-31": "", "2006-09-30": "", "2006-06-30": "", "2006-03-31": "", "2005-12-31": "", "2005-09-30": "", "2005-06-30": "", "2005-03-31": ""}, "Pre-Paid Expenses": {"2020-09-30": "605.16700", "2020-06-30": "446.06200", "2020-03-31": "736.36900", "2019-12-31": "667.04400", "2019-09-30": "772.19600", "2019-06-30": "858.46900", "2019-03-31": "772.29600", "2018-12-31": "597.86600", "2018-09-30": "668.90000", "2018-06-30": "953.96600", "2018-03-31": "867.93600", "2017-12-31": "546.71300", "2017-09-30": "714.17600", "2017-06-30": "850.34000", "2017-03-31": "739.79300", "2016-12-31": "528.25000", "2016-09-30": "533.28300", "2016-06-30": "779.74300", "2016-03-31": "747.66100", "2015-12-31": "496.22600", "2015-09-30": "555.39100", "2015-06-30": "655.80500", "2015-03-31": "573.84300", "2014-12-31": "440.27200", "2014-09-30": "484.60300", "2014-06-30": "647.08700", "2014-03-31": "514.11100", "2013-12-31": "378.34200", "2013-09-30": "435.76900", "2013-06-30": "607.37600", "2013-03-31": "537.24600", "2012-12-31": "359.93600", "2012-09-30": "444.45100", "2012-06-30": "625.37200", "2012-03-31": "504.46300", "2011-12-31": "316.49100", "2011-09-30": "324.25600", "2011-06-30": "494.09900", "2011-03-31": "432.64500", "2010-12-31": "348.30900", "2010-09-30": "433.43400", "2010-06-30": "549.50800", "2010-03-31": "468.55700", "2009-12-31": "277.59900", "2009-09-30": "330.98500", "2009-06-30": "524.52600", "2009-03-31": "381.85300", "2008-12-31": "194.35500", "2008-09-30": "257.90100", "2008-06-30": "377.46000", "2008-03-31": "289.37500", "2007-12-31": "186.37900", "2007-09-30": "204.26100", "2007-06-30": "339.53900", "2007-03-31": "309.00900", "2006-12-31": "136.93800", "2006-09-30": "207.85800", "2006-06-30": "322.88900", "2006-03-31": "212.36900", "2005-12-31": "115.05500", "2005-09-30": "", "2005-06-30": "", "2005-03-31": ""}, "Other Current Assets": {"2020-09-30": "56.32600", "2020-06-30": "68.18700", "2020-03-31": "73.51300", "2019-12-31": "57.00700", "2019-09-30": "53.26800", "2019-06-30": "44.68500", "2019-03-31": "48.35100", "2018-12-31": "42.68500", "2018-09-30": "49.76400", "2018-06-30": "59.65500", "2018-03-31": "44.16400", "2017-12-31": "51.90300", "2017-09-30": "57.22500", "2017-06-30": "52.01900", "2017-03-31": "49.46300", "2016-12-31": "49.77400", "2016-09-30": "48.79800", "2016-06-30": "43.54800", "2016-03-31": "38.63100", "2015-12-31": "36.36400", "2015-09-30": "48.47700", "2015-06-30": "46.89700", "2015-03-31": "38.06900", "2014-12-31": "26.08900", "2014-09-30": "47.88200", "2014-06-30": "59.17900", "2014-03-31": "59.38500", "2013-12-31": "43.42700", "2013-09-30": "47.77700", "2013-06-30": "60.21200", "2013-03-31": "49.93500", "2012-12-31": "36.03100", "2012-09-30": "30.92400", "2012-06-30": "52.96800", "2012-03-31": "35.01500", "2011-12-31": "26.70000", "2011-09-30": "40.73600", "2011-06-30": "49.58900", "2011-03-31": "41.77500", "2010-12-31": "32.48300", "2010-09-30": "46.59600", "2010-06-30": "62.88200", "2010-03-31": "51.39500", "2009-12-31": "27.13300", "2009-09-30": "40.40500", "2009-06-30": "53.94200", "2009-03-31": "34.77900", "2008-12-31": "28.51700", "2008-09-30": "48.66400", "2008-06-30": "58.48400", "2008-03-31": "49.64500", "2007-12-31": "44.72200", "2007-09-30": "32.42600", "2007-06-30": "50.64200", "2007-03-31": "39.25200", "2006-12-31": "38.51900", "2006-09-30": "46.09000", "2006-06-30": "49.92900", "2006-03-31": "37.34500", "2005-12-31": "46.29500", "2005-09-30": "", "2005-06-30": "", "2005-03-31": ""}, "Total Current Assets": {"2020-09-30": "3859.85700", "2020-06-30": "4433.19400", "2020-03-31": "4851.02500", "2019-12-31": "4192.89900", "2019-09-30": "3849.72300", "2019-06-30": "4284.88700", "2019-03-31": "4424.87400", "2018-12-31": "3848.07400", "2018-09-30": "3881.04700", "2018-06-30": "4263.35600", "2018-03-31": "4644.69000", "2017-12-31": "3152.74200", "2017-09-30": "3563.62900", "2017-06-30": "3984.27800", "2017-03-31": "3601.44900", "2016-12-31": "2673.55100", "2016-09-30": "2407.20500", "2016-06-30": "2969.95200", "2016-03-31": "2966.25400", "2015-12-31": "2288.31500", "2015-09-30": "2296.59500", "2015-06-30": "2752.74800", "2015-03-31": "2653.11300", "2014-12-31": "2267.69100", "2014-09-30": "2497.93500", "2014-06-30": "3311.34600", "2014-03-31": "2711.75700", "2013-12-31": "2160.10400", "2013-09-30": "2364.55000", "2013-06-30": "2687.35700", "2013-03-31": "2319.76900", "2012-12-31": "1812.81200", "2012-09-30": "1842.36800", "2012-06-30": "2175.86300", "2012-03-31": "2032.80900", "2011-12-31": "1576.79000", "2011-09-30": "1636.80100", "2011-06-30": "2035.49100", "2011-03-31": "1847.59400", "2010-12-31": "1603.49700", "2010-09-30": "1806.14900", "2010-06-30": "1977.35200", "2010-03-31": "1609.10100", "2009-12-31": "717.86600", "2009-09-30": "954.31400", "2009-06-30": "1298.84300", "2009-03-31": "988.18500", "2008-12-31": "639.81800", "2008-09-30": "871.10200", "2008-06-30": "1273.60400", "2008-03-31": "1057.58800", "2007-12-31": "834.40800", "2007-09-30": "978.37800", "2007-06-30": "1262.01100", "2007-03-31": "1006.75700", "2006-12-31": "740.16800", "2006-09-30": "1064.39700", "2006-06-30": "1267.75900", "2006-03-31": "854.77200", "2005-12-31": "755.27300", "2005-09-30": "", "2005-06-30": "", "2005-03-31": ""}, "Property, Plant, And Equipment": {"2020-09-30": "1106.68800", "2020-06-30": "1121.66500", "2020-03-31": "1128.16900", "2019-12-31": "1117.93200", "2019-09-30": "1048.13900", "2019-06-30": "1025.46800", "2019-03-31": "943.03000", "2018-12-31": "946.59300", "2018-09-30": "913.35700", "2018-06-30": "890.43900", "2018-03-31": "886.90100", "2017-12-31": "885.93600", "2017-09-30": "844.81400", "2017-06-30": "817.37300", "2017-03-31": "782.16600", "2016-12-31": "751.53600", "2016-09-30": "720.59000", "2016-06-30": "712.81200", "2016-03-31": "722.79000", "2015-12-31": "731.28200", "2015-09-30": "719.52300", "2015-06-30": "701.76300", "2015-03-31": "675.79200", "2014-12-31": "695.33700", "2014-09-30": "695.94100", "2014-06-30": "709.34200", "2014-03-31": "697.97800", "2013-12-31": "706.80000", "2013-09-30": "697.00300", "2013-06-30": "692.69500", "2013-03-31": "701.31300", "2012-12-31": "721.78600", "2012-09-30": "717.90500", "2012-06-30": "712.82000", "2012-03-31": "714.87500", "2011-12-31": "720.13600", "2011-09-30": "715.75600", "2011-06-30": "734.87900", "2011-03-31": "735.18100", "2010-12-31": "737.06400", "2010-09-30": "769.12700", "2010-06-30": "764.99700", "2010-03-31": "785.09200", "2009-12-31": "749.98400", "2009-09-30": "852.47800", "2009-06-30": "883.11400", "2009-03-31": "863.91000", "2008-12-31": "887.73500", "2008-09-30": "914.37900", "2008-06-30": "906.31000", "2008-03-31": "871.62600", "2007-12-31": "915.04500", "2007-09-30": "914.69000", "2007-06-30": "864.67500", "2007-03-31": "865.39100", "2006-12-31": "876.17200", "2006-09-30": "780.24300", "2006-06-30": "813.20100", "2006-03-31": "813.46200", "2005-12-31": "808.91900", "2005-09-30": "", "2005-06-30": "", "2005-03-31": ""}, "Long-Term Investments": {"2020-09-30": "", "2020-06-30": "", "2020-03-31": "", "2019-12-31": "", "2019-09-30": "", "2019-06-30": "", "2019-03-31": "", "2018-12-31": "", "2018-09-30": "", "2018-06-30": "", "2018-03-31": "", "2017-12-31": "", "2017-09-30": "", "2017-06-30": "", "2017-03-31": "", "2016-12-31": "", "2016-09-30": "", "2016-06-30": "", "2016-03-31": "", "2015-12-31": "", "2015-09-30": "", "2015-06-30": "", "2015-03-31": "", "2014-12-31": "", "2014-09-30": "", "2014-06-30": "", "2014-03-31": "", "2013-12-31": "", "2013-09-30": "40.12800", "2013-06-30": "52.43800", "2013-03-31": "47.73000", "2012-12-31": "", "2012-09-30": "57.72500", "2012-06-30": "63.48200", "2012-03-31": "60.11800", "2011-12-31": "55.79600", "2011-09-30": "51.18700", "2011-06-30": "45.76900", "2011-03-31": "36.09700", "2010-12-31": "30.07700", "2010-09-30": "27.71900", "2010-06-30": "29.02700", "2010-03-31": "27.44600", "2009-12-31": "2.07700", "2009-09-30": "18.19300", "2009-06-30": "17.28700", "2009-03-31": "17.37800", "2008-12-31": "18.51900", "2008-09-30": "21.34700", "2008-06-30": "22.91500", "2008-03-31": "24.50800", "2007-12-31": "23.44300", "2007-09-30": "32.72100", "2007-06-30": "58.33400", "2007-03-31": "82.14700", "2006-12-31": "59.28300", "2006-09-30": "43.51600", "2006-06-30": "38.88000", "2006-03-31": "36.90300", "2005-12-31": "30.66000", "2005-09-30": "", "2005-06-30": "", "2005-03-31": ""}, "Goodwill And Intangible Assets": {"2020-09-30": "3315.87300", "2020-06-30": "3318.24000", "2020-03-31": "3274.65600", "2019-12-31": "3237.59300", "2019-09-30": "2962.76100", "2019-06-30": "3048.06100", "2019-03-31": "2864.96800", "2018-12-31": "2853.24800", "2018-09-30": "2873.84100", "2018-06-30": "2929.79600", "2018-03-31": "2901.13700", "2017-12-31": "2852.87700", "2017-09-30": "2890.42400", "2017-06-30": "2921.98400", "2017-03-31": "2913.63800", "2016-12-31": "2927.88500", "2016-09-30": "2799.74500", "2016-06-30": "2850.09500", "2016-03-31": "2774.07200", "2015-12-31": "2751.39500", "2015-09-30": "2771.40400", "2015-06-30": "2773.73100", "2015-03-31": "2455.94000", "2014-12-31": "2531.23000", "2014-09-30": "2473.98800", "2014-06-30": "2526.58700", "2014-03-31": "2533.91600", "2013-12-31": "2520.28300", "2013-09-30": "2418.32100", "2013-06-30": "2413.42000", "2013-03-31": "2387.30000", "2012-12-31": "2459.75300", "2012-09-30": "2550.57500", "2012-06-30": "2549.42900", "2012-03-31": "2501.34400", "2011-12-31": "2508.51600", "2011-09-30": "2522.09700", "2011-06-30": "2586.38800", "2011-03-31": "2609.76400", "2010-12-31": "2598.89800", "2010-09-30": "2580.95100", "2010-06-30": "2513.69000", "2010-03-31": "2503.89400", "2009-12-31": "675.56100", "2009-09-30": "697.53800", "2009-06-30": "705.80400", "2009-03-31": "693.95200", "2008-12-31": "719.76500", "2008-09-30": "957.49190", "2008-06-30": "1014.09800", "2008-03-31": "873.58900", "2007-12-31": "854.54100", "2007-09-30": "743.08700", "2007-06-30": "531.47100", "2007-03-31": "520.10400", "2006-12-31": "496.56700", "2006-09-30": "202.69700", "2006-06-30": "195.40000", "2006-03-31": "152.82700", "2005-12-31": "149.46100", "2005-09-30": "", "2005-06-30": "", "2005-03-31": ""}, "Other Long-Term Assets": {"2020-09-30": "1141.57100", "2020-06-30": "1328.55200", "2020-03-31": "1202.57600", "2019-12-31": "1025.17200", "2019-09-30": "961.02290", "2019-06-30": "984.06190", "2019-03-31": "954.72890", "2018-12-31": "848.97100", "2018-09-30": "843.45400", "2018-06-30": "869.21800", "2018-03-31": "684.82000", "2017-12-31": "612.70800", "2017-09-30": "511.65700", "2017-06-30": "527.79100", "2017-03-31": "526.26400", "2016-12-31": "411.29400", "2016-09-30": "489.48900", "2016-06-30": "510.56700", "2016-03-31": "464.05800", "2015-12-31": "385.24900", "2015-09-30": "477.83200", "2015-06-30": "485.27400", "2015-03-31": "553.55600", "2014-12-31": "474.10300", "2014-09-30": "379.86700", "2014-06-30": "324.84500", "2014-03-31": "316.52400", "2013-12-31": "296.33400", "2013-09-30": "255.55800", "2013-06-30": "236.90100", "2013-03-31": "232.17100", "2012-12-31": "296.45500", "2012-09-30": "263.67500", "2012-06-30": "246.83100", "2012-03-31": "240.59300", "2011-12-31": "216.10600", "2011-09-30": "242.86000", "2011-06-30": "249.70100", "2011-03-31": "246.61600", "2010-12-31": "226.02400", "2010-09-30": "208.60300", "2010-06-30": "224.83300", "2010-03-31": "211.90500", "2009-12-31": "196.27100", "2009-09-30": "174.08300", "2009-06-30": "231.10900", "2009-03-31": "221.52500", "2008-12-31": "210.21400", "2008-09-30": "182.64100", "2008-06-30": "141.02900", "2008-03-31": "127.97300", "2007-12-31": "122.96300", "2007-09-30": "91.96400", "2007-06-30": "82.57000", "2007-03-31": "47.48400", "2006-12-31": "50.19900", "2006-09-30": "35.19300", "2006-06-30": "34.69100", "2006-03-31": "30.31000", "2005-12-31": "27.55100", "2005-09-30": "", "2005-06-30": "", "2005-03-31": ""}, "Total Long-Term Assets": {"2020-09-30": "7025.57400", "2020-06-30": "7189.10600", "2020-03-31": "7010.41900", "2019-12-31": "6782.71600", "2019-09-30": "6117.41000", "2019-06-30": "6244.50000", "2019-03-31": "5877.65900", "2018-12-31": "4648.81200", "2018-09-30": "4630.65200", "2018-06-30": "4689.45300", "2018-03-31": "4472.85800", "2017-12-31": "4351.52100", "2017-09-30": "4246.89500", "2017-06-30": "4267.14800", "2017-03-31": "4222.06800", "2016-12-31": "4090.71500", "2016-09-30": "4009.82400", "2016-06-30": "4073.47400", "2016-03-31": "3960.92000", "2015-12-31": "3867.92600", "2015-09-30": "3968.75900", "2015-06-30": "3960.76800", "2015-03-31": "3685.28800", "2014-12-31": "3700.67000", "2014-09-30": "3549.79600", "2014-06-30": "3560.77400", "2014-03-31": "3548.41800", "2013-12-31": "3523.41700", "2013-09-30": "3411.01000", "2013-06-30": "3395.45400", "2013-03-31": "3368.51400", "2012-12-31": "3477.99400", "2012-09-30": "3589.88000", "2012-06-30": "3572.56200", "2012-03-31": "3516.93000", "2011-12-31": "3500.55400", "2011-09-30": "3531.90000", "2011-06-30": "3616.73700", "2011-03-31": "3627.65800", "2010-12-31": "3592.06300", "2010-09-30": "3586.40000", "2010-06-30": "3532.54700", "2010-03-31": "3528.33700", "2009-12-31": "1623.89300", "2009-09-30": "1742.54700", "2009-06-30": "1837.74100", "2009-03-31": "1797.58100", "2008-12-31": "1836.90500", "2008-09-30": "2077.29900", "2008-06-30": "2085.94100", "2008-03-31": "1899.38100", "2007-12-31": "1917.69500", "2007-09-30": "1784.40300", "2007-06-30": "1551.27900", "2007-03-31": "1529.70000", "2006-12-31": "1484.83400", "2006-09-30": "1064.37000", "2006-06-30": "1085.36700", "2006-03-31": "1037.53000", "2005-12-31": "1021.31100", "2005-09-30": "", "2005-06-30": "", "2005-03-31": ""}, "Total Assets": {"2020-09-30": "10885.43000", "2020-06-30": "11622.30000", "2020-03-31": "11861.44000", "2019-12-31": "10975.62000", "2019-09-30": "9967.13300", "2019-06-30": "10529.39000", "2019-03-31": "10302.53000", "2018-12-31": "8496.88600", "2018-09-30": "8511.69900", "2018-06-30": "8952.80900", "2018-03-31": "9117.54800", "2017-12-31": "7504.26300", "2017-09-30": "7810.52400", "2017-06-30": "8251.42600", "2017-03-31": "7823.51700", "2016-12-31": "6764.26600", "2016-09-30": "6417.02900", "2016-06-30": "7043.42600", "2016-03-31": "6927.17400", "2015-12-31": "6156.24100", "2015-09-30": "6265.35400", "2015-06-30": "6713.51600", "2015-03-31": "6338.40100", "2014-12-31": "5968.36100", "2014-09-30": "6047.73100", "2014-06-30": "6872.12000", "2014-03-31": "6260.17500", "2013-12-31": "5683.52100", "2013-09-30": "5775.56000", "2013-06-30": "6082.81100", "2013-03-31": "5688.28300", "2012-12-31": "5290.80600", "2012-09-30": "5432.24800", "2012-06-30": "5748.42500", "2012-03-31": "5549.73900", "2011-12-31": "5077.34400", "2011-09-30": "5168.70100", "2011-06-30": "5652.22800", "2011-03-31": "5475.25200", "2010-12-31": "5195.56000", "2010-09-30": "5392.54900", "2010-06-30": "5509.89900", "2010-03-31": "5137.43800", "2009-12-31": "2341.75900", "2009-09-30": "2696.86100", "2009-06-30": "3136.58400", "2009-03-31": "2785.76600", "2008-12-31": "2476.72300", "2008-09-30": "2948.40100", "2008-06-30": "3359.54500", "2008-03-31": "2956.96900", "2007-12-31": "2752.10300", "2007-09-30": "2762.78100", "2007-06-30": "2813.29000", "2007-03-31": "2536.45700", "2006-12-31": "2225.00200", "2006-09-30": "2128.76700", "2006-06-30": "2353.12600", "2006-03-31": "1892.30200", "2005-12-31": "1776.58400", "2005-09-30": "0.00000", "2005-06-30": "0.00000", "2005-03-31": "0.00000"}, "Total Current Liabilities": {"2020-09-30": "3582.87700", "2020-06-30": "3492.29600", "2020-03-31": "4730.05600", "2019-12-31": "4107.59900", "2019-09-30": "3959.37200", "2019-06-30": "4605.72300", "2019-03-31": "4688.88200", "2018-12-31": "3749.86600", "2018-09-30": "3608.79800", "2018-06-30": "4206.75100", "2018-03-31": "4438.71300", "2017-12-31": "3577.00000", "2017-09-30": "3212.87700", "2017-06-30": "3836.65700", "2017-03-31": "3539.33100", "2016-12-31": "2460.34400", "2016-09-30": "2280.99700", "2016-06-30": "3023.43400", "2016-03-31": "2926.23700", "2015-12-31": "2101.20600", "2015-09-30": "2131.76400", "2015-06-30": "2727.28000", "2015-03-31": "2506.98100", "2014-12-31": "2010.73900", "2014-09-30": "1991.93300", "2014-06-30": "2872.81800", "2014-03-31": "2836.41700", "2013-12-31": "2255.51800", "2013-09-30": "2233.75100", "2013-06-30": "2516.54900", "2013-03-31": "2253.16100", "2012-12-31": "1768.17200", "2012-09-30": "1737.98000", "2012-06-30": "2170.63600", "2012-03-31": "2012.75300", "2011-12-31": "1492.55300", "2011-09-30": "1438.06400", "2011-06-30": "1937.61900", "2011-03-31": "1825.87700", "2010-12-31": "1474.22100", "2010-09-30": "1531.46900", "2010-06-30": "1812.32100", "2010-03-31": "1566.01300", "2009-12-31": "752.23400", "2009-09-30": "978.39200", "2009-06-30": "1574.57000", "2009-03-31": "1214.75100", "2008-12-31": "771.23700", "2008-09-30": "972.93500", "2008-06-30": "1521.78700", "2008-03-31": "1166.64900", "2007-12-31": "905.47000", "2007-09-30": "1023.49200", "2007-06-30": "1433.44000", "2007-03-31": "1096.18000", "2006-12-31": "773.96000", "2006-09-30": "961.67000", "2006-06-30": "1185.91200", "2006-03-31": "827.72300", "2005-12-31": "678.71900", "2005-09-30": "", "2005-06-30": "", "2005-03-31": ""}, "Long Term Debt": {"2020-09-30": "4849.27400", "2020-06-30": "4831.08800", "2020-03-31": "3651.01900", "2019-12-31": "3271.26200", "2019-09-30": "2694.93400", "2019-06-30": "2708.64200", "2019-03-31": "2715.96600", "2018-12-31": "2732.87800", "2018-09-30": "2731.98500", "2018-06-30": "2743.10400", "2018-03-31": "2747.39900", "2017-12-31": "1952.36600", "2017-09-30": "2240.46100", "2017-06-30": "2249.15700", "2017-03-31": "2258.82000", "2016-12-31": "2259.73600", "2016-09-30": "1984.51100", "2016-06-30": "1985.19000", "2016-03-31": "1992.85100", "2015-12-31": "2002.66200", "2015-09-30": "1993.96300", "2015-06-30": "1973.17300", "2015-03-31": "1968.77100", "2014-12-31": "1995.95700", "2014-09-30": "2027.20900", "2014-06-30": "2038.84500", "2014-03-31": "1523.65700", "2013-12-31": "1530.48400", "2013-09-30": "1540.76300", "2013-06-30": "1662.03500", "2013-03-31": "1671.20200", "2012-12-31": "1677.95500", "2012-09-30": "1685.96800", "2012-06-30": "1682.35600", "2012-03-31": "1662.16700", "2011-12-31": "1652.62900", "2011-09-30": "1667.93900", "2011-06-30": "1675.29400", "2011-03-31": "1676.21500", "2010-12-31": "1677.71400", "2010-09-30": "1671.78900", "2010-06-30": "1692.12800", "2010-03-31": "1487.57500", "2009-12-31": "699.03700", "2009-09-30": "804.47700", "2009-06-30": "738.99600", "2009-03-31": "752.11100", "2008-12-31": "775.48300", "2008-09-30": "739.38600", "2008-06-30": "726.89800", "2008-03-31": "727.77500", "2007-12-31": "786.26100", "2007-09-30": "724.97500", "2007-06-30": "578.02400", "2007-03-31": "632.72200", "2006-12-31": "607.42500", "2006-09-30": "337.73300", "2006-06-30": "338.84000", "2006-03-31": "340.36300", "2005-12-31": "341.13600", "2005-09-30": "", "2005-06-30": "", "2005-03-31": ""}, "Other Non-Current Liabilities": {"2020-09-30": "274.27100", "2020-06-30": "691.21900", "2020-03-31": "247.20400", "2019-12-31": "130.64800", "2019-09-30": "112.33600", "2019-06-30": "113.06000", "2019-03-31": "100.17700", "2018-12-31": "204.97700", "2018-09-30": "180.62600", "2018-06-30": "169.26600", "2018-03-31": "155.99800", "2017-12-31": "174.39100", "2017-09-30": "170.31800", "2017-06-30": "155.78800", "2017-03-31": "143.27700", "2016-12-31": "149.79100", "2016-09-30": "125.04000", "2016-06-30": "127.88700", "2016-03-31": "135.30800", "2015-12-31": "142.26700", "2015-09-30": "135.97200", "2015-06-30": "128.34600", "2015-03-31": "111.89400", "2014-12-31": "112.20400", "2014-09-30": "107.68400", "2014-06-30": "105.67300", "2014-03-31": "104.22700", "2013-12-31": "85.03500", "2013-09-30": "92.28800", "2013-06-30": "87.40900", "2013-03-31": "92.99600", "2012-12-31": "94.40900", "2012-09-30": "106.26200", "2012-06-30": "106.22500", "2012-03-31": "113.06800", "2011-12-31": "120.69300", "2011-09-30": "162.50200", "2011-06-30": "162.80100", "2011-03-31": "162.66800", "2010-12-31": "215.27300", "2010-09-30": "198.95700", "2010-06-30": "195.63200", "2010-03-31": "165.45600", "2009-12-31": "94.56700", "2009-09-30": "140.21900", "2009-06-30": "141.02700", "2009-03-31": "135.68900", "2008-12-31": "146.36000", "2008-09-30": "144.09400", "2008-06-30": "139.13800", "2008-03-31": "109.80100", "2007-12-31": "91.46500", "2007-09-30": "92.05300", "2007-06-30": "83.40500", "2007-03-31": "115.81300", "2006-12-31": "88.79000", "2006-09-30": "41.89000", "2006-06-30": "41.43600", "2006-03-31": "40.54000", "2005-12-31": "53.66700", "2005-09-30": "", "2005-06-30": "", "2005-03-31": ""}, "Total Long Term Liabilities": {"2020-09-30": "7055.53000", "2020-06-30": "7446.47400", "2020-03-31": "5900.55600", "2019-12-31": "5404.06200", "2019-09-30": "4484.92900", "2019-06-30": "4515.90800", "2019-03-31": "4373.25700", "2018-12-31": "3404.27700", "2018-09-30": "3351.97200", "2018-06-30": "3340.53800", "2018-03-31": "3306.61400", "2017-12-31": "2509.11900", "2017-09-30": "2983.10500", "2017-06-30": "2957.54600", "2017-03-31": "2943.61900", "2016-12-31": "2954.40600", "2016-09-30": "2616.98400", "2016-06-30": "2604.21000", "2016-03-31": "2596.27900", "2015-12-31": "2608.11600", "2015-09-30": "2585.79700", "2015-06-30": "2541.67100", "2015-03-31": "2442.86800", "2014-12-31": "2473.77500", "2014-09-30": "2374.55300", "2014-06-30": "2367.86800", "2014-03-31": "1850.33000", "2013-12-31": "1838.19700", "2013-09-30": "1889.22700", "2013-06-30": "2021.02400", "2013-03-31": "2003.30500", "2012-12-31": "2014.06000", "2012-09-30": "2031.04700", "2012-06-30": "2027.13900", "2012-03-31": "1961.49200", "2011-12-31": "1967.89700", "2011-09-30": "2007.86000", "2011-06-30": "2025.49700", "2011-03-31": "2049.38200", "2010-12-31": "2219.67100", "2010-09-30": "2230.20400", "2010-06-30": "2208.77300", "2010-03-31": "2037.23700", "2009-12-31": "864.08400", "2009-09-30": "984.69600", "2009-06-30": "920.02290", "2009-03-31": "927.80000", "2008-12-31": "961.84300", "2008-09-30": "991.30300", "2008-06-30": "978.34500", "2008-03-31": "944.49400", "2007-12-31": "979.56700", "2007-09-30": "920.29600", "2007-06-30": "761.07900", "2007-03-31": "844.79100", "2006-12-31": "812.37990", "2006-09-30": "495.23300", "2006-06-30": "486.20800", "2006-03-31": "446.52100", "2005-12-31": "461.16500", "2005-09-30": "", "2005-06-30": "", "2005-03-31": ""}, "Total Liabilities": {"2020-09-30": "10638.41000", "2020-06-30": "10938.77000", "2020-03-31": "10630.61000", "2019-12-31": "9511.66600", "2019-09-30": "8444.30100", "2019-06-30": "9121.63100", "2019-03-31": "9062.13900", "2018-12-31": "7154.14300", "2018-09-30": "6960.77000", "2018-06-30": "7547.28900", "2018-03-31": "7745.32700", "2017-12-31": "6086.11900", "2017-09-30": "6195.98200", "2017-06-30": "6794.20300", "2017-03-31": "6482.95000", "2016-12-31": "5414.75000", "2016-09-30": "4897.98100", "2016-06-30": "5627.64400", "2016-03-31": "5522.51600", "2015-12-31": "4709.32200", "2015-09-30": "4717.56100", "2015-06-30": "5268.95100", "2015-03-31": "4949.84900", "2014-12-31": "4484.51400", "2014-09-30": "4366.48600", "2014-06-30": "5240.68600", "2014-03-31": "4686.74700", "2013-12-31": "4093.71500", "2013-09-30": "4122.97800", "2013-06-30": "4537.57300", "2013-03-31": "4256.46600", "2012-12-31": "3782.23200", "2012-09-30": "3769.02700", "2012-06-30": "4197.77500", "2012-03-31": "3974.24500", "2011-12-31": "3460.45000", "2011-09-30": "3445.92400", "2011-06-30": "3963.11600", "2011-03-31": "3875.25900", "2010-12-31": "3693.89200", "2010-09-30": "3761.67300", "2010-06-30": "4021.09400", "2010-03-31": "3603.25000", "2009-12-31": "1616.31800", "2009-09-30": "1963.08800", "2009-06-30": "2494.59300", "2009-03-31": "2142.55100", "2008-12-31": "1733.08000", "2008-09-30": "1964.23800", "2008-06-30": "2500.13200", "2008-03-31": "2111.14300", "2007-12-31": "1885.03700", "2007-09-30": "1943.78800", "2007-06-30": "2194.51900", "2007-03-31": "1940.97100", "2006-12-31": "1586.34000", "2006-09-30": "1456.90300", "2006-06-30": "1672.12000", "2006-03-31": "1274.24400", "2005-12-31": "1139.88400", "2005-09-30": "", "2005-06-30": "", "2005-03-31": ""}, "Common Stock Net": {"2020-09-30": "2.13800", "2020-06-30": "2.12500", "2020-03-31": "2.11800", "2019-12-31": "2.11300", "2019-09-30": "2.11100", "2019-06-30": "2.10100", "2019-03-31": "2.09900", "2018-12-31": "2.09100", "2018-09-30": "2.08300", "2018-06-30": "2.07900", "2018-03-31": "2.07600", "2017-12-31": "2.06900", "2017-09-30": "2.06000", "2017-06-30": "2.05400", "2017-03-31": "2.04700", "2016-12-31": "2.03400", "2016-09-30": "2.02700", "2016-06-30": "2.02400", "2016-03-31": "2.02300", "2015-12-31": "2.02000", "2015-09-30": "2.01900", "2015-06-30": "2.01600", "2015-03-31": "2.00900", "2014-12-31": "2.00400", "2014-09-30": "1.99800", "2014-06-30": "1.99300", "2014-03-31": "1.98900", "2013-12-31": "1.97800", "2013-09-30": "1.97300", "2013-06-30": "1.95900", "2013-03-31": "1.91500", "2012-12-31": "1.87700", "2012-09-30": "1.87300", "2012-06-30": "1.87100", "2012-03-31": "1.86900", "2011-12-31": "1.86800", "2011-09-30": "1.86700", "2011-06-30": "1.86700", "2011-03-31": "1.80100", "2010-12-31": "1.72400", "2010-09-30": "1.72300", "2010-06-30": "1.72200", "2010-03-31": "1.71700", "2009-12-31": "0.86000", "2009-09-30": "0.85900", "2009-06-30": "0.85900", "2009-03-31": "0.85800", "2008-12-31": "0.78500", "2008-09-30": "0.76900", "2008-06-30": "0.76100", "2008-03-31": "0.74900", "2007-12-31": "0.74900", "2007-09-30": "0.72100", "2007-06-30": "0.67200", "2007-03-31": "0.67200", "2006-12-31": "0.67200", "2006-09-30": "0.67200", "2006-06-30": "0.67200", "2006-03-31": "0.67200", "2005-12-31": "0.67200", "2005-09-30": "", "2005-06-30": "", "2005-03-31": ""}, "Retained Earnings (Accumulated Deficit)": {"2020-09-30": "-2233.50100", "2020-06-30": "-1704.59900", "2020-03-31": "-1137.08200", "2019-12-31": "-949.33400", "2019-09-30": "-789.38700", "2019-06-30": "-968.31200", "2019-03-31": "-1071.66700", "2018-12-31": "-1019.22300", "2018-09-30": "-871.33600", "2018-06-30": "-1044.01900", "2018-03-31": "-1113.37800", "2017-12-31": "-1079.47200", "2017-09-30": "-888.57900", "2017-06-30": "-1024.97200", "2017-03-31": "-1106.45000", "2016-12-31": "-1073.45700", "2016-09-30": "-972.10000", "2016-06-30": "-1083.17600", "2016-03-31": "-1120.91900", "2015-12-31": "-1075.11100", "2015-09-30": "-996.77700", "2015-06-30": "-1085.82600", "2015-03-31": "-1100.88200", "2014-12-31": "-1042.60300", "2014-09-30": "-856.14700", "2014-06-30": "-961.31000", "2014-03-31": "-984.24400", "2013-12-31": "-951.79600", "2013-09-30": "-869.75300", "2013-06-30": "-913.52700", "2013-03-31": "-971.65700", "2012-12-31": "-908.41800", "2012-09-30": "-748.70100", "2012-06-30": "-806.64900", "2012-03-31": "-814.34100", "2011-12-31": "-745.19100", "2011-09-30": "-645.66600", "2011-06-30": "-697.37800", "2011-03-31": "-710.63500", "2010-12-31": "-662.17500", "2010-09-30": "-522.88100", "2010-06-30": "-580.35600", "2010-03-31": "-545.73800", "2009-12-31": "-433.78500", "2009-09-30": "-434.26400", "2009-06-30": "-503.51100", "2009-03-31": "-476.31300", "2008-12-31": "-373.60600", "2008-09-30": "-25.18000", "2008-06-30": "-165.10800", "2008-03-31": "-166.34300", "2007-12-31": "-130.94100", "2007-09-30": "-112.57900", "2007-06-30": "-154.13200", "2007-03-31": "-164.05400", "2006-12-31": "-119.00500", "2006-09-30": "-85.86500", "2006-06-30": "-76.76300", "2006-03-31": "-86.44600", "2005-12-31": "-87.56300", "2005-09-30": "", "2005-06-30": "", "2005-03-31": ""}, "Comprehensive Income": {"2020-09-30": "-222.21700", "2020-06-30": "-243.80500", "2020-03-31": "-259.32600", "2019-12-31": "-145.71300", "2019-09-30": "-181.04700", "2019-06-30": "-148.79100", "2019-03-31": "-148.12000", "2018-12-31": "-145.23100", "2018-09-30": "-134.91800", "2018-06-30": "-125.83700", "2018-03-31": "-92.28000", "2017-12-31": "-108.54200", "2017-09-30": "-117.86600", "2017-06-30": "-136.13400", "2017-03-31": "-165.23100", "2016-12-31": "-176.70700", "2016-09-30": "-144.27300", "2016-06-30": "-136.40400", "2016-03-31": "-112.90500", "2015-12-31": "-111.65700", "2015-09-30": "-94.23400", "2015-06-30": "-87.93100", "2015-03-31": "-114.47800", "2014-12-31": "-70.01000", "2014-09-30": "-37.57700", "2014-06-30": "16.82800", "2014-03-31": "7.49300", "2013-12-31": "-2.37000", "2013-09-30": "-11.26100", "2013-06-30": "-51.95900", "2013-03-31": "-45.10200", "2012-12-31": "-10.92300", "2012-09-30": "-16.43600", "2012-06-30": "-45.32700", "2012-03-31": "-11.05600", "2011-12-31": "-36.37400", "2011-09-30": "-5.07200", "2011-06-30": "32.24000", "2011-03-31": "23.20300", "2010-12-31": "-22.24400", "2010-09-30": "-3.21100", "2010-06-30": "-60.87800", "2010-03-31": "-40.03700", "2009-12-31": "4.19900", "2009-09-30": "8.63400", "2009-06-30": "-1.24500", "2009-03-31": "-18.48600", "2008-12-31": "-5.02900", "2008-09-30": "38.56700", "2008-06-30": "68.29800", "2008-03-31": "66.84600", "2007-12-31": "56.41000", "2007-09-30": "50.52800", "2007-06-30": "30.20200", "2007-03-31": "20.21600", "2006-12-31": "20.71900", "2006-09-30": "11.68500", "2006-06-30": "11.04900", "2006-03-31": "-2.24700", "2005-12-31": "-6.41700", "2005-09-30": "", "2005-06-30": "", "2005-03-31": ""}, "Other Share Holders Equity": {"2020-09-30": "", "2020-06-30": "", "2020-03-31": "", "2019-12-31": "", "2019-09-30": "", "2019-06-30": "", "2019-03-31": "", "2018-12-31": "", "2018-09-30": "", "2018-06-30": "", "2018-03-31": "", "2017-12-31": "", "2017-09-30": "", "2017-06-30": "", "2017-03-31": "", "2016-12-31": "", "2016-09-30": "", "2016-06-30": "", "2016-03-31": "", "2015-12-31": "", "2015-09-30": "", "2015-06-30": "", "2015-03-31": "", "2014-12-31": "", "2014-09-30": "", "2014-06-30": "", "2014-03-31": "", "2013-12-31": "", "2013-09-30": "", "2013-06-30": "", "2013-03-31": "", "2012-12-31": "", "2012-09-30": "", "2012-06-30": "", "2012-03-31": "", "2011-12-31": "", "2011-09-30": "", "2011-06-30": "", "2011-03-31": "", "2010-12-31": "", "2010-09-30": "", "2010-06-30": "", "2010-03-31": "", "2009-12-31": "", "2009-09-30": "", "2009-06-30": "", "2009-03-31": "", "2008-12-31": "", "2008-09-30": "", "2008-06-30": "", "2008-03-31": "", "2007-12-31": "", "2007-09-30": "", "2007-06-30": "", "2007-03-31": "", "2006-12-31": "", "2006-09-30": "", "2006-06-30": "", "2006-03-31": "", "2005-12-31": "", "2005-09-30": "", "2005-06-30": "", "2005-03-31": ""}, "Share Holder Equity": {"2020-09-30": "247.02400", "2020-06-30": "683.53000", "2020-03-31": "1230.83200", "2019-12-31": "1463.95400", "2019-09-30": "1522.83200", "2019-06-30": "1407.75600", "2019-03-31": "1240.39400", "2018-12-31": "1342.74300", "2018-09-30": "1550.92900", "2018-06-30": "1405.52000", "2018-03-31": "1372.22100", "2017-12-31": "1418.14400", "2017-09-30": "1614.54200", "2017-06-30": "1457.22300", "2017-03-31": "1340.56700", "2016-12-31": "1349.51600", "2016-09-30": "1519.04800", "2016-06-30": "1415.78200", "2016-03-31": "1404.65800", "2015-12-31": "1446.91900", "2015-09-30": "1547.79300", "2015-06-30": "1444.56500", "2015-03-31": "1388.55200", "2014-12-31": "1483.84700", "2014-09-30": "1681.24500", "2014-06-30": "1631.43400", "2014-03-31": "1573.42800", "2013-12-31": "1589.80600", "2013-09-30": "1652.58200", "2013-06-30": "1545.23800", "2013-03-31": "1431.81700", "2012-12-31": "1508.57400", "2012-09-30": "1663.22100", "2012-06-30": "1550.65000", "2012-03-31": "1575.49400", "2011-12-31": "1616.89400", "2011-09-30": "1722.77700", "2011-06-30": "1689.11200", "2011-03-31": "1599.99300", "2010-12-31": "1501.66800", "2010-09-30": "1630.87600", "2010-06-30": "1488.80500", "2010-03-31": "1534.18800", "2009-12-31": "725.44100", "2009-09-30": "733.77300", "2009-06-30": "641.99100", "2009-03-31": "643.21500", "2008-12-31": "743.64300", "2008-09-30": "984.16300", "2008-06-30": "859.41300", "2008-03-31": "845.82600", "2007-12-31": "867.06600", "2007-09-30": "818.99300", "2007-06-30": "618.77100", "2007-03-31": "595.48600", "2006-12-31": "638.66200", "2006-09-30": "671.86400", "2006-06-30": "681.00600", "2006-03-31": "618.05800", "2005-12-31": "636.70000", "2005-09-30": "", "2005-06-30": "", "2005-03-31": ""}, "Total Liabilities And Share Holders Equity": {"2020-09-30": "10885.43000", "2020-06-30": "11622.30000", "2020-03-31": "11861.44000", "2019-12-31": "10975.62000", "2019-09-30": "9967.13300", "2019-06-30": "10529.39000", "2019-03-31": "10302.53000", "2018-12-31": "8496.88600", "2018-09-30": "8511.69900", "2018-06-30": "8952.80900", "2018-03-31": "9117.54800", "2017-12-31": "7504.26300", "2017-09-30": "7810.52400", "2017-06-30": "8251.42600", "2017-03-31": "7823.51700", "2016-12-31": "6764.26600", "2016-09-30": "6417.02900", "2016-06-30": "7043.42600", "2016-03-31": "6927.17400", "2015-12-31": "6156.24100", "2015-09-30": "6265.35400", "2015-06-30": "6713.51600", "2015-03-31": "6338.40100", "2014-12-31": "5968.36100", "2014-09-30": "6047.73100", "2014-06-30": "6872.12000", "2014-03-31": "6260.17500", "2013-12-31": "5683.52100", "2013-09-30": "5775.56000", "2013-06-30": "6082.81100", "2013-03-31": "5688.28300", "2012-12-31": "5290.80600", "2012-09-30": "5432.24800", "2012-06-30": "5748.42500", "2012-03-31": "5549.73900", "2011-12-31": "5077.34400", "2011-09-30": "5168.70100", "2011-06-30": "5652.22800", "2011-03-31": "5475.25200", "2010-12-31": "5195.56000", "2010-09-30": "5392.54900", "2010-06-30": "5509.89900", "2010-03-31": "5137.43800", "2009-12-31": "2341.75900", "2009-09-30": "2696.86100", "2009-06-30": "3136.58400", "2009-03-31": "2785.76600", "2008-12-31": "2476.72300", "2008-09-30": "2948.40100", "2008-06-30": "3359.54500", "2008-03-31": "2956.96900", "2007-12-31": "2752.10300", "2007-09-30": "2762.78100", "2007-06-30": "2813.29000", "2007-03-31": "2536.45700", "2006-12-31": "2225.00200", "2006-09-30": "2128.76700", "2006-06-30": "2353.12600", "2006-03-31": "1892.30200", "2005-12-31": "1776.58400", "2005-09-30": "", "2005-06-30": "", "2005-03-31": ""}}, "cash flow statement": {"Net Income/Loss": {"2019-12-31": "118.21200", "2018-12-31": "90.34000", "2017-12-31": "7.77400", "2016-12-31": "20.29700", "2015-12-31": "-15.76900", "2014-12-31": "-104.45000", "2013-12-31": "-36.01500", "2012-12-31": "-161.89700", "2011-12-31": "-70.40300", "2010-12-31": "-208.03600", "2009-12-31": "-49.73400", "2008-12-31": "-237.82500", "2007-12-31": "-7.32000", "2006-12-31": "-31.44200", "2005-12-31": "-130.61900"}, "Total Depreciation And Amortization - Cash Flow": {"2019-12-31": "548.40900", "2018-12-31": "486.83500", "2017-12-31": "468.70900", "2016-12-31": "416.24500", "2015-12-31": "408.12600", "2014-12-31": "519.14200", "2013-12-31": "389.11000", "2012-12-31": "446.25300", "2011-12-31": "356.07700", "2010-12-31": "333.10300", "2009-12-31": "184.81400", "2008-12-31": "442.77200", "2007-12-31": "126.17600", "2006-12-31": "128.90300", "2005-12-31": "64.63100"}, "Other Non-Cash Items": {"2019-12-31": "94.72300", "2018-12-31": "101.84300", "2017-12-31": "15.45100", "2016-12-31": "82.46900", "2015-12-31": "60.70100", "2014-12-31": "15.43500", "2013-12-31": "28.68200", "2012-12-31": "17.58400", "2011-12-31": "-4.74100", "2010-12-31": "58.47000", "2009-12-31": "-52.33300", "2008-12-31": "-107.29000", "2007-12-31": "-19.25600", "2006-12-31": "7.58700", "2005-12-31": "49.43500"}, "Total Non-Cash Items": {"2019-12-31": "643.13200", "2018-12-31": "588.67800", "2017-12-31": "484.16000", "2016-12-31": "498.71400", "2015-12-31": "468.82700", "2014-12-31": "534.57700", "2013-12-31": "417.79200", "2012-12-31": "463.83700", "2011-12-31": "351.33600", "2010-12-31": "391.57300", "2009-12-31": "132.48100", "2008-12-31": "335.48200", "2007-12-31": "106.92000", "2006-12-31": "136.49000", "2005-12-31": "114.06600"}, "Change In Accounts Receivable": {"2019-12-31": "-159.79200", "2018-12-31": "-135.42900", "2017-12-31": "-133.02000", "2016-12-31": "-146.12800", "2015-12-31": "-67.23500", "2014-12-31": "-14.35600", "2013-12-31": "34.34400", "2012-12-31": "-20.31900", "2011-12-31": "-79.80700", "2010-12-31": "-4.58100", "2009-12-31": "27.60800", "2008-12-31": "-1.76900", "2007-12-31": "3.82700", "2006-12-31": "-55.50400", "2005-12-31": "-15.91100"}, "Change In Inventories": {"2019-12-31": "", "2018-12-31": "", "2017-12-31": "", "2016-12-31": "", "2015-12-31": "", "2014-12-31": "", "2013-12-31": "", "2012-12-31": "", "2011-12-31": "", "2010-12-31": "", "2009-12-31": "", "2008-12-31": "", "2007-12-31": "", "2006-12-31": "", "2005-12-31": ""}, "Change In Accounts Payable": {"2019-12-31": "", "2018-12-31": "", "2017-12-31": "", "2016-12-31": "", "2015-12-31": "", "2014-12-31": "", "2013-12-31": "", "2012-12-31": "", "2011-12-31": "", "2010-12-31": "", "2009-12-31": "", "2008-12-31": "", "2007-12-31": "", "2006-12-31": "", "2005-12-31": ""}, "Change In Assets/Liabilities": {"2019-12-31": "-85.84900", "2018-12-31": "74.53800", "2017-12-31": "-209.69300", "2016-12-31": "32.08100", "2015-12-31": "-69.92400", "2014-12-31": "-169.14300", "2013-12-31": "-74.37800", "2012-12-31": "21.66500", "2011-12-31": "-74.71900", "2010-12-31": "-20.82400", "2009-12-31": "-48.49400", "2008-12-31": "-104.78200", "2007-12-31": "-84.47500", "2006-12-31": "-35.81800", "2005-12-31": "-13.39900"}, "Total Change In Assets/Liabilities": {"2019-12-31": "-291.56100", "2018-12-31": "262.56800", "2017-12-31": "131.58800", "2016-12-31": "79.72800", "2015-12-31": "-133.67900", "2014-12-31": "-137.96100", "2013-12-31": "51.08900", "2012-12-31": "65.15800", "2011-12-31": "-147.70900", "2010-12-31": "-25.01900", "2009-12-31": "-25.47200", "2008-12-31": "-160.29000", "2007-12-31": "-63.16700", "2006-12-31": "-87.42000", "2005-12-31": "12.63600"}, "Cash Flow From Operating Activities": {"2019-12-31": "469.78300", "2018-12-31": "941.58600", "2017-12-31": "623.52200", "2016-12-31": "598.73900", "2015-12-31": "307.85400", "2014-12-31": "292.16600", "2013-12-31": "431.36100", "2012-12-31": "367.09800", "2011-12-31": "135.70500", "2010-12-31": "158.51800", "2009-12-31": "57.27500", "2008-12-31": "-62.63300", "2007-12-31": "36.43300", "2006-12-31": "17.62800", "2005-12-31": "-3.91700"}, "Net Change In Property, Plant, And Equipment": {"2019-12-31": "-323.56600", "2018-12-31": "-239.83300", "2017-12-31": "-238.43500", "2016-12-31": "-173.82700", "2015-12-31": "-142.49100", "2014-12-31": "-139.58700", "2013-12-31": "-134.86800", "2012-12-31": "-123.81100", "2011-12-31": "-107.50000", "2010-12-31": "-75.57800", "2009-12-31": "-64.26700", "2008-12-31": "-186.21700", "2007-12-31": "-105.36000", "2006-12-31": "-65.70500", "2005-12-31": "-92.52000"}, "Net Change In Intangible Assets": {"2019-12-31": "-42.26100", "2018-12-31": "-35.63000", "2017-12-31": "-10.97700", "2016-12-31": "-6.23400", "2015-12-31": "-12.26700", "2014-12-31": "-3.35000", "2013-12-31": "", "2012-12-31": "-14.56200", "2011-12-31": "-2.59100", "2010-12-31": "-1.79000", "2009-12-31": "-27.86300", "2008-12-31": "-65.46000", "2007-12-31": "-47.56800", "2006-12-31": "-0.79600", "2005-12-31": "-0.10000"}, "Net Acquisitions/Divestitures": {"2019-12-31": "-235.07100", "2018-12-31": "-120.22800", "2017-12-31": "-47.94600", "2016-12-31": "-211.62400", "2015-12-31": "-89.78000", "2014-12-31": "-210.24300", "2013-12-31": "-93.53700", "2012-12-31": "-75.64100", "2011-12-31": "-39.46500", "2010-12-31": "491.53100", "2009-12-31": "-9.70700", "2008-12-31": "-19.65700", "2007-12-31": "-124.28500", "2006-12-31": "-351.85800", "2005-12-31": "-8.46700"}, "Net Change In Short-term Investments": {"2019-12-31": "", "2018-12-31": "", "2017-12-31": "", "2016-12-31": "", "2015-12-31": "", "2014-12-31": "", "2013-12-31": "", "2012-12-31": "", "2011-12-31": "", "2010-12-31": "", "2009-12-31": "", "2008-12-31": "", "2007-12-31": "", "2006-12-31": "", "2005-12-31": ""}, "Net Change In Long-Term Investments": {"2019-12-31": "-57.28000", "2018-12-31": "-46.49700", "2017-12-31": "-25.17000", "2016-12-31": "-28.92200", "2015-12-31": "-21.99800", "2014-12-31": "-19.60000", "2013-12-31": "-9.62800", "2012-12-31": "-3.78800", "2011-12-31": "-8.37900", "2010-12-31": "-3.45800", "2009-12-31": "-0.82100", "2008-12-31": "198.41500", "2007-12-31": "-1.64500", "2006-12-31": "-12.91400", "2005-12-31": "-11.20300"}, "Net Change In Investments - Total": {"2019-12-31": "-57.28000", "2018-12-31": "-46.49700", "2017-12-31": "-25.17000", "2016-12-31": "-28.92200", "2015-12-31": "-21.99800", "2014-12-31": "-19.60000", "2013-12-31": "-9.62800", "2012-12-31": "-3.78800", "2011-12-31": "-8.37900", "2010-12-31": "-3.45800", "2009-12-31": "-0.82100", "2008-12-31": "198.41500", "2007-12-31": "-1.64500", "2006-12-31": "-12.91400", "2005-12-31": "-11.20300"}, "Investing Activities - Other": {"2019-12-31": "-32.82200", "2018-12-31": "-54.72100", "2017-12-31": "-5.05800", "2016-12-31": "-5.87000", "2015-12-31": "-24.44900", "2014-12-31": "-19.37800", "2013-12-31": "80.48100", "2012-12-31": "14.01100", "2011-12-31": "5.91800", "2010-12-31": "42.28200", "2009-12-31": "180.13900", "2008-12-31": "6.02600", "2007-12-31": "149.28800", "2006-12-31": "55.20200", "2005-12-31": "6.24100"}, "Cash Flow From Investing Activities": {"2019-12-31": "-691.00000", "2018-12-31": "-496.90900", "2017-12-31": "-327.58600", "2016-12-31": "-426.47700", "2015-12-31": "-290.98500", "2014-12-31": "-392.15800", "2013-12-31": "-157.55200", "2012-12-31": "-203.79100", "2011-12-31": "-152.01700", "2010-12-31": "452.98700", "2009-12-31": "77.48100", "2008-12-31": "-66.89300", "2007-12-31": "-129.57000", "2006-12-31": "-376.07100", "2005-12-31": "-106.04900"}, "Net Long-Term Debt": {"2019-12-31": "500.13300", "2018-12-31": "458.27100", "2017-12-31": "-49.94300", "2016-12-31": "237.62000", "2015-12-31": "-6.29300", "2014-12-31": "261.61200", "2013-12-31": "16.58200", "2012-12-31": "13.06400", "2011-12-31": "-32.00700", "2010-12-31": "119.83590", "2009-12-31": "-103.05400", "2008-12-31": "50.71700", "2007-12-31": "114.14600", "2006-12-31": "261.23800", "2005-12-31": "343.94100"}, "Net Current Debt": {"2019-12-31": "", "2018-12-31": "", "2017-12-31": "", "2016-12-31": "", "2015-12-31": "", "2014-12-31": "", "2013-12-31": "", "2012-12-31": "", "2011-12-31": "", "2010-12-31": "", "2009-12-31": "", "2008-12-31": "", "2007-12-31": "", "2006-12-31": "", "2005-12-31": ""}, "Debt Issuance/Retirement Net - Total": {"2019-12-31": "500.13300", "2018-12-31": "458.27100", "2017-12-31": "-49.94300", "2016-12-31": "237.62000", "2015-12-31": "-6.29300", "2014-12-31": "261.61200", "2013-12-31": "16.58200", "2012-12-31": "13.06400", "2011-12-31": "-32.00700", "2010-12-31": "119.83590", "2009-12-31": "-103.05400", "2008-12-31": "50.71700", "2007-12-31": "114.14600", "2006-12-31": "261.23800", "2005-12-31": "343.94100"}, "Net Common Equity Issued/Repurchased": {"2019-12-31": "14.10400", "2018-12-31": "22.56800", "2017-12-31": "51.06900", "2016-12-31": "20.29900", "2015-12-31": "16.28000", "2014-12-31": "21.79700", "2013-12-31": "85.11000", "2012-12-31": "1.14300", "2011-12-31": "79.19700", "2010-12-31": "7.07300", "2009-12-31": "-5.80300", "2008-12-31": "-22.53800", "2007-12-31": "0.46600", "2006-12-31": "-24.71700", "2005-12-31": "-18.00300"}, "Net Total Equity Issued/Repurchased": {"2019-12-31": "14.10400", "2018-12-31": "22.56800", "2017-12-31": "51.06900", "2016-12-31": "20.29900", "2015-12-31": "16.28000", "2014-12-31": "21.79700", "2013-12-31": "85.11000", "2012-12-31": "1.14300", "2011-12-31": "79.19700", "2010-12-31": "-32.92700", "2009-12-31": "-4.25000", "2008-12-31": "-22.53800", "2007-12-31": "0.46600", "2006-12-31": "-24.71700", "2005-12-31": "1.49700"}, "Total Common And Preferred Stock Dividends Paid": {"2019-12-31": "", "2018-12-31": "", "2017-12-31": "", "2016-12-31": "", "2015-12-31": "", "2014-12-31": "", "2013-12-31": "", "2012-12-31": "", "2011-12-31": "", "2010-12-31": "", "2009-12-31": "", "2008-12-31": "", "2007-12-31": "", "2006-12-31": "", "2005-12-31": ""}, "Financial Activities - Other": {"2019-12-31": "-185.34800", "2018-12-31": "-292.05500", "2017-12-31": "-128.20900", "2016-12-31": "-158.70700", "2015-12-31": "-54.10800", "2014-12-31": "-57.43800", "2013-12-31": "-68.70800", "2012-12-31": "-34.09800", "2011-12-31": "-91.56900", "2010-12-31": "-37.82300", "2009-12-31": "-17.05200", "2008-12-31": "5.80500", "2007-12-31": "-4.42400", "2006-12-31": "31.77300", "2005-12-31": "17.83000"}, "Cash Flow From Financial Activities": {"2019-12-31": "328.88900", "2018-12-31": "188.78400", "2017-12-31": "-127.08300", "2016-12-31": "99.21200", "2015-12-31": "-44.12100", "2014-12-31": "225.97100", "2013-12-31": "32.98400", "2012-12-31": "-19.89100", "2011-12-31": "-44.37900", "2010-12-31": "49.08600", "2009-12-31": "-124.35600", "2008-12-31": "33.98400", "2007-12-31": "110.18800", "2006-12-31": "268.29400", "2005-12-31": "363.26800"}, "Net Cash Flow": {"2019-12-31": "96.03900", "2018-12-31": "549.38100", "2017-12-31": "299.24700", "2016-12-31": "224.71500", "2015-12-31": "-78.90400", "2014-12-31": "82.84500", "2013-12-31": "298.12900", "2012-12-31": "156.80200", "2011-12-31": "-48.50500", "2010-12-31": "655.80300", "2009-12-31": "37.29500", "2008-12-31": "-139.33100", "2007-12-31": "25.11100", "2006-12-31": "-89.83600", "2005-12-31": "224.57900"}, "Stock-Based Compensation": {"2019-12-31": "48.78500", "2018-12-31": "45.58200", "2017-12-31": "42.75500", "2016-12-31": "32.72300", "2015-12-31": "33.36100", "2014-12-31": "39.02900", "2013-12-31": "28.41500", "2012-12-31": "37.06300", "2011-12-31": "50.04500", "2010-12-31": "52.39500", "2009-12-31": "16.67500", "2008-12-31": "34.55600", "2007-12-31": "29.19100", "2006-12-31": "3.43200", "2005-12-31": "1.25600"}, "Common Stock Dividends Paid": {"2019-12-31": "", "2018-12-31": "", "2017-12-31": "", "2016-12-31": "", "2015-12-31": "", "2014-12-31": "", "2013-12-31": "", "2012-12-31": "", "2011-12-31": "", "2010-12-31": "", "2009-12-31": "", "2008-12-31": "", "2007-12-31": "", "2006-12-31": "", "2005-12-31": ""}}, "cash flow statement, quarterly": {"Net Income/Loss": {"2020-09-30": -542.458, "2020-06-30": -610.584, "2020-03-31": "-210.92200", "2019-12-31": -136.639, "2019-09-30": 193.972, "2019-06-30": 116.12, "2019-03-31": "-55.24100", "2018-12-31": -135.185, "2018-09-30": 183.197, "2018-06-30": 83.356, "2018-03-31": "-41.02800", "2017-12-31": -173.781, "2017-09-30": 148.77, "2017-06-30": 80.555, "2017-03-31": "-47.77000", "2016-12-31": -92.971, "2016-09-30": 132.761, "2016-06-30": 36.461, "2016-03-31": "-55.95400", "2015-12-31": -73.837, "2015-09-30": 104.382, "2015-06-30": 20.212, "2015-03-31": "-66.52600", "2014-12-31": -216.002, "2014-09-30": 115.827, "2014-06-30": 25.822, "2014-03-31": "-30.09700", "2013-12-31": -81.261, "2013-09-30": 50.418, "2013-06-30": 59.015, "2013-03-31": "-64.18700", "2012-12-31": -165.405, "2012-09-30": 68.176, "2012-06-30": 5.56, "2012-03-31": "-70.22800", "2011-12-31": -95.696, "2011-09-30": 63.021, "2011-06-30": 16.614, "2011-03-31": "-54.34200", "2010-12-31": -115.691, "2010-09-30": 61.825, "2010-06-30": -31.219, "2010-03-31": "-122.95100", "2009-12-31": 1.059, "2009-09-30": 79.172, "2009-06-30": -26.808, "2009-03-31": "-103.15700", "2008-12-31": -337.802, "2008-09-30": 142.337, "2008-06-30": -2.897, "2008-03-31": "-39.46300", "2007-12-31": -13.746, "2007-09-30": 41.553, "2007-06-30": 9.922, "2007-03-31": "-45.04900", "2006-12-31": -33.14, "2006-09-30": -9.101, "2006-06-30": 9.682, "2006-03-31": "1.11700", "2005-12-31": -134.936, "2005-09-30": 26.083, "2005-06-30": 0.97, "2005-03-31": "-22.72700"}, "Total Depreciation And Amortization - Cash Flow": {"2020-09-30": 135.99, "2020-06-30": 150.938, "2020-03-31": "140.89100", "2019-12-31": 148.945, "2019-09-30": 151.631, "2019-06-30": 131.684, "2019-03-31": "116.14900", "2018-12-31": 138.915, "2018-09-30": 124.681, "2018-06-30": 115.423, "2018-03-31": "107.81600", "2017-12-31": 153.056, "2017-09-30": 119.188, "2017-06-30": 95.87, "2017-03-31": "100.59500", "2016-12-31": 113.181, "2016-09-30": 107.486, "2016-06-30": 98.032, "2016-03-31": "97.54600", "2015-12-31": 127.986, "2015-09-30": 101.727, "2015-06-30": 91.228, "2015-03-31": "87.18500", "2014-12-31": 249.035, "2014-09-30": 101.199, "2014-06-30": 81.583, "2014-03-31": "87.32500", "2013-12-31": 116.119, "2013-09-30": 97.717, "2013-06-30": 87.939, "2013-03-31": "87.33500", "2012-12-31": 176.182, "2012-09-30": 89.218, "2012-06-30": 97.737, "2012-03-31": "83.11600", "2011-12-31": 108.621, "2011-09-30": 86.635, "2011-06-30": 80.164, "2011-03-31": "80.65700", "2010-12-31": 127.539, "2010-09-30": 73.273, "2010-06-30": 66.838, "2010-03-31": "65.45300", "2009-12-31": 57.824, "2009-09-30": 40.682, "2009-06-30": 39.917, "2009-03-31": "46.39100", "2008-12-31": 321.19, "2008-09-30": 48.459, "2008-06-30": 35.887, "2008-03-31": "37.23600", "2007-12-31": 45.155, "2007-09-30": 27.69, "2007-06-30": 25.344, "2007-03-31": "27.98700", "2006-12-31": 34.523, "2006-09-30": 62.777, "2006-06-30": 16.493, "2006-03-31": "15.11000", "2005-12-31": 18.238, "2005-09-30": 15.633, "2005-06-30": 15.282, "2005-03-31": "15.47700"}, "Other Non-Cash Items": {"2020-09-30": 76.355, "2020-06-30": 27.197, "2020-03-31": "11.73200", "2019-12-31": 30.496, "2019-09-30": 28.321, "2019-06-30": 22.701, "2019-03-31": "13.20500", "2018-12-31": 18.533, "2018-09-30": 60.364, "2018-06-30": 12.076, "2018-03-31": "10.87000", "2017-12-31": -32.72, "2017-09-30": 32.07, "2017-06-30": 8.165, "2017-03-31": "7.93600", "2016-12-31": 38.687, "2016-09-30": 29.346, "2016-06-30": 7.211, "2016-03-31": "7.22500", "2015-12-31": 28.909, "2015-09-30": 15.645, "2015-06-30": 2.279, "2015-03-31": "13.86800", "2014-12-31": 8.962, "2014-09-30": 1.18, "2014-06-30": 5.393, "2014-03-31": "-0.10000", "2013-12-31": 23.123, "2013-09-30": 36.752, "2013-06-30": -28.09, "2013-03-31": "-3.10300", "2012-12-31": 10.686, "2012-09-30": 1.802, "2012-06-30": 3.891, "2012-03-31": "1.20500", "2011-12-31": 8.893, "2011-09-30": 0.663, "2011-06-30": -3.383, "2011-03-31": "-10.91400", "2010-12-31": -12.035, "2010-09-30": 10.755, "2010-06-30": 25.514, "2010-03-31": "34.23600", "2009-12-31": -54.757, "2009-09-30": -1.564, "2009-06-30": 2.901, "2009-03-31": "1.08700", "2008-12-31": 28.079, "2008-09-30": -127.203, "2008-06-30": 5.429, "2008-03-31": "-13.59500", "2007-12-31": -25.08, "2007-09-30": 13.565, "2007-06-30": -14.842, "2007-03-31": "7.10100", "2006-12-31": 10.749, "2006-09-30": 6.592, "2006-06-30": -3.036, "2006-03-31": "-6.71800", "2005-12-31": 58.828, "2005-09-30": 13.122, "2005-06-30": -4.981, "2005-03-31": "-17.53400"}, "Total Non-Cash Items": {"2020-09-30": 212.345, "2020-06-30": 178.135, "2020-03-31": "152.62300", "2019-12-31": 179.441, "2019-09-30": 179.952, "2019-06-30": 154.385, "2019-03-31": "129.35400", "2018-12-31": 157.4481, "2018-09-30": 185.0449, "2018-06-30": 127.499, "2018-03-31": "118.68600", "2017-12-31": 120.336, "2017-09-30": 151.258, "2017-06-30": 104.035, "2017-03-31": "108.53100", "2016-12-31": 151.868, "2016-09-30": 136.832, "2016-06-30": 105.243, "2016-03-31": "104.77100", "2015-12-31": 156.895, "2015-09-30": 117.372, "2015-06-30": 93.507, "2015-03-31": "101.05300", "2014-12-31": 257.997, "2014-09-30": 102.379, "2014-06-30": 86.976, "2014-03-31": "87.22500", "2013-12-31": 139.242, "2013-09-30": 134.469, "2013-06-30": 59.849, "2013-03-31": "84.23200", "2012-12-31": 186.868, "2012-09-30": 91.02, "2012-06-30": 101.628, "2012-03-31": "84.32100", "2011-12-31": 117.514, "2011-09-30": 87.298, "2011-06-30": 76.781, "2011-03-31": "69.74300", "2010-12-31": 115.504, "2010-09-30": 84.028, "2010-06-30": 92.352, "2010-03-31": "99.68900", "2009-12-31": 3.067, "2009-09-30": 39.118, "2009-06-30": 42.818, "2009-03-31": "47.47800", "2008-12-31": 349.269, "2008-09-30": -78.744, "2008-06-30": 41.316, "2008-03-31": "23.64100", "2007-12-31": 20.075, "2007-09-30": 41.255, "2007-06-30": 10.502, "2007-03-31": "35.08800", "2006-12-31": 45.272, "2006-09-30": 69.369, "2006-06-30": 13.457, "2006-03-31": "8.39200", "2005-12-31": 27.631, "2005-09-30": 28.755, "2005-06-30": 10.301, "2005-03-31": "-2.05700"}, "Change In Accounts Receivable": {"2020-09-30": 43.123, "2020-06-30": 135.166, "2020-03-31": "227.91300", "2019-12-31": 232.273, "2019-09-30": -135.49, "2019-06-30": -165.938, "2019-03-31": "-90.63700", "2018-12-31": 410.443, "2018-09-30": -316.856, "2018-06-30": -175.936, "2018-03-31": "-53.08000", "2017-12-31": 261.733, "2017-09-30": -112.678, "2017-06-30": -275.517, "2017-03-31": "-6.55800", "2016-12-31": 199.215, "2016-09-30": -173.673, "2016-06-30": -154.792, "2016-03-31": "-16.87800", "2015-12-31": 164.871, "2015-09-30": -110.048, "2015-06-30": -74.358, "2015-03-31": "-47.70000", "2014-12-31": 179.349, "2014-09-30": -67.177, "2014-06-30": -48.548, "2014-03-31": "-77.98000", "2013-12-31": 140.905, "2013-09-30": 76, "2013-06-30": -119.415, "2013-03-31": "-63.14600", "2012-12-31": 165.994, "2012-09-30": -82.969, "2012-06-30": -76.97, "2012-03-31": "-26.37400", "2011-12-31": 84.585, "2011-09-30": -16.159, "2011-06-30": -99.819, "2011-03-31": "-48.41400", "2010-12-31": 148.822, "2010-09-30": -89.744, "2010-06-30": -108.933, "2010-03-31": "45.27400", "2009-12-31": 138.315, "2009-09-30": -68.291, "2009-06-30": -26.29, "2009-03-31": "-16.12600", "2008-12-31": 124.846, "2008-09-30": -26.325, "2008-06-30": -87.377, "2008-03-31": "-12.91300", "2007-12-31": 131.682, "2007-09-30": 24.904, "2007-06-30": -142.418, "2007-03-31": "-10.34100", "2006-12-31": 35.259, "2006-09-30": -27.593, "2006-06-30": -50.103, "2006-03-31": "-13.06700", "2005-12-31": 52.558, "2005-09-30": 0.048, "2005-06-30": -57.74, "2005-03-31": "-10.77700"}, "Change In Inventories": {"2020-09-30": 0, "2020-06-30": 0, "2020-03-31": "", "2019-12-31": 0, "2019-09-30": 0, "2019-06-30": 0, "2019-03-31": "", "2018-12-31": 0, "2018-09-30": 0, "2018-06-30": 0, "2018-03-31": "", "2017-12-31": 0, "2017-09-30": 0, "2017-06-30": 0, "2017-03-31": "", "2016-12-31": 0, "2016-09-30": 0, "2016-06-30": 0, "2016-03-31": "", "2015-12-31": 0, "2015-09-30": 0, "2015-06-30": 0, "2015-03-31": "", "2014-12-31": 0, "2014-09-30": 0, "2014-06-30": 0, "2014-03-31": "", "2013-12-31": 0, "2013-09-30": 0, "2013-06-30": 0, "2013-03-31": "", "2012-12-31": 0, "2012-09-30": 0, "2012-06-30": 0, "2012-03-31": "", "2011-12-31": 0, "2011-09-30": 0, "2011-06-30": 0, "2011-03-31": "", "2010-12-31": 0, "2010-09-30": 0, "2010-06-30": 0, "2010-03-31": "", "2009-12-31": 0, "2009-09-30": 0, "2009-06-30": 0, "2009-03-31": "", "2008-12-31": 0, "2008-09-30": 0, "2008-06-30": 0, "2008-03-31": "", "2007-12-31": 0, "2007-09-30": 0, "2007-06-30": 0, "2007-03-31": "", "2006-12-31": 0, "2006-09-30": 0, "2006-06-30": 0, "2006-03-31": "", "2005-12-31": 0, "2005-09-30": 0, "2005-06-30": 0, "2005-03-31": ""}, "Change In Accounts Payable": {"2020-09-30": 0, "2020-06-30": 0, "2020-03-31": "", "2019-12-31": 0, "2019-09-30": 0, "2019-06-30": 0, "2019-03-31": "", "2018-12-31": 0, "2018-09-30": 0, "2018-06-30": 0, "2018-03-31": "", "2017-12-31": 0, "2017-09-30": 0, "2017-06-30": 0, "2017-03-31": "", "2016-12-31": 0, "2016-09-30": 0, "2016-06-30": 0, "2016-03-31": "", "2015-12-31": 0, "2015-09-30": 0, "2015-06-30": 0, "2015-03-31": "", "2014-12-31": 0, "2014-09-30": 0, "2014-06-30": 0, "2014-03-31": "", "2013-12-31": 0, "2013-09-30": 0, "2013-06-30": 0, "2013-03-31": "", "2012-12-31": 0, "2012-09-30": 0, "2012-06-30": 0, "2012-03-31": "", "2011-12-31": 0, "2011-09-30": 0, "2011-06-30": 0, "2011-03-31": "", "2010-12-31": 0, "2010-09-30": 0, "2010-06-30": 0, "2010-03-31": "", "2009-12-31": 0, "2009-09-30": 0, "2009-06-30": 0, "2009-03-31": "", "2008-12-31": 0, "2008-09-30": 0, "2008-06-30": 0, "2008-03-31": "", "2007-12-31": 0, "2007-09-30": 0, "2007-06-30": 0, "2007-03-31": "", "2006-12-31": 0, "2006-09-30": 0, "2006-06-30": 0, "2006-03-31": "", "2005-12-31": 0, "2005-09-30": 0, "2005-06-30": 0, "2005-03-31": ""}, "Change In Assets/Liabilities": {"2020-09-30": 141.464, "2020-06-30": -244.78, "2020-03-31": "789.64100", "2019-12-31": 334.201, "2019-09-30": -619.45, "2019-06-30": -327.939, "2019-03-31": "527.33900", "2018-12-31": 407.752, "2018-09-30": -675.784, "2018-06-30": -349.866, "2018-03-31": "692.43600", "2017-12-31": 53.407, "2017-09-30": -717.486, "2017-06-30": -194.138, "2017-03-31": "648.52400", "2016-12-31": 322.111, "2016-09-30": -595.266, "2016-06-30": -101.129, "2016-03-31": "406.36500", "2015-12-31": 191.615, "2015-09-30": -564.385, "2015-06-30": -50.026, "2015-03-31": "352.87200", "2014-12-31": 139.084, "2014-09-30": -490.123, "2014-06-30": -167.497, "2014-03-31": "349.39300", "2013-12-31": 116.037, "2013-09-30": -486.561, "2013-06-30": 5.049, "2013-03-31": "291.09700", "2012-12-31": 165.06, "2012-09-30": -340.869, "2012-06-30": -24.685, "2012-03-31": "222.15900", "2011-12-31": 23.954, "2011-09-30": -200.872, "2011-06-30": -80.656, "2011-03-31": "182.85500", "2010-12-31": 81.991, "2010-09-30": -279.238, "2010-06-30": 47.628, "2010-03-31": "128.79500", "2009-12-31": 48.251, "2009-09-30": -363.55, "2009-06-30": 1.51, "2009-03-31": "265.29500", "2008-12-31": 15.545, "2008-09-30": -417.16, "2008-06-30": 95.158, "2008-03-31": "201.67500", "2007-12-31": -59.718, "2007-09-30": -291.6, "2007-06-30": 157.833, "2007-03-31": "109.01000", "2006-12-31": 18.913, "2006-09-30": -225.183, "2006-06-30": 107.482, "2006-03-31": "62.97000", "2005-12-31": 97.984, "2005-09-30": -172.138, "2005-06-30": 9.172, "2005-03-31": "51.58300"}, "Total Change In Assets/Liabilities": {"2020-09-30": -221.27, "2020-06-30": -600.962, "2020-03-31": "701.35000", "2019-12-31": 384.882, "2019-09-30": -625.148, "2019-06-30": -443.082, "2019-03-31": "391.78700", "2018-12-31": 657.222, "2018-09-30": -620.273, "2018-06-30": -466.055, "2018-03-31": "691.67400", "2017-12-31": 252.497, "2017-09-30": -670.9899, "2017-06-30": -148.4851, "2017-03-31": "698.56600", "2016-12-31": 420.076, "2016-09-30": -660.802, "2016-06-30": -148.127, "2016-03-31": "468.58100", "2015-12-31": 239.154, "2015-09-30": -587.557, "2015-06-30": -101.984, "2015-03-31": "316.70800", "2014-12-31": 256.7, "2014-09-30": -564.793, "2014-06-30": -139.348, "2014-03-31": "309.48000", "2013-12-31": 110.347, "2013-09-30": -303.052, "2013-06-30": -5.93, "2013-03-31": "249.72400", "2012-12-31": 256.596, "2012-09-30": -380.285, "2012-06-30": -61.725, "2012-03-31": "250.57200", "2011-12-31": 143.038, "2011-09-30": -314.616, "2011-06-30": -88.498, "2011-03-31": "112.36700", "2010-12-31": 144.999, "2010-09-30": -300.426, "2010-06-30": 17.645, "2010-03-31": "112.76300", "2009-12-31": -21.432, "2009-09-30": -382.435, "2009-06-30": 120.779, "2009-03-31": "257.61600", "2008-12-31": -2.636, "2008-09-30": -387.458, "2008-06-30": 59.518, "2008-03-31": "170.28600", "2007-12-31": -4.258, "2007-09-30": -263.422, "2007-06-30": 106.25, "2007-03-31": "98.26300", "2006-12-31": -95.689, "2006-09-30": -155.41, "2006-06-30": 133.882, "2006-03-31": "29.79700", "2005-12-31": 89.065, "2005-09-30": -147.465, "2005-06-30": 40.618, "2005-03-31": "48.24200"}, "Cash Flow From Operating Activities": {"2020-09-30": -566.543, "2020-06-30": -1022.035, "2020-03-31": "631.67500", "2019-12-31": 436.861, "2019-09-30": -260.401, "2019-06-30": -175.727, "2019-03-31": "469.05000", "2018-12-31": 686.01, "2018-09-30": -264.25, "2018-06-30": -255.672, "2018-03-31": "775.49800", "2017-12-31": 205.288, "2017-09-30": -386.475, "2017-06-30": 42.972, "2017-03-31": "761.73700", "2016-12-31": 479.223, "2016-09-30": -391.459, "2016-06-30": -6.423, "2016-03-31": "517.39800", "2015-12-31": 322.778, "2015-09-30": -377.4, "2015-06-30": 14.815, "2015-03-31": "347.66100", "2014-12-31": 298.695, "2014-09-30": -346.835, "2014-06-30": -26.302, "2014-03-31": "366.60800", "2013-12-31": 166.823, "2013-09-30": -115.809, "2013-06-30": 109.887, "2013-03-31": "270.46000", "2012-12-31": 278.059, "2012-09-30": -221.089, "2012-06-30": 45.356, "2012-03-31": "264.77200", "2011-12-31": 163.246, "2011-09-30": -160.206, "2011-06-30": 4.897, "2011-03-31": "127.76800", "2010-12-31": 144.812, "2010-09-30": -154.573, "2010-06-30": 78.778, "2010-03-31": "89.50100", "2009-12-31": -17.306, "2009-09-30": -264.145, "2009-06-30": 136.789, "2009-03-31": "201.93700", "2008-12-31": 8.831, "2008-09-30": -323.865, "2008-06-30": 97.937, "2008-03-31": "154.46400", "2007-12-31": 2.071, "2007-09-30": -180.614, "2007-06-30": 126.674, "2007-03-31": "88.30200", "2006-12-31": -83.557, "2006-09-30": -95.142, "2006-06-30": 157.021, "2006-03-31": "39.30600", "2005-12-31": 31.19, "2005-09-30": -92.627, "2005-06-30": 51.889, "2005-03-31": "23.45800"}, "Net Change In Property, Plant, And Equipment": {"2020-09-30": -44.527, "2020-06-30": -57.946, "2020-03-31": "-84.56300", "2019-12-31": -97.744, "2019-09-30": -89.882, "2019-06-30": -78.804, "2019-03-31": "-57.13600", "2018-12-31": -76.119, "2018-09-30": -63.073, "2018-06-30": -55.516, "2018-03-31": "-45.12500", "2017-12-31": -53.936, "2017-09-30": -55.892, "2017-06-30": -69.726, "2017-03-31": "-58.88100", "2016-12-31": -54.087, "2016-09-30": -40.86, "2016-06-30": -48.199, "2016-03-31": "-30.68100", "2015-12-31": -44.985, "2015-09-30": -30.162, "2015-06-30": -37.979, "2015-03-31": "-29.36500", "2014-12-31": -41.339, "2014-09-30": -31.86, "2014-06-30": -41.865, "2014-03-31": "-24.52300", "2013-12-31": -31.291, "2013-09-30": -26.892, "2013-06-30": -51.015, "2013-03-31": "-25.67000", "2012-12-31": -31.439, "2012-09-30": -29.587, "2012-06-30": -34.768, "2012-03-31": "-28.01700", "2011-12-31": -37.927, "2011-09-30": -24.922, "2011-06-30": -26.44, "2011-03-31": "-18.21100", "2010-12-31": -26.413, "2010-09-30": -19.083, "2010-06-30": -16.999, "2010-03-31": "-13.08300", "2009-12-31": -10.413, "2009-09-30": -14.765, "2009-06-30": -15.127, "2009-03-31": "-23.96200", "2008-12-31": -47.667, "2008-09-30": -62.468, "2008-06-30": -52.962, "2008-03-31": "-23.12000", "2007-12-31": -38.415, "2007-09-30": -27.483, "2007-06-30": -25.783, "2007-03-31": "-13.67900", "2006-12-31": -14.675, "2006-09-30": -19.063, "2006-06-30": -14.809, "2006-03-31": "-17.15800", "2005-12-31": -20.523, "2005-09-30": -22.106, "2005-06-30": -27.284, "2005-03-31": "-22.60700"}, "Net Change In Intangible Assets": {"2020-09-30": 1.691, "2020-06-30": -5.594, "2020-03-31": "", "2019-12-31": -19.308, "2019-09-30": -2.339, "2019-06-30": -20.614, "2019-03-31": "", "2018-12-31": -2.455, "2018-09-30": -5.555, "2018-06-30": -1.706, "2018-03-31": "-25.91400", "2017-12-31": -6.082, "2017-09-30": -2.817, "2017-06-30": -1.473, "2017-03-31": "-0.60500", "2016-12-31": -6.234, "2016-09-30": 0, "2016-06-30": 0, "2016-03-31": "", "2015-12-31": -12.267, "2015-09-30": 0, "2015-06-30": 0, "2015-03-31": "", "2014-12-31": -3.35, "2014-09-30": 0, "2014-06-30": 0, "2014-03-31": "", "2013-12-31": 0.017, "2013-09-30": 0, "2013-06-30": 0, "2013-03-31": "-0.01700", "2012-12-31": -0.009, "2012-09-30": -3.084, "2012-06-30": -1.467, "2012-03-31": "-10.00200", "2011-12-31": -2.473, "2011-09-30": -0.015, "2011-06-30": 0.004, "2011-03-31": "-0.10700", "2010-12-31": -0.419, "2010-09-30": -0.008, "2010-06-30": 5.838, "2010-03-31": "-7.20100", "2009-12-31": 0, "2009-09-30": -20.1, "2009-06-30": -6.903, "2009-03-31": "-0.86000", "2008-12-31": -46.644, "2008-09-30": -12.835, "2008-06-30": -4.733, "2008-03-31": "-1.24800", "2007-12-31": -47.568, "2007-09-30": 0, "2007-06-30": 0, "2007-03-31": "", "2006-12-31": -0.796, "2006-09-30": 0, "2006-06-30": 0, "2006-03-31": "", "2005-12-31": -0.1, "2005-09-30": 0, "2005-06-30": 0, "2005-03-31": ""}, "Net Acquisitions/Divestitures": {"2020-09-30": 0.188, "2020-06-30": -4.963, "2020-03-31": "-32.50800", "2019-12-31": -126.996, "2019-09-30": -20.48, "2019-06-30": -77.713, "2019-03-31": "-9.88200", "2018-12-31": -21.94, "2018-09-30": -5.032, "2018-06-30": -73.034, "2018-03-31": "-20.22200", "2017-12-31": -29.137, "2017-09-30": -2.19, "2017-06-30": -11.919, "2017-03-31": "-4.70000", "2016-12-31": -98.559, "2016-09-30": 9.253, "2016-06-30": -78.94, "2016-03-31": "-43.37800", "2015-12-31": -2.409, "2015-09-30": -18.127, "2015-06-30": -53.365, "2015-03-31": "-15.87900", "2014-12-31": -161.716, "2014-09-30": -24.009, "2014-06-30": -12.884, "2014-03-31": "-11.63400", "2013-12-31": -67.119, "2013-09-30": -2.652, "2013-06-30": -23.427, "2013-03-31": "-0.33900", "2012-12-31": -4.385, "2012-09-30": -3.163, "2012-06-30": -68.093, "2012-03-31": "", "2011-12-31": -13.966, "2011-09-30": -5.595, "2011-06-30": -12.615, "2011-03-31": "-7.28900", "2010-12-31": -69.201, "2010-09-30": -5.412, "2010-06-30": -10, "2010-03-31": "576.14400", "2009-12-31": -4.561, "2009-09-30": 0.492, "2009-06-30": -2.978, "2009-03-31": "-2.66000", "2008-12-31": 16.32, "2008-09-30": -4.662, "2008-06-30": -24.561, "2008-03-31": "-6.75400", "2007-12-31": -48.234, "2007-09-30": -50.735, "2007-06-30": -21.174, "2007-03-31": "-4.14200", "2006-12-31": -351.701, "2006-09-30": 3.865, "2006-06-30": -1.845, "2006-03-31": "-2.17700", "2005-12-31": -5.93, "2005-09-30": -1.304, "2005-06-30": -1.882, "2005-03-31": "0.65600"}, "Net Change In Short-term Investments": {"2020-09-30": 0, "2020-06-30": 0, "2020-03-31": "", "2019-12-31": 0, "2019-09-30": 0, "2019-06-30": 0, "2019-03-31": "", "2018-12-31": 0, "2018-09-30": 0, "2018-06-30": 0, "2018-03-31": "", "2017-12-31": 0, "2017-09-30": 0, "2017-06-30": 0, "2017-03-31": "", "2016-12-31": 0, "2016-09-30": 0, "2016-06-30": 0, "2016-03-31": "", "2015-12-31": 0, "2015-09-30": 0, "2015-06-30": 0, "2015-03-31": "", "2014-12-31": 0, "2014-09-30": 0, "2014-06-30": 0, "2014-03-31": "", "2013-12-31": 0, "2013-09-30": 0, "2013-06-30": 0, "2013-03-31": "", "2012-12-31": 0, "2012-09-30": 0, "2012-06-30": 0, "2012-03-31": "", "2011-12-31": 0, "2011-09-30": 0, "2011-06-30": 0, "2011-03-31": "", "2010-12-31": 0, "2010-09-30": 0, "2010-06-30": 0, "2010-03-31": "", "2009-12-31": 0, "2009-09-30": 0, "2009-06-30": 0, "2009-03-31": "", "2008-12-31": 0, "2008-09-30": 0, "2008-06-30": 0, "2008-03-31": "", "2007-12-31": 0, "2007-09-30": 0, "2007-06-30": 0, "2007-03-31": "", "2006-12-31": 0, "2006-09-30": 0, "2006-06-30": 0, "2006-03-31": "", "2005-12-31": 0, "2005-09-30": 0, "2005-06-30": 0, "2005-03-31": ""}, "Net Change In Long-Term Investments": {"2020-09-30": -1.578, "2020-06-30": -8.15, "2020-03-31": "", "2019-12-31": -22.538, "2019-09-30": -5.811, "2019-06-30": -28.931, "2019-03-31": "", "2018-12-31": -3.917, "2018-09-30": -4.379, "2018-06-30": -38.201, "2018-03-31": "", "2017-12-31": -3.013, "2017-09-30": -3.948, "2017-06-30": -7.601, "2017-03-31": "-10.60800", "2016-12-31": -10.294, "2016-09-30": -5.12, "2016-06-30": -8.343, "2016-03-31": "-5.16500", "2015-12-31": -4.868, "2015-09-30": -6.107, "2015-06-30": -7.11, "2015-03-31": "-3.91300", "2014-12-31": -8.276, "2014-09-30": -9.812, "2014-06-30": -0.689, "2014-03-31": "-0.82300", "2013-12-31": -2.123, "2013-09-30": -4.473, "2013-06-30": -1.069, "2013-03-31": "-1.96300", "2012-12-31": -0.576, "2012-09-30": -0.354, "2012-06-30": -1.994, "2012-03-31": "-0.86400", "2011-12-31": -9.303, "2011-09-30": 6.85, "2011-06-30": -5.44, "2011-03-31": "-0.48600", "2010-12-31": -2.683, "2010-09-30": -0.775, "2010-06-30": 0, "2010-03-31": "", "2009-12-31": 0, "2009-09-30": -16.645, "2009-06-30": 2.913, "2009-03-31": "12.91100", "2008-12-31": 198.67, "2008-09-30": -23.132, "2008-06-30": 23.127, "2008-03-31": "-0.25000", "2007-12-31": -2.294, "2007-09-30": 20.923, "2007-06-30": -1.557, "2007-03-31": "-18.71700", "2006-12-31": -43.609, "2006-09-30": 36.259, "2006-06-30": -0.191, "2006-03-31": "-5.37300", "2005-12-31": -7.188, "2005-09-30": -3.842, "2005-06-30": -0.519, "2005-03-31": "0.34600"}, "Net Change In Investments - Total": {"2020-09-30": -1.578, "2020-06-30": -8.15, "2020-03-31": "", "2019-12-31": -22.538, "2019-09-30": -5.811, "2019-06-30": -28.931, "2019-03-31": "", "2018-12-31": -3.917, "2018-09-30": -4.379, "2018-06-30": -38.201, "2018-03-31": "", "2017-12-31": -3.013, "2017-09-30": -3.948, "2017-06-30": -7.601, "2017-03-31": "-10.60800", "2016-12-31": -10.294, "2016-09-30": -5.12, "2016-06-30": -8.343, "2016-03-31": "-5.16500", "2015-12-31": -4.868, "2015-09-30": -6.107, "2015-06-30": -7.11, "2015-03-31": "-3.91300", "2014-12-31": -8.276, "2014-09-30": -9.812, "2014-06-30": -0.689, "2014-03-31": "-0.82300", "2013-12-31": -2.123, "2013-09-30": -4.473, "2013-06-30": -1.069, "2013-03-31": "-1.96300", "2012-12-31": -0.576, "2012-09-30": -0.354, "2012-06-30": -1.994, "2012-03-31": "-0.86400", "2011-12-31": -9.303, "2011-09-30": 6.85, "2011-06-30": -5.44, "2011-03-31": "-0.48600", "2010-12-31": -2.683, "2010-09-30": -0.775, "2010-06-30": 0, "2010-03-31": "", "2009-12-31": 0, "2009-09-30": -16.645, "2009-06-30": 2.913, "2009-03-31": "12.91100", "2008-12-31": 198.67, "2008-09-30": -23.132, "2008-06-30": 23.127, "2008-03-31": "-0.25000", "2007-12-31": -2.294, "2007-09-30": 20.923, "2007-06-30": -1.557, "2007-03-31": "-18.71700", "2006-12-31": -43.609, "2006-09-30": 36.259, "2006-06-30": -0.191, "2006-03-31": "-5.37300", "2005-12-31": -1.725, "2005-09-30": -3.842, "2005-06-30": -0.519, "2005-03-31": "0.34600"}, "Investing Activities - Other": {"2020-09-30": 10.335, "2020-06-30": 8.383, "2020-03-31": "-5.30000", "2019-12-31": -21.057, "2019-09-30": -3.191, "2019-06-30": 9.278, "2019-03-31": "-17.85200", "2018-12-31": -13.622, "2018-09-30": 13.578, "2018-06-30": -57.212, "2018-03-31": "2.53500", "2017-12-31": 0.081, "2017-09-30": 1.288, "2017-06-30": -6.194, "2017-03-31": "-0.23300", "2016-12-31": 2.871, "2016-09-30": -4.037, "2016-06-30": 1.816, "2016-03-31": "-6.52000", "2015-12-31": 0.668, "2015-09-30": -8.787, "2015-06-30": -14.904, "2015-03-31": "-1.42600", "2014-12-31": -10.482, "2014-09-30": -5.833, "2014-06-30": -2.509, "2014-03-31": "-0.55400", "2013-12-31": -14.546, "2013-09-30": 12.269, "2013-06-30": 73.405, "2013-03-31": "9.35300", "2012-12-31": 0.422, "2012-09-30": 6.941, "2012-06-30": -0.065, "2012-03-31": "6.71300", "2011-12-31": -0.953, "2011-09-30": -6.622, "2011-06-30": 11.592, "2011-03-31": "1.90100", "2010-12-31": 13.905, "2010-09-30": 5.725, "2010-06-30": 0.742, "2010-03-31": "21.91000", "2009-12-31": 139.152, "2009-09-30": 38.519, "2009-06-30": 1.1, "2009-03-31": "1.36800", "2008-12-31": -193.65, "2008-09-30": 195.793, "2008-06-30": -20.955, "2008-03-31": "24.83800", "2007-12-31": 66.779, "2007-09-30": 26.964, "2007-06-30": 48.298, "2007-03-31": "7.24700", "2006-12-31": 44.212, "2006-09-30": -32.111, "2006-06-30": 32.718, "2006-03-31": "10.38300", "2005-12-31": -5.147, "2005-09-30": 4.322, "2005-06-30": 0.495, "2005-03-31": "1.01000"}, "Cash Flow From Investing Activities": {"2020-09-30": -33.891, "2020-06-30": -68.27, "2020-03-31": "-122.37100", "2019-12-31": -287.643, "2019-09-30": -121.703, "2019-06-30": -196.784, "2019-03-31": "-84.87000", "2018-12-31": -118.053, "2018-09-30": -64.461, "2018-06-30": -225.669, "2018-03-31": "-88.72600", "2017-12-31": -92.087, "2017-09-30": -63.559, "2017-06-30": -96.913, "2017-03-31": "-75.02700", "2016-12-31": -166.303, "2016-09-30": -40.764, "2016-06-30": -133.666, "2016-03-31": "-85.74400", "2015-12-31": -63.861, "2015-09-30": -63.183, "2015-06-30": -113.358, "2015-03-31": "-50.58300", "2014-12-31": -225.163, "2014-09-30": -71.514, "2014-06-30": -57.947, "2014-03-31": "-37.53400", "2013-12-31": -115.062, "2013-09-30": -21.748, "2013-06-30": -2.106, "2013-03-31": "-18.63600", "2012-12-31": -35.987, "2012-09-30": -29.247, "2012-06-30": -106.387, "2012-03-31": "-32.17000", "2011-12-31": -64.622, "2011-09-30": -30.304, "2011-06-30": -32.899, "2011-03-31": "-24.19200", "2010-12-31": -84.811, "2010-09-30": -19.553, "2010-06-30": -20.419, "2010-03-31": "577.77000", "2009-12-31": 124.178, "2009-09-30": -12.499, "2009-06-30": -20.995, "2009-03-31": "-13.20300", "2008-12-31": -72.971, "2008-09-30": 92.696, "2008-06-30": -80.084, "2008-03-31": "-6.53400", "2007-12-31": -69.732, "2007-09-30": -30.331, "2007-06-30": -0.216, "2007-03-31": "-29.29100", "2006-12-31": -366.569, "2006-09-30": -11.05, "2006-06-30": 15.873, "2006-03-31": "-14.32500", "2005-12-31": -33.325, "2005-09-30": -22.93, "2005-06-30": -29.19, "2005-03-31": "-20.59500"}, "Net Long-Term Debt": {"2020-09-30": -6.75, "2020-06-30": 1177.624, "2020-03-31": "413.38600", "2019-12-31": 530.02, "2019-09-30": -8.512, "2019-06-30": -8.359, "2019-03-31": "-13.01600", "2018-12-31": -7.754, "2018-09-30": -18.446, "2018-06-30": -50.3389, "2018-03-31": "534.80990", "2017-12-31": -24.648, "2017-09-30": -6.637, "2017-06-30": -7.815, "2017-03-31": "-10.84300", "2016-12-31": 259.534, "2016-09-30": -8.095, "2016-06-30": -4.055, "2016-03-31": "-9.76400", "2015-12-31": 16.617, "2015-09-30": -5.74, "2015-06-30": -8.488, "2015-03-31": "-8.68200", "2014-12-31": -8.632, "2014-09-30": -229.242, "2014-06-30": 505.99, "2014-03-31": "-6.50400", "2013-12-31": 0.535, "2013-09-30": 33.066, "2013-06-30": -9.612, "2013-03-31": "-7.40700", "2012-12-31": -10.735, "2012-09-30": 9.751, "2012-06-30": 21.305, "2012-03-31": "-7.25700", "2011-12-31": -8.712, "2011-09-30": -7.458, "2011-06-30": -9.514, "2011-03-31": "-6.32300", "2010-12-31": -6.584, "2010-09-30": -9.7101, "2010-06-30": 182.148, "2010-03-31": "-46.01800", "2009-12-31": -117.422, "2009-09-30": 70.368, "2009-06-30": -33.33, "2009-03-31": "-22.67000", "2008-12-31": 103.089, "2008-09-30": 10.825, "2008-06-30": -4.512, "2008-03-31": "-58.68500", "2007-12-31": 48.24, "2007-09-30": 97.62, "2007-06-30": -57.016, "2007-03-31": "25.30200", "2006-12-31": 268.086, "2006-09-30": -1.725, "2006-06-30": -4.344, "2006-03-31": "-0.77900", "2005-12-31": 187.323, "2005-09-30": 113.963, "2005-06-30": 5.605, "2005-03-31": "37.05000"}, "Net Current Debt": {"2020-09-30": 0, "2020-06-30": 0, "2020-03-31": "", "2019-12-31": 0, "2019-09-30": 0, "2019-06-30": 0, "2019-03-31": "", "2018-12-31": 0, "2018-09-30": 0, "2018-06-30": 0, "2018-03-31": "", "2017-12-31": 0, "2017-09-30": 0, "2017-06-30": 0, "2017-03-31": "", "2016-12-31": 0, "2016-09-30": 0, "2016-06-30": 0, "2016-03-31": "", "2015-12-31": 0, "2015-09-30": 0, "2015-06-30": 0, "2015-03-31": "", "2014-12-31": 0, "2014-09-30": 0, "2014-06-30": 0, "2014-03-31": "", "2013-12-31": 0, "2013-09-30": 0, "2013-06-30": 0, "2013-03-31": "", "2012-12-31": 0, "2012-09-30": 0, "2012-06-30": 0, "2012-03-31": "", "2011-12-31": 0, "2011-09-30": 0, "2011-06-30": 0, "2011-03-31": "", "2010-12-31": 0, "2010-09-30": 0, "2010-06-30": 0, "2010-03-31": "", "2009-12-31": 0, "2009-09-30": 0, "2009-06-30": 0, "2009-03-31": "", "2008-12-31": 0, "2008-09-30": 0, "2008-06-30": 0, "2008-03-31": "", "2007-12-31": 0, "2007-09-30": 0, "2007-06-30": 0, "2007-03-31": "", "2006-12-31": 0, "2006-09-30": 0, "2006-06-30": 0, "2006-03-31": "", "2005-12-31": 0.98, "2005-09-30": 0, "2005-06-30": 0, "2005-03-31": ""}, "Debt Issuance/Retirement Net - Total": {"2020-09-30": -6.75, "2020-06-30": 1177.624, "2020-03-31": "413.38600", "2019-12-31": 530.02, "2019-09-30": -8.512, "2019-06-30": -8.359, "2019-03-31": "-13.01600", "2018-12-31": -7.754, "2018-09-30": -18.446, "2018-06-30": -50.3389, "2018-03-31": "534.80990", "2017-12-31": -24.648, "2017-09-30": -6.637, "2017-06-30": -7.815, "2017-03-31": "-10.84300", "2016-12-31": 259.534, "2016-09-30": -8.095, "2016-06-30": -4.055, "2016-03-31": "-9.76400", "2015-12-31": 16.617, "2015-09-30": -5.74, "2015-06-30": -8.488, "2015-03-31": "-8.68200", "2014-12-31": -8.632, "2014-09-30": -229.242, "2014-06-30": 505.99, "2014-03-31": "-6.50400", "2013-12-31": 0.535, "2013-09-30": 33.066, "2013-06-30": -9.612, "2013-03-31": "-7.40700", "2012-12-31": -10.735, "2012-09-30": 9.751, "2012-06-30": 21.305, "2012-03-31": "-7.25700", "2011-12-31": -8.712, "2011-09-30": -7.458, "2011-06-30": -9.514, "2011-03-31": "-6.32300", "2010-12-31": -6.584, "2010-09-30": -9.7101, "2010-06-30": 182.148, "2010-03-31": "-46.01800", "2009-12-31": -117.422, "2009-09-30": 70.368, "2009-06-30": -33.33, "2009-03-31": "-22.67000", "2008-12-31": 103.089, "2008-09-30": 10.825, "2008-06-30": -4.512, "2008-03-31": "-58.68500", "2007-12-31": 48.24, "2007-09-30": 97.62, "2007-06-30": -57.016, "2007-03-31": "25.30200", "2006-12-31": 268.086, "2006-09-30": -1.725, "2006-06-30": -4.344, "2006-03-31": "-0.77900", "2005-12-31": 186.342, "2005-09-30": 113.963, "2005-06-30": 5.605, "2005-03-31": "37.05000"}, "Net Common Equity Issued/Repurchased": {"2020-09-30": 6.686, "2020-06-30": 11.406, "2020-03-31": "", "2019-12-31": 0.864, "2019-09-30": 3.041, "2019-06-30": 10.199, "2019-03-31": "", "2018-12-31": 6.121, "2018-09-30": 5.593, "2018-06-30": 10.854, "2018-03-31": "", "2017-12-31": 6.323, "2017-09-30": 12.117, "2017-06-30": 11.001, "2017-03-31": "21.62800", "2016-12-31": 14.623, "2016-09-30": 4.933, "2016-06-30": 0.064, "2016-03-31": "0.67900", "2015-12-31": 1.595, "2015-09-30": 1.67, "2015-06-30": 13.015, "2015-03-31": "", "2014-12-31": 7.655, "2014-09-30": 2.405, "2014-06-30": 3.818, "2014-03-31": "7.91900", "2013-12-31": 4.517, "2013-09-30": 7.144, "2013-06-30": 51.117, "2013-03-31": "22.33200", "2012-12-31": 0.217, "2012-09-30": 0.067, "2012-06-30": 0.451, "2012-03-31": "0.40800", "2011-12-31": -0.505, "2011-09-30": 0.128, "2011-06-30": 59.735, "2011-03-31": "19.83900", "2010-12-31": 4.114, "2010-09-30": 0.272, "2010-06-30": 2.091, "2010-03-31": "0.59600", "2009-12-31": -1.553, "2009-09-30": 0, "2009-06-30": 0, "2009-03-31": "-4.25000", "2008-12-31": -19.546, "2008-09-30": 0.636, "2008-06-30": -3.628, "2008-03-31": "", "2007-12-31": 0.042, "2007-09-30": 0, "2007-06-30": 0, "2007-03-31": "0.42400", "2006-12-31": 0, "2006-09-30": 0, "2006-06-30": 0, "2006-03-31": "-24.71700", "2005-12-31": -18.003, "2005-09-30": 0, "2005-06-30": 0, "2005-03-31": ""}, "Net Total Equity Issued/Repurchased": {"2020-09-30": 6.686, "2020-06-30": 11.406, "2020-03-31": "", "2019-12-31": 0.864, "2019-09-30": 3.041, "2019-06-30": 10.199, "2019-03-31": "", "2018-12-31": 6.121, "2018-09-30": 5.593, "2018-06-30": 10.854, "2018-03-31": "", "2017-12-31": 6.323, "2017-09-30": 12.117, "2017-06-30": 11.001, "2017-03-31": "21.62800", "2016-12-31": 14.623, "2016-09-30": 4.933, "2016-06-30": 0.064, "2016-03-31": "0.67900", "2015-12-31": 1.595, "2015-09-30": 1.67, "2015-06-30": 13.015, "2015-03-31": "", "2014-12-31": 7.655, "2014-09-30": 2.405, "2014-06-30": 3.818, "2014-03-31": "7.91900", "2013-12-31": 4.517, "2013-09-30": 7.144, "2013-06-30": 51.117, "2013-03-31": "22.33200", "2012-12-31": 0.217, "2012-09-30": 0.067, "2012-06-30": 0.451, "2012-03-31": "0.40800", "2011-12-31": -0.505, "2011-09-30": 0.128, "2011-06-30": 59.735, "2011-03-31": "19.83900", "2010-12-31": 4.114, "2010-09-30": 0.272, "2010-06-30": -37.909, "2010-03-31": "0.59600", "2009-12-31": 0, "2009-09-30": 0, "2009-06-30": 0, "2009-03-31": "-4.25000", "2008-12-31": -19.546, "2008-09-30": 0.636, "2008-06-30": -3.628, "2008-03-31": "", "2007-12-31": 0.042, "2007-09-30": 0, "2007-06-30": 0, "2007-03-31": "0.42400", "2006-12-31": 0, "2006-09-30": 0, "2006-06-30": 0, "2006-03-31": "-24.71700", "2005-12-31": 1.49, "2005-09-30": 0, "2005-06-30": 0, "2005-03-31": ""}, "Total Common And Preferred Stock Dividends Paid": {"2020-09-30": 0, "2020-06-30": 0, "2020-03-31": "", "2019-12-31": 0, "2019-09-30": 0, "2019-06-30": 0, "2019-03-31": "", "2018-12-31": 0, "2018-09-30": 0, "2018-06-30": 0, "2018-03-31": "", "2017-12-31": 0, "2017-09-30": 0, "2017-06-30": 0, "2017-03-31": "", "2016-12-31": 0, "2016-09-30": 0, "2016-06-30": 0, "2016-03-31": "", "2015-12-31": 0, "2015-09-30": 0, "2015-06-30": 0, "2015-03-31": "", "2014-12-31": 0, "2014-09-30": 0, "2014-06-30": 0, "2014-03-31": "", "2013-12-31": 0, "2013-09-30": 0, "2013-06-30": 0, "2013-03-31": "", "2012-12-31": 0, "2012-09-30": 0, "2012-06-30": 0, "2012-03-31": "", "2011-12-31": 0, "2011-09-30": 0, "2011-06-30": 0, "2011-03-31": "", "2010-12-31": 0, "2010-09-30": 0, "2010-06-30": 0, "2010-03-31": "", "2009-12-31": 0, "2009-09-30": 0, "2009-06-30": 0, "2009-03-31": "", "2008-12-31": 0, "2008-09-30": 0, "2008-06-30": 0, "2008-03-31": "", "2007-12-31": 0, "2007-09-30": 0, "2007-06-30": 0, "2007-03-31": "", "2006-12-31": 0, "2006-09-30": 0, "2006-06-30": 0, "2006-03-31": "", "2005-12-31": 0, "2005-09-30": 0, "2005-06-30": 0, "2005-03-31": ""}, "Financial Activities - Other": {"2020-09-30": -100.398, "2020-06-30": -109.354, "2020-03-31": "-30.96400", "2019-12-31": -62.385, "2019-09-30": -36.229, "2019-06-30": -28.259, "2019-03-31": "-58.47500", "2018-12-31": -77.709, "2018-09-30": -33.752, "2018-06-30": -49.934, "2018-03-31": "-130.66000", "2017-12-31": -83.095, "2017-09-30": -6.978, "2017-06-30": -22.284, "2017-03-31": "-15.85200", "2016-12-31": -65.245, "2016-09-30": -37.444, "2016-06-30": -11.814, "2016-03-31": "-44.20400", "2015-12-31": -28.885, "2015-09-30": 2.984, "2015-06-30": -12.574, "2015-03-31": "-15.63300", "2014-12-31": -24.305, "2014-09-30": -6.109, "2014-06-30": -20.857, "2014-03-31": "-6.16700", "2013-12-31": -55.768, "2013-09-30": -10.521, "2013-06-30": -0.715, "2013-03-31": "-1.70400", "2012-12-31": -14.182, "2012-09-30": -1.272, "2012-06-30": -4.963, "2012-03-31": "-13.68100", "2011-12-31": -15.954, "2011-09-30": -1.809, "2011-06-30": -14.92, "2011-03-31": "-58.88600", "2010-12-31": -15.833, "2010-09-30": -2.339, "2010-06-30": -5.998, "2010-03-31": "-13.65300", "2009-12-31": -8.844, "2009-09-30": -7.907, "2009-06-30": -0.259, "2009-03-31": "-0.04200", "2008-12-31": -1.197, "2008-09-30": -1.443, "2008-06-30": 8.64, "2008-03-31": "-0.19500", "2007-12-31": -1.105, "2007-09-30": 0.701, "2007-06-30": -1.176, "2007-03-31": "-2.84400", "2006-12-31": -1.03, "2006-09-30": 9.649, "2006-06-30": 23.303, "2006-03-31": "-0.14900", "2005-12-31": -19.595, "2005-09-30": 19.595, "2005-06-30": 0, "2005-03-31": ""}, "Cash Flow From Financial Activities": {"2020-09-30": -100.462, "2020-06-30": 1079.676, "2020-03-31": "382.42200", "2019-12-31": 468.499, "2019-09-30": -41.7, "2019-06-30": -26.419, "2019-03-31": "-71.49100", "2018-12-31": -79.342, "2018-09-30": -46.605, "2018-06-30": -89.419, "2018-03-31": "404.15000", "2017-12-31": -101.42, "2017-09-30": -1.498, "2017-06-30": -19.098, "2017-03-31": "-5.06700", "2016-12-31": 208.912, "2016-09-30": -40.606, "2016-06-30": -15.805, "2016-03-31": "-53.28900", "2015-12-31": -10.673, "2015-09-30": -1.086, "2015-06-30": -8.047, "2015-03-31": "-24.31500", "2014-12-31": -25.282, "2014-09-30": -232.946, "2014-06-30": 488.951, "2014-03-31": "-4.75200", "2013-12-31": -50.716, "2013-09-30": 29.689, "2013-06-30": 40.79, "2013-03-31": "13.22100", "2012-12-31": -24.7, "2012-09-30": 8.546, "2012-06-30": 16.793, "2012-03-31": "-20.53000", "2011-12-31": -25.171, "2011-09-30": -9.139, "2011-06-30": 35.301, "2011-03-31": "-45.37000", "2010-12-31": -18.303, "2010-09-30": -11.777, "2010-06-30": 138.241, "2010-03-31": "-59.07500", "2009-12-31": -126.266, "2009-09-30": 62.461, "2009-06-30": -33.589, "2009-03-31": "-26.96200", "2008-12-31": 82.346, "2008-09-30": 10.018, "2008-06-30": 0.5, "2008-03-31": "-58.88000", "2007-12-31": 47.177, "2007-09-30": 98.321, "2007-06-30": -58.192, "2007-03-31": "22.88200", "2006-12-31": 267.056, "2006-09-30": 7.924, "2006-06-30": 18.959, "2006-03-31": "-25.64500", "2005-12-31": 169.217, "2005-09-30": 133.558, "2005-06-30": 5.605, "2005-03-31": "37.05000"}, "Net Cash Flow": {"2020-09-30": -666.874, "2020-06-30": 18.654, "2020-03-31": "807.46900", "2019-12-31": 665.448, "2019-09-30": -476.185, "2019-06-30": -399.213, "2019-03-31": "305.98900", "2018-12-31": 468.405, "2018-09-30": -390.515, "2018-06-30": -648.47, "2018-03-31": "1119.96100", "2017-12-31": 23.853, "2017-09-30": -415.897, "2017-06-30": -10.708, "2017-03-31": "701.99900", "2016-12-31": 488.134, "2016-09-30": -472.393, "2016-06-30": -187.182, "2016-03-31": "396.15600", "2015-12-31": 241.742, "2015-09-30": -464.436, "2015-06-30": -80.839, "2015-03-31": "224.62900", "2014-12-31": 23.729, "2014-09-30": -683.386, "2014-06-30": 412.544, "2014-03-31": "329.95800", "2013-12-31": -3.394, "2013-09-30": -82.682, "2013-06-30": 138.845, "2013-03-31": "245.36000", "2012-12-31": 217.384, "2012-09-30": -221.368, "2012-06-30": -66.373, "2012-03-31": "227.15900", "2011-12-31": 61.68, "2011-09-30": -221.387, "2011-06-30": 16.774, "2011-03-31": "94.42800", "2010-12-31": 37.142, "2010-09-30": -144.312, "2010-06-30": 174.731, "2010-03-31": "588.24200", "2009-12-31": -21.134, "2009-09-30": -211.741, "2009-06-30": 112.726, "2009-03-31": "157.44400", "2008-12-31": -6.256, "2008-09-30": -247.452, "2008-06-30": 19.503, "2008-03-31": "94.87400", "2007-12-31": -12.351, "2007-09-30": -115.319, "2007-06-30": 71.895, "2007-03-31": "80.88600", "2006-12-31": -182.706, "2006-09-30": -106.846, "2006-06-30": 194.603, "2006-03-31": "5.11300", "2005-12-31": 130.233, "2005-09-30": 21.525, "2005-06-30": 30.224, "2005-03-31": "42.58800"}, "Stock-Based Compensation": {"2020-09-30": 56.695, "2020-06-30": 38.538, "2020-03-31": "11.73200", "2019-12-31": 11.861, "2019-09-30": 11.998, "2019-06-30": 11.721, "2019-03-31": "13.20500", "2018-12-31": 11.267, "2018-09-30": 11.369, "2018-06-30": 12.076, "2018-03-31": "10.87000", "2017-12-31": 18.834, "2017-09-30": 7.82, "2017-06-30": 8.165, "2017-03-31": "7.93600", "2016-12-31": 7.486, "2016-09-30": 8.093, "2016-06-30": 8.221, "2016-03-31": "8.92300", "2015-12-31": 7.767, "2015-09-30": 8.032, "2015-06-30": 8.065, "2015-03-31": "9.49700", "2014-12-31": 7.498, "2014-09-30": 8.963, "2014-06-30": 12.55, "2014-03-31": "10.01800", "2013-12-31": 5.191, "2013-09-30": 9.105, "2013-06-30": 7.814, "2013-03-31": "6.30500", "2012-12-31": 9.468, "2012-09-30": 9.676, "2012-06-30": 8.94, "2012-03-31": "8.97900", "2011-12-31": 9.489, "2011-09-30": 8.364, "2011-06-30": 7.485, "2011-03-31": "24.70700", "2010-12-31": 6.863, "2010-09-30": 12.734, "2010-06-30": 10.376, "2010-03-31": "22.42200", "2009-12-31": 6.664, "2009-09-30": 3.486, "2009-06-30": 3.449, "2009-03-31": "3.07600", "2008-12-31": 24.968, "2008-09-30": 3.724, "2008-06-30": 2.429, "2008-03-31": "3.43500", "2007-12-31": 17.582, "2007-09-30": 5.81, "2007-06-30": 3.414, "2007-03-31": "2.38500", "2006-12-31": 0.96, "2006-09-30": 0.902, "2006-06-30": 0.709, "2006-03-31": "0.86100", "2005-12-31": -0.479, "2005-09-30": 1.032, "2005-06-30": 0.36, "2005-03-31": "0.34300"}, "Common Stock Dividends Paid": {"2020-09-30": 0, "2020-06-30": 0, "2020-03-31": "", "2019-12-31": 0, "2019-09-30": 0, "2019-06-30": 0, "2019-03-31": "", "2018-12-31": 0, "2018-09-30": 0, "2018-06-30": 0, "2018-03-31": "", "2017-12-31": 0, "2017-09-30": 0, "2017-06-30": 0, "2017-03-31": "", "2016-12-31": 0, "2016-09-30": 0, "2016-06-30": 0, "2016-03-31": "", "2015-12-31": 0, "2015-09-30": 0, "2015-06-30": 0, "2015-03-31": "", "2014-12-31": 0, "2014-09-30": 0, "2014-06-30": 0, "2014-03-31": "", "2013-12-31": 0, "2013-09-30": 0, "2013-06-30": 0, "2013-03-31": "", "2012-12-31": 0, "2012-09-30": 0, "2012-06-30": 0, "2012-03-31": "", "2011-12-31": 0, "2011-09-30": 0, "2011-06-30": 0, "2011-03-31": "", "2010-12-31": 0, "2010-09-30": 0, "2010-06-30": 0, "2010-03-31": "", "2009-12-31": 0, "2009-09-30": 0, "2009-06-30": 0, "2009-03-31": "", "2008-12-31": 0, "2008-09-30": 0, "2008-06-30": 0, "2008-03-31": "", "2007-12-31": 0, "2007-09-30": 0, "2007-06-30": 0, "2007-03-31": "", "2006-12-31": 0, "2006-09-30": 0, "2006-06-30": 0, "2006-03-31": "", "2005-12-31": 0, "2005-09-30": 0, "2005-06-30": 0, "2005-03-31": ""}}, "financial ratios": {"Current Ratio": {"2019-12-31": "1.02080", "2018-12-31": "1.02620", "2017-12-31": "0.88140", "2016-12-31": "1.08670", "2015-12-31": "1.08900", "2014-12-31": "1.12780", "2013-12-31": "0.95770", "2012-12-31": "1.02520", "2011-12-31": "1.05640", "2010-12-31": "1.08770", "2009-12-31": "0.95430", "2008-12-31": "0.82960", "2007-12-31": "0.92150", "2006-12-31": "0.95630", "2005-12-31": "1.11280"}, "Long-term Debt / Capital": {"2019-12-31": "0.69080", "2018-12-31": "0.67050", "2017-12-31": "0.57920", "2016-12-31": "0.62610", "2015-12-31": "0.58060", "2014-12-31": "0.57360", "2013-12-31": "0.49050", "2012-12-31": "0.52660", "2011-12-31": "0.50550", "2010-12-31": "0.52770", "2009-12-31": "0.49070", "2008-12-31": "0.51050", "2007-12-31": "0.47560", "2006-12-31": "0.48750", "2005-12-31": "0.34890"}, "Debt/Equity Ratio": {"2019-12-31": "2.26040", "2018-12-31": "2.09650", "2017-12-31": "1.62180", "2016-12-31": "1.71400", "2015-12-31": "1.41340", "2014-12-31": "1.37710", "2013-12-31": "1.13780", "2012-12-31": "1.15340", "2011-12-31": "1.05470", "2010-12-31": "1.15330", "2009-12-31": "1.02020", "2008-12-31": "1.10820", "2007-12-31": "0.94870", "2006-12-31": "1.00080", "2005-12-31": "0.57620"}, "Gross Margin": {"2019-12-31": "26.67820", "2018-12-31": "26.13940", "2017-12-31": "25.86220", "2016-12-31": "27.94610", "2015-12-31": "28.28230", "2014-12-31": "28.35310", "2013-12-31": "27.75380", "2012-12-31": "28.66050", "2011-12-31": "29.61570", "2010-12-31": "27.75490", "2009-12-31": "19.70270", "2008-12-31": "19.23630", "2007-12-31": "19.03720", "2006-12-31": "18.68590", "2005-12-31": "21.31270"}, "Operating Margin": {"2019-12-31": "2.81300", "2018-12-31": "2.52630", "2017-12-31": "0.94350", "2016-12-31": "2.49080", "2015-12-31": "1.81310", "2014-12-31": "0.10430", "2013-12-31": "2.15570", "2012-12-31": "-0.37190", "2011-12-31": "0.34060", "2010-12-31": "-1.25800", "2009-12-31": "-1.25220", "2008-12-31": "-7.27710", "2007-12-31": "0.17250", "2006-12-31": "-0.02650", "2005-12-31": "-0.44890"}, "EBIT Margin": {"2019-12-31": "2.81300", "2018-12-31": "2.52630", "2017-12-31": "0.94350", "2016-12-31": "2.49080", "2015-12-31": "1.81310", "2014-12-31": "0.10430", "2013-12-31": "2.15570", "2012-12-31": "-0.37190", "2011-12-31": "0.34060", "2010-12-31": "-1.25800", "2009-12-31": "-1.25220", "2008-12-31": "-7.27710", "2007-12-31": "0.17250", "2006-12-31": "-0.02650", "2005-12-31": "-0.44890"}, "EBITDA Margin": {"2019-12-31": "7.56200", "2018-12-31": "7.03920", "2017-12-31": "5.78190", "2016-12-31": "7.80930", "2015-12-31": "7.44570", "2014-12-31": "7.66430", "2013-12-31": "8.16190", "2012-12-31": "7.29700", "2011-12-31": "6.95420", "2010-12-31": "5.32020", "2009-12-31": "3.16810", "2008-12-31": "3.56100", "2007-12-31": "3.64330", "2006-12-31": "3.88620", "2005-12-31": "1.75180"}, "Pre-Tax Profit Margin": {"2019-12-31": "1.60290", "2018-12-31": "1.21530", "2017-12-31": "-0.09680", "2016-12-31": "0.61750", "2015-12-31": "0.08770", "2014-12-31": "-1.45360", "2013-12-31": "-0.07930", "2012-12-31": "-2.27120", "2011-12-31": "-1.79470", "2010-12-31": "-3.72560", "2009-12-31": "-2.74280", "2008-12-31": "-8.75660", "2007-12-31": "-1.47390", "2006-12-31": "-1.10140", "2005-12-31": "-2.35390"}, "Net Profit Margin": {"2019-12-31": "0.60520", "2018-12-31": "0.55850", "2017-12-31": "-0.06210", "2016-12-31": "-0.60070", "2015-12-31": "-0.90660", "2014-12-31": "-1.40480", "2013-12-31": "-0.67830", "2012-12-31": "-2.80500", "2011-12-31": "-1.54190", "2010-12-31": "-4.51030", "2009-12-31": "-1.43930", "2008-12-31": "-5.86030", "2007-12-31": "-0.41780", "2006-12-31": "-0.95440", "2005-12-31": "-4.44760"}, "Asset Turnover": {"2019-12-31": "1.05210", "2018-12-31": "1.26960", "2017-12-31": "1.29090", "2016-12-31": "1.15700", "2015-12-31": "1.17700", "2014-12-31": "1.15060", "2013-12-31": "1.13990", "2012-12-31": "1.09980", "2011-12-31": "1.06040", "2010-12-31": "0.97460", "2009-12-31": "1.78540", "2008-12-31": "1.64950", "2007-12-31": "1.32090", "2006-12-31": "1.48070", "2005-12-31": "1.65310"}, "Inventory Turnover Ratio": {"2019-12-31": "", "2018-12-31": "", "2017-12-31": "", "2016-12-31": "", "2015-12-31": "", "2014-12-31": "", "2013-12-31": "", "2012-12-31": "", "2011-12-31": "", "2010-12-31": "", "2009-12-31": "", "2008-12-31": "", "2007-12-31": "", "2006-12-31": "", "2005-12-31": ""}, "Receiveable Turnover": {"2019-12-31": "11.61060", "2018-12-31": "13.00800", "2017-12-31": "13.35610", "2016-12-31": "13.75610", "2015-12-31": "16.00910", "2014-12-31": "16.37720", "2013-12-31": "14.75240", "2012-12-31": "13.99520", "2011-12-31": "13.82830", "2010-12-31": "15.34720", "2009-12-31": "23.73170", "2008-12-31": "18.80150", "2007-12-31": "13.75400", "2006-12-31": "13.13420", "2005-12-31": "15.44030"}, "Days Sales In Receivables": {"2019-12-31": "31.43680", "2018-12-31": "28.05960", "2017-12-31": "27.32840", "2016-12-31": "26.53370", "2015-12-31": "22.79950", "2014-12-31": "22.28710", "2013-12-31": "24.74170", "2012-12-31": "26.08050", "2011-12-31": "26.39510", "2010-12-31": "23.78290", "2009-12-31": "15.38030", "2008-12-31": "19.41330", "2007-12-31": "26.53780", "2006-12-31": "27.79000", "2005-12-31": "23.63950"}, "ROE - Return On Equity": {"2019-12-31": "8.07480", "2018-12-31": "6.72800", "2017-12-31": "0.54820", "2016-12-31": "1.50400", "2015-12-31": "-1.08980", "2014-12-31": "-7.03910", "2013-12-31": "-2.26540", "2012-12-31": "-10.73180", "2011-12-31": "-4.35420", "2010-12-31": "-13.57210", "2009-12-31": "-17.37030", "2008-12-31": "-44.84380", "2007-12-31": "-7.18630", "2006-12-31": "-8.59410", "2005-12-31": "-20.51500"}, "Return On Tangible Equity": {"2019-12-31": "-6.66490", "2018-12-31": "-5.98080", "2017-12-31": "-0.54180", "2016-12-31": "-1.28590", "2015-12-31": "1.20880", "2014-12-31": "9.97250", "2013-12-31": "3.87060", "2012-12-31": "17.02070", "2011-12-31": "7.89610", "2010-12-31": "18.57480", "2009-12-31": "-252.62800", "2008-12-31": "-1396.59500", "2007-12-31": "-497.48410", "2006-12-31": "-38.62700", "2005-12-31": "-26.80800"}, "ROA - Return On Assets": {"2019-12-31": "1.07700", "2018-12-31": "1.06320", "2017-12-31": "0.10360", "2016-12-31": "0.30010", "2015-12-31": "-0.25610", "2014-12-31": "-1.75010", "2013-12-31": "-0.63370", "2012-12-31": "-3.06000", "2011-12-31": "-1.38660", "2010-12-31": "-3.92270", "2009-12-31": "-5.38100", "2008-12-31": "-13.46450", "2007-12-31": "-2.26410", "2006-12-31": "-2.46680", "2005-12-31": "-7.35230"}, "ROI - Return On Investment": {"2019-12-31": "2.49640", "2018-12-31": "2.21660", "2017-12-31": "0.23060", "2016-12-31": "0.56240", "2015-12-31": "-0.45710", "2014-12-31": "-3.00160", "2013-12-31": "-1.15420", "2012-12-31": "-5.08070", "2011-12-31": "-2.15330", "2010-12-31": "-6.41030", "2009-12-31": "-8.84610", "2008-12-31": "-21.95200", "2007-12-31": "-3.76880", "2006-12-31": "-4.40470", "2005-12-31": "-13.35800"}, "Book Value Per Share": {"2019-12-31": "6.85020", "2018-12-31": "6.38410", "2017-12-31": "6.81550", "2016-12-31": "6.61310", "2015-12-31": "7.14590", "2014-12-31": "7.37520", "2013-12-31": "7.96630", "2012-12-31": "7.90440", "2011-12-31": "8.53080", "2010-12-31": "8.56050", "2009-12-31": "8.36640", "2008-12-31": "9.35130", "2007-12-31": "11.57740", "2006-12-31": "9.50740", "2005-12-31": "9.47820"}, "Operating Cash Flow Per Share": {"2019-12-31": -2.3029, "2018-12-31": 1.4964, "2017-12-31": 0.0798, "2016-12-31": 1.4311, "2015-12-31": 0.0627, "2014-12-31": -0.7557, "2013-12-31": 0.2612, "2012-12-31": 1.2196, "2011-12-31": -0.2202, "2010-12-31": 0.2712, "2009-12-31": 1.5147, "2008-12-31": -1.354, "2007-12-31": 0.2605, "2006-12-31": 0.3304, "2005-12-31": -0.0586}, "Free Cash Flow Per Share": {"2019-12-31": -2.6869, "2018-12-31": 1.5037, "2017-12-31": -0.2235, "2016-12-31": 1.2799, "2015-12-31": 0.0556, "2014-12-31": -0.762, "2013-12-31": 0.2279, "2012-12-31": 1.1467, "2011-12-31": -0.3499, "2010-12-31": 0.5891, "2009-12-31": 3.1799, "2008-12-31": -2.2574, "2007-12-31": -0.2658, "2006-12-31": 0.7022, "2005-12-31": -1.4435}}, "financial ratios, quarterly": {"Current Ratio": {"2020-09-30": "1.07730", "2020-06-30": "1.26940", "2020-03-31": "1.02560", "2019-12-31": "1.02080", "2019-09-30": "0.97230", "2019-06-30": "0.93030", "2019-03-31": "0.94370", "2018-12-31": "1.02620", "2018-09-30": "1.07540", "2018-06-30": "1.01350", "2018-03-31": "1.04640", "2017-12-31": "0.88140", "2017-09-30": "1.10920", "2017-06-30": "1.03850", "2017-03-31": "1.01760", "2016-12-31": "1.08670", "2016-09-30": "1.05530", "2016-06-30": "0.98230", "2016-03-31": "1.01370", "2015-12-31": "1.08900", "2015-09-30": "1.07730", "2015-06-30": "1.00930", "2015-03-31": "1.05830", "2014-12-31": "1.12780", "2014-09-30": "1.25400", "2014-06-30": "1.15260", "2014-03-31": "0.95610", "2013-12-31": "0.95770", "2013-09-30": "1.05860", "2013-06-30": "1.06790", "2013-03-31": "1.02960", "2012-12-31": "1.02520", "2012-09-30": "1.06010", "2012-06-30": "1.00240", "2012-03-31": "1.01000", "2011-12-31": "1.05640", "2011-09-30": "1.13820", "2011-06-30": "1.05050", "2011-03-31": "1.01190", "2010-12-31": "1.08770", "2010-09-30": "1.17940", "2010-06-30": "1.09110", "2010-03-31": "1.02750", "2009-12-31": "0.95430", "2009-09-30": "0.97540", "2009-06-30": "0.82490", "2009-03-31": "0.81350", "2008-12-31": "0.82960", "2008-09-30": "0.89530", "2008-06-30": "0.83690", "2008-03-31": "0.90650", "2007-12-31": "0.92150", "2007-09-30": "0.95590", "2007-06-30": "0.88040", "2007-03-31": "0.91840", "2006-12-31": "0.95630", "2006-09-30": "1.10680", "2006-06-30": "1.06900", "2006-03-31": "1.03270", "2005-12-31": "1.11280", "2005-09-30": "", "2005-06-30": "", "2005-03-31": ""}, "Long-term Debt / Capital": {"2020-09-30": "0.95150", "2020-06-30": "0.87610", "2020-03-31": "0.74790", "2019-12-31": "0.69080", "2019-09-30": "0.63890", "2019-06-30": "0.65800", "2019-03-31": "0.68650", "2018-12-31": "0.67050", "2018-09-30": "0.63790", "2018-06-30": "0.66120", "2018-03-31": "0.66690", "2017-12-31": "0.57920", "2017-09-30": "0.58120", "2017-06-30": "0.60680", "2017-03-31": "0.62760", "2016-12-31": "0.62610", "2016-09-30": "0.56640", "2016-06-30": "0.58370", "2016-03-31": "0.58660", "2015-12-31": "0.58060", "2015-09-30": "0.56300", "2015-06-30": "0.57730", "2015-03-31": "0.58640", "2014-12-31": "0.57360", "2014-09-30": "0.54660", "2014-06-30": "0.55550", "2014-03-31": "0.49200", "2013-12-31": "0.49050", "2013-09-30": "0.48250", "2013-06-30": "0.51820", "2013-03-31": "0.53860", "2012-12-31": "0.52660", "2012-09-30": "0.50340", "2012-06-30": "0.52040", "2012-03-31": "0.51340", "2011-12-31": "0.50550", "2011-09-30": "0.49190", "2011-06-30": "0.49790", "2011-03-31": "0.51160", "2010-12-31": "0.52770", "2010-09-30": "0.50620", "2010-06-30": "0.53200", "2010-03-31": "0.49230", "2009-12-31": "0.49070", "2009-09-30": "0.52300", "2009-06-30": "0.53510", "2009-03-31": "0.53900", "2008-12-31": "0.51050", "2008-09-30": "0.42900", "2008-06-30": "0.45820", "2008-03-31": "0.46250", "2007-12-31": "0.47560", "2007-09-30": "0.46960", "2007-06-30": "0.48300", "2007-03-31": "0.51520", "2006-12-31": "0.48750", "2006-09-30": "0.33450", "2006-06-30": "0.33220", "2006-03-31": "0.35510", "2005-12-31": "0.34890", "2005-09-30": "", "2005-06-30": "", "2005-03-31": ""}, "Debt/Equity Ratio": {"2020-09-30": "19.83640", "2020-06-30": "7.16130", "2020-03-31": "2.99560", "2019-12-31": "2.26040", "2019-09-30": "1.81190", "2019-06-30": "1.96340", "2019-03-31": "2.25480", "2018-12-31": "2.09650", "2018-09-30": "1.81430", "2018-06-30": "2.01210", "2018-03-31": "2.08920", "2017-12-31": "1.62180", "2017-09-30": "1.43210", "2017-06-30": "1.58900", "2017-03-31": "1.72970", "2016-12-31": "1.71400", "2016-09-30": "1.33720", "2016-06-30": "1.43390", "2016-03-31": "1.45010", "2015-12-31": "1.41340", "2015-09-30": "1.31550", "2015-06-30": "1.40560", "2015-03-31": "1.46400", "2014-12-31": "1.37710", "2014-09-30": "1.23430", "2014-06-30": "1.41500", "2014-03-31": "1.14890", "2013-12-31": "1.13780", "2013-09-30": "1.09190", "2013-06-30": "1.11550", "2013-03-31": "1.21010", "2012-12-31": "1.15340", "2012-09-30": "1.04980", "2012-06-30": "1.12210", "2012-03-31": "1.08750", "2011-12-31": "1.05470", "2011-09-30": "1.00100", "2011-06-30": "1.02590", "2011-03-31": "1.08260", "2010-12-31": "1.15330", "2010-09-30": "1.06510", "2010-06-30": "1.16780", "2010-03-31": "0.99520", "2009-12-31": "1.02020", "2009-09-30": "1.16460", "2009-06-30": "1.23280", "2009-03-31": "1.24420", "2008-12-31": "1.10820", "2008-09-30": "0.81220", "2008-06-30": "0.92400", "2008-03-31": "0.90350", "2007-12-31": "0.94870", "2007-09-30": "0.94440", "2007-06-30": "0.98580", "2007-03-31": "1.11590", "2006-12-31": "1.00080", "2006-09-30": "0.54480", "2006-06-30": "0.53870", "2006-03-31": "0.59270", "2005-12-31": "0.57620", "2005-09-30": "", "2005-06-30": "", "2005-03-31": ""}, "Gross Margin": {"2020-09-30": "28.94770", "2020-06-30": "-162.61680", "2020-03-31": "36.01640", "2019-12-31": "24.28540", "2019-09-30": "25.79060", "2019-06-30": "26.27790", "2019-03-31": "33.34960", "2018-12-31": "24.03940", "2018-09-30": "23.75050", "2018-06-30": "25.56230", "2018-03-31": "37.12260", "2017-12-31": "24.57380", "2017-09-30": "23.43880", "2017-06-30": "24.63550", "2017-03-31": "37.62380", "2016-12-31": "35.27830", "2016-09-30": "23.41690", "2016-06-30": "26.31950", "2016-03-31": "35.06730", "2015-12-31": "29.65130", "2015-09-30": "24.72800", "2015-06-30": "27.56170", "2015-03-31": "35.61710", "2014-12-31": "28.26290", "2014-09-30": "24.99950", "2014-06-30": "28.88060", "2014-03-31": "35.14230", "2013-12-31": "25.92380", "2013-09-30": "24.90920", "2013-06-30": "27.96020", "2013-03-31": "37.54080", "2012-12-31": "27.06300", "2012-09-30": "25.76090", "2012-06-30": "28.62030", "2012-03-31": "37.93600", "2011-12-31": "31.01780", "2011-09-30": "28.14050", "2011-06-30": "26.98930", "2011-03-31": "35.58770", "2010-12-31": "28.18360", "2010-09-30": "24.37680", "2010-06-30": "29.24460", "2010-03-31": "32.98560", "2009-12-31": "20.65980", "2009-09-30": "18.21820", "2009-06-30": "19.90850", "2009-03-31": "23.06650", "2008-12-31": "14.91080", "2008-09-30": "18.44840", "2008-06-30": "21.06860", "2008-03-31": "24.47550", "2007-12-31": "12.20500", "2007-09-30": "17.38340", "2007-06-30": "21.29370", "2007-03-31": "28.25670", "2006-12-31": "12.15730", "2006-09-30": "17.20720", "2006-06-30": "21.27630", "2006-03-31": "26.85710", "2005-12-31": "100.00000", "2005-09-30": "21.74790", "2005-06-30": "21.35300", "2005-03-31": "29.21350"}, "Operating Margin": {"2020-09-30": "-274.12590", "2020-06-30": "-793.78420", "2020-03-31": "-12.64340", "2019-12-31": "-2.86980", "2019-09-30": "6.89090", "2019-06-30": "5.43510", "2019-03-31": "-1.38110", "2018-12-31": "-3.47360", "2018-09-30": "6.10700", "2018-06-30": "4.69700", "2018-03-31": "-0.40680", "2017-12-31": "-8.70600", "2017-09-30": "5.85260", "2017-06-30": "4.22690", "2017-03-31": "-1.71910", "2016-12-31": "-2.93280", "2016-09-30": "6.03350", "2016-06-30": "3.40300", "2016-03-31": "-2.75650", "2015-12-31": "-2.32900", "2015-09-30": "5.85260", "2015-06-30": "2.39240", "2015-03-31": "-2.13650", "2014-12-31": "-11.88520", "2014-09-30": "6.01930", "2014-06-30": "3.34290", "2014-03-31": "-1.09180", "2013-12-31": "-3.16130", "2013-09-30": "5.57140", "2013-06-30": "5.82350", "2013-03-31": "-3.59310", "2012-12-31": "-8.78910", "2012-09-30": "5.32390", "2012-06-30": "2.77090", "2012-03-31": "-4.93120", "2011-12-31": "-5.62410", "2011-09-30": "5.85520", "2011-06-30": "3.35960", "2011-03-31": "-8.49540", "2010-12-31": "-6.95370", "2010-09-30": "5.61640", "2010-06-30": "2.02140", "2010-03-31": "-14.70030", "2009-12-31": "-7.53380", "2009-09-30": "6.04030", "2009-06-30": "-0.77680", "2009-03-31": "-18.20100", "2008-12-31": "-39.58060", "2008-09-30": "4.75170", "2008-06-30": "2.46380", "2008-03-31": "-13.20430", "2007-12-31": "-8.61640", "2007-09-30": "4.76280", "2007-06-30": "3.26800", "2007-03-31": "-7.08750", "2006-12-31": "-7.58490", "2006-09-30": "2.04910", "2006-06-30": "1.52060", "2006-03-31": "1.56090", "2005-12-31": "-8.34600", "2005-09-30": "6.19660", "2005-06-30": "2.05720", "2005-03-31": "-6.19280"}, "EBIT Margin": {"2020-09-30": "-274.12590", "2020-06-30": "-793.78420", "2020-03-31": "-12.64340", "2019-12-31": "-2.86980", "2019-09-30": "6.89090", "2019-06-30": "5.43510", "2019-03-31": "-1.38110", "2018-12-31": "-3.47360", "2018-09-30": "6.10700", "2018-06-30": "4.69700", "2018-03-31": "-0.40680", "2017-12-31": "-8.70600", "2017-09-30": "5.85260", "2017-06-30": "4.22690", "2017-03-31": "-1.71910", "2016-12-31": "-2.93280", "2016-09-30": "6.03350", "2016-06-30": "3.40300", "2016-03-31": "-2.75650", "2015-12-31": "-2.32900", "2015-09-30": "5.85260", "2015-06-30": "2.39240", "2015-03-31": "-2.13650", "2014-12-31": "-11.88520", "2014-09-30": "6.01930", "2014-06-30": "3.34290", "2014-03-31": "-1.09180", "2013-12-31": "-3.16130", "2013-09-30": "5.57140", "2013-06-30": "5.82350", "2013-03-31": "-3.59310", "2012-12-31": "-8.78910", "2012-09-30": "5.32390", "2012-06-30": "2.77090", "2012-03-31": "-4.93120", "2011-12-31": "-5.62410", "2011-09-30": "5.85520", "2011-06-30": "3.35960", "2011-03-31": "-8.49540", "2010-12-31": "-6.95370", "2010-09-30": "5.61640", "2010-06-30": "2.02140", "2010-03-31": "-14.70030", "2009-12-31": "-7.53380", "2009-09-30": "6.04030", "2009-06-30": "-0.77680", "2009-03-31": "-18.20100", "2008-12-31": "-39.58050", "2008-09-30": "4.75170", "2008-06-30": "2.46380", "2008-03-31": "-13.20430", "2007-12-31": "-8.61640", "2007-09-30": "4.76280", "2007-06-30": "3.26800", "2007-03-31": "-7.08750", "2006-12-31": "-7.58490", "2006-09-30": "2.04910", "2006-06-30": "1.52060", "2006-03-31": "1.56090", "2005-12-31": "100.00000", "2005-09-30": "6.19660", "2005-06-30": "2.05720", "2005-03-31": "-6.19280"}, "EBITDA Margin": {"2020-09-30": "", "2020-06-30": "", "2020-03-31": "", "2019-12-31": "", "2019-09-30": "", "2019-06-30": "", "2019-03-31": "", "2018-12-31": "", "2018-09-30": "", "2018-06-30": "", "2018-03-31": "", "2017-12-31": "", "2017-09-30": "", "2017-06-30": "", "2017-03-31": "", "2016-12-31": "", "2016-09-30": "", "2016-06-30": "", "2016-03-31": "", "2015-12-31": "", "2015-09-30": "", "2015-06-30": "", "2015-03-31": "", "2014-12-31": "", "2014-09-30": "", "2014-06-30": "", "2014-03-31": "", "2013-12-31": "", "2013-09-30": "", "2013-06-30": "", "2013-03-31": "", "2012-12-31": "", "2012-09-30": "", "2012-06-30": "", "2012-03-31": "", "2011-12-31": "", "2011-09-30": "", "2011-06-30": "", "2011-03-31": "", "2010-12-31": "", "2010-09-30": "", "2010-06-30": "", "2010-03-31": "", "2009-12-31": "", "2009-09-30": "", "2009-06-30": "", "2009-03-31": "", "2008-12-31": "", "2008-09-30": "", "2008-06-30": "", "2008-03-31": "", "2007-12-31": "", "2007-09-30": "", "2007-06-30": "", "2007-03-31": "", "2006-12-31": "", "2006-09-30": "", "2006-06-30": "", "2006-03-31": "", "2005-12-31": "", "2005-09-30": "", "2005-06-30": "", "2005-03-31": ""}, "Pre-Tax Profit Margin": {"2020-09-30": "-303.97130", "2020-06-30": "-863.56980", "2020-03-31": "-15.68820", "2019-12-31": "-4.49000", "2019-09-30": "5.86300", "2019-06-30": "4.58880", "2019-03-31": "-2.96810", "2018-12-31": "-5.00160", "2018-09-30": "5.22070", "2018-06-30": "3.31750", "2018-03-31": "-2.30330", "2017-12-31": "-10.04660", "2017-09-30": "5.07090", "2017-06-30": "3.37380", "2017-03-31": "-3.31880", "2016-12-31": "-7.17910", "2016-09-30": "4.62350", "2016-06-30": "1.92120", "2016-03-31": "-4.05950", "2015-12-31": "-4.08510", "2015-09-30": "4.49720", "2015-06-30": "1.42270", "2015-03-31": "-5.87170", "2014-12-31": "-13.41660", "2014-09-30": "4.50400", "2014-06-30": "1.83290", "2014-03-31": "-2.85210", "2013-12-31": "-4.75810", "2013-09-30": "2.86570", "2013-06-30": "4.01400", "2013-03-31": "-6.56360", "2012-12-31": "-10.93250", "2012-09-30": "4.08150", "2012-06-30": "0.69570", "2012-03-31": "-7.59800", "2011-12-31": "-7.79100", "2011-09-30": "4.00890", "2011-06-30": "1.49290", "2011-03-31": "-11.68860", "2010-12-31": "-8.96370", "2010-09-30": "4.10590", "2010-06-30": "-1.77100", "2010-03-31": "-18.06000", "2009-12-31": "-8.72620", "2009-09-30": "4.88180", "2009-06-30": "-2.07240", "2009-03-31": "-21.86690", "2008-12-31": "-41.88760", "2008-09-30": "3.96230", "2008-06-30": "1.20690", "2008-03-31": "-15.91750", "2007-12-31": "-12.11510", "2007-09-30": "3.66180", "2007-06-30": "2.12270", "2007-03-31": "-8.79910", "2006-12-31": "-10.66110", "2006-09-30": "1.11310", "2006-06-30": "1.95720", "2006-03-31": "0.35520", "2005-12-31": "100.00000", "2005-09-30": "4.35410", "2005-06-30": "0.21800", "2005-03-31": "-8.52200"}, "Net Profit Margin": {"2020-09-30": "-287.41860", "2020-06-30": "-766.04530", "2020-03-31": "-13.53040", "2019-12-31": "-5.53560", "2019-09-30": "4.74140", "2019-06-30": "3.27380", "2019-03-31": "-3.03530", "2018-12-31": "-3.59520", "2018-09-30": "3.96050", "2018-06-30": "1.81940", "2018-03-31": "-3.39260", "2017-12-31": "-5.95070", "2017-09-30": "3.34260", "2017-06-30": "2.33420", "2017-03-31": "-3.66650", "2016-12-31": "-10.35850", "2016-09-30": "3.23310", "2016-06-30": "1.21370", "2016-03-31": "-3.68610", "2015-12-31": "-5.61440", "2015-09-30": "3.00930", "2015-06-30": "0.85270", "2015-03-31": "-5.54920", "2014-12-31": "-12.22230", "2014-09-30": "4.20310", "2014-06-30": "1.37680", "2014-03-31": "-2.87830", "2013-12-31": "-5.12130", "2013-09-30": "1.93500", "2013-06-30": "3.46110", "2013-03-31": "-6.84630", "2012-12-31": "-11.11290", "2012-09-30": "2.95180", "2012-06-30": "0.49600", "2012-03-31": "-7.96660", "2011-12-31": "-8.39390", "2011-09-30": "2.88890", "2011-06-30": "0.85040", "2011-03-31": "-5.70510", "2010-12-31": "-10.04950", "2010-09-30": "2.77850", "2010-06-30": "-2.58830", "2010-03-31": "-16.89520", "2009-12-31": "0.05610", "2009-09-30": "3.85870", "2009-06-30": "-2.59720", "2009-03-31": "-21.18050", "2008-12-31": "-40.68840", "2008-09-30": "8.68720", "2008-06-30": "-0.05770", "2008-03-31": "-6.99110", "2007-12-31": "-3.19640", "2007-09-30": "2.86060", "2007-06-30": "1.00600", "2007-03-31": "-8.65810", "2006-12-31": "-5.16640", "2006-09-30": "-0.66520", "2006-06-30": "1.26030", "2006-03-31": "0.21620", "2005-12-31": "-17.93870", "2005-09-30": "2.61240", "2005-06-30": "0.13080", "2005-03-31": "-5.11310"}, "Asset Turnover": {"2020-09-30": "0.01690", "2020-06-30": "0.00640", "2020-03-31": "0.11510", "2019-12-31": "0.26330", "2019-09-30": "0.37860", "2019-06-30": "0.29980", "2019-03-31": "0.16770", "2018-12-31": "0.30620", "2018-09-30": "0.45060", "2018-06-30": "0.32040", "2018-03-31": "0.16260", "2017-12-31": "0.30920", "2017-09-30": "0.44050", "2017-06-30": "0.32520", "2017-03-31": "0.15890", "2016-12-31": "0.18760", "2016-09-30": "0.49410", "2016-06-30": "0.30940", "2016-03-31": "0.17430", "2015-12-31": "0.28210", "2015-09-30": "0.41860", "2015-06-30": "0.26300", "2015-03-31": "0.17670", "2014-12-31": "0.26340", "2014-09-30": "0.41370", "2014-06-30": "0.24240", "2014-03-31": "0.18010", "2013-12-31": "0.28380", "2013-09-30": "0.39170", "2013-06-30": "0.27610", "2013-03-31": "0.16240", "2012-12-31": "0.27160", "2012-09-30": "0.36140", "2012-06-30": "0.26980", "2012-03-31": "0.15640", "2011-12-31": "0.23350", "2011-09-30": "0.34630", "2011-06-30": "0.27580", "2011-03-31": "0.15510", "2010-12-31": "0.23830", "2010-09-30": "0.34040", "2010-06-30": "0.22990", "2010-03-31": "0.14080", "2009-12-31": "0.36480", "2009-09-30": "0.66540", "2009-06-30": "0.33390", "2009-03-31": "0.17410", "2008-12-31": "0.33690", "2008-09-30": "0.53880", "2008-06-30": "0.33630", "2008-03-31": "0.18010", "2007-12-31": "0.24570", "2007-09-30": "0.52580", "2007-06-30": "0.35060", "2007-03-31": "0.20510", "2006-12-31": "0.28830", "2006-09-30": "0.64270", "2006-06-30": "0.32650", "2006-03-31": "0.27300", "2005-12-31": "0.42340", "2005-09-30": "", "2005-06-30": "", "2005-03-31": ""}, "Inventory Turnover Ratio": {"2020-09-30": "", "2020-06-30": "", "2020-03-31": "", "2019-12-31": "", "2019-09-30": "", "2019-06-30": "", "2019-03-31": "", "2018-12-31": "", "2018-09-30": "", "2018-06-30": "", "2018-03-31": "", "2017-12-31": "", "2017-09-30": "", "2017-06-30": "", "2017-03-31": "", "2016-12-31": "", "2016-09-30": "", "2016-06-30": "", "2016-03-31": "", "2015-12-31": "", "2015-09-30": "", "2015-06-30": "", "2015-03-31": "", "2014-12-31": "", "2014-09-30": "", "2014-06-30": "", "2014-03-31": "", "2013-12-31": "", "2013-09-30": "", "2013-06-30": "", "2013-03-31": "", "2012-12-31": "", "2012-09-30": "", "2012-06-30": "", "2012-03-31": "", "2011-12-31": "", "2011-09-30": "", "2011-06-30": "", "2011-03-31": "", "2010-12-31": "", "2010-09-30": "", "2010-06-30": "", "2010-03-31": "", "2009-12-31": "", "2009-09-30": "", "2009-06-30": "", "2009-03-31": "", "2008-12-31": "", "2008-09-30": "", "2008-06-30": "", "2008-03-31": "", "2007-12-31": "", "2007-09-30": "", "2007-06-30": "", "2007-03-31": "", "2006-12-31": "", "2006-09-30": "", "2006-06-30": "", "2006-03-31": "", "2005-12-31": "", "2005-09-30": "", "2005-06-30": "", "2005-03-31": ""}, "Receiveable Turnover": {"2020-09-30": "0.32580", "2020-06-30": "0.11980", "2020-03-31": "1.79830", "2019-12-31": "2.90510", "2019-09-30": "3.10470", "2019-06-30": "2.87850", "2019-03-31": "1.87800", "2018-12-31": "3.13730", "2018-09-30": "3.06190", "2018-06-30": "3.02110", "2018-03-31": "1.89130", "2017-12-31": "3.19930", "2017-09-30": "3.47080", "2017-06-30": "3.10200", "2017-03-31": "2.12590", "2016-12-31": "2.23040", "2016-09-30": "4.03660", "2016-06-30": "3.43430", "2016-03-31": "2.51250", "2015-12-31": "3.83720", "2015-09-30": "4.15450", "2015-06-30": "3.36830", "2015-03-31": "2.57810", "2014-12-31": "3.74880", "2014-09-30": "4.12090", "2014-06-30": "2.95670", "2014-03-31": "2.21420", "2013-12-31": "3.67320", "2013-09-30": "3.91100", "2013-06-30": "2.64690", "2013-03-31": "1.89990", "2012-12-31": "3.45660", "2012-09-30": "3.36550", "2012-06-30": "3.14870", "2012-03-31": "2.05730", "2011-12-31": "3.04530", "2011-09-30": "3.65880", "2011-06-30": "3.19550", "2011-03-31": "2.20060", "2010-12-31": "3.75170", "2010-09-30": "3.90180", "2010-06-30": "3.47020", "2010-03-31": "2.74050", "2009-12-31": "4.84910", "2009-09-30": "5.52460", "2009-06-30": "4.17980", "2009-03-31": "2.26120", "2008-12-31": "3.84020", "2008-09-30": "4.42940", "2008-06-30": "2.93980", "2008-03-31": "1.87100", "2007-12-31": "2.55840", "2007-09-30": "3.72120", "2007-06-30": "2.43420", "2007-03-31": "1.97290", "2006-12-31": "2.55730", "2006-09-30": "4.35930", "2006-06-30": "2.63540", "2006-03-31": "2.63250", "2005-12-31": "3.95490", "2005-09-30": "", "2005-06-30": "", "2005-03-31": ""}, "Days Sales In Receivables": {"2020-09-30": "276.26950", "2020-06-30": "751.47400", "2020-03-31": "50.04700", "2019-12-31": "30.97980", "2019-09-30": "28.98810", "2019-06-30": "31.26630", "2019-03-31": "47.92330", "2018-12-31": "28.68680", "2018-09-30": "29.39390", "2018-06-30": "29.79030", "2018-03-31": "47.58730", "2017-12-31": "28.13130", "2017-09-30": "25.93060", "2017-06-30": "29.01330", "2017-03-31": "42.33510", "2016-12-31": "40.35180", "2016-09-30": "22.29600", "2016-06-30": "26.20640", "2016-03-31": "35.82080", "2015-12-31": "23.45450", "2015-09-30": "21.66330", "2015-06-30": "26.71940", "2015-03-31": "34.90890", "2014-12-31": "24.00800", "2014-09-30": "21.83990", "2014-06-30": "30.43940", "2014-03-31": "40.64580", "2013-12-31": "24.50160", "2013-09-30": "23.01190", "2013-06-30": "34.00140", "2013-03-31": "47.37000", "2012-12-31": "26.03700", "2012-09-30": "26.74230", "2012-06-30": "28.58340", "2012-03-31": "43.74750", "2011-12-31": "29.55360", "2011-09-30": "24.59810", "2011-06-30": "28.16500", "2011-03-31": "40.89780", "2010-12-31": "23.98940", "2010-09-30": "23.06630", "2010-06-30": "25.93520", "2010-03-31": "32.84070", "2009-12-31": "18.56020", "2009-09-30": "16.29070", "2009-06-30": "21.53240", "2009-03-31": "39.80190", "2008-12-31": "23.43630", "2008-09-30": "20.31900", "2008-06-30": "30.61450", "2008-03-31": "48.10170", "2007-12-31": "35.17850", "2007-09-30": "24.18560", "2007-06-30": "36.97260", "2007-03-31": "45.61820", "2006-12-31": "35.19320", "2006-09-30": "20.64560", "2006-06-30": "34.15100", "2006-03-31": "34.18840", "2005-12-31": "22.75640", "2005-09-30": "", "2005-06-30": "", "2005-03-31": ""}, "ROE - Return On Equity": {"2020-09-30": "-219.59740", "2020-06-30": "-89.32800", "2020-03-31": "-17.13650", "2019-12-31": "-9.33360", "2019-09-30": "12.73760", "2019-06-30": "8.24860", "2019-03-31": "-4.45350", "2018-12-31": "-10.06780", "2018-09-30": "11.81210", "2018-06-30": "5.93060", "2018-03-31": "-2.98990", "2017-12-31": "-12.25410", "2017-09-30": "9.21440", "2017-06-30": "5.52800", "2017-03-31": "-3.56340", "2016-12-31": "-6.88920", "2016-09-30": "8.73970", "2016-06-30": "2.57530", "2016-03-31": "-3.98350", "2015-12-31": "-5.10310", "2015-09-30": "6.74390", "2015-06-30": "1.39920", "2015-03-31": "-4.79100", "2014-12-31": "-14.55690", "2014-09-30": "6.88940", "2014-06-30": "1.58280", "2014-03-31": "-1.91280", "2013-12-31": "-5.11140", "2013-09-30": "3.05090", "2013-06-30": "3.81920", "2013-03-31": "-4.48290", "2012-12-31": "-10.96430", "2012-09-30": "4.09900", "2012-06-30": "0.35860", "2012-03-31": "-4.45750", "2011-12-31": "-5.91850", "2011-09-30": "3.65810", "2011-06-30": "0.98360", "2011-03-31": "-3.39640", "2010-12-31": "-7.68190", "2010-09-30": "3.98790", "2010-06-30": "-2.07160", "2010-03-31": "-7.99430", "2009-12-31": "-8.54340", "2009-09-30": "9.86590", "2009-06-30": "-4.72060", "2009-03-31": "-16.49850", "2008-12-31": "-48.00680", "2008-09-30": "9.63120", "2008-06-30": "-0.05080", "2008-03-31": "-8.37390", "2007-12-31": "-6.63850", "2007-09-30": "5.00020", "2007-06-30": "0.96690", "2007-03-31": "-8.67930", "2006-12-31": "-8.85990", "2006-09-30": "-1.35460", "2006-06-30": "1.42170", "2006-03-31": "0.18070", "2005-12-31": "-21.19440", "2005-09-30": "", "2005-06-30": "", "2005-03-31": ""}, "Return On Tangible Equity": {"2020-09-30": "17.67630", "2020-06-30": "23.17460", "2020-03-31": "10.32000", "2019-12-31": "7.70390", "2019-09-30": "-13.47090", "2019-06-30": "-7.07920", "2019-03-31": "3.40030", "2018-12-31": "8.94970", "2018-09-30": "-13.84800", "2018-06-30": "-5.46860", "2018-03-31": "2.68350", "2017-12-31": "12.11240", "2017-09-30": "-11.66020", "2017-06-30": "-5.49950", "2017-03-31": "3.03670", "2016-12-31": "5.89030", "2016-09-30": "-10.36630", "2016-06-30": "-2.54210", "2016-03-31": "4.08600", "2015-12-31": "5.66030", "2015-09-30": "-8.53070", "2015-06-30": "-1.52070", "2015-03-31": "6.23260", "2014-12-31": "20.62300", "2014-09-30": "-14.61090", "2014-06-30": "-2.88460", "2014-03-31": "3.13350", "2013-12-31": "8.73330", "2013-09-30": "-6.58420", "2013-06-30": "-6.79750", "2013-03-31": "6.71780", "2012-12-31": "17.38950", "2012-09-30": "-7.68310", "2012-06-30": "-0.55670", "2012-03-31": "7.58520", "2011-12-31": "10.73280", "2011-09-30": "-7.88430", "2011-06-30": "-1.85160", "2011-03-31": "5.38160", "2010-12-31": "10.51340", "2010-09-30": "-6.84560", "2010-06-30": "3.00930", "2010-03-31": "12.64800", "2009-12-31": "-124.25200", "2009-09-30": "199.78720", "2009-06-30": "47.49190", "2009-03-31": "209.15930", "2008-12-31": "-1495.10000", "2008-09-30": "355.39490", "2008-06-30": "0.28250", "2008-03-31": "255.11960", "2007-12-31": "-459.56000", "2007-09-30": "53.94960", "2007-06-30": "6.85340", "2007-03-31": "-68.56270", "2006-12-31": "-39.82200", "2006-09-30": "-1.93980", "2006-06-30": "1.99380", "2006-03-31": "0.24010", "2005-12-31": "-27.69590", "2005-09-30": "", "2005-06-30": "", "2005-03-31": ""}, "ROA - Return On Assets": {"2020-09-30": "-4.98330", "2020-06-30": "-5.25360", "2020-03-31": "-1.77820", "2019-12-31": "-1.24490", "2019-09-30": "1.94610", "2019-06-30": "1.10280", "2019-03-31": "-0.53620", "2018-12-31": "-1.59100", "2018-09-30": "2.15230", "2018-06-30": "0.93110", "2018-03-31": "-0.45000", "2017-12-31": "-2.31580", "2017-09-30": "1.90470", "2017-06-30": "0.97630", "2017-03-31": "-0.61060", "2016-12-31": "-1.37440", "2016-09-30": "2.06890", "2016-06-30": "0.51770", "2016-03-31": "-0.80770", "2015-12-31": "-1.19940", "2015-09-30": "1.66600", "2015-06-30": "0.30110", "2015-03-31": "-1.04960", "2014-12-31": "-3.61910", "2014-09-30": "1.91520", "2014-06-30": "0.37580", "2014-03-31": "-0.48080", "2013-12-31": "-1.42980", "2013-09-30": "0.87300", "2013-06-30": "0.97020", "2013-03-31": "-1.12840", "2012-12-31": "-3.12630", "2012-09-30": "1.25500", "2012-06-30": "0.09670", "2012-03-31": "-1.26540", "2011-12-31": "-1.88480", "2011-09-30": "1.21930", "2011-06-30": "0.29390", "2011-03-31": "-0.99250", "2010-12-31": "-2.22030", "2010-09-30": "1.20610", "2010-06-30": "-0.55980", "2010-03-31": "-2.38730", "2009-12-31": "-2.64660", "2009-09-30": "2.68430", "2009-06-30": "-0.96620", "2009-03-31": "-3.80940", "2008-12-31": "-14.41420", "2008-09-30": "3.21490", "2008-06-30": "-0.01300", "2008-03-31": "-2.39530", "2007-12-31": "-2.09150", "2007-09-30": "1.48220", "2007-06-30": "0.21270", "2007-03-31": "-2.03760", "2006-12-31": "-2.54310", "2006-09-30": "-0.42750", "2006-06-30": "0.41150", "2006-03-31": "0.05900", "2005-12-31": "-7.59580", "2005-09-30": "", "2005-06-30": "", "2005-03-31": ""}, "ROI - Return On Investment": {"2020-09-30": "-10.64420", "2020-06-30": "-11.07210", "2020-03-31": "-4.32050", "2019-12-31": "-2.88560", "2019-09-30": "4.59890", "2019-06-30": "2.82090", "2019-03-31": "-1.39630", "2018-12-31": "-3.31690", "2018-09-30": "4.27740", "2018-06-30": "2.00920", "2018-03-31": "-0.99590", "2017-12-31": "-5.15590", "2017-09-30": "3.85910", "2017-06-30": "2.17340", "2017-03-31": "-1.32720", "2016-12-31": "-2.57590", "2016-09-30": "3.78930", "2016-06-30": "1.07210", "2016-03-31": "-1.64690", "2015-12-31": "-2.14050", "2015-09-30": "2.94720", "2015-06-30": "0.59140", "2015-03-31": "-1.98150", "2014-12-31": "-6.20730", "2014-09-30": "3.12330", "2014-06-30": "0.70350", "2014-03-31": "-0.97180", "2013-12-31": "-2.60430", "2013-09-30": "1.57880", "2013-06-30": "1.84000", "2013-03-31": "-2.06850", "2012-12-31": "-5.19080", "2012-09-30": "2.03560", "2012-06-30": "0.17200", "2012-03-31": "-2.16910", "2011-12-31": "-2.92690", "2011-09-30": "1.85860", "2011-06-30": "0.49380", "2011-03-31": "-1.65870", "2010-12-31": "-3.62830", "2010-09-30": "1.96930", "2010-06-30": "-0.96960", "2010-03-31": "-4.05880", "2009-12-31": "-4.35090", "2009-09-30": "4.70620", "2009-06-30": "-2.19450", "2009-03-31": "-7.60550", "2008-12-31": "-23.50030", "2008-09-30": "5.49950", "2008-06-30": "-0.02750", "2008-03-31": "-4.50110", "2007-12-31": "-3.48150", "2007-09-30": "2.65230", "2007-06-30": "0.49990", "2007-03-31": "-4.20810", "2006-12-31": "-4.54100", "2006-09-30": "-0.90140", "2006-06-30": "0.94940", "2006-03-31": "0.11650", "2005-12-31": "-13.80040", "2005-09-30": "", "2005-06-30": "", "2005-03-31": ""}, "Book Value Per Share": {"2020-09-30": "1.16230", "2020-06-30": "3.22220", "2020-03-31": "5.71790", "2019-12-31": "6.84660", "2019-09-30": "7.22690", "2019-06-30": "6.68760", "2019-03-31": "5.91060", "2018-12-31": "6.38410", "2018-09-30": "7.40140", "2018-06-30": "6.72300", "2018-03-31": "6.56830", "2017-12-31": "6.81550", "2017-09-30": "7.80730", "2017-06-30": "7.06920", "2017-03-31": "6.51990", "2016-12-31": "6.61310", "2016-09-30": "7.46690", "2016-06-30": "6.97140", "2016-03-31": "6.92200", "2015-12-31": "7.14590", "2015-09-30": "7.64910", "2015-06-30": "7.13850", "2015-03-31": "6.88790", "2014-12-31": "7.37520", "2014-09-30": "8.37860", "2014-06-30": "8.13630", "2014-03-31": "7.84970", "2013-12-31": "7.96630", "2013-09-30": "8.29230", "2013-06-30": "7.78590", "2013-03-31": "7.35210", "2012-12-31": "7.90440", "2012-09-30": "8.71970", "2012-06-30": "8.14320", "2012-03-31": "8.28160", "2011-12-31": "8.53080", "2011-09-30": "9.09220", "2011-06-30": "8.92990", "2011-03-31": "8.79800", "2010-12-31": "8.56050", "2010-09-30": "9.39610", "2010-06-30": "8.58250", "2010-03-31": "8.87590", "2009-12-31": "8.36640", "2009-09-30": "8.76670", "2009-06-30": "7.67810", "2009-03-31": "7.69280", "2008-12-31": "9.35130", "2008-09-30": "12.58650", "2008-06-30": "11.34240", "2008-03-31": "11.16310", "2007-12-31": "11.57740", "2007-09-30": "11.16600", "2007-06-30": "9.37870", "2007-03-31": "9.08830", "2006-12-31": "9.50740", "2006-09-30": "10.26090", "2006-06-30": "10.40050", "2006-03-31": "9.68770", "2005-12-31": "9.47820", "2005-09-30": "", "2005-06-30": "", "2005-03-31": ""}, "Operating Cash Flow Per Share": {"2020-09-30": -2.6571, "2020-06-30": -4.837, "2020-03-31": "2.99300", "2019-12-31": 2.0858, "2019-09-30": -1.183, "2019-06-30": -0.9118, "2019-03-31": "2.24520", "2018-12-31": 3.3602, "2018-09-30": -1.2377, "2018-06-30": -1.3347, "2018-03-31": "3.75130", "2017-12-31": 1.1683, "2017-09-30": -1.8881, "2017-06-30": 0.0236, "2017-03-31": "3.73890", "2016-12-31": 2.4139, "2016-09-30": -1.9005, "2016-06-30": -0.1157, "2016-03-31": "2.56520", "2015-12-31": 1.6033, "2015-09-30": -1.8077, "2015-06-30": -0.0008, "2015-03-31": "1.73700", "2014-12-31": 1.4986, "2014-09-30": -1.6816, "2014-06-30": -0.2008, "2014-03-31": "1.85290", "2013-12-31": 0.9159, "2013-09-30": -0.6241, "2013-06-30": 0.5007, "2013-03-31": "1.43230", "2012-12-31": 1.4944, "2012-09-30": -1.1689, "2012-06-30": 0.2186, "2012-03-31": "1.41950", "2011-12-31": 0.8901, "2011-09-30": -0.8719, "2011-06-30": 0.0011, "2011-03-31": "0.72470", "2010-12-31": 0.8847, "2010-09-30": -0.9103, "2010-06-30": 0.378, "2010-03-31": "0.61180", "2009-12-31": -0.1114, "2009-09-30": -3.2468, "2009-06-30": 1.5144, "2009-03-31": "2.53680", "2008-12-31": 0.0239, "2008-09-30": -4.1324, "2008-06-30": 1.2269, "2008-03-31": "2.05990", "2007-12-31": 0.093, "2007-09-30": -2.736, "2007-06-30": 1.8272, "2007-03-31": "1.34810", "2006-12-31": -1.2735, "2006-09-30": -1.4599, "2006-06-30": 2.3956, "2006-03-31": "0.60960", "2005-12-31": 0.2082, "2005-09-30": 0, "2005-06-30": 0, "2005-03-31": ""}, "Free Cash Flow Per Share": {"2020-09-30": -2.8637, "2020-06-30": -5.1096, "2020-03-31": "2.59240", "2019-12-31": 1.577, "2019-09-30": -1.5964, "2019-06-30": -1.2563, "2019-03-31": "1.97170", "2018-12-31": 2.9592, "2018-09-30": -1.525, "2018-06-30": -1.5843, "2018-03-31": "3.53300", "2017-12-31": 0.8317, "2017-09-30": -2.1136, "2017-06-30": -0.2888, "2017-03-31": "3.44990", "2016-12-31": 2.1037, "2016-09-30": -2.0724, "2016-06-30": -0.3417, "2016-03-31": "2.41310", "2015-12-31": 1.3614, "2015-09-30": -1.9522, "2015-06-30": -0.1766, "2015-03-31": "1.59020", "2014-12-31": 1.2401, "2014-09-30": -1.8027, "2014-06-30": -0.3991, "2014-03-31": "1.72890", "2013-12-31": 0.7328, "2013-09-30": -0.7468, "2013-06-30": 0.2468, "2013-03-31": "1.29640", "2012-12-31": 1.3189, "2012-09-30": -1.324, "2012-06-30": 0.0371, "2012-03-31": "1.26930", "2011-12-31": 0.6697, "2011-09-30": -0.9966, "2011-06-30": -0.1399, "2011-03-31": "0.62140", "2010-12-31": 0.7103, "2010-09-30": -1.0187, "2010-06-30": 0.2906, "2010-03-31": "0.52230", "2009-12-31": -0.3081, "2009-09-30": -3.3602, "2009-06-30": 1.3479, "2009-03-31": "2.23580", "2008-12-31": -0.7795, "2008-09-30": -4.7811, "2008-06-30": 0.5445, "2008-03-31": "1.75160", "2007-12-31": -0.5905, "2007-09-30": -3.009, "2007-06-30": 1.4531, "2007-03-31": "1.13930", "2006-12-31": -1.5073, "2006-09-30": -1.7499, "2006-06-30": 2.1724, "2006-03-31": "0.34350", "2005-12-31": -1.1766, "2005-09-30": 0, "2005-06-30": 0, "2005-03-31": ""}}, "revenue": {"Live Nation Entertainment Annual Revenue (Millions of US $)": {"2019": "$11,548", "2018": "$10,788", "2017": "$9,687", "2016": "$7,826", "2015": "$7,246", "2014": "$6,867", "2013": "$6,479", "2012": "$5,819", "2011": "$5,384", "2010": "$5,064", "2009": "$4,181", "2008": "$4,085", "2007": "$3,635", "2006": "$3,294", "2005": "$2,937"}, "Live Nation Entertainment Quarterly Revenue (Millions of US $)": {"2020-09-30": "$184", "2020-06-30": "$74", "2020-03-31": "$1,366", "2019-12-31": "$2,889", "2019-09-30": "$3,774", "2019-06-30": "$3,157", "2019-03-31": "$1,728", "2018-12-31": "$2,602", "2018-09-30": "$3,835", "2018-06-30": "$2,868", "2018-03-31": "$1,482", "2017-12-31": "$2,320", "2017-09-30": "$3,440", "2017-06-30": "$2,684", "2017-03-31": "$1,243", "2016-12-31": "$1,269", "2016-09-30": "$3,170", "2016-06-30": "$2,179", "2016-03-31": "$1,208", "2015-12-31": "$1,737", "2015-09-30": "$2,623", "2015-06-30": "$1,766", "2015-03-31": "$1,120", "2014-12-31": "$1,572", "2014-09-30": "$2,502", "2014-06-30": "$1,666", "2014-03-31": "$1,127", "2013-12-31": "$1,613", "2013-09-30": "$2,262", "2013-06-30": "$1,680", "2013-03-31": "$924", "2012-12-31": "$1,437", "2012-09-30": "$1,963", "2012-06-30": "$1,551", "2012-03-31": "$868", "2011-12-31": "$1,186", "2011-09-30": "$1,790", "2011-06-30": "$1,559", "2011-03-31": "$849", "2010-12-31": "$1,238", "2010-09-30": "$1,836", "2010-06-30": "$1,267", "2010-03-31": "$723", "2009-12-31": "$854", "2009-09-30": "$1,795", "2009-06-30": "$1,047", "2009-03-31": "$485", "2008-12-31": "$834", "2008-09-30": "$1,588", "2008-06-30": "$1,130", "2008-03-31": "$533", "2007-12-31": "$676", "2007-09-30": "$1,453", "2007-06-30": "$986", "2007-03-31": "$520", "2006-12-31": "$641", "2006-09-30": "$1,368", "2006-06-30": "$768", "2006-03-31": "$517", "2005-12-31": "$752", "2005-09-30": "$998", "2005-06-30": "$742", "2005-03-31": "$444"}}, "gross-profit": {"Live Nation Entertainment Annual Gross Profit (Millions of US $)": {"2019": "$3,081", "2018": "$2,820", "2017": "$2,505", "2016": "$2,187", "2015": "$2,049", "2014": "$1,947", "2013": "$1,798", "2012": "$1,668", "2011": "$1,595", "2010": "$1,405", "2009": "$824", "2008": "$786", "2007": "$692", "2006": "$616", "2005": "$626"}, "Live Nation Entertainment Quarterly Gross Profit (Millions of US $)": {"2020-09-30": "$53", "2020-06-30": "$-120", "2020-03-31": "$492", "2019-12-31": "$702", "2019-09-30": "$973", "2019-06-30": "$830", "2019-03-31": "$576", "2018-12-31": "$625", "2018-09-30": "$911", "2018-06-30": "$733", "2018-03-31": "$550", "2017-12-31": "$570", "2017-09-30": "$806", "2017-06-30": "$661", "2017-03-31": "$468", "2016-12-31": "$448", "2016-09-30": "$742", "2016-06-30": "$574", "2016-03-31": "$424", "2015-12-31": "$515", "2015-09-30": "$649", "2015-06-30": "$487", "2015-03-31": "$399", "2014-12-31": "$444", "2014-09-30": "$625", "2014-06-30": "$481", "2014-03-31": "$396", "2013-12-31": "$418", "2013-09-30": "$564", "2013-06-30": "$470", "2013-03-31": "$347", "2012-12-31": "$389", "2012-09-30": "$506", "2012-06-30": "$444", "2012-03-31": "$329", "2011-12-31": "$368", "2011-09-30": "$504", "2011-06-30": "$421", "2011-03-31": "$302", "2010-12-31": "$349", "2010-09-30": "$448", "2010-06-30": "$370", "2010-03-31": "$239", "2009-12-31": "$176", "2009-09-30": "$327", "2009-06-30": "$208", "2009-03-31": "$112", "2008-12-31": "$124", "2008-09-30": "$293", "2008-06-30": "$238", "2008-03-31": "$130", "2007-12-31": "$83", "2007-09-30": "$253", "2007-06-30": "$210", "2007-03-31": "$147", "2006-12-31": "$78", "2006-09-30": "$235", "2006-06-30": "$163", "2006-03-31": "$139", "2005-12-31": "$121", "2005-09-30": "$217", "2005-06-30": "$158", "2005-03-31": "$130"}}, "operating-income": {"Live Nation Entertainment Annual Operating Income (Millions of US $)": {"2019": "$325", "2018": "$273", "2017": "$91", "2016": "$195", "2015": "$131", "2014": "$7", "2013": "$140", "2012": "$-22", "2011": "$18", "2010": "$-64", "2009": "$-52", "2008": "$-297", "2007": "$6", "2006": "$-1", "2005": "$-13"}, "Live Nation Entertainment Quarterly Operating Income (Millions of US $)": {"2020-09-30": "$-504", "2020-06-30": "$-588", "2020-03-31": "$-173", "2019-12-31": "$-83", "2019-09-30": "$260", "2019-06-30": "$172", "2019-03-31": "$-24", "2018-12-31": "$-90", "2018-09-30": "$234", "2018-06-30": "$135", "2018-03-31": "$-6", "2017-12-31": "$-202", "2017-09-30": "$201", "2017-06-30": "$113", "2017-03-31": "$-21", "2016-12-31": "$-37", "2016-09-30": "$191", "2016-06-30": "$74", "2016-03-31": "$-33", "2015-12-31": "$-40", "2015-09-30": "$154", "2015-06-30": "$42", "2015-03-31": "$-24", "2014-12-31": "$-187", "2014-09-30": "$151", "2014-06-30": "$56", "2014-03-31": "$-12", "2013-12-31": "$-51", "2013-09-30": "$126", "2013-06-30": "$98", "2013-03-31": "$-33", "2012-12-31": "$-126", "2012-09-30": "$105", "2012-06-30": "$43", "2012-03-31": "$-43", "2011-12-31": "$-67", "2011-09-30": "$105", "2011-06-30": "$52", "2011-03-31": "$-72", "2010-12-31": "$-86", "2010-09-30": "$103", "2010-06-30": "$26", "2010-03-31": "$-106", "2009-12-31": "$-64", "2009-09-30": "$108", "2009-06-30": "$-8", "2009-03-31": "$-88", "2008-12-31": "$-330", "2008-09-30": "$75", "2008-06-30": "$28", "2008-03-31": "$-70", "2007-12-31": "$-58", "2007-09-30": "$69", "2007-06-30": "$32", "2007-03-31": "$-37", "2006-12-31": "$-49", "2006-09-30": "$28", "2006-06-30": "$12", "2006-03-31": "$8", "2005-12-31": "$752", "2005-09-30": "$62", "2005-06-30": "$15", "2005-03-31": "$-28"}}, "ebitda": {"Live Nation Entertainment Annual EBITDA (Millions of US $)": {"2019": "$873", "2018": "$759", "2017": "$560", "2016": "$611", "2015": "$539", "2014": "$526", "2013": "$529", "2012": "$425", "2011": "$374", "2010": "$269", "2009": "$132", "2008": "$145", "2007": "$132", "2006": "$128", "2005": "$51"}, "Live Nation Entertainment Quarterly EBITDA (Millions of US $)": {"2020-09-30": "$-368", "2020-06-30": "$-437", "2020-03-31": "$-32", "2019-12-31": "$66", "2019-09-30": "$412", "2019-06-30": "$303", "2019-03-31": "$92", "2018-12-31": "$49", "2018-09-30": "$359", "2018-06-30": "$250", "2018-03-31": "$102", "2017-12-31": "$-49", "2017-09-30": "$321", "2017-06-30": "$209", "2017-03-31": "$79", "2016-12-31": "$76", "2016-09-30": "$299", "2016-06-30": "$172", "2016-03-31": "$64", "2015-12-31": "$88", "2015-09-30": "$255", "2015-06-30": "$133", "2015-03-31": "$63", "2014-12-31": "$62", "2014-09-30": "$252", "2014-06-30": "$137", "2014-03-31": "$75", "2013-12-31": "$65", "2013-09-30": "$224", "2013-06-30": "$186", "2013-03-31": "$54", "2012-12-31": "$50", "2012-09-30": "$194", "2012-06-30": "$141", "2012-03-31": "$40", "2011-12-31": "$42", "2011-09-30": "$191", "2011-06-30": "$133", "2011-03-31": "$8", "2010-12-31": "$41", "2010-09-30": "$176", "2010-06-30": "$92", "2010-03-31": "$-41", "2009-12-31": "$-7", "2009-09-30": "$149", "2009-06-30": "$32", "2009-03-31": "$-42", "2008-12-31": "$-9", "2008-09-30": "$124", "2008-06-30": "$64", "2008-03-31": "$-33", "2007-12-31": "$-13", "2007-09-30": "$97", "2007-06-30": "$58", "2007-03-31": "$-9", "2006-12-31": "$-14", "2006-09-30": "$91", "2006-06-30": "$28", "2006-03-31": "$23", "2005-12-31": "$-45", "2005-09-30": "$78", "2005-06-30": "$31", "2005-03-31": "$-12"}}, "net-income": {"Live Nation Entertainment Annual Net Income (Millions of US $)": {"2019": "$70", "2018": "$60", "2017": "$-6", "2016": "$-47", "2015": "$-66", "2014": "$-96", "2013": "$-44", "2012": "$-163", "2011": "$-83", "2010": "$-228", "2009": "$-60", "2008": "$-239", "2007": "$-15", "2006": "$-31", "2005": "$-131"}, "Live Nation Entertainment Quarterly Net Income (Millions of US $)": {"2020-09-30": "$-529", "2020-06-30": "$-568", "2020-03-31": "$-185", "2019-12-31": "$-160", "2019-09-30": "$179", "2019-06-30": "$103", "2019-03-31": "$-52", "2018-12-31": "$-94", "2018-09-30": "$152", "2018-06-30": "$52", "2018-03-31": "$-50", "2017-12-31": "$-138", "2017-09-30": "$115", "2017-06-30": "$63", "2017-03-31": "$-46", "2016-12-31": "$-131", "2016-09-30": "$103", "2016-06-30": "$26", "2016-03-31": "$-45", "2015-12-31": "$-98", "2015-09-30": "$79", "2015-06-30": "$15", "2015-03-31": "$-62", "2014-12-31": "$-192", "2014-09-30": "$105", "2014-06-30": "$23", "2014-03-31": "$-32", "2013-12-31": "$-83", "2013-09-30": "$44", "2013-06-30": "$58", "2013-03-31": "$-63", "2012-12-31": "$-160", "2012-09-30": "$58", "2012-06-30": "$8", "2012-03-31": "$-69", "2011-12-31": "$-100", "2011-09-30": "$52", "2011-06-30": "$13", "2011-03-31": "$-48", "2010-12-31": "$-124", "2010-09-30": "$51", "2010-06-30": "$-33", "2010-03-31": "$-122", "2009-12-31": "$0", "2009-09-30": "$69", "2009-06-30": "$-27", "2009-03-31": "$-103", "2008-12-31": "$-340", "2008-09-30": "$138", "2008-06-30": "$-1", "2008-03-31": "$-37", "2007-12-31": "$-22", "2007-09-30": "$42", "2007-06-30": "$10", "2007-03-31": "$-45", "2006-12-31": "$-33", "2006-09-30": "$-9", "2006-06-30": "$10", "2006-03-31": "$1", "2005-12-31": "$-135", "2005-09-30": "$26", "2005-06-30": "$1", "2005-03-31": "$-23"}}, "eps-earnings-per-share-diluted": {"Live Nation Entertainment Annual EPS": {"2019": "$-0.02", "2018": "$-0.09", "2017": "$-0.48", "2016": "$-0.23", "2015": "$-0.33", "2014": "$-0.49", "2013": "$-0.23", "2012": "$-0.88", "2011": "$-0.46", "2010": "$-1.39", "2009": "$-0.73", "2008": "$-3.14", "2007": "$-0.22", "2006": "$-0.48", "2005": "$-1.96"}, "Live Nation Entertainment Quarterly EPS": {"2020-09-30": "$-2.45", "2020-06-30": "$-2.67", "2020-03-31": "$-0.94", "2019-12-31": "$-0.83", "2019-09-30": "$0.71", "2019-06-30": "$0.41", "2019-03-31": "$-0.31", "2018-12-31": "$-0.79", "2018-09-30": "$0.70", "2018-06-30": "$0.24", "2018-03-31": "$-0.24", "2017-12-31": "$-1.08", "2017-09-30": "$0.53", "2017-06-30": "$0.29", "2017-03-31": "$-0.22", "2016-12-31": "$-0.56", "2016-09-30": "$0.49", "2016-06-30": "$0.13", "2016-03-31": "$-0.29", "2015-12-31": "$-0.46", "2015-09-30": "$0.38", "2015-06-30": "$0.06", "2015-03-31": "$-0.31", "2014-12-31": "$-0.92", "2014-09-30": "$0.49", "2014-06-30": "$0.11", "2014-03-31": "$-0.17", "2013-12-31": "$-0.42", "2013-09-30": "$0.22", "2013-06-30": "$0.30", "2013-03-31": "$-0.33", "2012-12-31": "$-0.86", "2012-09-30": "$0.31", "2012-06-30": "$0.04", "2012-03-31": "$-0.37", "2011-12-31": "$-0.53", "2011-09-30": "$0.27", "2011-06-30": "$0.07", "2011-03-31": "$-0.27", "2010-12-31": "$-0.67", "2010-09-30": "$0.30", "2010-06-30": "$-0.19", "2010-03-31": "$-0.83", "2009-12-31": "$0.11", "2009-09-30": "$0.78", "2009-06-30": "$-0.33", "2009-03-31": "$-1.29", "2008-12-31": "$-4.29", "2008-09-30": "$1.66", "2008-06-30": "$-0.01", "2008-03-31": "$-0.50", "2007-12-31": "$-0.23", "2007-09-30": "$0.55", "2007-06-30": "$0.15", "2007-03-31": "$-0.69", "2006-12-31": "$-0.51", "2006-09-30": "$-0.14", "2006-06-30": "$0.15", "2006-03-31": "$0.02", "2005-12-31": "$-2.02", "2005-09-30": "$0.00", "2005-06-30": "$0.00", "2005-03-31": "$0.00"}}, "shares-outstanding": {"Live Nation Entertainment Annual Shares Outstanding (Millions of Shares)": {"2019": "210", "2018": "207", "2017": "205", "2016": "202", "2015": "201", "2014": "199", "2013": "194", "2012": "187", "2011": "182", "2010": "164", "2009": "83", "2008": "76", "2007": "68", "2006": "65", "2005": "67"}, "Live Nation Entertainment Quarterly Shares Outstanding (Millions of Shares)": {"2020-09-30": "213", "2020-06-30": "212", "2020-03-31": "211", "2019-12-31": "210", "2019-09-30": "219", "2019-06-30": "220", "2019-03-31": "209", "2018-12-31": "207", "2018-09-30": "217", "2018-06-30": "215", "2018-03-31": "207", "2017-12-31": "205", "2017-09-30": "223", "2017-06-30": "214", "2017-03-31": "204", "2016-12-31": "202", "2016-09-30": "218", "2016-06-30": "209", "2016-03-31": "202", "2015-12-31": "201", "2015-09-30": "209", "2015-06-30": "209", "2015-03-31": "200", "2014-12-31": "199", "2014-09-30": "222", "2014-06-30": "206", "2014-03-31": "198", "2013-12-31": "194", "2013-09-30": "202", "2013-06-30": "197", "2013-03-31": "189", "2012-12-31": "187", "2012-09-30": "190", "2012-06-30": "189", "2012-03-31": "187", "2011-12-31": "182", "2011-09-30": "189", "2011-06-30": "183", "2011-03-31": "176", "2010-12-31": "164", "2010-09-30": "172", "2010-06-30": "170", "2010-03-31": "146", "2009-12-31": "83", "2009-09-30": "93", "2009-06-30": "84", "2009-03-31": "80", "2008-12-31": "76", "2008-09-30": "85", "2008-06-30": "77", "2008-03-31": "75", "2007-12-31": "68", "2007-09-30": "78", "2007-06-30": "68", "2007-03-31": "65", "2006-12-31": "65", "2006-09-30": "65", "2006-06-30": "65", "2006-03-31": "64", "2005-12-31": "67", "2005-09-30": "", "2005-06-30": "", "2005-03-31": ""}}, "total-assets": {"Live Nation Entertainment Annual Total Assets (Millions of US $)": {"2019": "$10,976", "2018": "$8,497", "2017": "$7,504", "2016": "$6,764", "2015": "$6,156", "2014": "$5,968", "2013": "$5,684", "2012": "$5,291", "2011": "$5,077", "2010": "$5,196", "2009": "$2,342", "2008": "$2,477", "2007": "$2,752", "2006": "$2,225", "2005": "$1,777"}, "Live Nation Entertainment Quarterly Total Assets (Millions of US $)": {"2020-09-30": "$10,885", "2020-06-30": "$11,622", "2020-03-31": "$11,861", "2019-12-31": "$10,976", "2019-09-30": "$9,967", "2019-06-30": "$10,529", "2019-03-31": "$10,303", "2018-12-31": "$8,497", "2018-09-30": "$8,512", "2018-06-30": "$8,953", "2018-03-31": "$9,118", "2017-12-31": "$7,504", "2017-09-30": "$7,811", "2017-06-30": "$8,251", "2017-03-31": "$7,824", "2016-12-31": "$6,764", "2016-09-30": "$6,417", "2016-06-30": "$7,043", "2016-03-31": "$6,927", "2015-12-31": "$6,156", "2015-09-30": "$6,265", "2015-06-30": "$6,714", "2015-03-31": "$6,338", "2014-12-31": "$5,968", "2014-09-30": "$6,048", "2014-06-30": "$6,872", "2014-03-31": "$6,260", "2013-12-31": "$5,684", "2013-09-30": "$5,776", "2013-06-30": "$6,083", "2013-03-31": "$5,688", "2012-12-31": "$5,291", "2012-09-30": "$5,432", "2012-06-30": "$5,748", "2012-03-31": "$5,550", "2011-12-31": "$5,077", "2011-09-30": "$5,169", "2011-06-30": "$5,652", "2011-03-31": "$5,475", "2010-12-31": "$5,196", "2010-09-30": "$5,393", "2010-06-30": "$5,510", "2010-03-31": "$5,137", "2009-12-31": "$2,342", "2009-09-30": "$2,697", "2009-06-30": "$3,137", "2009-03-31": "$2,786", "2008-12-31": "$2,477", "2008-09-30": "$2,948", "2008-06-30": "$3,360", "2008-03-31": "$2,957", "2007-12-31": "$2,752", "2007-09-30": "$2,763", "2007-06-30": "$2,813", "2007-03-31": "$2,536", "2006-12-31": "$2,225", "2006-09-30": "$2,129", "2006-06-30": "$2,353", "2006-03-31": "$1,892", "2005-12-31": "$1,777", "2005-09-30": "$0", "2005-06-30": "$0", "2005-03-31": "$0"}}, "cash-on-hand": {"Live Nation Entertainment Annual Cash on Hand (Millions of US $)": {"2019": "$2,474", "2018": "$2,378", "2017": "$1,829", "2016": "$1,527", "2015": "$1,303", "2014": "$1,382", "2013": "$1,299", "2012": "$1,001", "2011": "$844", "2010": "$893", "2009": "$237", "2008": "$200", "2007": "$339", "2006": "$314", "2005": "$404"}, "Live Nation Entertainment Quarterly Cash on Hand (Millions of US $)": {"2020-09-30": "$2,633", "2020-06-30": "$3,300", "2020-03-31": "$3,282", "2019-12-31": "$2,474", "2019-09-30": "$1,809", "2019-06-30": "$2,285", "2019-03-31": "$2,684", "2018-12-31": "$2,378", "2018-09-30": "$1,910", "2018-06-30": "$2,300", "2018-03-31": "$2,949", "2017-12-31": "$1,829", "2017-09-30": "$1,801", "2017-06-30": "$2,217", "2017-03-31": "$2,228", "2016-12-31": "$1,527", "2016-09-30": "$1,040", "2016-06-30": "$1,512", "2016-03-31": "$1,699", "2015-12-31": "$1,303", "2015-09-30": "$1,061", "2015-06-30": "$1,526", "2015-03-31": "$1,607", "2014-12-31": "$1,382", "2014-09-30": "$1,358", "2014-06-30": "$2,042", "2014-03-31": "$1,629", "2013-12-31": "$1,299", "2013-09-30": "$1,303", "2013-06-30": "$1,385", "2013-03-31": "$1,246", "2012-12-31": "$1,001", "2012-09-30": "$784", "2012-06-30": "$1,005", "2012-03-31": "$1,071", "2011-12-31": "$844", "2011-09-30": "$783", "2011-06-30": "$1,004", "2011-03-31": "$987", "2010-12-31": "$893", "2010-09-30": "$856", "2010-06-30": "$1,000", "2010-03-31": "$825", "2009-12-31": "$237", "2009-09-30": "$258", "2009-06-30": "$470", "2009-03-31": "$357", "2008-12-31": "$200", "2008-09-30": "$206", "2008-06-30": "$453", "2008-03-31": "$434", "2007-12-31": "$339", "2007-09-30": "$351", "2007-06-30": "$467", "2007-03-31": "$395", "2006-12-31": "$314", "2006-09-30": "$497", "2006-06-30": "$603", "2006-03-31": "$409", "2005-12-31": "$404", "2005-09-30": "", "2005-06-30": "", "2005-03-31": ""}}, "long-term-debt": {"Live Nation Entertainment Annual Long Term Debt (Millions of US $)": {"2019": "$3,271", "2018": "$2,733", "2017": "$1,952", "2016": "$2,260", "2015": "$2,003", "2014": "$1,996", "2013": "$1,530", "2012": "$1,678", "2011": "$1,653", "2010": "$1,678", "2009": "$699", "2008": "$775", "2007": "$786", "2006": "$607", "2005": "$341"}, "Live Nation Entertainment Quarterly Long Term Debt (Millions of US $)": {"2020-09-30": "$4,849", "2020-06-30": "$4,831", "2020-03-31": "$3,651", "2019-12-31": "$3,271", "2019-09-30": "$2,695", "2019-06-30": "$2,709", "2019-03-31": "$2,716", "2018-12-31": "$2,733", "2018-09-30": "$2,732", "2018-06-30": "$2,743", "2018-03-31": "$2,747", "2017-12-31": "$1,952", "2017-09-30": "$2,240", "2017-06-30": "$2,249", "2017-03-31": "$2,259", "2016-12-31": "$2,260", "2016-09-30": "$1,985", "2016-06-30": "$1,985", "2016-03-31": "$1,993", "2015-12-31": "$2,003", "2015-09-30": "$1,994", "2015-06-30": "$1,973", "2015-03-31": "$1,969", "2014-12-31": "$1,996", "2014-09-30": "$2,027", "2014-06-30": "$2,039", "2014-03-31": "$1,524", "2013-12-31": "$1,530", "2013-09-30": "$1,541", "2013-06-30": "$1,662", "2013-03-31": "$1,671", "2012-12-31": "$1,678", "2012-09-30": "$1,686", "2012-06-30": "$1,682", "2012-03-31": "$1,662", "2011-12-31": "$1,653", "2011-09-30": "$1,668", "2011-06-30": "$1,675", "2011-03-31": "$1,676", "2010-12-31": "$1,678", "2010-09-30": "$1,672", "2010-06-30": "$1,692", "2010-03-31": "$1,488", "2009-12-31": "$699", "2009-09-30": "$804", "2009-06-30": "$739", "2009-03-31": "$752", "2008-12-31": "$775", "2008-09-30": "$739", "2008-06-30": "$727", "2008-03-31": "$728", "2007-12-31": "$786", "2007-09-30": "$725", "2007-06-30": "$578", "2007-03-31": "$633", "2006-12-31": "$607", "2006-09-30": "$338", "2006-06-30": "$339", "2006-03-31": "$340", "2005-12-31": "$341", "2005-09-30": "", "2005-06-30": "", "2005-03-31": ""}}, "total-liabilities": {"Live Nation Entertainment Annual Total Liabilities (Millions of US $)": {"2019": "$9,512", "2018": "$7,154", "2017": "$6,086", "2016": "$5,415", "2015": "$4,709", "2014": "$4,485", "2013": "$4,094", "2012": "$3,782", "2011": "$3,460", "2010": "$3,694", "2009": "$1,616", "2008": "$1,733", "2007": "$1,885", "2006": "$1,586", "2005": "$1,140"}, "Live Nation Entertainment Quarterly Total Liabilities (Millions of US $)": {"2020-09-30": "$10,638", "2020-06-30": "$10,939", "2020-03-31": "$10,631", "2019-12-31": "$9,512", "2019-09-30": "$8,444", "2019-06-30": "$9,122", "2019-03-31": "$9,062", "2018-12-31": "$7,154", "2018-09-30": "$6,961", "2018-06-30": "$7,547", "2018-03-31": "$7,745", "2017-12-31": "$6,086", "2017-09-30": "$6,196", "2017-06-30": "$6,794", "2017-03-31": "$6,483", "2016-12-31": "$5,415", "2016-09-30": "$4,898", "2016-06-30": "$5,628", "2016-03-31": "$5,523", "2015-12-31": "$4,709", "2015-09-30": "$4,718", "2015-06-30": "$5,269", "2015-03-31": "$4,950", "2014-12-31": "$4,485", "2014-09-30": "$4,366", "2014-06-30": "$5,241", "2014-03-31": "$4,687", "2013-12-31": "$4,094", "2013-09-30": "$4,123", "2013-06-30": "$4,538", "2013-03-31": "$4,256", "2012-12-31": "$3,782", "2012-09-30": "$3,769", "2012-06-30": "$4,198", "2012-03-31": "$3,974", "2011-12-31": "$3,460", "2011-09-30": "$3,446", "2011-06-30": "$3,963", "2011-03-31": "$3,875", "2010-12-31": "$3,694", "2010-09-30": "$3,762", "2010-06-30": "$4,021", "2010-03-31": "$3,603", "2009-12-31": "$1,616", "2009-09-30": "$1,963", "2009-06-30": "$2,495", "2009-03-31": "$2,143", "2008-12-31": "$1,733", "2008-09-30": "$1,964", "2008-06-30": "$2,500", "2008-03-31": "$2,111", "2007-12-31": "$1,885", "2007-09-30": "$1,944", "2007-06-30": "$2,195", "2007-03-31": "$1,941", "2006-12-31": "$1,586", "2006-09-30": "$1,457", "2006-06-30": "$1,672", "2006-03-31": "$1,274", "2005-12-31": "$1,140", "2005-09-30": "", "2005-06-30": "", "2005-03-31": ""}}, "total-share-holder-equity": {"Live Nation Entertainment Annual Share Holder Equity (Millions of US $)": {"2019": "$1,464", "2018": "$1,343", "2017": "$1,418", "2016": "$1,350", "2015": "$1,447", "2014": "$1,484", "2013": "$1,590", "2012": "$1,509", "2011": "$1,617", "2010": "$1,502", "2009": "$725", "2008": "$744", "2007": "$867", "2006": "$639", "2005": "$637"}, "Live Nation Entertainment Quarterly Share Holder Equity (Millions of US $)": {"2020-09-30": "$247", "2020-06-30": "$684", "2020-03-31": "$1,231", "2019-12-31": "$1,464", "2019-09-30": "$1,523", "2019-06-30": "$1,408", "2019-03-31": "$1,240", "2018-12-31": "$1,343", "2018-09-30": "$1,551", "2018-06-30": "$1,406", "2018-03-31": "$1,372", "2017-12-31": "$1,418", "2017-09-30": "$1,615", "2017-06-30": "$1,457", "2017-03-31": "$1,341", "2016-12-31": "$1,350", "2016-09-30": "$1,519", "2016-06-30": "$1,416", "2016-03-31": "$1,405", "2015-12-31": "$1,447", "2015-09-30": "$1,548", "2015-06-30": "$1,445", "2015-03-31": "$1,389", "2014-12-31": "$1,484", "2014-09-30": "$1,681", "2014-06-30": "$1,631", "2014-03-31": "$1,573", "2013-12-31": "$1,590", "2013-09-30": "$1,653", "2013-06-30": "$1,545", "2013-03-31": "$1,432", "2012-12-31": "$1,509", "2012-09-30": "$1,663", "2012-06-30": "$1,551", "2012-03-31": "$1,575", "2011-12-31": "$1,617", "2011-09-30": "$1,723", "2011-06-30": "$1,689", "2011-03-31": "$1,600", "2010-12-31": "$1,502", "2010-09-30": "$1,631", "2010-06-30": "$1,489", "2010-03-31": "$1,534", "2009-12-31": "$725", "2009-09-30": "$734", "2009-06-30": "$642", "2009-03-31": "$643", "2008-12-31": "$744", "2008-09-30": "$984", "2008-06-30": "$859", "2008-03-31": "$846", "2007-12-31": "$867", "2007-09-30": "$819", "2007-06-30": "$619", "2007-03-31": "$595", "2006-12-31": "$639", "2006-09-30": "$672", "2006-06-30": "$681", "2006-03-31": "$618", "2005-12-31": "$637", "2005-09-30": "", "2005-06-30": "", "2005-03-31": ""}}, "profit-margins": {"current": "-32.49%"}, "gross margin": {"2020-09-30": "24.97%", "2020-06-30": "25.26%", "2020-03-31": "26.79%", "2019-12-31": "26.68%", "2019-09-30": "26.68%", "2019-06-30": "25.98%", "2019-03-31": "25.79%", "2018-12-31": "26.13%", "2018-09-30": "26.31%", "2018-06-30": "26.30%", "2018-03-31": "26.06%", "2017-12-31": "25.86%", "2017-09-30": "27.59%", "2017-06-30": "27.72%", "2017-03-31": "28.39%", "2016-12-31": "27.96%", "2016-09-30": "27.19%", "2016-06-30": "27.91%", "2016-03-31": "28.29%", "2015-12-31": "28.29%", "2015-09-30": "27.95%", "2015-06-30": "28.09%", "2015-03-31": "28.41%", "2014-12-31": "28.34%", "2014-09-30": "27.79%", "2014-06-30": "27.88%", "2014-03-31": "27.66%", "2013-12-31": "27.77%", "2013-09-30": "28.08%", "2013-06-30": "28.51%", "2013-03-31": "28.70%", "2012-12-31": "28.66%", "2012-09-30": "29.58%", "2012-06-30": "30.49%", "2012-03-31": "30.02%", "2011-12-31": "29.62%", "2011-09-30": "28.99%", "2011-06-30": "27.73%", "2011-03-31": "28.30%", "2010-12-31": "27.76%", "2010-09-30": "26.35%", "2010-06-30": "23.97%", "2010-03-31": "21.50%", "2009-12-31": "19.68%", "2009-09-30": "18.53%", "2009-06-30": "18.64%", "2009-03-31": "19.00%", "2008-12-31": "19.22%", "2008-09-30": "18.95%", "2008-06-30": "18.57%", "2008-03-31": "18.53%", "2007-12-31": "19.06%", "2007-09-30": "19.11%", "2007-06-30": "19.06%", "2007-03-31": "18.90%", "2006-12-31": "18.67%", "2006-09-30": "19.32%", "2006-06-30": "21.09%", "2006-03-31": "21.10%", "2005-12-31": "21.32%"}, "operating margin": {"2020-09-30": "-29.87%", "2020-06-30": "-7.21%", "2020-03-31": "1.57%", "2019-12-31": "2.81%", "2019-09-30": "2.82%", "2019-06-30": "2.58%", "2019-03-31": "2.31%", "2018-12-31": "2.53%", "2018-09-30": "1.53%", "2018-06-30": "1.27%", "2018-03-31": "1.07%", "2017-12-31": "0.94%", "2017-09-30": "2.96%", "2017-06-30": "2.94%", "2017-03-31": "2.63%", "2016-12-31": "2.49%", "2016-09-30": "2.31%", "2016-06-30": "2.00%", "2016-03-31": "1.68%", "2015-12-31": "1.82%", "2015-09-30": "-0.21%", "2015-06-30": "-0.26%", "2015-03-31": "-0.06%", "2014-12-31": "0.12%", "2014-09-30": "2.08%", "2014-06-30": "1.78%", "2014-03-31": "2.41%", "2013-12-31": "2.16%", "2013-09-30": "1.03%", "2013-06-30": "0.73%", "2013-03-31": "-0.19%", "2012-12-31": "-0.36%", "2012-09-30": "0.68%", "2012-06-30": "0.70%", "2012-03-31": "0.87%", "2011-12-31": "0.33%", "2011-09-30": "-0.02%", "2011-06-30": "-0.05%", "2011-03-31": "-0.56%", "2010-12-31": "-1.24%", "2010-09-30": "-0.88%", "2010-06-30": "-0.78%", "2010-03-31": "-1.58%", "2009-12-31": "-1.24%", "2009-09-30": "-7.64%", "2009-06-30": "-8.88%", "2009-03-31": "-7.80%", "2008-12-31": "-7.27%", "2008-09-30": "-0.64%", "2008-06-30": "-0.82%", "2008-03-31": "-0.74%", "2007-12-31": "0.17%", "2007-09-30": "0.42%", "2007-06-30": "-0.74%", "2007-03-31": "-1.40%", "2006-12-31": "-0.03%", "2006-09-30": "23.49%", "2006-06-30": "27.48%", "2006-03-31": "27.82%", "2005-12-31": "27.28%"}, "ebitda margin": {"2020-09-30": "-17.08%", "2020-06-30": "0.11%", "2020-03-31": "6.70%", "2019-12-31": "7.56%", "2019-09-30": "7.60%", "2019-06-30": "7.09%", "2019-03-31": "6.80%", "2018-12-31": "7.05%", "2018-09-30": "6.30%", "2018-06-30": "6.17%", "2018-03-31": "5.87%", "2017-12-31": "5.78%", "2017-09-30": "7.93%", "2017-06-30": "7.92%", "2017-03-31": "7.96%", "2016-12-31": "7.81%", "2016-09-30": "7.51%", "2016-06-30": "7.47%", "2016-03-31": "7.36%", "2015-12-31": "7.44%", "2015-09-30": "7.24%", "2015-06-30": "7.33%", "2015-03-31": "7.49%", "2014-12-31": "7.66%", "2014-09-30": "7.66%", "2014-06-30": "7.51%", "2014-03-31": "8.23%", "2013-12-31": "8.16%", "2013-09-30": "8.15%", "2013-06-30": "8.06%", "2013-03-31": "7.47%", "2012-12-31": "7.30%", "2012-09-30": "7.49%", "2012-06-30": "7.67%", "2012-03-31": "7.51%", "2011-12-31": "6.95%", "2011-09-30": "6.86%", "2011-06-30": "6.53%", "2011-03-31": "6.11%", "2010-12-31": "5.29%", "2010-09-30": "4.70%", "2010-06-30": "4.16%", "2010-03-31": "3.01%", "2009-12-31": "3.16%", "2009-09-30": "3.12%", "2009-06-30": "2.66%", "2009-03-31": "3.39%", "2008-12-31": "3.57%", "2008-09-30": "3.62%", "2008-06-30": "3.03%", "2008-03-31": "2.99%", "2007-12-31": "3.66%", "2007-09-30": "3.67%", "2007-06-30": "3.58%", "2007-03-31": "2.91%", "2006-12-31": "3.89%", "2006-09-30": "2.85%", "2006-06-30": "2.77%", "2006-03-31": "2.89%", "2005-12-31": "1.77%"}, "pre tax profit margin": {"2020-09-30": "-34.19%", "2020-06-30": "-9.42%", "2020-03-31": "0.20%", "2019-12-31": "1.60%", "2019-09-30": "1.64%", "2019-06-30": "1.45%", "2019-03-31": "1.03%", "2018-12-31": "1.21%", "2018-09-30": "0.27%", "2018-06-30": "0.02%", "2018-03-31": "-0.02%", "2017-12-31": "-0.09%", "2017-09-30": "1.54%", "2017-06-30": "1.27%", "2017-03-31": "0.73%", "2016-12-31": "0.63%", "2016-09-30": "0.83%", "2016-06-30": "0.52%", "2016-03-31": "0.31%", "2015-12-31": "0.08%", "2015-09-30": "-1.89%", "2015-06-30": "-2.00%", "2015-03-31": "-1.94%", "2014-12-31": "-1.44%", "2014-09-30": "0.51%", "2014-06-30": "-0.19%", "2014-03-31": "0.34%", "2013-12-31": "-0.09%", "2013-09-30": "-1.36%", "2013-06-30": "-1.18%", "2013-03-31": "-2.16%", "2012-12-31": "-2.27%", "2012-09-30": "-1.20%", "2012-06-30": "-1.39%", "2012-03-31": "-1.17%", "2011-12-31": "-1.78%", "2011-09-30": "-2.12%", "2011-06-30": "-2.04%", "2011-03-31": "-3.03%", "2010-12-31": "-3.73%", "2010-09-30": "-3.27%", "2010-06-30": "-3.02%", "2010-03-31": "-3.17%", "2009-12-31": "-2.75%", "2009-09-30": "-9.37%", "2009-06-30": "-10.50%", "2009-03-31": "-9.39%", "2008-12-31": "-8.76%", "2008-09-30": "-2.29%", "2008-06-30": "-2.64%", "2008-03-31": "-2.55%", "2007-12-31": "-1.49%", "2007-09-30": "-1.11%", "2007-06-30": "-2.22%", "2007-03-31": "-2.55%", "2006-12-31": "-1.09%", "2006-09-30": "23.02%", "2006-06-30": "26.75%", "2006-03-31": "26.55%", "2005-12-31": "25.85%"}, "net profit margin": {"2020-09-30": "-31.95%", "2020-06-30": "-9.06%", "2020-03-31": "-0.56%", "2019-12-31": "0.61%", "2019-09-30": "1.21%", "2019-06-30": "0.96%", "2019-03-31": "0.53%", "2018-12-31": "0.56%", "2018-09-30": "0.15%", "2018-06-30": "-0.21%", "2018-03-31": "-0.10%", "2017-12-31": "-0.06%", "2017-09-30": "0.01%", "2017-06-30": "-0.13%", "2017-03-31": "-0.61%", "2016-12-31": "-0.60%", "2016-09-30": "-0.17%", "2016-06-30": "-0.49%", "2016-03-31": "-0.67%", "2015-12-31": "-0.91%", "2015-09-30": "-2.26%", "2015-06-30": "-1.93%", "2015-03-31": "-1.84%", "2014-12-31": "-1.40%", "2014-09-30": "0.19%", "2014-06-30": "-0.72%", "2014-03-31": "-0.19%", "2013-12-31": "-0.68%", "2013-09-30": "-1.92%", "2013-06-30": "-1.78%", "2013-03-31": "-2.67%", "2012-12-31": "-2.80%", "2012-09-30": "-1.85%", "2012-06-30": "-2.02%", "2012-03-31": "-1.92%", "2011-12-31": "-1.54%", "2011-09-30": "-1.97%", "2011-06-30": "-1.97%", "2011-03-31": "-2.97%", "2010-12-31": "-4.50%", "2010-09-30": "-2.22%", "2010-06-30": "-1.85%", "2010-03-31": "-1.81%", "2009-12-31": "-1.46%", "2009-09-30": "-9.64%", "2009-06-30": "-8.40%", "2009-03-31": "-7.58%", "2008-12-31": "-5.88%", "2008-09-30": "1.99%", "2008-06-30": "-0.47%", "2008-03-31": "-0.19%", "2007-12-31": "-0.41%", "2007-09-30": "-0.72%", "2007-06-30": "-2.19%", "2007-03-31": "-2.34%", "2006-12-31": "-0.94%", "2006-09-30": "-3.91%", "2006-06-30": "-3.23%", "2006-03-31": "-3.56%", "2005-12-31": "-4.46%"}, "pe ratio": {"current": "0.00", "2021-02-05": "0.00", "2020-09-30": "0.00", "2020-06-30": "0.00", "2020-03-31": "0.00", "2019-12-31": "0.00", "2019-09-30": "0.00", "2019-06-30": "0.00", "2019-03-31": "0.00", "2018-12-31": "0.00", "2018-09-30": "0.00", "2018-06-30": "0.00", "2018-03-31": "0.00", "2017-12-31": "0.00", "2017-09-30": "2177.50", "2017-06-30": "0.00", "2017-03-31": "0.00", "2016-12-31": "0.00", "2016-09-30": "0.00", "2016-06-30": "0.00", "2016-03-31": "0.00", "2015-12-31": "0.00", "2015-09-30": "0.00", "2015-06-30": "0.00", "2015-03-31": "0.00", "2014-12-31": "0.00", "2014-09-30": "1201.00", "2014-06-30": "0.00", "2014-03-31": "0.00", "2013-12-31": "0.00", "2013-09-30": "0.00", "2013-06-30": "0.00", "2013-03-31": "0.00", "2012-12-31": "0.00", "2012-09-30": "0.00", "2012-06-30": "0.00", "2012-03-31": "0.00", "2011-12-31": "0.00", "2011-09-30": "0.00", "2011-06-30": "0.00", "2011-03-31": "0.00", "2010-12-31": "0.00", "2010-09-30": "0.00", "2010-06-30": "0.00", "2010-03-31": "0.00", "2009-12-31": "0.00", "2009-09-30": "0.00", "2009-06-30": "0.00", "2009-03-31": "0.00", "2008-12-31": "0.00", "2008-09-30": "17.13", "2008-06-30": "0.00", "2008-03-31": "0.00", "2007-12-31": "0.00", "2007-09-30": "0.00", "2007-06-30": "0.00", "2007-03-31": "0.00", "2006-12-31": "0.00"}, "price sales": {"2021-02-05": "3.47", "2020-09-30": "2.51", "2020-06-30": "1.17", "2020-03-31": "0.88", "2019-12-31": "1.33", "2019-09-30": "1.27", "2019-06-30": "1.25", "2019-03-31": "1.23", "2018-12-31": "0.97", "2018-09-30": "1.10", "2018-06-30": "1.03", "2018-03-31": "0.91", "2017-12-31": "0.94", "2017-09-30": "1.08", "2017-06-30": "0.88", "2017-03-31": "0.81", "2016-12-31": "0.71", "2016-09-30": "0.69", "2016-06-30": "0.62", "2016-03-31": "0.63", "2015-12-31": "0.70", "2015-09-30": "0.70", "2015-06-30": "0.83", "2015-03-31": "0.77", "2014-12-31": "0.79", "2014-09-30": "0.72", "2014-06-30": "0.74", "2014-03-31": "0.64", "2013-12-31": "0.60", "2013-09-30": "0.57", "2013-06-30": "0.49", "2013-03-31": "0.40", "2012-12-31": "0.30", "2012-09-30": "0.29", "2012-06-30": "0.32", "2012-03-31": "0.32", "2011-12-31": "0.28", "2011-09-30": "0.26", "2011-06-30": "0.36", "2011-03-31": "0.33", "2010-12-31": "0.37", "2010-09-30": "0.30", "2010-06-30": "0.25", "2010-03-31": "0.31", "2009-12-31": "0.18", "2009-09-30": "0.17", "2009-06-30": "0.10", "2009-03-31": "0.05", "2008-12-31": "0.11", "2008-09-30": "0.32", "2008-06-30": "0.21", "2008-03-31": "0.24", "2007-12-31": "0.28", "2007-09-30": "0.42", "2007-06-30": "0.42", "2007-03-31": "0.44", "2006-12-31": "0.44"}, "price book": {"current": "65.34", "2021-02-05": "63.96", "2020-09-30": "46.36", "2020-06-30": "13.76", "2020-03-31": "7.95", "2019-12-31": "10.44", "2019-09-30": "9.18", "2019-06-30": "9.91", "2019-03-31": "10.75", "2018-12-31": "7.71", "2018-09-30": "7.36", "2018-06-30": "7.22", "2018-03-31": "6.42", "2017-12-31": "6.25", "2017-09-30": "5.58", "2017-06-30": "4.93", "2017-03-31": "4.66", "2016-12-31": "4.02", "2016-09-30": "3.68", "2016-06-30": "3.37", "2016-03-31": "3.22", "2015-12-31": "3.44", "2015-09-30": "3.14", "2015-06-30": "3.85", "2015-03-31": "3.66", "2014-12-31": "3.54", "2014-09-30": "2.87", "2014-06-30": "3.03", "2014-03-31": "2.77", "2013-12-31": "2.48", "2013-09-30": "2.24", "2013-06-30": "1.99", "2013-03-31": "1.68", "2012-12-31": "1.18", "2012-09-30": "0.99", "2012-06-30": "1.13", "2012-03-31": "1.14", "2011-12-31": "0.97", "2011-09-30": "0.88", "2011-06-30": "1.28", "2011-03-31": "1.14", "2010-12-31": "1.33", "2010-09-30": "1.05", "2010-06-30": "1.22", "2010-03-31": "1.63", "2009-12-31": "1.02", "2009-09-30": "0.93", "2009-06-30": "0.63", "2009-03-31": "0.35", "2008-12-31": "0.61", "2008-09-30": "1.29", "2008-06-30": "0.93", "2008-03-31": "1.09", "2007-12-31": "1.25", "2007-09-30": "1.90", "2007-06-30": "2.39", "2007-03-31": "2.43", "2006-12-31": "2.36", "2006-09-30": "1.99", "2006-06-30": "1.96", "2006-03-31": "2.05"}, "price fcf": {"2021-02-05": "", "2020-09-30": "$-3.80", "2020-06-30": "$-2.54", "2020-03-31": "$1.32", "2019-12-31": "$0.70", "2019-09-30": "$2.08", "2019-06-30": "$2.15", "2019-03-31": "$1.82", "2018-12-31": "$3.38", "2018-09-30": "$1.26", "2018-06-30": "$0.67", "2018-03-31": "$1.96", "2017-12-31": "$1.88", "2017-09-30": "$3.15", "2017-06-30": "$3.19", "2017-03-31": "$3.14", "2016-12-31": "$2.10", "2016-09-30": "$1.36", "2016-06-30": "$1.48", "2016-03-31": "$1.65", "2015-12-31": "$0.82", "2015-09-30": "$0.70", "2015-06-30": "$0.85", "2015-03-31": "$0.63", "2014-12-31": "$0.77", "2014-09-30": "$0.26", "2014-06-30": "$1.32", "2014-03-31": "$1.96", "2013-12-31": "$1.53", "2013-09-30": "$2.12", "2013-06-30": "$1.54", "2013-03-31": "$1.33", "2012-12-31": "$1.30", "2012-09-30": "$0.65", "2012-06-30": "$0.98", "2012-03-31": "$0.80", "2011-12-31": "$0.15", "2011-09-30": "$0.20", "2011-06-30": "$0.17", "2011-03-31": "$0.60", "2010-12-31": "$0.50", "2010-09-30": "$-0.51", "2010-06-30": "$-2.86", "2010-03-31": "$-1.80", "2009-12-31": "$-0.08", "2009-09-30": "$-0.56", "2009-06-30": "$-1.98", "2009-03-31": "$-2.78", "2008-12-31": "$-3.26", "2008-09-30": "$-3.08", "2008-06-30": "$-1.30", "2008-03-31": "$-0.39", "2007-12-31": "$-1.01", "2007-09-30": "$-1.92", "2007-06-30": "$-0.66", "2007-03-31": "$0.05", "2006-12-31": "$-0.74"}, "net worth": {"value": "$16.14B"}, "current ratio": {"current": "1.08", "2020-09-30": "1.08", "2020-06-30": "1.27", "2020-03-31": "1.03", "2019-12-31": "1.02", "2019-09-30": "0.97", "2019-06-30": "0.93", "2019-03-31": "0.94", "2018-12-31": "1.03", "2018-09-30": "1.08", "2018-06-30": "1.01", "2018-03-31": "1.05", "2017-12-31": "0.88", "2017-09-30": "1.11", "2017-06-30": "1.04", "2017-03-31": "1.02", "2016-12-31": "1.09", "2016-09-30": "1.06", "2016-06-30": "0.98", "2016-03-31": "1.01", "2015-12-31": "1.09", "2015-09-30": "1.08", "2015-06-30": "1.01", "2015-03-31": "1.06", "2014-12-31": "1.13", "2014-09-30": "1.25", "2014-06-30": "1.15", "2014-03-31": "0.96", "2013-12-31": "0.96", "2013-09-30": "1.06", "2013-06-30": "1.07", "2013-03-31": "1.03", "2012-12-31": "1.03", "2012-09-30": "1.06", "2012-06-30": "1.00", "2012-03-31": "1.01", "2011-12-31": "1.06", "2011-09-30": "1.14", "2011-06-30": "1.05", "2011-03-31": "1.01", "2010-12-31": "1.09", "2010-09-30": "1.18", "2010-06-30": "1.09", "2010-03-31": "1.03", "2009-12-31": "0.95", "2009-09-30": "0.98", "2009-06-30": "0.83", "2009-03-31": "0.81", "2008-12-31": "0.83", "2008-09-30": "0.90", "2008-06-30": "0.84", "2008-03-31": "0.91", "2007-12-31": "0.92", "2007-09-30": "0.96", "2007-06-30": "0.88", "2007-03-31": "0.92", "2006-12-31": "0.96", "2006-09-30": "1.11", "2006-06-30": "1.07", "2006-03-31": "1.03", "2005-12-31": "1.11", "2005-09-30": "0.00", "2005-06-30": "0.00", "2005-03-31": "0.00"}, "quick ratio": {"2020-09-30": "0.00", "2020-06-30": "0.00", "2020-03-31": "0.00", "2019-12-31": "0.00", "2019-09-30": "0.00", "2019-06-30": "0.00", "2019-03-31": "0.00", "2018-12-31": "0.00", "2018-09-30": "0.00", "2018-06-30": "0.00", "2018-03-31": "0.00", "2017-12-31": "0.00", "2017-09-30": "0.00", "2017-06-30": "0.00", "2017-03-31": "0.00", "2016-12-31": "0.00", "2016-09-30": "0.00", "2016-06-30": "0.00", "2016-03-31": "0.00", "2015-12-31": "0.00", "2015-09-30": "0.00", "2015-06-30": "0.00", "2015-03-31": "0.00", "2014-12-31": "0.00", "2014-09-30": "0.00", "2014-06-30": "0.00", "2014-03-31": "0.00", "2013-12-31": "0.00", "2013-09-30": "0.00", "2013-06-30": "0.00", "2013-03-31": "0.00", "2012-12-31": "0.00", "2012-09-30": "0.00", "2012-06-30": "0.00", "2012-03-31": "0.00", "2011-12-31": "0.00", "2011-09-30": "0.00", "2011-06-30": "0.00", "2011-03-31": "0.00", "2010-12-31": "0.00", "2010-09-30": "0.00", "2010-06-30": "0.00", "2010-03-31": "0.00", "2009-12-31": "0.00", "2009-09-30": "0.00", "2009-06-30": "0.00", "2009-03-31": "0.00", "2008-12-31": "0.00", "2008-09-30": "0.00", "2008-06-30": "0.00", "2008-03-31": "0.00", "2007-12-31": "0.00", "2007-09-30": "0.00", "2007-06-30": "0.00", "2007-03-31": "0.00", "2006-12-31": "0.00", "2006-09-30": "0.00", "2006-06-30": "0.00", "2006-03-31": "0.00", "2005-12-31": "0.00", "2005-09-30": "0.00", "2005-06-30": "0.00", "2005-03-31": "0.00"}, "debt equity ratio": {"current": "19.63", "2020-09-30": "43.07", "2020-06-30": "16.00", "2020-03-31": "8.64", "2019-12-31": "6.50", "2019-09-30": "5.55", "2019-06-30": "6.48", "2019-03-31": "7.31", "2018-12-31": "5.33", "2018-09-30": "4.49", "2018-06-30": "5.37", "2018-03-31": "5.64", "2017-12-31": "4.29", "2017-09-30": "3.84", "2017-06-30": "4.66", "2017-03-31": "4.84", "2016-12-31": "4.01", "2016-09-30": "3.22", "2016-06-30": "3.98", "2016-03-31": "3.93", "2015-12-31": "3.26", "2015-09-30": "3.05", "2015-06-30": "3.65", "2015-03-31": "3.57", "2014-12-31": "3.02", "2014-09-30": "2.60", "2014-06-30": "3.21", "2014-03-31": "2.98", "2013-12-31": "2.58", "2013-09-30": "2.50", "2013-06-30": "2.94", "2013-03-31": "2.97", "2012-12-31": "2.51", "2012-09-30": "2.27", "2012-06-30": "2.71", "2012-03-31": "2.52", "2011-12-31": "2.14", "2011-09-30": "2.00", "2011-06-30": "2.35", "2011-03-31": "2.42", "2010-12-31": "2.46", "2010-09-30": "2.31", "2010-06-30": "2.70", "2010-03-31": "2.35", "2009-12-31": "2.23", "2009-09-30": "2.68", "2009-06-30": "3.89", "2009-03-31": "3.33", "2008-12-31": "2.33", "2008-09-30": "2.00", "2008-06-30": "2.91", "2008-03-31": "2.50", "2007-12-31": "2.17", "2007-09-30": "2.37", "2007-06-30": "3.55", "2007-03-31": "3.26", "2006-12-31": "2.48", "2006-09-30": "2.17", "2006-06-30": "2.46", "2006-03-31": "2.06", "2005-12-31": "1.79", "2005-09-30": "0.00", "2005-06-30": "0.00", "2005-03-31": "0.00"}, "return on equity": {"2020-09-30": "-159.07%", "2020-06-30": "-59.89%", "2020-03-31": "-4.48%", "2019-12-31": "4.97%", "2019-09-30": "9.87%", "2019-06-30": "7.87%", "2019-03-31": "4.19%", "2018-12-31": "4.23%", "2018-09-30": "1.11%", "2018-06-30": "-1.45%", "2018-03-31": "-0.68%", "2017-12-31": "-0.41%", "2017-09-30": "0.07%", "2017-06-30": "-0.78%", "2017-03-31": "-3.41%", "2016-12-31": "-3.30%", "2016-09-30": "-0.97%", "2016-06-30": "-2.61%", "2016-03-31": "-3.35%", "2015-12-31": "-4.53%", "2015-09-30": "-10.91%", "2015-06-30": "-8.93%", "2015-03-31": "-8.15%", "2014-12-31": "-6.03%", "2014-09-30": "0.80%", "2014-06-30": "-2.98%", "2014-03-31": "-0.82%", "2013-12-31": "-2.83%", "2013-09-30": "-7.88%", "2013-06-30": "-6.96%", "2013-03-31": "-10.20%", "2012-12-31": "-10.35%", "2012-09-30": "-6.43%", "2012-06-30": "-6.74%", "2012-03-31": "-6.30%", "2011-12-31": "-5.01%", "2011-09-30": "-6.57%", "2011-06-30": "-6.73%", "2011-03-31": "-9.90%", "2010-12-31": "-14.81%", "2010-09-30": "-7.73%", "2010-06-30": "-7.68%", "2010-03-31": "-8.80%", "2009-12-31": "-8.89%", "2009-09-30": "-58.05%", "2009-06-30": "-44.08%", "2009-03-31": "-37.89%", "2008-12-31": "-27.96%", "2008-09-30": "8.77%", "2008-06-30": "-2.12%", "2008-03-31": "-0.89%", "2007-12-31": "-2.07%", "2007-09-30": "-3.89%", "2007-06-30": "-12.20%", "2007-03-31": "-11.91%", "2006-12-31": "-4.75%", "2006-09-30": "-20.40%", "2006-06-30": "-20.25%", "2006-03-31": "-34.10%", "2005-12-31": "-82.26%"}, "return on assets": {"2020-09-30": "-12.72%", "2020-06-30": "-6.61%", "2020-03-31": "-0.58%", "2019-12-31": "0.67%", "2019-09-30": "1.38%", "2019-06-30": "1.15%", "2019-03-31": "0.64%", "2018-12-31": "0.68%", "2018-09-30": "0.19%", "2018-06-30": "-0.25%", "2018-03-31": "-0.12%", "2017-12-31": "-0.08%", "2017-09-30": "0.01%", "2017-06-30": "-0.15%", "2017-03-31": "-0.68%", "2016-12-31": "-0.69%", "2016-09-30": "-0.21%", "2016-06-30": "-0.58%", "2016-03-31": "-0.75%", "2015-12-31": "-1.04%", "2015-09-30": "-2.53%", "2015-06-30": "-2.14%", "2015-03-31": "-2.00%", "2014-12-31": "-1.53%", "2014-09-30": "0.21%", "2014-06-30": "-0.78%", "2014-03-31": "-0.22%", "2013-12-31": "-0.76%", "2013-09-30": "-2.12%", "2013-06-30": "-1.90%", "2013-03-31": "-2.83%", "2012-12-31": "-2.96%", "2012-09-30": "-1.89%", "2012-06-30": "-2.02%", "2012-03-31": "-1.94%", "2011-12-31": "-1.55%", "2011-09-30": "-1.99%", "2011-06-30": "-1.99%", "2011-03-31": "-2.86%", "2010-12-31": "-4.29%", "2010-09-30": "-2.26%", "2010-06-30": "-2.19%", "2010-03-31": "-2.40%", "2009-12-31": "-2.23%", "2009-09-30": "-14.45%", "2009-06-30": "-11.70%", "2009-03-31": "-10.58%", "2008-12-31": "-8.18%", "2008-09-30": "2.60%", "2008-06-30": "-0.61%", "2008-03-31": "-0.25%", "2007-12-31": "-0.55%", "2007-09-30": "-1.01%", "2007-06-30": "-3.17%", "2007-03-31": "-3.33%", "2006-12-31": "-1.44%", "2006-09-30": "-6.53%", "2006-06-30": "-6.51%", "2006-03-31": "-11.67%", "2005-12-31": "-29.49%"}, "return on investments": {"2020-09-30": "-26.66%", "2020-06-30": "-12.07%", "2020-03-31": "3.92%", "2019-12-31": "7.64%", "2019-09-30": "7.77%", "2019-06-30": "7.11%", "2019-03-31": "6.20%", "2018-12-31": "6.57%", "2018-09-30": "4.04%", "2018-06-30": "3.30%", "2018-03-31": "2.82%", "2017-12-31": "2.50%", "2017-09-30": "6.93%", "2017-06-30": "6.82%", "2017-03-31": "5.87%", "2016-12-31": "5.61%", "2016-09-30": "5.58%", "2016-06-30": "4.50%", "2016-03-31": "3.56%", "2015-12-31": "3.84%", "2015-09-30": "-0.43%", "2015-06-30": "-0.52%", "2015-03-31": "-0.11%", "2014-12-31": "0.23%", "2014-09-30": "4.24%", "2014-06-30": "3.64%", "2014-03-31": "5.10%", "2013-12-31": "4.44%", "2013-09-30": "2.05%", "2013-06-30": "1.37%", "2013-03-31": "-0.34%", "2012-12-31": "-0.65%", "2012-09-30": "1.16%", "2012-06-30": "1.16%", "2012-03-31": "1.42%", "2011-12-31": "0.54%", "2011-09-30": "-0.03%", "2011-06-30": "-0.09%", "2011-03-31": "-0.90%", "2010-12-31": "-1.99%", "2010-09-30": "-1.50%", "2010-06-30": "-1.57%", "2010-03-31": "-3.80%", "2009-12-31": "-3.62%", "2009-09-30": "-21.81%", "2009-06-30": "-23.33%", "2009-03-31": "-20.24%", "2008-12-31": "-18.55%", "2008-09-30": "-1.53%", "2008-06-30": "-1.95%", "2008-03-31": "-1.81%", "2007-12-31": "0.43%", "2007-09-30": "1.15%", "2007-06-30": "-2.22%", "2007-03-31": "-4.09%", "2006-12-31": "-0.09%", "2006-09-30": "80.69%", "2006-06-30": "112.86%", "2006-03-31": "172.93%", "2005-12-31": "327.61%"}, "return on tangible equity": {"2020-09-30": "60.58%", "2020-06-30": "37.20%", "2020-03-31": "3.65%", "2019-12-31": "-4.32%", "2019-09-30": "-8.75%", "2019-06-30": "-7.15%", "2019-03-31": "-3.88%", "2018-12-31": "-4.08%", "2018-09-30": "-1.10%", "2018-06-30": "1.46%", "2018-03-31": "0.70%", "2017-12-31": "0.42%", "2017-09-30": "-0.07%", "2017-06-30": "0.75%", "2017-03-31": "3.27%", "2016-12-31": "3.32%", "2016-09-30": "1.04%", "2016-06-30": "2.85%", "2016-03-31": "3.75%", "2015-12-31": "5.36%", "2015-09-30": "13.71%", "2015-06-30": "12.65%", "2015-03-31": "13.26%", "2014-12-31": "10.39%", "2014-09-30": "-1.45%", "2014-06-30": "5.41%", "2014-03-31": "1.48%", "2013-12-31": "5.00%", "2013-09-30": "13.67%", "2013-06-30": "11.69%", "2013-03-31": "16.56%", "2012-12-31": "17.33%", "2012-09-30": "11.12%", "2012-06-30": "12.06%", "2012-03-31": "11.84%", "2011-12-31": "9.23%", "2011-09-30": "11.25%", "2011-06-30": "10.93%", "2011-03-31": "15.09%", "2010-12-31": "22.56%", "2010-09-30": "14.37%", "2010-06-30": "18.02%", "2010-03-31": "33.76%", "2009-12-31": "841.38%", "2009-09-30": "2916.36%", "2009-06-30": "2075.00%", "2009-03-31": "789.68%", "2008-12-31": "727.27%", "2008-09-30": "-218.18%", "2008-06-30": "76.60%", "2008-03-31": "-18.92%", "2007-12-31": "-23.90%", "2007-09-30": "-27.37%", "2007-06-30": "-39.84%", "2007-03-31": "-26.28%", "2006-12-31": "-7.94%", "2006-09-30": "-27.90%", "2006-06-30": "-27.26%", "2006-03-31": "-44.96%", "2005-12-31": "-107.60%"}, "dividend yield history": {"last payout": "$0.00", "last yield": "0.00%"}}