{"ticker": "LLY", "price": {"title": "Eli Lilly Historical Annual Stock Price Data", "value": 202.58, "historical": {"2021": {"Average Stock Price": "193.9479", "Year Open": "165.5000", "Year High": "212.7200", "Year Low": "164.3200", "Year Close": "202.5800", "Annual % Change": "19.98%"}, "2020": {"Average Stock Price": "148.8145", "Year Open": "132.2100", "Year High": "172.6300", "Year Low": "119.0500", "Year Close": "168.8400", "Annual % Change": "28.46%"}, "2019": {"Average Stock Price": "116.5892", "Year Open": "114.8800", "Year High": "132.4300", "Year Low": "106.7900", "Year Close": "131.4300", "Annual % Change": "13.58%"}, "2018": {"Average Stock Price": "93.6390", "Year Open": "84.6800", "Year High": "118.6400", "Year Low": "74.2100", "Year Close": "115.7200", "Annual % Change": "37.01%"}, "2017": {"Average Stock Price": "82.2041", "Year Open": "74.6000", "Year High": "87.8900", "Year Low": "74.5800", "Year Close": "84.4600", "Annual % Change": "14.83%"}, "2016": {"Average Stock Price": "76.3822", "Year Open": "82.8700", "Year High": "84.1100", "Year Low": "65.9700", "Year Close": "73.5500", "Annual % Change": "-12.71%"}, "2015": {"Average Stock Price": "78.7990", "Year Open": "70.0600", "Year High": "89.9800", "Year Low": "68.4100", "Year Close": "84.2600", "Annual % Change": "22.13%"}, "2014": {"Average Stock Price": "61.6473", "Year Open": "50.7300", "Year High": "72.8300", "Year Low": "50.7300", "Year Close": "68.9900", "Annual % Change": "35.27%"}, "2013": {"Average Stock Price": "52.6862", "Year Open": "49.5100", "Year High": "58.3300", "Year Low": "47.6500", "Year Close": "51.0000", "Annual % Change": "3.41%"}, "2012": {"Average Stock Price": "43.5621", "Year Open": "41.8000", "Year High": "53.8100", "Year Low": "38.4900", "Year Close": "49.3200", "Annual % Change": "18.67%"}, "2011": {"Average Stock Price": "36.8431", "Year Open": "35.0000", "Year High": "41.7500", "Year Low": "33.6300", "Year Close": "41.5600", "Annual % Change": "18.61%"}, "2010": {"Average Stock Price": "35.1512", "Year Open": "35.8200", "Year High": "38.0600", "Year Low": "32.2500", "Year Close": "35.0400", "Annual % Change": "-1.88%"}, "2009": {"Average Stock Price": "34.3321", "Year Open": "40.5700", "Year High": "40.5700", "Year Low": "27.4700", "Year Close": "35.7100", "Annual % Change": "-11.32%"}, "2008": {"Average Stock Price": "45.5674", "Year Open": "52.5500", "Year High": "57.1800", "Year Low": "29.9100", "Year Close": "40.2700", "Annual % Change": "-24.57%"}, "2007": {"Average Stock Price": "55.4875", "Year Open": "52.2500", "Year High": "60.5600", "Year Low": "49.0900", "Year Close": "53.3900", "Annual % Change": "2.48%"}, "2006": {"Average Stock Price": "55.0888", "Year Open": "57.3600", "Year High": "58.8600", "Year Low": "50.4100", "Year Close": "52.1000", "Annual % Change": "-7.93%"}, "2005": {"Average Stock Price": "55.0222", "Year Open": "56.2500", "Year High": "60.4400", "Year Low": "49.7600", "Year Close": "56.5900", "Annual % Change": "-0.28%"}, "2004": {"Average Stock Price": "65.8781", "Year Open": "71.2400", "Year High": "76.2600", "Year Low": "50.4400", "Year Close": "56.7500", "Annual % Change": "-19.31%"}, "2003": {"Average Stock Price": "63.5109", "Year Open": "66.2400", "Year High": "73.8900", "Year Low": "53.7000", "Year Close": "70.3300", "Annual % Change": "10.76%"}, "2002": {"Average Stock Price": "64.8852", "Year Open": "78.5000", "Year High": "80.6900", "Year Low": "48.1500", "Year Close": "63.5000", "Annual % Change": "-19.15%"}, "2001": {"Average Stock Price": "79.7423", "Year Open": "91.5000", "Year High": "91.5000", "Year Low": "72.5900", "Year Close": "78.5400", "Annual % Change": "-15.60%"}, "2000": {"Average Stock Price": "78.6936", "Year Open": "65.5600", "Year High": "108.5000", "Year Low": "54.5000", "Year Close": "93.0600", "Annual % Change": "39.94%"}, "1999": {"Average Stock Price": "75.6695", "Year Open": "86.0000", "Year High": "97.4400", "Year Low": "61.5000", "Year Close": "66.5000", "Annual % Change": "-25.18%"}, "1998": {"Average Stock Price": "71.3715", "Year Open": "68.9400", "Year High": "90.8800", "Year Low": "58.2500", "Year Close": "88.8800", "Annual % Change": "27.65%"}, "1997": {"Average Stock Price": "52.6450", "Year Open": "36.2500", "Year High": "69.9400", "Year Low": "36.2500", "Year Close": "69.6300", "Annual % Change": "90.77%"}, "1996": {"Average Stock Price": "31.5319", "Year Open": "27.6900", "Year High": "39.6250", "Year Low": "24.7500", "Year Close": "36.5000", "Annual % Change": "29.78%"}, "1995": {"Average Stock Price": "20.0601", "Year Open": "16.3125", "Year High": "28.2500", "Year Low": "15.7200", "Year Close": "28.1250", "Annual % Change": "71.44%"}, "1994": {"Average Stock Price": "14.1005", "Year Open": "14.8450", "Year High": "16.4050", "Year Low": "11.8750", "Year Close": "16.4050", "Annual % Change": "10.51%"}, "1993": {"Average Stock Price": "12.9077", "Year Open": "15.3450", "Year High": "15.3450", "Year Low": "10.9050", "Year Close": "14.8450", "Annual % Change": "-2.26%"}, "1992": {"Average Stock Price": "17.1063", "Year Open": "21.2200", "Year High": "21.7800", "Year Low": "14.7200", "Year Close": "15.1875", "Annual % Change": "-27.25%"}, "1991": {"Average Stock Price": "19.3920", "Year Open": "18.1875", "Year High": "21.2200", "Year Low": "17.2500", "Year Close": "20.8750", "Annual % Change": "13.99%"}, "1990": {"Average Stock Price": "17.9158", "Year Open": "17.1875", "Year High": "22.4375", "Year Low": "14.7800", "Year Close": "18.3125", "Annual % Change": "6.93%"}, "1989": {"Average Stock Price": "14.2108", "Year Open": "10.7025", "Year High": "17.1250", "Year Low": "10.7025", "Year Close": "17.1250", "Annual % Change": "60.23%"}, "1988": {"Average Stock Price": "10.3627", "Year Open": "9.9688", "Year High": "11.4525", "Year Low": "8.8750", "Year Close": "10.6875", "Annual % Change": "9.62%"}, "1987": {"Average Stock Price": "10.9973", "Year Open": "9.2813", "Year High": "13.0775", "Year Low": "7.7500", "Year Close": "9.7500", "Annual % Change": "5.05%"}, "1986": {"Average Stock Price": "8.7253", "Year Open": "6.8594", "Year High": "10.3125", "Year Low": "6.3594", "Year Close": "9.2813", "Annual % Change": "33.18%"}, "1985": {"Average Stock Price": "5.3010", "Year Open": "4.0550", "Year High": "6.9688", "Year Low": "4.0469", "Year Close": "6.9688", "Annual % Change": "68.94%"}, "1984": {"Average Stock Price": "3.8056", "Year Open": "3.7188", "Year High": "4.1800", "Year Low": "3.3750", "Year Close": "4.1250", "Annual % Change": "14.03%"}, "1983": {"Average Stock Price": "3.9157", "Year Open": "3.5863", "Year High": "4.2738", "Year Low": "3.5469", "Year Close": "3.6175", "Annual % Change": "0.66%"}, "1982": {"Average Stock Price": "3.5566", "Year Open": "3.4844", "Year High": "4.0625", "Year Low": "2.9063", "Year Close": "3.5938", "Annual % Change": "2.68%"}, "1981": {"Average Stock Price": "3.6454", "Year Open": "3.9375", "Year High": "4.2656", "Year Low": "2.9138", "Year Close": "3.5000", "Annual % Change": "-11.98%"}, "1980": {"Average Stock Price": "3.3308", "Year Open": "3.6250", "Year High": "3.9763", "Year Low": "2.8825", "Year Close": "3.9763", "Annual % Change": "6.71%"}, "1979": {"Average Stock Price": "3.4567", "Year Open": "3.0000", "Year High": "3.9688", "Year Low": "2.9763", "Year Close": "3.7263", "Annual % Change": "24.86%"}, "1978": {"Average Stock Price": "2.8123", "Year Open": "2.3594", "Year High": "3.3594", "Year Low": "2.2969", "Year Close": "2.9844", "Annual % Change": "26.06%"}, "1977": {"Average Stock Price": "2.4252", "Year Open": "2.9450", "Year High": "2.9450", "Year Low": "2.0550", "Year Close": "2.3675", "Annual % Change": "-20.45%"}, "1976": {"Average Stock Price": "3.2237", "Year Open": "3.1950", "Year High": "3.7500", "Year Low": "2.7263", "Year Close": "2.9763", "Annual % Change": "-7.75%"}, "1975": {"Average Stock Price": "4.1097", "Year Open": "4.1950", "Year High": "4.9450", "Year Low": "3.1800", "Year Close": "3.2263", "Annual % Change": "-24.09%"}, "1974": {"Average Stock Price": "4.3344", "Year Open": "4.5863", "Year High": "5.1325", "Year Low": "3.5156", "Year Close": "4.2500", "Annual % Change": "-8.11%"}, "1973": {"Average Stock Price": "5.1006", "Year Open": "4.9450", "Year High": "5.7263", "Year Low": "4.3825", "Year Close": "4.6250", "Annual % Change": "-7.06%"}}}, "market cap": {"value": "$192.95B"}, "income statement": {"Revenue": {"2020-12-31": "24539.80000", "2019-12-31": "22319.50000", "2018-12-31": "21493.30000", "2017-12-31": "19973.80000", "2016-12-31": "21222.10000", "2015-12-31": "19958.70000", "2014-12-31": "19615.60000", "2013-12-31": "23113.10000", "2012-12-31": "22603.40000", "2011-12-31": "24286.50000", "2010-12-31": "23076.00000", "2009-12-31": "21836.00000", "2008-12-31": "20371.90000", "2007-12-31": "18633.50000", "2006-12-31": "15691.00000", "2005-12-31": "14645.30000"}, "Cost Of Goods Sold": {"2020-12-31": "5483.30000", "2019-12-31": "4721.20000", "2018-12-31": "4681.70000", "2017-12-31": "4447.70000", "2016-12-31": "5710.10000", "2015-12-31": "5037.20000", "2014-12-31": "4932.50000", "2013-12-31": "4908.10000", "2012-12-31": "4796.50000", "2011-12-31": "5067.90000", "2010-12-31": "4366.20000", "2009-12-31": "4247.00000", "2008-12-31": "4376.70000", "2007-12-31": "4248.80000", "2006-12-31": "3546.50000", "2005-12-31": "3474.20000"}, "Gross Profit": {"2020-12-31": "19056.50000", "2019-12-31": "17598.30000", "2018-12-31": "16811.60000", "2017-12-31": "15526.10000", "2016-12-31": "15512.00000", "2015-12-31": "14921.50000", "2014-12-31": "14683.10000", "2013-12-31": "18205.00000", "2012-12-31": "17806.90000", "2011-12-31": "19218.60000", "2010-12-31": "18709.80000", "2009-12-31": "17589.00000", "2008-12-31": "15995.20000", "2007-12-31": "14384.70000", "2006-12-31": "12144.50000", "2005-12-31": "11171.10000"}, "Research And Development Expenses": {"2020-12-31": "6085.70000", "2019-12-31": "5595.00000", "2018-12-31": "5051.20000", "2017-12-31": "5096.20000", "2016-12-31": "5310.30000", "2015-12-31": "4796.40000", "2014-12-31": "4733.60000", "2013-12-31": "5531.30000", "2012-12-31": "5278.10000", "2011-12-31": "5020.80000", "2010-12-31": "4884.20000", "2009-12-31": "4326.50000", "2008-12-31": "3840.90000", "2007-12-31": "3486.70000", "2006-12-31": "3129.30000", "2005-12-31": "3025.50000"}, "SG&A Expenses": {"2020-12-31": "6121.20000", "2019-12-31": "6213.80000", "2018-12-31": "5975.10000", "2017-12-31": "5982.40000", "2016-12-31": "6528.00000", "2015-12-31": "6533.00000", "2014-12-31": "6620.80000", "2013-12-31": "7125.60000", "2012-12-31": "7513.50000", "2011-12-31": "7879.90000", "2010-12-31": "7053.40000", "2009-12-31": "6892.50000", "2008-12-31": "6626.40000", "2007-12-31": "6095.10000", "2006-12-31": "4889.80000", "2005-12-31": "4497.00000"}, "Other Operating Income Or Expenses": {"2020-12-31": "-131.20000", "2019-12-31": "-575.60000", "2018-12-31": "-266.90000", "2017-12-31": "-1331.60000", "2016-12-31": "-382.50000", "2015-12-31": "-367.70000", "2014-12-31": "-468.70000", "2013-12-31": "-120.60000", "2012-12-31": "-281.10000", "2011-12-31": "-401.40000", "2010-12-31": "-192.00000", "2009-12-31": "-692.70000", "2008-12-31": "", "2007-12-31": "", "2006-12-31": "", "2005-12-31": ""}, "Operating Expenses": {"2020-12-31": "18481.80000", "2019-12-31": "17345.20000", "2018-12-31": "17958.80000", "2017-12-31": "17970.50000", "2016-12-31": "17960.90000", "2015-12-31": "17269.30000", "2014-12-31": "16955.80000", "2013-12-31": "17742.70000", "2012-12-31": "17869.20000", "2011-12-31": "18758.00000", "2010-12-31": "16545.80000", "2009-12-31": "16248.70000", "2008-12-31": "19679.40000", "2007-12-31": "14576.20000", "2006-12-31": "11565.60000", "2005-12-31": "10996.70000"}, "Operating Income": {"2020-12-31": "6058.00000", "2019-12-31": "4974.30100", "2018-12-31": "3534.50000", "2017-12-31": "2003.30100", "2016-12-31": "3261.19900", "2015-12-31": "2689.40000", "2014-12-31": "2659.80100", "2013-12-31": "5370.40000", "2012-12-31": "4734.20100", "2011-12-31": "5528.50000", "2010-12-31": "6530.19900", "2009-12-31": "5587.30000", "2008-12-31": "692.50000", "2007-12-31": "4057.30100", "2006-12-31": "4125.40000", "2005-12-31": "3648.60000"}, "Total Non-Operating Income/Expense": {"2020-12-31": "1171.90000", "2019-12-31": "291.60000", "2018-12-31": "145.60000", "2017-12-31": "301.50000", "2016-12-31": "112.80000", "2015-12-31": "100.60000", "2014-12-31": "340.50000", "2013-12-31": "518.90000", "2012-12-31": "674.00000", "2011-12-31": "-179.00000", "2010-12-31": "-5.00000", "2009-12-31": "-229.50000", "2008-12-31": "-2000.10000", "2007-12-31": "-180.50000", "2006-12-31": "-707.40000", "2005-12-31": "-931.10000"}, "Pre-Tax Income": {"2020-12-31": "7229.90000", "2019-12-31": "5265.90000", "2018-12-31": "3680.10000", "2017-12-31": "2304.80000", "2016-12-31": "3374.00000", "2015-12-31": "2790.00000", "2014-12-31": "3000.30000", "2013-12-31": "5889.30000", "2012-12-31": "5408.20000", "2011-12-31": "5349.50000", "2010-12-31": "6525.20000", "2009-12-31": "5357.80000", "2008-12-31": "-1307.60000", "2007-12-31": "3876.80000", "2006-12-31": "3418.00000", "2005-12-31": "2717.50000"}, "Income Taxes": {"2020-12-31": "1036.20000", "2019-12-31": "628.00000", "2018-12-31": "529.50000", "2017-12-31": "2391.20000", "2016-12-31": "636.40000", "2015-12-31": "381.60000", "2014-12-31": "609.80000", "2013-12-31": "1204.50000", "2012-12-31": "1319.60000", "2011-12-31": "1001.80000", "2010-12-31": "1455.70000", "2009-12-31": "1029.00000", "2008-12-31": "764.30000", "2007-12-31": "923.80000", "2006-12-31": "755.30000", "2005-12-31": "715.90000"}, "Income After Taxes": {"2020-12-31": "6193.70000", "2019-12-31": "4637.90000", "2018-12-31": "3150.60000", "2017-12-31": "-86.39990", "2016-12-31": "2737.60000", "2015-12-31": "2408.40000", "2014-12-31": "2390.50000", "2013-12-31": "4684.80000", "2012-12-31": "4088.60000", "2011-12-31": "4347.70000", "2010-12-31": "5069.50000", "2009-12-31": "4328.80000", "2008-12-31": "-2071.90000", "2007-12-31": "2953.00000", "2006-12-31": "2662.70000", "2005-12-31": "2001.60000"}, "Other Income": {"2020-12-31": "", "2019-12-31": "", "2018-12-31": "", "2017-12-31": "", "2016-12-31": "", "2015-12-31": "", "2014-12-31": "", "2013-12-31": "", "2012-12-31": "", "2011-12-31": "", "2010-12-31": "", "2009-12-31": "", "2008-12-31": "", "2007-12-31": "", "2006-12-31": "", "2005-12-31": ""}, "Income From Continuous Operations": {"2020-12-31": "6193.70000", "2019-12-31": "4637.90000", "2018-12-31": "3150.60000", "2017-12-31": "-86.40000", "2016-12-31": "2737.60000", "2015-12-31": "2408.40000", "2014-12-31": "2390.50000", "2013-12-31": "4684.80000", "2012-12-31": "4088.60000", "2011-12-31": "4347.70000", "2010-12-31": "5069.50000", "2009-12-31": "4328.80000", "2008-12-31": "-2071.90000", "2007-12-31": "2953.00000", "2006-12-31": "2662.70000", "2005-12-31": "2001.60000"}, "Income From Discontinued Operations": {"2020-12-31": "", "2019-12-31": "3680.50000", "2018-12-31": "81.40000", "2017-12-31": "-117.70000", "2016-12-31": "", "2015-12-31": "", "2014-12-31": "", "2013-12-31": "", "2012-12-31": "", "2011-12-31": "", "2010-12-31": "", "2009-12-31": "", "2008-12-31": "", "2007-12-31": "", "2006-12-31": "", "2005-12-31": ""}, "Net Income": {"2020-12-31": "6193.70000", "2019-12-31": "8318.40000", "2018-12-31": "3232.00000", "2017-12-31": "-204.10000", "2016-12-31": "2737.60000", "2015-12-31": "2408.40000", "2014-12-31": "2390.50000", "2013-12-31": "4684.80000", "2012-12-31": "4088.60000", "2011-12-31": "4347.70000", "2010-12-31": "5069.50000", "2009-12-31": "4328.80000", "2008-12-31": "-2071.90000", "2007-12-31": "2953.00000", "2006-12-31": "2662.70000", "2005-12-31": "1979.60000"}, "EBITDA": {"2020-12-31": "6058.00000", "2019-12-31": "6206.90100", "2018-12-31": "5143.50000", "2017-12-31": "3570.60100", "2016-12-31": "4757.79900", "2015-12-31": "4117.10100", "2014-12-31": "4038.80100", "2013-12-31": "6816.00000", "2012-12-31": "6196.40100", "2011-12-31": "6902.10000", "2010-12-31": "7858.39900", "2009-12-31": "6885.10000", "2008-12-31": "1815.10000", "2007-12-31": "5105.20100", "2006-12-31": "4927.20000", "2005-12-31": "4375.00000"}, "EBIT": {"2020-12-31": "6058.00000", "2019-12-31": "4974.30100", "2018-12-31": "3534.50000", "2017-12-31": "2003.30100", "2016-12-31": "3261.19900", "2015-12-31": "2689.40000", "2014-12-31": "2659.80100", "2013-12-31": "5370.40000", "2012-12-31": "4734.20100", "2011-12-31": "5528.50000", "2010-12-31": "6530.19900", "2009-12-31": "5587.30000", "2008-12-31": "692.50000", "2007-12-31": "4057.30100", "2006-12-31": "4125.40000", "2005-12-31": "3648.60000"}, "Basic Shares Outstanding": {"2020-12-31": "", "2019-12-31": "931.05900", "2018-12-31": "1027.72100", "2017-12-31": "1052.02300", "2016-12-31": "1058.32400", "2015-12-31": "1061.91300", "2014-12-31": "1069.93200", "2013-12-31": "1080.87400", "2012-12-31": "1113.17800", "2011-12-31": "1113.92300", "2010-12-31": "1105.78800", "2009-12-31": "1098.33800", "2008-12-31": "1094.49900", "2007-12-31": "1090.43000", "2006-12-31": "1086.23900", "2005-12-31": "1088.75400"}, "Shares Outstanding": {"2020-12-31": "912.50500", "2019-12-31": "935.68400", "2018-12-31": "1033.66700", "2017-12-31": "1052.02300", "2016-12-31": "1061.82500", "2015-12-31": "1065.72000", "2014-12-31": "1074.28600", "2013-12-31": "1084.76600", "2012-12-31": "1117.29400", "2011-12-31": "1113.96700", "2010-12-31": "1105.81300", "2009-12-31": "1098.36700", "2008-12-31": "1094.49900", "2007-12-31": "1090.75000", "2006-12-31": "1087.49000", "2005-12-31": "1092.15000"}, "Basic EPS": {"2020-12-31": "", "2019-12-31": "8.93000", "2018-12-31": "3.14000", "2017-12-31": "-0.19000", "2016-12-31": "2.59000", "2015-12-31": "2.27000", "2014-12-31": "2.23000", "2013-12-31": "4.33000", "2012-12-31": "3.67000", "2011-12-31": "3.90000", "2010-12-31": "4.58000", "2009-12-31": "3.94000", "2008-12-31": "-1.89000", "2007-12-31": "2.71000", "2006-12-31": "2.45000", "2005-12-31": "1.82000"}, "EPS - Earnings Per Share": {"2020-12-31": "6.79000", "2019-12-31": "8.89000", "2018-12-31": "3.13000", "2017-12-31": "-0.19000", "2016-12-31": "2.58000", "2015-12-31": "2.26000", "2014-12-31": "2.23000", "2013-12-31": "4.32000", "2012-12-31": "3.66000", "2011-12-31": "3.90000", "2010-12-31": "4.58000", "2009-12-31": "3.94000", "2008-12-31": "-1.89000", "2007-12-31": "2.71000", "2006-12-31": "2.45000", "2005-12-31": "1.81000"}}, "income statement, quarterly": {"Revenue": {"2020-12-31": "7440.00000", "2020-09-30": "5740.60000", "2020-06-30": "5499.40000", "2020-03-31": "5859.80000", "2019-12-31": "6114.00000", "2019-09-30": "5476.60000", "2019-06-30": "5636.70000", "2019-03-31": "5092.20000", "2018-12-31": "5637.60100", "2018-09-30": "5306.90000", "2018-06-30": "5585.00000", "2018-03-31": "4963.80000", "2017-12-31": "3263.20100", "2017-09-30": "5658.00000", "2017-06-30": "5824.30000", "2017-03-31": "5228.30000", "2016-12-31": "5760.50000", "2016-09-30": "5191.70000", "2016-06-30": "5404.80000", "2016-03-31": "4865.10000", "2015-12-31": "5375.59900", "2015-09-30": "4959.70000", "2015-06-30": "4978.70000", "2015-03-31": "4644.70000", "2014-12-31": "5121.30000", "2014-09-30": "4875.60000", "2014-06-30": "4935.60000", "2014-03-31": "4683.10000", "2013-12-31": "5808.80000", "2013-09-30": "5772.60000", "2013-06-30": "5929.70000", "2013-03-31": "5602.00000", "2012-12-31": "5957.40100", "2012-09-30": "5443.30000", "2012-06-30": "5600.70000", "2012-03-31": "5602.00000", "2011-12-31": "6046.60000", "2011-09-30": "6147.90000", "2011-06-30": "6252.80000", "2011-03-31": "5839.20000", "2010-12-31": "6186.99900", "2010-09-30": "5654.80000", "2010-06-30": "5748.70000", "2010-03-31": "5485.50000", "2009-12-31": "5934.20000", "2009-09-30": "5562.00000", "2009-06-30": "5292.80000", "2009-03-31": "5047.00000", "2008-12-31": "5204.40000", "2008-09-30": "5209.50000", "2008-06-30": "5150.40000", "2008-03-31": "4807.60000", "2007-12-31": "5189.60000", "2007-09-30": "4586.80000", "2007-06-30": "4631.00000", "2007-03-31": "4226.10000", "2006-12-31": "4245.30100", "2006-09-30": "3864.10000", "2006-06-30": "3866.90000", "2006-03-31": "3714.70000", "2005-12-31": "3879.09900", "2005-09-30": "3601.10000", "2005-06-30": "3667.70000", "2005-03-31": "3497.40000"}, "Cost Of Goods Sold": {"2020-12-31": "1719.80000", "2020-09-30": "1326.40000", "2020-06-30": "1222.00000", "2020-03-31": "1215.10000", "2019-12-31": "1282.60000", "2019-09-30": "1175.00000", "2019-06-30": "1124.90000", "2019-03-31": "1138.70000", "2018-12-31": "1129.90000", "2018-09-30": "1152.90000", "2018-06-30": "1234.30000", "2018-03-31": "1164.60000", "2017-12-31": "-58.19980", "2017-09-30": "1586.30000", "2017-06-30": "1571.70000", "2017-03-31": "1347.90000", "2016-12-31": "1521.20000", "2016-09-30": "1400.90000", "2016-06-30": "1465.00000", "2016-03-31": "1323.00000", "2015-12-31": "1389.20000", "2015-09-30": "1236.90000", "2015-06-30": "1218.40000", "2015-03-31": "1192.70000", "2014-12-31": "1253.10000", "2014-09-30": "1267.00000", "2014-06-30": "1189.70000", "2014-03-31": "1222.70000", "2013-12-31": "1386.50000", "2013-09-30": "1198.10000", "2013-06-30": "1165.20000", "2013-03-31": "1158.30000", "2012-12-31": "1248.30000", "2012-09-30": "1203.60000", "2012-06-30": "1146.70000", "2012-03-31": "1197.90000", "2011-12-31": "1321.70000", "2011-09-30": "1338.10000", "2011-06-30": "1228.00000", "2011-03-31": "1180.10000", "2010-12-31": "1232.20000", "2010-09-30": "987.60000", "2010-06-30": "1023.90000", "2010-03-31": "1122.50000", "2009-12-31": "1431.30000", "2009-09-30": "1051.90000", "2009-06-30": "947.40000", "2009-03-31": "816.40000", "2008-12-31": "909.30020", "2008-09-30": "1155.20000", "2008-06-30": "1200.90000", "2008-03-31": "1111.30000", "2007-12-31": "1272.80000", "2007-09-30": "1054.60000", "2007-06-30": "998.90000", "2007-03-31": "922.50000", "2006-12-31": "1019.00000", "2006-09-30": "860.40000", "2006-06-30": "860.60000", "2006-03-31": "806.50000", "2005-12-31": "898.20000", "2005-09-30": "845.70000", "2005-06-30": "871.30000", "2005-03-31": "859.00000"}, "Gross Profit": {"2020-12-31": "5720.20000", "2020-09-30": "4414.20000", "2020-06-30": "4277.40000", "2020-03-31": "4644.70000", "2019-12-31": "4831.39900", "2019-09-30": "4301.60000", "2019-06-30": "4511.80000", "2019-03-31": "3953.50000", "2018-12-31": "4507.70000", "2018-09-30": "4154.00000", "2018-06-30": "4350.70000", "2018-03-31": "3799.20000", "2017-12-31": "3321.40100", "2017-09-30": "4071.70000", "2017-06-30": "4252.60000", "2017-03-31": "3880.40000", "2016-12-31": "4239.29900", "2016-09-30": "3790.80000", "2016-06-30": "3939.80000", "2016-03-31": "3542.10000", "2015-12-31": "3986.39800", "2015-09-30": "3722.80000", "2015-06-30": "3760.30000", "2015-03-31": "3452.00000", "2014-12-31": "3868.20000", "2014-09-30": "3608.60000", "2014-06-30": "3745.90000", "2014-03-31": "3460.40000", "2013-12-31": "4422.30000", "2013-09-30": "4574.50000", "2013-06-30": "4764.50000", "2013-03-31": "4443.70000", "2012-12-31": "4709.10200", "2012-09-30": "4239.70000", "2012-06-30": "4454.00000", "2012-03-31": "4404.10000", "2011-12-31": "4724.90000", "2011-09-30": "4809.80000", "2011-06-30": "5024.80000", "2011-03-31": "4659.10000", "2010-12-31": "4954.79900", "2010-09-30": "4667.20000", "2010-06-30": "4724.80000", "2010-03-31": "4363.00000", "2009-12-31": "4502.90000", "2009-09-30": "4510.10000", "2009-06-30": "4345.40000", "2009-03-31": "4230.60000", "2008-12-31": "4295.10000", "2008-09-30": "4054.30000", "2008-06-30": "3949.50000", "2008-03-31": "3696.30000", "2007-12-31": "3916.80000", "2007-09-30": "3532.20000", "2007-06-30": "3632.10000", "2007-03-31": "3303.60000", "2006-12-31": "3226.30100", "2006-09-30": "3003.70000", "2006-06-30": "3006.30000", "2006-03-31": "2908.20000", "2005-12-31": "2980.89900", "2005-09-30": "2755.40000", "2005-06-30": "2796.40000", "2005-03-31": "2638.40000"}, "Research And Development Expenses": {"2020-12-31": "1838.00000", "2020-09-30": "1465.40000", "2020-06-30": "1390.20000", "2020-03-31": "1392.10000", "2019-12-31": "1581.40000", "2019-09-30": "1380.90000", "2019-06-30": "1402.20000", "2019-03-31": "1230.50000", "2018-12-31": "1391.80000", "2018-09-30": "1280.90000", "2018-06-30": "1271.00000", "2018-03-31": "1107.50000", "2017-12-31": "1225.80000", "2017-09-30": "1340.00000", "2017-06-30": "1272.10000", "2017-03-31": "1258.30000", "2016-12-31": "1517.00000", "2016-09-30": "1236.40000", "2016-06-30": "1335.90000", "2016-03-31": "1221.00000", "2015-12-31": "1444.20000", "2015-09-30": "1143.40000", "2015-06-30": "1169.50000", "2015-03-31": "1039.30000", "2014-12-31": "1185.70000", "2014-09-30": "1243.20000", "2014-06-30": "1195.40000", "2014-03-31": "1109.30000", "2013-12-31": "1475.40000", "2013-09-30": "1377.40000", "2013-06-30": "1330.40000", "2013-03-31": "1348.10000", "2012-12-31": "1463.10000", "2012-09-30": "1342.80000", "2012-06-30": "1320.70000", "2012-03-31": "1151.50000", "2011-12-31": "1355.30000", "2011-09-30": "1280.90000", "2011-06-30": "1260.60000", "2011-03-31": "1124.00000", "2010-12-31": "1438.10000", "2010-09-30": "1219.80000", "2010-06-30": "1187.20000", "2010-03-31": "1039.10000", "2009-12-31": "1216.70000", "2009-09-30": "1122.10000", "2009-06-30": "1040.40000", "2009-03-31": "947.30000", "2008-12-31": "1059.30000", "2008-09-30": "953.00000", "2008-06-30": "951.50000", "2008-03-31": "877.10000", "2007-12-31": "953.59990", "2007-09-30": "844.50000", "2007-06-30": "854.40000", "2007-03-31": "834.20000", "2006-12-31": "858.00010", "2006-09-30": "755.70000", "2006-06-30": "774.80000", "2006-03-31": "740.80000", "2005-12-31": "809.90000", "2005-09-30": "751.00000", "2005-06-30": "762.40000", "2005-03-31": "702.20000"}, "SG&A Expenses": {"2020-12-31": "1553.90000", "2020-09-30": "1569.10000", "2020-06-30": "1448.60000", "2020-03-31": "1549.60000", "2019-12-31": "1698.10000", "2019-09-30": "1412.30000", "2019-06-30": "1586.30000", "2019-03-31": "1517.10000", "2018-12-31": "1693.60000", "2018-09-30": "1457.20000", "2018-06-30": "1485.60000", "2018-03-31": "1338.70000", "2017-12-31": "1105.80000", "2017-09-30": "1578.50000", "2017-06-30": "1730.40000", "2017-03-31": "1567.70000", "2016-12-31": "1866.10000", "2016-09-30": "1565.40000", "2016-06-30": "1622.60000", "2016-03-31": "1473.90000", "2015-12-31": "1798.40000", "2015-09-30": "1575.70000", "2015-06-30": "1635.40000", "2015-03-31": "1523.50000", "2014-12-31": "1799.90000", "2014-09-30": "1672.10000", "2014-06-30": "1663.90000", "2014-03-31": "1484.90000", "2013-12-31": "1953.60000", "2013-09-30": "1652.40000", "2013-06-30": "1867.60000", "2013-03-31": "1652.00000", "2012-12-31": "1977.50000", "2012-09-30": "1757.40000", "2012-06-30": "1931.10000", "2012-03-31": "1847.50000", "2011-12-31": "2133.40000", "2011-09-30": "1917.80000", "2011-06-30": "2043.00000", "2011-03-31": "1785.70000", "2010-12-31": "1988.70000", "2010-09-30": "1694.90000", "2010-06-30": "1755.40000", "2010-03-31": "1614.40000", "2009-12-31": "1953.30000", "2009-09-30": "1701.80000", "2009-06-30": "1708.20000", "2009-03-31": "1529.20000", "2008-12-31": "1726.60000", "2008-09-30": "1649.20000", "2008-06-30": "1700.10000", "2008-03-31": "1550.50000", "2007-12-31": "1755.80000", "2007-09-30": "1477.80000", "2007-06-30": "1524.70000", "2007-03-31": "1336.80000", "2006-12-31": "1310.80000", "2006-09-30": "1198.20000", "2006-06-30": "1237.90000", "2006-03-31": "1142.90000", "2005-12-31": "1189.60000", "2005-09-30": "1070.90000", "2005-06-30": "1146.10000", "2005-03-31": "1090.40000"}, "Other Operating Income Or Expenses": {"2020-12-31": "30.10000", "2020-09-30": "-101.40000", "2020-06-30": "", "2020-03-31": "-52.30000", "2019-12-31": "-438.70000", "2019-09-30": "", "2019-06-30": "", "2019-03-31": "-136.90000", "2018-12-31": "-192.70000", "2018-09-30": "-42.90000", "2018-06-30": "25.50000", "2018-03-31": "-56.80000", "2017-12-31": "-661.20000", "2017-09-30": "-406.50000", "2017-06-30": "-50.00000", "2017-03-31": "-213.90000", "2016-12-31": "-147.60000", "2016-09-30": "-45.50000", "2016-06-30": "-58.00000", "2016-03-31": "-131.40000", "2015-12-31": "-217.30000", "2015-09-30": "-42.40000", "2015-06-30": "", "2015-03-31": "-108.00000", "2014-12-31": "", "2014-09-30": "", "2014-06-30": "", "2014-03-31": "", "2013-12-31": "-57.10000", "2013-09-30": "", "2013-06-30": "-63.50000", "2013-03-31": "", "2012-12-31": "-257.30000", "2012-09-30": "", "2012-06-30": "", "2012-03-31": "-23.80000", "2011-12-31": "-243.90000", "2011-09-30": "-25.20000", "2011-06-30": "-132.30000", "2011-03-31": "", "2010-12-31": "", "2010-09-30": "", "2010-06-30": "", "2010-03-31": "", "2009-12-31": "", "2009-09-30": "", "2009-06-30": "", "2009-03-31": "", "2008-12-31": "", "2008-09-30": "", "2008-06-30": "", "2008-03-31": "", "2007-12-31": "", "2007-09-30": "", "2007-06-30": "", "2007-03-31": "", "2006-12-31": "", "2006-09-30": "", "2006-06-30": "", "2006-03-31": "", "2005-12-31": "", "2005-09-30": "", "2005-06-30": "", "2005-03-31": ""}, "Operating Expenses": {"2020-12-31": "5447.90000", "2020-09-30": "4462.30000", "2020-06-30": "4302.60000", "2020-03-31": "4269.00000", "2019-12-31": "4713.79900", "2019-09-30": "4045.90000", "2019-06-30": "4138.40000", "2019-03-31": "4447.10000", "2018-12-31": "4737.40000", "2018-09-30": "3963.90000", "2018-06-30": "5589.90000", "2018-03-31": "3667.60000", "2017-12-31": "2984.60000", "2017-09-30": "5116.30000", "2017-06-30": "4624.20000", "2017-03-31": "5245.40000", "2016-12-31": "5081.90000", "2016-09-30": "4248.20000", "2016-06-30": "4481.50000", "2016-03-31": "4149.30000", "2015-12-31": "5048.09900", "2015-09-30": "3998.40000", "2015-06-30": "4103.30000", "2015-03-31": "4119.50000", "2014-12-31": "4812.59900", "2014-09-30": "4277.30000", "2014-06-30": "4049.00000", "2014-03-31": "3816.90000", "2013-12-31": "4929.69900", "2013-09-30": "4227.90000", "2013-06-30": "4426.70000", "2013-03-31": "4158.40000", "2012-12-31": "4946.20000", "2012-09-30": "4303.80000", "2012-06-30": "4398.50000", "2012-03-31": "4220.70000", "2011-12-31": "5054.30000", "2011-09-30": "4562.00000", "2011-06-30": "4663.90000", "2011-03-31": "4477.80000", "2010-12-31": "4851.00100", "2010-09-30": "3902.30000", "2010-06-30": "3966.50000", "2010-03-31": "3826.00000", "2009-12-31": "5384.00000", "2009-09-30": "3875.80000", "2009-06-30": "3696.00000", "2009-03-31": "3292.90000", "2008-12-31": "8380.60000", "2008-09-30": "3785.40000", "2008-06-30": "3887.50000", "2008-03-31": "3625.90000", "2007-12-31": "4071.19900", "2007-09-30": "3376.90000", "2007-06-30": "3706.10000", "2007-03-31": "3422.00000", "2006-12-31": "3187.80000", "2006-09-30": "2814.30000", "2006-06-30": "2873.30000", "2006-03-31": "2690.20000", "2005-12-31": "2897.70000", "2005-09-30": "2667.60000", "2005-06-30": "2779.80000", "2005-03-31": "2651.60000"}, "Operating Income": {"2020-12-31": "1992.10000", "2020-09-30": "1278.30000", "2020-06-30": "1196.80000", "2020-03-31": "1590.80000", "2019-12-31": "1400.20100", "2019-09-30": "1430.70000", "2019-06-30": "1498.30000", "2019-03-31": "645.10060", "2018-12-31": "900.20070", "2018-09-30": "1343.00000", "2018-06-30": "-4.89990", "2018-03-31": "1296.20000", "2017-12-31": "278.60110", "2017-09-30": "541.70020", "2017-06-30": "1200.10000", "2017-03-31": "-17.10010", "2016-12-31": "678.59910", "2016-09-30": "943.50000", "2016-06-30": "923.29980", "2016-03-31": "715.80030", "2015-12-31": "327.50000", "2015-09-30": "961.30030", "2015-06-30": "875.40040", "2015-03-31": "525.20020", "2014-12-31": "308.70120", "2014-09-30": "598.30030", "2014-06-30": "886.60010", "2014-03-31": "866.20020", "2013-12-31": "879.10110", "2013-09-30": "1544.70000", "2013-06-30": "1503.00000", "2013-03-31": "1443.60000", "2012-12-31": "1011.20200", "2012-09-30": "1139.50000", "2012-06-30": "1202.20000", "2012-03-31": "1381.30000", "2011-12-31": "992.29980", "2011-09-30": "1585.90000", "2011-06-30": "1588.90000", "2011-03-31": "1361.40000", "2010-12-31": "1335.99800", "2010-09-30": "1752.50000", "2010-06-30": "1782.20000", "2010-03-31": "1659.50000", "2009-12-31": "550.19970", "2009-09-30": "1686.20000", "2009-06-30": "1596.80000", "2009-03-31": "1754.10000", "2008-12-31": "-3176.20000", "2008-09-30": "1424.10000", "2008-06-30": "1262.90000", "2008-03-31": "1181.70000", "2007-12-31": "1118.40100", "2007-09-30": "1209.90000", "2007-06-30": "924.89990", "2007-03-31": "804.10010", "2006-12-31": "1057.50100", "2006-09-30": "1049.80000", "2006-06-30": "993.60010", "2006-03-31": "1024.50000", "2005-12-31": "981.39940", "2005-09-30": "933.50000", "2005-06-30": "887.90010", "2005-03-31": "845.79980"}, "Total Non-Operating Income/Expense": {"2020-12-31": "477.00000", "2020-09-30": "158.90000", "2020-06-30": "446.90000", "2020-03-31": "89.10000", "2019-12-31": "262.90000", "2019-09-30": "-24.90000", "2019-06-30": "-32.40000", "2019-03-31": "86.00000", "2018-12-31": "31.40000", "2018-09-30": "-1.90000", "2018-06-30": "46.60000", "2018-03-31": "69.50000", "2017-12-31": "112.90000", "2017-09-30": "49.90000", "2017-06-30": "60.40000", "2017-03-31": "78.30000", "2016-12-31": "213.40000", "2016-09-30": "27.20000", "2016-06-30": "21.20000", "2016-03-31": "-149.00000", "2015-12-31": "117.10000", "2015-09-30": "86.50000", "2015-06-30": "-195.70000", "2015-03-31": "92.70000", "2014-12-31": "204.90000", "2014-09-30": "57.20000", "2014-06-30": "53.80000", "2014-03-31": "24.60000", "2013-12-31": "30.80000", "2013-09-30": "-31.30000", "2013-06-30": "11.90000", "2013-03-31": "507.50000", "2012-12-31": "1.30000", "2012-09-30": "735.20000", "2012-06-30": "-16.50000", "2012-03-31": "-46.00000", "2011-12-31": "49.50000", "2011-09-30": "-83.40000", "2011-06-30": "-57.60000", "2011-03-31": "-87.50000", "2010-12-31": "73.60000", "2010-09-30": "-81.20000", "2010-06-30": "-45.70000", "2010-03-31": "48.30000", "2009-12-31": "587.00010", "2009-09-30": "-616.70000", "2009-06-30": "-129.10000", "2009-03-31": "-70.70000", "2008-12-31": "-161.20000", "2008-09-30": "-1656.90000", "2008-06-30": "-56.60000", "2008-03-31": "-125.40000", "2007-12-31": "-66.10000", "2007-09-30": "-31.50000", "2007-06-30": "1.80000", "2007-03-31": "-84.70000", "2006-12-31": "-842.50010", "2006-09-30": "56.00000", "2006-06-30": "46.90000", "2006-03-31": "32.20000", "2005-12-31": "-86.70000", "2005-09-30": "85.00000", "2005-06-30": "-1028.00000", "2005-03-31": "98.60000"}, "Pre-Tax Income": {"2020-12-31": "2469.10000", "2020-09-30": "1437.20000", "2020-06-30": "1643.70000", "2020-03-31": "1679.90000", "2019-12-31": "1663.10000", "2019-09-30": "1405.80000", "2019-06-30": "1465.90000", "2019-03-31": "731.10000", "2018-12-31": "931.60010", "2018-09-30": "1341.10000", "2018-06-30": "41.70000", "2018-03-31": "1365.70000", "2017-12-31": "391.50010", "2017-09-30": "591.60000", "2017-06-30": "1260.50000", "2017-03-31": "61.20000", "2016-12-31": "892.00010", "2016-09-30": "970.70000", "2016-06-30": "944.50000", "2016-03-31": "566.80000", "2015-12-31": "444.60000", "2015-09-30": "1047.80000", "2015-06-30": "679.70000", "2015-03-31": "617.90000", "2014-12-31": "513.60000", "2014-09-30": "655.50000", "2014-06-30": "940.40000", "2014-03-31": "890.80000", "2013-12-31": "909.90000", "2013-09-30": "1513.40000", "2013-06-30": "1514.90000", "2013-03-31": "1951.10000", "2012-12-31": "1012.50000", "2012-09-30": "1874.70000", "2012-06-30": "1185.70000", "2012-03-31": "1335.30000", "2011-12-31": "1041.80000", "2011-09-30": "1502.50000", "2011-06-30": "1531.30000", "2011-03-31": "1273.90000", "2010-12-31": "1409.60000", "2010-09-30": "1671.30000", "2010-06-30": "1736.50000", "2010-03-31": "1707.80000", "2009-12-31": "1137.20000", "2009-09-30": "1069.50000", "2009-06-30": "1467.70000", "2009-03-31": "1683.40000", "2008-12-31": "-3337.40000", "2008-09-30": "-232.80000", "2008-06-30": "1206.30000", "2008-03-31": "1056.30000", "2007-12-31": "1052.30000", "2007-09-30": "1178.40000", "2007-06-30": "926.70000", "2007-03-31": "719.40000", "2006-12-31": "215.00000", "2006-09-30": "1105.80000", "2006-06-30": "1040.50000", "2006-03-31": "1056.70000", "2005-12-31": "894.70000", "2005-09-30": "1018.50000", "2005-06-30": "-140.10000", "2005-03-31": "944.40000"}, "Income Taxes": {"2020-12-31": "352.30000", "2020-09-30": "228.80000", "2020-06-30": "231.70000", "2020-03-31": "223.40000", "2019-12-31": "167.40000", "2019-09-30": "151.90000", "2019-06-30": "138.70000", "2019-03-31": "170.00000", "2018-12-31": "-189.80000", "2018-09-30": "247.50000", "2018-06-30": "273.30000", "2018-03-31": "198.50000", "2017-12-31": "1930.70000", "2017-09-30": "36.00000", "2017-06-30": "252.50000", "2017-03-31": "172.00000", "2016-12-31": "120.20000", "2016-09-30": "192.70000", "2016-06-30": "196.80000", "2016-03-31": "126.70000", "2015-12-31": "-33.80000", "2015-09-30": "248.10000", "2015-06-30": "78.90000", "2015-03-31": "88.40000", "2014-12-31": "85.10000", "2014-09-30": "154.90000", "2014-06-30": "206.90000", "2014-03-31": "162.90000", "2013-12-31": "182.40000", "2013-09-30": "310.30000", "2013-06-30": "308.70000", "2013-03-31": "403.10000", "2012-12-31": "185.20000", "2012-09-30": "548.10000", "2012-06-30": "262.10000", "2012-03-31": "324.20000", "2011-12-31": "183.60000", "2011-09-30": "266.20000", "2011-06-30": "334.00000", "2011-03-31": "218.00000", "2010-12-31": "239.99990", "2010-09-30": "368.40000", "2010-06-30": "387.60000", "2010-03-31": "459.70000", "2009-12-31": "221.80000", "2009-09-30": "127.70000", "2009-06-30": "309.20000", "2009-03-31": "370.30000", "2008-12-31": "292.00000", "2008-09-30": "232.80000", "2008-06-30": "247.50000", "2008-03-31": "-8.00000", "2007-12-31": "197.89990", "2007-09-30": "252.10000", "2007-06-30": "263.10000", "2007-03-31": "210.70000", "2006-12-31": "82.70000", "2006-09-30": "232.20000", "2006-06-30": "218.50000", "2006-03-31": "221.90000", "2005-12-31": "172.10000", "2005-09-30": "224.10000", "2005-06-30": "111.90000", "2005-03-31": "207.80000"}, "Income After Taxes": {"2020-12-31": "2116.80000", "2020-09-30": "1208.40000", "2020-06-30": "1412.00000", "2020-03-31": "1456.50000", "2019-12-31": "1495.70000", "2019-09-30": "1253.90000", "2019-06-30": "1327.20000", "2019-03-31": "561.10000", "2018-12-31": "1121.40000", "2018-09-30": "1093.60000", "2018-06-30": "-231.60000", "2018-03-31": "1167.20000", "2017-12-31": "-1539.20000", "2017-09-30": "555.60000", "2017-06-30": "1008.00000", "2017-03-31": "-110.80000", "2016-12-31": "771.80020", "2016-09-30": "778.00000", "2016-06-30": "747.70000", "2016-03-31": "440.10000", "2015-12-31": "478.39980", "2015-09-30": "799.70010", "2015-06-30": "600.80000", "2015-03-31": "529.50000", "2014-12-31": "428.50000", "2014-09-30": "500.60000", "2014-06-30": "733.50000", "2014-03-31": "727.90000", "2013-12-31": "727.49980", "2013-09-30": "1203.10000", "2013-06-30": "1206.20000", "2013-03-31": "1548.00000", "2012-12-31": "827.30000", "2012-09-30": "1326.60000", "2012-06-30": "923.60000", "2012-03-31": "1011.10000", "2011-12-31": "858.20010", "2011-09-30": "1236.30000", "2011-06-30": "1197.30000", "2011-03-31": "1055.90000", "2010-12-31": "1169.60000", "2010-09-30": "1302.90000", "2010-06-30": "1348.90000", "2010-03-31": "1248.10000", "2009-12-31": "915.39970", "2009-09-30": "941.80000", "2009-06-30": "1158.50000", "2009-03-31": "1313.10000", "2008-12-31": "-3629.40000", "2008-09-30": "-465.60000", "2008-06-30": "958.80000", "2008-03-31": "1064.30000", "2007-12-31": "854.40000", "2007-09-30": "926.30000", "2007-06-30": "663.60000", "2007-03-31": "508.70000", "2006-12-31": "132.29990", "2006-09-30": "873.60000", "2006-06-30": "822.00000", "2006-03-31": "834.79990", "2005-12-31": "722.59990", "2005-09-30": "794.40000", "2005-06-30": "-252.00000", "2005-03-31": "736.60000"}, "Other Income": {"2020-12-31": "", "2020-09-30": "", "2020-06-30": "", "2020-03-31": "", "2019-12-31": "", "2019-09-30": "", "2019-06-30": "", "2019-03-31": "", "2018-12-31": "", "2018-09-30": "", "2018-06-30": "", "2018-03-31": "", "2017-12-31": "", "2017-09-30": "", "2017-06-30": "", "2017-03-31": "", "2016-12-31": "", "2016-09-30": "", "2016-06-30": "", "2016-03-31": "", "2015-12-31": "", "2015-09-30": "", "2015-06-30": "", "2015-03-31": "", "2014-12-31": "", "2014-09-30": "", "2014-06-30": "", "2014-03-31": "", "2013-12-31": "", "2013-09-30": "", "2013-06-30": "", "2013-03-31": "", "2012-12-31": "", "2012-09-30": "", "2012-06-30": "", "2012-03-31": "", "2011-12-31": "", "2011-09-30": "", "2011-06-30": "", "2011-03-31": "", "2010-12-31": "", "2010-09-30": "", "2010-06-30": "", "2010-03-31": "", "2009-12-31": "", "2009-09-30": "", "2009-06-30": "", "2009-03-31": "", "2008-12-31": "", "2008-09-30": "", "2008-06-30": "", "2008-03-31": "", "2007-12-31": "", "2007-09-30": "", "2007-06-30": "", "2007-03-31": "", "2006-12-31": "", "2006-09-30": "", "2006-06-30": "", "2006-03-31": "", "2005-12-31": "", "2005-09-30": "", "2005-06-30": "", "2005-03-31": ""}, "Income From Continuous Operations": {"2020-12-31": "2116.80000", "2020-09-30": "1208.40000", "2020-06-30": "1412.00000", "2020-03-31": "1456.50000", "2019-12-31": "1495.70000", "2019-09-30": "1253.90000", "2019-06-30": "1327.20000", "2019-03-31": "561.10000", "2018-12-31": "1121.40000", "2018-09-30": "1093.60000", "2018-06-30": "-231.60000", "2018-03-31": "1167.20000", "2017-12-31": "-1539.20000", "2017-09-30": "555.60000", "2017-06-30": "1008.00000", "2017-03-31": "-110.80000", "2016-12-31": "771.80020", "2016-09-30": "778.00000", "2016-06-30": "747.70000", "2016-03-31": "440.10000", "2015-12-31": "478.39980", "2015-09-30": "799.70010", "2015-06-30": "600.80000", "2015-03-31": "529.50000", "2014-12-31": "428.50000", "2014-09-30": "500.60000", "2014-06-30": "733.50000", "2014-03-31": "727.90000", "2013-12-31": "727.49980", "2013-09-30": "1203.10000", "2013-06-30": "1206.20000", "2013-03-31": "1548.00000", "2012-12-31": "827.30000", "2012-09-30": "1326.60000", "2012-06-30": "923.60000", "2012-03-31": "1011.10000", "2011-12-31": "858.20010", "2011-09-30": "1236.30000", "2011-06-30": "1197.30000", "2011-03-31": "1055.90000", "2010-12-31": "1169.60000", "2010-09-30": "1302.90000", "2010-06-30": "1348.90000", "2010-03-31": "1248.10000", "2009-12-31": "915.39970", "2009-09-30": "941.80000", "2009-06-30": "1158.50000", "2009-03-31": "1313.10000", "2008-12-31": "-3629.40000", "2008-09-30": "-465.60000", "2008-06-30": "958.80000", "2008-03-31": "1064.30000", "2007-12-31": "854.40000", "2007-09-30": "926.30000", "2007-06-30": "663.60000", "2007-03-31": "508.70000", "2006-12-31": "132.29990", "2006-09-30": "873.60000", "2006-06-30": "822.00000", "2006-03-31": "834.79990", "2005-12-31": "722.59990", "2005-09-30": "794.40000", "2005-06-30": "-252.00000", "2005-03-31": "736.60000"}, "Income From Discontinued Operations": {"2020-12-31": "", "2020-09-30": "", "2020-06-30": "", "2020-03-31": "", "2019-12-31": "", "2019-09-30": "", "2019-06-30": "", "2019-03-31": "3680.50000", "2018-12-31": "3.60000", "2018-09-30": "55.90000", "2018-06-30": "-28.30000", "2018-03-31": "50.20000", "2017-12-31": "", "2017-09-30": "", "2017-06-30": "", "2017-03-31": "", "2016-12-31": "", "2016-09-30": "", "2016-06-30": "", "2016-03-31": "", "2015-12-31": "", "2015-09-30": "", "2015-06-30": "", "2015-03-31": "", "2014-12-31": "", "2014-09-30": "", "2014-06-30": "", "2014-03-31": "", "2013-12-31": "", "2013-09-30": "", "2013-06-30": "", "2013-03-31": "", "2012-12-31": "", "2012-09-30": "", "2012-06-30": "", "2012-03-31": "", "2011-12-31": "", "2011-09-30": "", "2011-06-30": "", "2011-03-31": "", "2010-12-31": "", "2010-09-30": "", "2010-06-30": "", "2010-03-31": "", "2009-12-31": "", "2009-09-30": "", "2009-06-30": "", "2009-03-31": "", "2008-12-31": "", "2008-09-30": "", "2008-06-30": "", "2008-03-31": "", "2007-12-31": "", "2007-09-30": "", "2007-06-30": "", "2007-03-31": "", "2006-12-31": "", "2006-09-30": "", "2006-06-30": "", "2006-03-31": "", "2005-12-31": "", "2005-09-30": "", "2005-06-30": "", "2005-03-31": ""}, "Net Income": {"2020-12-31": "2116.80000", "2020-09-30": "1208.40000", "2020-06-30": "1412.00000", "2020-03-31": "1456.50000", "2019-12-31": "1495.70100", "2019-09-30": "1253.90000", "2019-06-30": "1327.20000", "2019-03-31": "4241.60000", "2018-12-31": "1125.00000", "2018-09-30": "1149.50000", "2018-06-30": "-259.90000", "2018-03-31": "1217.40000", "2017-12-31": "-1656.90000", "2017-09-30": "555.60000", "2017-06-30": "1008.00000", "2017-03-31": "-110.80000", "2016-12-31": "771.80020", "2016-09-30": "778.00000", "2016-06-30": "747.70000", "2016-03-31": "440.10000", "2015-12-31": "478.40000", "2015-09-30": "799.70000", "2015-06-30": "600.80000", "2015-03-31": "529.50000", "2014-12-31": "428.50000", "2014-09-30": "500.60000", "2014-06-30": "733.50000", "2014-03-31": "727.90000", "2013-12-31": "727.49980", "2013-09-30": "1203.10000", "2013-06-30": "1206.20000", "2013-03-31": "1548.00000", "2012-12-31": "827.30000", "2012-09-30": "1326.60000", "2012-06-30": "923.60000", "2012-03-31": "1011.10000", "2011-12-31": "858.20010", "2011-09-30": "1236.30000", "2011-06-30": "1197.30000", "2011-03-31": "1055.90000", "2010-12-31": "1169.60000", "2010-09-30": "1302.90000", "2010-06-30": "1348.90000", "2010-03-31": "1248.10000", "2009-12-31": "915.39980", "2009-09-30": "941.80000", "2009-06-30": "1158.50000", "2009-03-31": "1313.10000", "2008-12-31": "-3629.40000", "2008-09-30": "-465.60000", "2008-06-30": "958.80000", "2008-03-31": "1064.30000", "2007-12-31": "854.40000", "2007-09-30": "926.30000", "2007-06-30": "663.60000", "2007-03-31": "508.70000", "2006-12-31": "132.30000", "2006-09-30": "873.60000", "2006-06-30": "822.00000", "2006-03-31": "834.80000", "2005-12-31": "700.60000", "2005-09-30": "794.40000", "2005-06-30": "-252.00000", "2005-03-31": "736.60000"}, "EBITDA": {"2020-12-31": "", "2020-09-30": "1636.70000", "2020-06-30": "1521.20000", "2020-03-31": "1864.40000", "2019-12-31": "1740.90100", "2019-09-30": "1718.70000", "2019-06-30": "1745.70000", "2019-03-31": "1001.60100", "2018-12-31": "1245.70100", "2018-09-30": "1758.50000", "2018-06-30": "420.30010", "2018-03-31": "1719.00000", "2017-12-31": "690.50110", "2017-09-30": "914.60020", "2017-06-30": "1595.70000", "2017-03-31": "369.79990", "2016-12-31": "1023.19900", "2016-09-30": "1336.30000", "2016-06-30": "1297.00000", "2016-03-31": "1101.30000", "2015-12-31": "670.89990", "2015-09-30": "1319.60000", "2015-06-30": "1243.90000", "2015-03-31": "882.70020", "2014-12-31": "648.10120", "2014-09-30": "940.70030", "2014-06-30": "1235.00000", "2014-03-31": "1215.00000", "2013-12-31": "1230.30100", "2013-09-30": "1893.70000", "2013-06-30": "1866.90000", "2013-03-31": "1825.10000", "2012-12-31": "1355.80200", "2012-09-30": "1509.20000", "2012-06-30": "1564.20000", "2012-03-31": "1767.20000", "2011-12-31": "1311.20000", "2011-09-30": "1944.10000", "2011-06-30": "1944.50000", "2011-03-31": "1702.30000", "2010-12-31": "1674.49800", "2010-09-30": "2097.20000", "2010-06-30": "2127.80000", "2010-03-31": "1958.90000", "2009-12-31": "925.99980", "2009-09-30": "1995.90000", "2009-06-30": "1902.80000", "2009-03-31": "2060.40000", "2008-12-31": "-2895.90000", "2008-09-30": "1707.40000", "2008-06-30": "1544.40000", "2008-03-31": "1459.20000", "2007-12-31": "1393.20100", "2007-09-30": "1475.40000", "2007-06-30": "1187.40000", "2007-03-31": "1049.20000", "2006-12-31": "1231.10100", "2006-09-30": "1264.00000", "2006-06-30": "1202.70000", "2006-03-31": "1229.40000", "2005-12-31": "1206.50000", "2005-09-30": "1117.40000", "2005-06-30": "1046.60000", "2005-03-31": "1004.50000"}, "EBIT": {"2020-12-31": "1992.10000", "2020-09-30": "1278.30000", "2020-06-30": "1196.80000", "2020-03-31": "1590.80000", "2019-12-31": "1400.20000", "2019-09-30": "1430.70000", "2019-06-30": "1498.30000", "2019-03-31": "645.10060", "2018-12-31": "900.20020", "2018-09-30": "1343.00000", "2018-06-30": "-4.89990", "2018-03-31": "1296.20000", "2017-12-31": "278.60060", "2017-09-30": "541.70020", "2017-06-30": "1200.10000", "2017-03-31": "-17.10010", "2016-12-31": "678.59910", "2016-09-30": "943.50000", "2016-06-30": "923.29980", "2016-03-31": "715.80030", "2015-12-31": "327.49950", "2015-09-30": "961.30030", "2015-06-30": "875.40040", "2015-03-31": "525.20020", "2014-12-31": "308.70020", "2014-09-30": "598.30030", "2014-06-30": "886.60010", "2014-03-31": "866.20020", "2013-12-31": "879.10010", "2013-09-30": "1544.70000", "2013-06-30": "1503.00000", "2013-03-31": "1443.60000", "2012-12-31": "1011.20100", "2012-09-30": "1139.50000", "2012-06-30": "1202.20000", "2012-03-31": "1381.30000", "2011-12-31": "992.29980", "2011-09-30": "1585.90000", "2011-06-30": "1588.90000", "2011-03-31": "1361.40000", "2010-12-31": "1335.99900", "2010-09-30": "1752.50000", "2010-06-30": "1782.20000", "2010-03-31": "1659.50000", "2009-12-31": "550.20000", "2009-09-30": "1686.20000", "2009-06-30": "1596.80000", "2009-03-31": "1754.10000", "2008-12-31": "-3176.20000", "2008-09-30": "1424.10000", "2008-06-30": "1262.90000", "2008-03-31": "1181.70000", "2007-12-31": "1118.40100", "2007-09-30": "1209.90000", "2007-06-30": "924.89990", "2007-03-31": "804.10010", "2006-12-31": "1057.50000", "2006-09-30": "1049.80000", "2006-06-30": "993.60010", "2006-03-31": "1024.50000", "2005-12-31": "981.39970", "2005-09-30": "933.50000", "2005-06-30": "887.90010", "2005-03-31": "845.79980"}, "Basic Shares Outstanding": {"2020-12-31": "", "2020-09-30": "907.20000", "2020-06-30": "907.20000", "2020-03-31": "908.20000", "2019-12-31": "931.05900", "2019-09-30": "913.90000", "2019-06-30": "920.80000", "2019-03-31": "979.90000", "2018-12-31": "1027.72100", "2018-09-30": "1020.40000", "2018-06-30": "1030.20000", "2018-03-31": "1048.00000", "2017-12-31": "1052.02300", "2017-09-30": "1053.40000", "2017-06-30": "1055.00000", "2017-03-31": "1056.30000", "2016-12-31": "1058.32400", "2016-09-30": "1057.70000", "2016-06-30": "1057.70000", "2016-03-31": "1059.90000", "2015-12-31": "1061.91300", "2015-09-30": "1061.40000", "2015-06-30": "1061.70000", "2015-03-31": "1064.20000", "2014-12-31": "1069.93200", "2014-09-30": "1069.60000", "2014-06-30": "1071.70000", "2014-03-31": "1072.70000", "2013-12-31": "1080.87400", "2013-09-30": "1080.20000", "2013-06-30": "1080.20000", "2013-03-31": "1087.90000", "2012-12-31": "1113.17800", "2012-09-30": "1110.40000", "2012-06-30": "1110.40000", "2012-03-31": "1110.10000", "2011-12-31": "1113.92300", "2011-09-30": "1113.80000", "2011-06-30": "1107.10000", "2011-03-31": "1106.40000", "2010-12-31": "1105.78800", "2010-09-30": "1105.20000", "2010-06-30": "1099.20000", "2010-03-31": "1098.30000", "2009-12-31": "1098.33800", "2009-09-30": "1094.80000", "2009-06-30": "1094.60000", "2009-03-31": "1094.20000", "2008-12-31": "1094.49900", "2008-09-30": "1092.20000", "2008-06-30": "1092.10000", "2008-03-31": "1091.50000", "2007-12-31": "1090.43000", "2007-09-30": "1089.10000", "2007-06-30": "1089.00000", "2007-03-31": "1088.40000", "2006-12-31": "1086.23900", "2006-09-30": "1085.20000", "2006-06-30": "1084.70000", "2006-03-31": "1085.20000", "2005-12-31": "1088.75400", "2005-09-30": "1088.60000", "2005-06-30": "1087.60000", "2005-03-31": "1086.90000"}, "Shares Outstanding": {"2020-12-31": "912.59100", "2020-09-30": "911.40000", "2020-06-30": "910.90000", "2020-03-31": "911.70000", "2019-12-31": "935.68400", "2019-09-30": "918.50000", "2019-06-30": "924.60000", "2019-03-31": "984.00000", "2018-12-31": "1033.66700", "2018-09-30": "1026.30000", "2018-06-30": "1030.20000", "2018-03-31": "1049.80000", "2017-12-31": "1052.02300", "2017-09-30": "1056.00000", "2017-06-30": "1057.10000", "2017-03-31": "1056.30000", "2016-12-31": "1061.82500", "2016-09-30": "1060.80000", "2016-06-30": "1060.10000", "2016-03-31": "1063.10000", "2015-12-31": "1065.72000", "2015-09-30": "1065.20000", "2015-06-30": "1065.60000", "2015-03-31": "1067.00000", "2014-12-31": "1074.28600", "2014-09-30": "1074.40000", "2014-06-30": "1076.40000", "2014-03-31": "1075.80000", "2013-12-31": "1084.76600", "2013-09-30": "1084.20000", "2013-06-30": "1084.00000", "2013-03-31": "1091.90000", "2012-12-31": "1117.29400", "2012-09-30": "1119.60000", "2012-06-30": "1118.70000", "2012-03-31": "1110.10000", "2011-12-31": "1113.96700", "2011-09-30": "1113.80000", "2011-06-30": "1114.00000", "2011-03-31": "1112.00000", "2010-12-31": "1105.81300", "2010-09-30": "1105.20000", "2010-06-30": "1103.80000", "2010-03-31": "1103.00000", "2009-12-31": "1098.36700", "2009-09-30": "1097.70000", "2009-06-30": "1097.20000", "2009-03-31": "1097.30000", "2008-12-31": "1094.49900", "2008-09-30": "1094.00000", "2008-06-30": "1093.80000", "2008-03-31": "1094.10000", "2007-12-31": "1090.75000", "2007-09-30": "1090.20000", "2007-06-30": "1089.90000", "2007-03-31": "1089.90000", "2006-12-31": "1087.49000", "2006-09-30": "1086.40000", "2006-06-30": "1085.30000", "2006-03-31": "1087.00000", "2005-12-31": "1092.15000", "2005-09-30": "1091.00000", "2005-06-30": "1087.60000", "2005-03-31": "1089.20000"}, "Basic EPS": {"2020-12-31": "", "2020-09-30": "1.33000", "2020-06-30": "1.56000", "2020-03-31": "1.60000", "2019-12-31": "1.79000", "2019-09-30": "1.37000", "2019-06-30": "1.44000", "2019-03-31": "4.33000", "2018-12-31": "1.10000", "2018-09-30": "1.13000", "2018-06-30": "-0.25000", "2018-03-31": "1.16000", "2017-12-31": "-1.58000", "2017-09-30": "0.53000", "2017-06-30": "0.96000", "2017-03-31": "-0.10000", "2016-12-31": "0.72000", "2016-09-30": "0.74000", "2016-06-30": "0.71000", "2016-03-31": "0.42000", "2015-12-31": "0.45000", "2015-09-30": "0.75000", "2015-06-30": "0.57000", "2015-03-31": "0.50000", "2014-12-31": "0.40000", "2014-09-30": "0.47000", "2014-06-30": "0.68000", "2014-03-31": "0.68000", "2013-12-31": "0.68000", "2013-09-30": "1.11000", "2013-06-30": "1.12000", "2013-03-31": "1.42000", "2012-12-31": "0.75000", "2012-09-30": "1.18000", "2012-06-30": "0.83000", "2012-03-31": "0.91000", "2011-12-31": "0.77000", "2011-09-30": "1.11000", "2011-06-30": "1.07000", "2011-03-31": "0.95000", "2010-12-31": "1.05000", "2010-09-30": "1.18000", "2010-06-30": "1.22000", "2010-03-31": "1.13000", "2009-12-31": "0.82000", "2009-09-30": "0.86000", "2009-06-30": "1.06000", "2009-03-31": "1.20000", "2008-12-31": "-3.31000", "2008-09-30": "-0.43000", "2008-06-30": "0.88000", "2008-03-31": "0.97000", "2007-12-31": "0.78000", "2007-09-30": "0.85000", "2007-06-30": "0.61000", "2007-03-31": "0.47000", "2006-12-31": "0.12000", "2006-09-30": "0.80000", "2006-06-30": "0.76000", "2006-03-31": "0.77000", "2005-12-31": "0.64000", "2005-09-30": "0.73000", "2005-06-30": "-0.23000", "2005-03-31": "0.68000"}, "EPS - Earnings Per Share": {"2020-12-31": "2.32000", "2020-09-30": "1.33000", "2020-06-30": "1.55000", "2020-03-31": "1.60000", "2019-12-31": "1.77000", "2019-09-30": "1.37000", "2019-06-30": "1.44000", "2019-03-31": "4.31000", "2018-12-31": "1.10000", "2018-09-30": "1.12000", "2018-06-30": "-0.25000", "2018-03-31": "1.16000", "2017-12-31": "-1.57000", "2017-09-30": "0.53000", "2017-06-30": "0.95000", "2017-03-31": "-0.10000", "2016-12-31": "0.73000", "2016-09-30": "0.73000", "2016-06-30": "0.71000", "2016-03-31": "0.41000", "2015-12-31": "0.45000", "2015-09-30": "0.75000", "2015-06-30": "0.56000", "2015-03-31": "0.50000", "2014-12-31": "0.40000", "2014-09-30": "0.47000", "2014-06-30": "0.68000", "2014-03-31": "0.68000", "2013-12-31": "0.68000", "2013-09-30": "1.11000", "2013-06-30": "1.11000", "2013-03-31": "1.42000", "2012-12-31": "0.74000", "2012-09-30": "1.18000", "2012-06-30": "0.83000", "2012-03-31": "0.91000", "2011-12-31": "0.77000", "2011-09-30": "1.11000", "2011-06-30": "1.07000", "2011-03-31": "0.95000", "2010-12-31": "1.05000", "2010-09-30": "1.18000", "2010-06-30": "1.22000", "2010-03-31": "1.13000", "2009-12-31": "0.82000", "2009-09-30": "0.86000", "2009-06-30": "1.06000", "2009-03-31": "1.20000", "2008-12-31": "-3.31000", "2008-09-30": "-0.43000", "2008-06-30": "0.88000", "2008-03-31": "0.97000", "2007-12-31": "0.78000", "2007-09-30": "0.85000", "2007-06-30": "0.61000", "2007-03-31": "0.47000", "2006-12-31": "0.12000", "2006-09-30": "0.80000", "2006-06-30": "0.76000", "2006-03-31": "0.77000", "2005-12-31": "0.63000", "2005-09-30": "0.73000", "2005-06-30": "-0.23000", "2005-03-31": "0.68000"}}, "balance sheet": {"Cash On Hand": {"2020-12-31": "", "2019-12-31": "2438.50000", "2018-12-31": "7408.90000", "2017-12-31": "8034.10000", "2016-12-31": "6038.60000", "2015-12-31": "4451.80000", "2014-12-31": "4827.00000", "2013-12-31": "5397.30000", "2012-12-31": "5684.30000", "2011-12-31": "6897.10000", "2010-12-31": "6727.00000", "2009-12-31": "4497.60000", "2008-12-31": "5926.10000", "2007-12-31": "4831.20000", "2006-12-31": "3891.00000", "2005-12-31": "5037.70000"}, "Receivables": {"2020-12-31": "", "2019-12-31": "5541.50000", "2018-12-31": "5776.80000", "2017-12-31": "5262.20000", "2016-12-31": "4766.30000", "2015-12-31": "4071.60000", "2014-12-31": "3801.30000", "2013-12-31": "4022.80000", "2012-12-31": "3888.30000", "2011-12-31": "4237.90000", "2010-12-31": "4158.10000", "2009-12-31": "3831.80000", "2008-12-31": "3277.30000", "2007-12-31": "3704.80000", "2006-12-31": "2694.40000", "2005-12-31": "2761.70000"}, "Inventory": {"2020-12-31": "", "2019-12-31": "3190.70000", "2018-12-31": "3098.10000", "2017-12-31": "4458.30000", "2016-12-31": "3561.90000", "2015-12-31": "3445.80000", "2014-12-31": "2740.00000", "2013-12-31": "2928.80000", "2012-12-31": "2643.80000", "2011-12-31": "2299.80000", "2010-12-31": "2517.70000", "2009-12-31": "2849.90000", "2008-12-31": "2493.20000", "2007-12-31": "2523.70000", "2006-12-31": "2270.30000", "2005-12-31": "1878.00000"}, "Pre-Paid Expenses": {"2020-12-31": "", "2019-12-31": "2538.90000", "2018-12-31": "2036.70000", "2017-12-31": "1447.50000", "2016-12-31": "734.60000", "2015-12-31": "604.40000", "2014-12-31": "560.00000", "2013-12-31": "755.80000", "2012-12-31": "822.30000", "2011-12-31": "813.40000", "2010-12-31": "1437.20000", "2009-12-31": "1307.20000", "2008-12-31": "374.60000", "2007-12-31": "613.60000", "2006-12-31": "319.50000", "2005-12-31": "362.00000"}, "Other Current Assets": {"2020-12-31": "", "2019-12-31": "", "2018-12-31": "", "2017-12-31": "", "2016-12-31": "", "2015-12-31": "", "2014-12-31": "", "2013-12-31": "", "2012-12-31": "", "2011-12-31": "", "2010-12-31": "", "2009-12-31": "", "2008-12-31": "", "2007-12-31": "", "2006-12-31": "", "2005-12-31": ""}, "Total Current Assets": {"2020-12-31": "", "2019-12-31": "13709.60000", "2018-12-31": "20549.60000", "2017-12-31": "19202.10000", "2016-12-31": "15101.40000", "2015-12-31": "12573.60000", "2014-12-31": "11928.30000", "2013-12-31": "13104.70000", "2012-12-31": "13038.70000", "2011-12-31": "14248.20000", "2010-12-31": "14840.00000", "2009-12-31": "12486.50000", "2008-12-31": "12453.30000", "2007-12-31": "12316.10000", "2006-12-31": "9694.40000", "2005-12-31": "10795.80000"}, "Property, Plant, And Equipment": {"2020-12-31": "", "2019-12-31": "7872.90000", "2018-12-31": "7996.10000", "2017-12-31": "8826.50000", "2016-12-31": "8252.60000", "2015-12-31": "8053.50000", "2014-12-31": "7963.90000", "2013-12-31": "7975.50000", "2012-12-31": "7760.20000", "2011-12-31": "7760.30000", "2010-12-31": "7940.70000", "2009-12-31": "8197.40000", "2008-12-31": "8626.30000", "2007-12-31": "8575.10000", "2006-12-31": "8152.30000", "2005-12-31": "7912.50000"}, "Long-Term Investments": {"2020-12-31": "", "2019-12-31": "1962.40000", "2018-12-31": "2005.40000", "2017-12-31": "5678.80000", "2016-12-31": "5207.50000", "2015-12-31": "3646.60000", "2014-12-31": "4568.90000", "2013-12-31": "7624.90000", "2012-12-31": "6313.90000", "2011-12-31": "4029.80000", "2010-12-31": "1779.50000", "2009-12-31": "1155.80000", "2008-12-31": "1544.60000", "2007-12-31": "577.10000", "2006-12-31": "1001.90000", "2005-12-31": "1296.60000"}, "Goodwill And Intangible Assets": {"2020-12-31": "", "2019-12-31": "10297.40000", "2018-12-31": "2434.60000", "2017-12-31": "8399.30000", "2016-12-31": "8330.60000", "2015-12-31": "9074.69900", "2014-12-31": "4642.30000", "2013-12-31": "4331.10000", "2012-12-31": "4752.70000", "2011-12-31": "5128.10000", "2010-12-31": "4818.80000", "2009-12-31": "3699.80000", "2008-12-31": "3929.10000", "2007-12-31": "2455.40000", "2006-12-31": "130.00000", "2005-12-31": ""}, "Other Long-Term Assets": {"2020-12-31": "", "2019-12-31": "2339.10000", "2018-12-31": "1824.90000", "2017-12-31": "1707.90000", "2016-12-31": "1913.80000", "2015-12-31": "2220.50000", "2014-12-31": "7204.20000", "2013-12-31": "2212.50000", "2012-12-31": "2533.40000", "2011-12-31": "2493.40000", "2010-12-31": "1622.40000", "2009-12-31": "1921.40000", "2008-12-31": "2659.30000", "2007-12-31": "1280.60000", "2006-12-31": "1885.30000", "2005-12-31": "2156.30000"}, "Total Long-Term Assets": {"2020-12-31": "", "2019-12-31": "25576.50000", "2018-12-31": "23358.80000", "2017-12-31": "25778.90000", "2016-12-31": "23704.50000", "2015-12-31": "22995.30000", "2014-12-31": "24379.30000", "2013-12-31": "22144.00000", "2012-12-31": "21360.20000", "2011-12-31": "19411.60000", "2010-12-31": "16161.40000", "2009-12-31": "14974.40000", "2008-12-31": "16759.30000", "2007-12-31": "14558.70000", "2006-12-31": "12261.00000", "2005-12-31": "13785.00000"}, "Total Assets": {"2020-12-31": "0.00000", "2019-12-31": "39286.10000", "2018-12-31": "43908.40000", "2017-12-31": "44981.00000", "2016-12-31": "38805.90000", "2015-12-31": "35568.90000", "2014-12-31": "36307.60000", "2013-12-31": "35248.70000", "2012-12-31": "34398.90000", "2011-12-31": "33659.80000", "2010-12-31": "31001.40000", "2009-12-31": "27460.90000", "2008-12-31": "29212.60000", "2007-12-31": "26874.80000", "2006-12-31": "21955.40000", "2005-12-31": "24580.80000"}, "Total Current Liabilities": {"2020-12-31": "", "2019-12-31": "11775.20000", "2018-12-31": "11888.10000", "2017-12-31": "14535.90000", "2016-12-31": "10986.60000", "2015-12-31": "8229.60000", "2014-12-31": "9741.00000", "2013-12-31": "8916.60000", "2012-12-31": "8389.50000", "2011-12-31": "8930.90000", "2010-12-31": "6926.90000", "2009-12-31": "6568.10000", "2008-12-31": "13109.70000", "2007-12-31": "5436.80000", "2006-12-31": "5085.50000", "2005-12-31": "5716.30000"}, "Long Term Debt": {"2020-12-31": "", "2019-12-31": "13817.90000", "2018-12-31": "9196.40000", "2017-12-31": "9940.50000", "2016-12-31": "8367.80000", "2015-12-31": "7972.40000", "2014-12-31": "5332.80000", "2013-12-31": "4200.30000", "2012-12-31": "5519.40000", "2011-12-31": "5464.70000", "2010-12-31": "6770.50000", "2009-12-31": "6634.70000", "2008-12-31": "4615.70000", "2007-12-31": "4593.50000", "2006-12-31": "3494.40000", "2005-12-31": "5763.50000"}, "Other Non-Current Liabilities": {"2020-12-31": "", "2019-12-31": "4621.50000", "2018-12-31": "5057.60000", "2017-12-31": "5322.80000", "2016-12-31": "2917.10000", "2015-12-31": "2616.30000", "2014-12-31": "3282.80000", "2013-12-31": "2941.70000", "2012-12-31": "2703.70000", "2011-12-31": "2660.10000", "2010-12-31": "3003.80000", "2009-12-31": "2398.10000", "2008-12-31": "2287.20000", "2007-12-31": "1908.00000", "2006-12-31": "745.70000", "2005-12-31": "826.10000"}, "Total Long Term Liabilities": {"2020-12-31": "", "2019-12-31": "24811.80000", "2018-12-31": "21111.20000", "2017-12-31": "18777.20000", "2016-12-31": "13738.80000", "2015-12-31": "12749.00000", "2014-12-31": "11178.50000", "2013-12-31": "8691.39900", "2012-12-31": "11235.50000", "2011-12-31": "11193.30000", "2010-12-31": "11661.70000", "2009-12-31": "11367.50000", "2008-12-31": "9365.20000", "2007-12-31": "7934.10000", "2006-12-31": "5889.20000", "2005-12-31": "8072.60000"}, "Total Liabilities": {"2020-12-31": "", "2019-12-31": "36587.00000", "2018-12-31": "32999.30000", "2017-12-31": "33313.10000", "2016-12-31": "24725.40000", "2015-12-31": "20978.60000", "2014-12-31": "20919.50000", "2013-12-31": "17608.00000", "2012-12-31": "19625.00000", "2011-12-31": "20124.20000", "2010-12-31": "18588.60000", "2009-12-31": "17935.60000", "2008-12-31": "22474.90000", "2007-12-31": "13370.90000", "2006-12-31": "10974.70000", "2005-12-31": "13788.90000"}, "Common Stock Net": {"2020-12-31": "", "2019-12-31": "598.80000", "2018-12-31": "661.00000", "2017-12-31": "687.90000", "2016-12-31": "688.50000", "2015-12-31": "691.30000", "2014-12-31": "694.60000", "2013-12-31": "698.50000", "2012-12-31": "716.60000", "2011-12-31": "724.10000", "2010-12-31": "721.30000", "2009-12-31": "718.70000", "2008-12-31": "711.10000", "2007-12-31": "709.50000", "2006-12-31": "707.90000", "2005-12-31": "706.90000"}, "Retained Earnings (Accumulated Deficit)": {"2020-12-31": "", "2019-12-31": "4920.40000", "2018-12-31": "11395.90000", "2017-12-31": "13894.10000", "2016-12-31": "16046.30000", "2015-12-31": "16011.80000", "2014-12-31": "16482.70000", "2013-12-31": "16992.40000", "2012-12-31": "16088.20000", "2011-12-31": "14897.80000", "2010-12-31": "12732.60000", "2009-12-31": "9830.40000", "2008-12-31": "7654.90000", "2007-12-31": "11806.70000", "2006-12-31": "10926.70000", "2005-12-31": "10027.20000"}, "Comprehensive Income": {"2020-12-31": "", "2019-12-31": "-6523.60000", "2018-12-31": "-5729.20000", "2017-12-31": "-5718.60000", "2016-12-31": "-5274.00000", "2015-12-31": "-4580.70000", "2014-12-31": "-3991.80000", "2013-12-31": "-2002.70000", "2012-12-31": "-3797.10000", "2011-12-31": "-3858.60000", "2010-12-31": "-2670.10000", "2009-12-31": "-2471.90000", "2008-12-31": "-2786.80000", "2007-12-31": "13.20000", "2006-12-31": "-1388.70000", "2005-12-31": "-420.60000"}, "Other Share Holders Equity": {"2020-12-31": "", "2019-12-31": "-3013.20000", "2018-12-31": "-3013.20000", "2017-12-31": "-3013.20000", "2016-12-31": "-3013.20000", "2015-12-31": "-3013.20000", "2014-12-31": "-3013.20000", "2013-12-31": "-3013.20000", "2012-12-31": "-3013.20000", "2011-12-31": "-3013.10000", "2010-12-31": "-3013.20000", "2009-12-31": "-3013.20000", "2008-12-31": "-2635.00000", "2007-12-31": "-2635.00000", "2006-12-31": "-2635.00000", "2005-12-31": "-2635.00000"}, "Share Holder Equity": {"2020-12-31": "", "2019-12-31": "2699.10000", "2018-12-31": "10909.10000", "2017-12-31": "11667.90000", "2016-12-31": "14080.50000", "2015-12-31": "14590.30000", "2014-12-31": "15388.10000", "2013-12-31": "17640.70000", "2012-12-31": "14773.90000", "2011-12-31": "13535.60000", "2010-12-31": "12412.80000", "2009-12-31": "9525.30000", "2008-12-31": "6737.70000", "2007-12-31": "13503.90000", "2006-12-31": "10980.70000", "2005-12-31": "10791.90000"}, "Total Liabilities And Share Holders Equity": {"2020-12-31": "", "2019-12-31": "39286.10000", "2018-12-31": "43908.40000", "2017-12-31": "44981.00000", "2016-12-31": "38805.90000", "2015-12-31": "35568.90000", "2014-12-31": "36307.60000", "2013-12-31": "35248.70000", "2012-12-31": "34398.90000", "2011-12-31": "33659.80000", "2010-12-31": "31001.40000", "2009-12-31": "27460.90000", "2008-12-31": "29212.60000", "2007-12-31": "26874.80000", "2006-12-31": "21955.40000", "2005-12-31": "24580.80000"}}, "balance sheet, quarterly": {"Cash On Hand": {"2020-12-31": "", "2020-09-30": "3630.30000", "2020-06-30": "2387.90000", "2020-03-31": "1777.40000", "2019-12-31": "2438.50000", "2019-09-30": "1653.00000", "2019-06-30": "2367.90000", "2019-03-31": "2137.10000", "2018-12-31": "7408.90000", "2018-09-30": "9036.10000", "2018-06-30": "6909.50000", "2018-03-31": "4789.50000", "2017-12-31": "8034.10000", "2017-09-30": "6943.10000", "2017-06-30": "5434.10000", "2017-03-31": "3505.60000", "2016-12-31": "6038.60000", "2016-09-30": "4226.80000", "2016-06-30": "3934.80000", "2016-03-31": "2995.00000", "2015-12-31": "4451.80000", "2015-09-30": "4319.20000", "2015-06-30": "4230.90000", "2015-03-31": "4139.80000", "2014-12-31": "4827.00000", "2014-09-30": "4809.90000", "2014-06-30": "5126.50000", "2014-03-31": "5212.40000", "2013-12-31": "5397.30000", "2013-09-30": "5379.30000", "2013-06-30": "4711.00000", "2013-03-31": "4732.40000", "2012-12-31": "5684.30000", "2012-09-30": "6899.90000", "2012-06-30": "5261.50000", "2012-03-31": "4924.60000", "2011-12-31": "6897.10000", "2011-09-30": "6784.30000", "2011-06-30": "6329.80000", "2011-03-31": "6713.10000", "2010-12-31": "6727.00000", "2010-09-30": "6140.10000", "2010-06-30": "5196.60000", "2010-03-31": "4758.40000", "2009-12-31": "4497.60000", "2009-09-30": "3929.10000", "2009-06-30": "3490.40000", "2009-03-31": "3508.30000", "2008-12-31": "5926.10000", "2008-09-30": "6118.80000", "2008-06-30": "5170.00000", "2008-03-31": "5434.50000", "2007-12-31": "4831.20000", "2007-09-30": "3565.80000", "2007-06-30": "3004.40000", "2007-03-31": "3363.90000", "2006-12-31": "3891.00000", "2006-09-30": "3618.50000", "2006-06-30": "4590.70000", "2006-03-31": "4503.70000", "2005-12-31": "5037.70000", "2005-09-30": "6232.00000", "2005-06-30": "5402.50000", "2005-03-31": "5620.30000"}, "Receivables": {"2020-12-31": "", "2020-09-30": "5844.80000", "2020-06-30": "5775.60000", "2020-03-31": "6352.50000", "2019-12-31": "5541.50000", "2019-09-30": "5537.90000", "2019-06-30": "5590.00000", "2019-03-31": "5178.00000", "2018-12-31": "5776.80000", "2018-09-30": "5652.60000", "2018-06-30": "5579.10000", "2018-03-31": "5270.70000", "2017-12-31": "5262.20000", "2017-09-30": "5014.50000", "2017-06-30": "4956.10000", "2017-03-31": "4613.90000", "2016-12-31": "4766.30000", "2016-09-30": "4521.40000", "2016-06-30": "4493.10000", "2016-03-31": "4187.40000", "2015-12-31": "4071.60000", "2015-09-30": "4067.70000", "2015-06-30": "4096.60000", "2015-03-31": "3825.70000", "2014-12-31": "3801.30000", "2014-09-30": "3634.60000", "2014-06-30": "3754.10000", "2014-03-31": "3746.10000", "2013-12-31": "4022.80000", "2013-09-30": "3995.40000", "2013-06-30": "4214.00000", "2013-03-31": "4029.10000", "2012-12-31": "3888.30000", "2012-09-30": "3795.50000", "2012-06-30": "3771.70000", "2012-03-31": "3931.30000", "2011-12-31": "4237.90000", "2011-09-30": "4097.60000", "2011-06-30": "4446.50000", "2011-03-31": "4183.10000", "2010-12-31": "4158.10000", "2010-09-30": "3874.80000", "2010-06-30": "3653.00000", "2010-03-31": "3729.90000", "2009-12-31": "3831.80000", "2009-09-30": "3482.90000", "2009-06-30": "3329.90000", "2009-03-31": "3159.90000", "2008-12-31": "3277.30000", "2008-09-30": "3259.00000", "2008-06-30": "3477.20000", "2008-03-31": "3370.10000", "2007-12-31": "3704.80000", "2007-09-30": "2938.70000", "2007-06-30": "2814.20000", "2007-03-31": "2706.60000", "2006-12-31": "2694.40000", "2006-09-30": "2477.50000", "2006-06-30": "2516.80000", "2006-03-31": "2491.00000", "2005-12-31": "2761.70000", "2005-09-30": "2417.60000", "2005-06-30": "2459.50000", "2005-03-31": "2581.80000"}, "Inventory": {"2020-12-31": "", "2020-09-30": "3555.40000", "2020-06-30": "3313.90000", "2020-03-31": "3102.40000", "2019-12-31": "3190.70000", "2019-09-30": "3101.30000", "2019-06-30": "3181.10000", "2019-03-31": "3055.20000", "2018-12-31": "3098.10000", "2018-09-30": "4118.00000", "2018-06-30": "4155.50000", "2018-03-31": "4631.30000", "2017-12-31": "4458.30000", "2017-09-30": "4406.90000", "2017-06-30": "4346.00000", "2017-03-31": "4035.10000", "2016-12-31": "3561.90000", "2016-09-30": "3881.20000", "2016-06-30": "3759.90000", "2016-03-31": "3740.20000", "2015-12-31": "3445.80000", "2015-09-30": "3417.70000", "2015-06-30": "3288.40000", "2015-03-31": "2980.20000", "2014-12-31": "2740.00000", "2014-09-30": "2844.50000", "2014-06-30": "3190.30000", "2014-03-31": "2969.00000", "2013-12-31": "2928.80000", "2013-09-30": "2974.10000", "2013-06-30": "2725.40000", "2013-03-31": "2576.70000", "2012-12-31": "2643.80000", "2012-09-30": "2553.40000", "2012-06-30": "2320.80000", "2012-03-31": "2424.20000", "2011-12-31": "2299.80000", "2011-09-30": "2513.30000", "2011-06-30": "2870.20000", "2011-03-31": "2767.20000", "2010-12-31": "2517.70000", "2010-09-30": "2679.60000", "2010-06-30": "2174.40000", "2010-03-31": "2471.10000", "2009-12-31": "2849.90000", "2009-09-30": "3128.20000", "2009-06-30": "2999.70000", "2009-03-31": "2549.00000", "2008-12-31": "2493.20000", "2008-09-30": "2111.60000", "2008-06-30": "2546.40000", "2008-03-31": "2594.40000", "2007-12-31": "2523.70000", "2007-09-30": "2498.00000", "2007-06-30": "2330.00000", "2007-03-31": "2277.80000", "2006-12-31": "2270.30000", "2006-09-30": "2199.80000", "2006-06-30": "2099.20000", "2006-03-31": "1969.10000", "2005-12-31": "1878.00000", "2005-09-30": "1949.90000", "2005-06-30": "1988.80000", "2005-03-31": "2198.30000"}, "Pre-Paid Expenses": {"2020-12-31": "", "2020-09-30": "3209.40000", "2020-06-30": "3104.50000", "2020-03-31": "2761.90000", "2019-12-31": "2538.90000", "2019-09-30": "2369.60000", "2019-06-30": "2315.50000", "2019-03-31": "2227.20000", "2018-12-31": "2036.70000", "2018-09-30": "1879.20000", "2018-06-30": "1688.60000", "2018-03-31": "1570.00000", "2017-12-31": "1447.50000", "2017-09-30": "1063.90000", "2017-06-30": "1010.30000", "2017-03-31": "821.60000", "2016-12-31": "734.60000", "2016-09-30": "756.50000", "2016-06-30": "789.50000", "2016-03-31": "792.00000", "2015-12-31": "604.40000", "2015-09-30": "762.40000", "2015-06-30": "730.10000", "2015-03-31": "797.00000", "2014-12-31": "560.00000", "2014-09-30": "821.50000", "2014-06-30": "1085.80000", "2014-03-31": "1111.80000", "2013-12-31": "755.80000", "2013-09-30": "853.40000", "2013-06-30": "988.90000", "2013-03-31": "987.90000", "2012-12-31": "822.30000", "2012-09-30": "790.10000", "2012-06-30": "953.30000", "2012-03-31": "1322.50000", "2011-12-31": "813.40000", "2011-09-30": "1177.50000", "2011-06-30": "1303.80000", "2011-03-31": "1690.90000", "2010-12-31": "1437.20000", "2010-09-30": "1192.00000", "2010-06-30": "1128.00000", "2010-03-31": "1017.80000", "2009-12-31": "1307.20000", "2009-09-30": "1006.10000", "2009-06-30": "824.70000", "2009-03-31": "652.00000", "2008-12-31": "374.60000", "2008-09-30": "825.00000", "2008-06-30": "861.00000", "2008-03-31": "529.80000", "2007-12-31": "613.60000", "2007-09-30": "1070.30000", "2007-06-30": "917.80000", "2007-03-31": "390.60000", "2006-12-31": "319.50000", "2006-09-30": "744.20000", "2006-06-30": "733.00000", "2006-03-31": "735.70000", "2005-12-31": "362.00000", "2005-09-30": "732.50000", "2005-06-30": "710.60000", "2005-03-31": "355.00000"}, "Other Current Assets": {"2020-12-31": "", "2020-09-30": "", "2020-06-30": "", "2020-03-31": "", "2019-12-31": "", "2019-09-30": "", "2019-06-30": "", "2019-03-31": "", "2018-12-31": "", "2018-09-30": "", "2018-06-30": "", "2018-03-31": "", "2017-12-31": "", "2017-09-30": "", "2017-06-30": "", "2017-03-31": "", "2016-12-31": "", "2016-09-30": "", "2016-06-30": "", "2016-03-31": "", "2015-12-31": "", "2015-09-30": "", "2015-06-30": "", "2015-03-31": "", "2014-12-31": "", "2014-09-30": "", "2014-06-30": "", "2014-03-31": "", "2013-12-31": "", "2013-09-30": "", "2013-06-30": "", "2013-03-31": "", "2012-12-31": "", "2012-09-30": "", "2012-06-30": "", "2012-03-31": "", "2011-12-31": "", "2011-09-30": "", "2011-06-30": "", "2011-03-31": "", "2010-12-31": "", "2010-09-30": "", "2010-06-30": "", "2010-03-31": "", "2009-12-31": "", "2009-09-30": "", "2009-06-30": "", "2009-03-31": "", "2008-12-31": "", "2008-09-30": "", "2008-06-30": "", "2008-03-31": "", "2007-12-31": "", "2007-09-30": "", "2007-06-30": "", "2007-03-31": "", "2006-12-31": "", "2006-09-30": "", "2006-06-30": "", "2006-03-31": "", "2005-12-31": "", "2005-09-30": "", "2005-06-30": "", "2005-03-31": ""}, "Total Current Assets": {"2020-12-31": "", "2020-09-30": "16239.90000", "2020-06-30": "14581.90000", "2020-03-31": "13994.20000", "2019-12-31": "13709.60000", "2019-09-30": "12661.80000", "2019-06-30": "13454.50000", "2019-03-31": "12597.50000", "2018-12-31": "20549.60000", "2018-09-30": "20685.90000", "2018-06-30": "18332.70000", "2018-03-31": "16261.50000", "2017-12-31": "19202.10000", "2017-09-30": "17428.40000", "2017-06-30": "15746.50000", "2017-03-31": "12976.20000", "2016-12-31": "15101.40000", "2016-09-30": "13385.90000", "2016-06-30": "12977.30000", "2016-03-31": "11714.60000", "2015-12-31": "12573.60000", "2015-09-30": "12567.00000", "2015-06-30": "12346.00000", "2015-03-31": "11742.70000", "2014-12-31": "11928.30000", "2014-09-30": "12110.50000", "2014-06-30": "13156.70000", "2014-03-31": "13039.30000", "2013-12-31": "13104.70000", "2013-09-30": "13202.20000", "2013-06-30": "12639.30000", "2013-03-31": "12326.10000", "2012-12-31": "13038.70000", "2012-09-30": "14038.90000", "2012-06-30": "12307.30000", "2012-03-31": "12602.60000", "2011-12-31": "14248.20000", "2011-09-30": "14572.70000", "2011-06-30": "14950.30000", "2011-03-31": "15354.30000", "2010-12-31": "14840.00000", "2010-09-30": "14184.30000", "2010-06-30": "12466.40000", "2010-03-31": "12252.40000", "2009-12-31": "12486.50000", "2009-09-30": "11810.00000", "2009-06-30": "10935.30000", "2009-03-31": "10260.40000", "2008-12-31": "12453.30000", "2008-09-30": "12945.80000", "2008-06-30": "12677.10000", "2008-03-31": "12494.20000", "2007-12-31": "12316.10000", "2007-09-30": "10453.70000", "2007-06-30": "9561.30000", "2007-03-31": "9246.00000", "2006-12-31": "9694.40000", "2006-09-30": "9771.20000", "2006-06-30": "10588.60000", "2006-03-31": "10360.60000", "2005-12-31": "10795.80000", "2005-09-30": "11946.90000", "2005-06-30": "10953.80000", "2005-03-31": "11257.30000"}, "Property, Plant, And Equipment": {"2020-12-31": "", "2020-09-30": "8281.10000", "2020-06-30": "7981.10000", "2020-03-31": "7897.90000", "2019-12-31": "7872.90000", "2019-09-30": "7801.50000", "2019-06-30": "7847.50000", "2019-03-31": "7780.00000", "2018-12-31": "7996.10000", "2018-09-30": "8814.10000", "2018-06-30": "8770.80000", "2018-03-31": "8958.20000", "2017-12-31": "8826.50000", "2017-09-30": "8598.50000", "2017-06-30": "8582.80000", "2017-03-31": "8425.50000", "2016-12-31": "8252.60000", "2016-09-30": "8251.90000", "2016-06-30": "8066.10000", "2016-03-31": "8033.10000", "2015-12-31": "8053.50000", "2015-09-30": "8075.30000", "2015-06-30": "8022.60000", "2015-03-31": "7950.70000", "2014-12-31": "7963.90000", "2014-09-30": "8043.30000", "2014-06-30": "8100.90000", "2014-03-31": "7970.70000", "2013-12-31": "7975.50000", "2013-09-30": "7767.40000", "2013-06-30": "7636.70000", "2013-03-31": "7623.40000", "2012-12-31": "7760.20000", "2012-09-30": "7638.90000", "2012-06-30": "7619.90000", "2012-03-31": "7754.60000", "2011-12-31": "7760.30000", "2011-09-30": "7812.20000", "2011-06-30": "7953.70000", "2011-03-31": "7967.70000", "2010-12-31": "7940.70000", "2010-09-30": "7941.90000", "2010-06-30": "7784.40000", "2010-03-31": "7987.00000", "2009-12-31": "8197.40000", "2009-09-30": "8232.70000", "2009-06-30": "8594.30000", "2009-03-31": "8450.20000", "2008-12-31": "8626.30000", "2008-09-30": "8262.10000", "2008-06-30": "8670.50000", "2008-03-31": "8662.10000", "2007-12-31": "8575.10000", "2007-09-30": "8440.70000", "2007-06-30": "8309.70000", "2007-03-31": "8209.10000", "2006-12-31": "8152.30000", "2006-09-30": "8215.40000", "2006-06-30": "8088.00000", "2006-03-31": "7946.30000", "2005-12-31": "7912.50000", "2005-09-30": "7834.80000", "2005-06-30": "7737.90000", "2005-03-31": "7581.90000"}, "Long-Term Investments": {"2020-12-31": "", "2020-09-30": "2476.20000", "2020-06-30": "2406.40000", "2020-03-31": "2148.70000", "2019-12-31": "1962.40000", "2019-09-30": "1825.30000", "2019-06-30": "1852.70000", "2019-03-31": "2111.40000", "2018-12-31": "2005.40000", "2018-09-30": "2005.80000", "2018-06-30": "2059.60000", "2018-03-31": "5375.10000", "2017-12-31": "5678.80000", "2017-09-30": "6148.70000", "2017-06-30": "5723.30000", "2017-03-31": "5297.70000", "2016-12-31": "5207.50000", "2016-09-30": "5027.00000", "2016-06-30": "4449.20000", "2016-03-31": "3764.30000", "2015-12-31": "3646.60000", "2015-09-30": "4102.00000", "2015-06-30": "4099.10000", "2015-03-31": "4576.50000", "2014-12-31": "4568.90000", "2014-09-30": "7405.50000", "2014-06-30": "6649.70000", "2014-03-31": "7204.80000", "2013-12-31": "7624.90000", "2013-09-30": "7220.20000", "2013-06-30": "6561.40000", "2013-03-31": "5636.20000", "2012-12-31": "6313.90000", "2012-09-30": "5224.30000", "2012-06-30": "4547.60000", "2012-03-31": "4521.10000", "2011-12-31": "4029.80000", "2011-09-30": "3219.60000", "2011-06-30": "2943.00000", "2011-03-31": "1898.70000", "2010-12-31": "1779.50000", "2010-09-30": "1340.20000", "2010-06-30": "1064.70000", "2010-03-31": "1099.20000", "2009-12-31": "1155.80000", "2009-09-30": "1173.80000", "2009-06-30": "1239.00000", "2009-03-31": "1363.80000", "2008-12-31": "1544.60000", "2008-09-30": "1186.60000", "2008-06-30": "1070.80000", "2008-03-31": "596.10000", "2007-12-31": "577.10000", "2007-09-30": "570.60000", "2007-06-30": "552.90000", "2007-03-31": "945.40000", "2006-12-31": "1001.90000", "2006-09-30": "1294.50000", "2006-06-30": "1287.80000", "2006-03-31": "1318.40000", "2005-12-31": "1296.60000", "2005-09-30": "520.90000", "2005-06-30": "502.10000", "2005-03-31": "500.60000"}, "Goodwill And Intangible Assets": {"2020-12-31": "", "2020-09-30": "11315.00000", "2020-06-30": "11435.70000", "2020-03-31": "11545.80000", "2019-12-31": "10297.40000", "2019-09-30": "10461.80000", "2019-06-30": "10406.70000", "2019-03-31": "10497.40000", "2018-12-31": "2434.60000", "2018-09-30": "7977.80000", "2018-06-30": "8105.20000", "2018-03-31": "8332.40000", "2017-12-31": "8399.30000", "2017-09-30": "8637.20000", "2017-06-30": "8833.40000", "2017-03-31": "8904.70000", "2016-12-31": "8330.60000", "2016-09-30": "8646.20000", "2016-06-30": "8832.80000", "2016-03-31": "8934.90000", "2015-12-31": "9074.69900", "2015-09-30": "8670.80000", "2015-06-30": "8867.60000", "2015-03-31": "8894.60000", "2014-12-31": "4642.30000", "2014-09-30": "4750.80000", "2014-06-30": "4670.10000", "2014-03-31": "4203.10000", "2013-12-31": "4331.10000", "2013-09-30": "4455.10000", "2013-06-30": "4508.50000", "2013-03-31": "4618.60000", "2012-12-31": "4752.70000", "2012-09-30": "5031.10000", "2012-06-30": "5142.80000", "2012-03-31": "5266.70000", "2011-12-31": "5128.10000", "2011-09-30": "5221.90000", "2011-06-30": "4955.40000", "2011-03-31": "4731.30000", "2010-12-31": "4818.80000", "2010-09-30": "4308.50000", "2010-06-30": "4036.00000", "2010-03-31": "4031.60000", "2009-12-31": "3699.80000", "2009-09-30": "3738.90000", "2009-06-30": "3790.30000", "2009-03-31": "3857.90000", "2008-12-31": "3929.10000", "2008-09-30": "2298.80000", "2008-06-30": "2337.40000", "2008-03-31": "2378.50000", "2007-12-31": "2455.40000", "2007-09-30": "2453.60000", "2007-06-30": "2494.30000", "2007-03-31": "2415.30000", "2006-12-31": "130.00000", "2006-09-30": "", "2006-06-30": "", "2006-03-31": "", "2005-12-31": "", "2005-09-30": "", "2005-06-30": "", "2005-03-31": ""}, "Other Long-Term Assets": {"2020-12-31": "", "2020-09-30": "3078.50000", "2020-06-30": "3080.10000", "2020-03-31": "3044.60000", "2019-12-31": "2871.20000", "2019-09-30": "2194.20000", "2019-06-30": "2052.10000", "2019-03-31": "1963.00000", "2018-12-31": "1824.90000", "2018-09-30": "2009.20000", "2018-06-30": "1776.50000", "2018-03-31": "1746.80000", "2017-12-31": "1707.90000", "2017-09-30": "2197.60000", "2017-06-30": "2060.50000", "2017-03-31": "2020.20000", "2016-12-31": "1913.80000", "2016-09-30": "2279.30000", "2016-06-30": "2149.90000", "2016-03-31": "2244.90000", "2015-12-31": "2220.50000", "2015-09-30": "2889.60000", "2015-06-30": "2701.30000", "2015-03-31": "2489.40000", "2014-12-31": "7204.20000", "2014-09-30": "2338.70000", "2014-06-30": "2441.00000", "2014-03-31": "2339.00000", "2013-12-31": "2212.50000", "2013-09-30": "1320.70000", "2013-06-30": "1880.10000", "2013-03-31": "2095.80000", "2012-12-31": "2533.40000", "2012-09-30": "2387.80000", "2012-06-30": "2195.00000", "2012-03-31": "2093.20000", "2011-12-31": "2493.40000", "2011-09-30": "2215.80000", "2011-06-30": "1976.90000", "2011-03-31": "1743.30000", "2010-12-31": "1622.40000", "2010-09-30": "2129.40000", "2010-06-30": "2371.60000", "2010-03-31": "1827.60000", "2009-12-31": "1921.40000", "2009-09-30": "2172.50000", "2009-06-30": "2372.60000", "2009-03-31": "2664.50000", "2008-12-31": "2659.30000", "2008-09-30": "1170.00000", "2008-06-30": "1144.70000", "2008-03-31": "1246.80000", "2007-12-31": "1280.60000", "2007-09-30": "1893.10000", "2007-06-30": "2037.90000", "2007-03-31": "1842.90000", "2006-12-31": "1885.30000", "2006-09-30": "2182.20000", "2006-06-30": "2110.40000", "2006-03-31": "2131.20000", "2005-12-31": "2156.30000", "2005-09-30": "2132.90000", "2005-06-30": "2037.60000", "2005-03-31": "1666.90000"}, "Total Long-Term Assets": {"2020-12-31": "", "2020-09-30": "27706.10000", "2020-06-30": "27385.10000", "2020-03-31": "27108.60000", "2019-12-31": "25576.50000", "2019-09-30": "25231.30000", "2019-06-30": "25211.90000", "2019-03-31": "25409.30000", "2018-12-31": "23358.80000", "2018-09-30": "23939.20000", "2018-06-30": "24026.50000", "2018-03-31": "28094.10000", "2017-12-31": "25778.90000", "2017-09-30": "25582.00000", "2017-06-30": "25200.00000", "2017-03-31": "24648.10000", "2016-12-31": "23704.50000", "2016-09-30": "24204.40000", "2016-06-30": "23498.00000", "2016-03-31": "22977.20000", "2015-12-31": "22995.30000", "2015-09-30": "23737.70000", "2015-06-30": "23690.60000", "2015-03-31": "23911.20000", "2014-12-31": "24379.30000", "2014-09-30": "22538.30000", "2014-06-30": "21861.70000", "2014-03-31": "21717.60000", "2013-12-31": "22144.00000", "2013-09-30": "20763.40000", "2013-06-30": "20586.70000", "2013-03-31": "19974.00000", "2012-12-31": "21360.20000", "2012-09-30": "20282.10000", "2012-06-30": "19505.30000", "2012-03-31": "19635.60000", "2011-12-31": "19411.60000", "2011-09-30": "18469.50000", "2011-06-30": "17829.00000", "2011-03-31": "16341.00000", "2010-12-31": "16161.40000", "2010-09-30": "15720.00000", "2010-06-30": "15256.70000", "2010-03-31": "14945.40000", "2009-12-31": "14974.40000", "2009-09-30": "15317.90000", "2009-06-30": "15996.20000", "2009-03-31": "16336.40000", "2008-12-31": "16759.30000", "2008-09-30": "14761.30000", "2008-06-30": "15074.90000", "2008-03-31": "14726.00000", "2007-12-31": "14558.70000", "2007-09-30": "14519.80000", "2007-06-30": "14494.30000", "2007-03-31": "14487.30000", "2006-12-31": "12261.00000", "2006-09-30": "14142.20000", "2006-06-30": "13847.00000", "2006-03-31": "13786.30000", "2005-12-31": "13785.00000", "2005-09-30": "12856.50000", "2005-06-30": "12465.80000", "2005-03-31": "11982.40000"}, "Total Assets": {"2020-12-31": "0.00000", "2020-09-30": "43946.00000", "2020-06-30": "41967.00000", "2020-03-31": "41102.80000", "2019-12-31": "39286.10000", "2019-09-30": "37893.10000", "2019-06-30": "38666.40000", "2019-03-31": "38006.80000", "2018-12-31": "43908.40000", "2018-09-30": "44625.10000", "2018-06-30": "42359.20000", "2018-03-31": "44355.60000", "2017-12-31": "44981.00000", "2017-09-30": "43010.40000", "2017-06-30": "40946.50000", "2017-03-31": "37624.30000", "2016-12-31": "38805.90000", "2016-09-30": "37590.30000", "2016-06-30": "36475.30000", "2016-03-31": "34691.80000", "2015-12-31": "35568.90000", "2015-09-30": "36304.70000", "2015-06-30": "36036.60000", "2015-03-31": "35653.90000", "2014-12-31": "36307.60000", "2014-09-30": "34648.80000", "2014-06-30": "35018.40000", "2014-03-31": "34756.90000", "2013-12-31": "35248.70000", "2013-09-30": "33965.60000", "2013-06-30": "33226.00000", "2013-03-31": "32300.10000", "2012-12-31": "34398.90000", "2012-09-30": "34321.00000", "2012-06-30": "31812.60000", "2012-03-31": "32238.20000", "2011-12-31": "33659.80000", "2011-09-30": "33042.20000", "2011-06-30": "32779.30000", "2011-03-31": "31695.30000", "2010-12-31": "31001.40000", "2010-09-30": "29904.30000", "2010-06-30": "27723.10000", "2010-03-31": "27197.80000", "2009-12-31": "27460.90000", "2009-09-30": "27127.90000", "2009-06-30": "26931.50000", "2009-03-31": "26596.80000", "2008-12-31": "29212.60000", "2008-09-30": "27707.10000", "2008-06-30": "27752.00000", "2008-03-31": "27220.20000", "2007-12-31": "26874.80000", "2007-09-30": "24973.50000", "2007-06-30": "24055.60000", "2007-03-31": "23733.30000", "2006-12-31": "21955.40000", "2006-09-30": "23913.40000", "2006-06-30": "24435.60000", "2006-03-31": "24146.90000", "2005-12-31": "24580.80000", "2005-09-30": "24803.40000", "2005-06-30": "23419.60000", "2005-03-31": "23239.70000"}, "Total Current Liabilities": {"2020-12-31": "", "2020-09-30": "11976.90000", "2020-06-30": "11988.50000", "2020-03-31": "12610.20000", "2019-12-31": "11775.20000", "2019-09-30": "10828.60000", "2019-06-30": "11855.40000", "2019-03-31": "11236.10000", "2018-12-31": "11888.10000", "2018-09-30": "10826.70000", "2018-06-30": "13055.20000", "2018-03-31": "11547.00000", "2017-12-31": "14535.90000", "2017-09-30": "12666.50000", "2017-06-30": "11294.50000", "2017-03-31": "10448.00000", "2016-12-31": "10986.60000", "2016-09-30": "8272.80000", "2016-06-30": "8401.00000", "2016-03-31": "7340.90000", "2015-12-31": "8229.60000", "2015-09-30": "8303.30000", "2015-06-30": "8232.00000", "2015-03-31": "8342.90000", "2014-12-31": "9741.00000", "2014-09-30": "7574.60000", "2014-06-30": "7417.40000", "2014-03-31": "6631.70000", "2013-12-31": "8916.60000", "2013-09-30": "8076.10000", "2013-06-30": "8408.50000", "2013-03-31": "7593.60000", "2012-12-31": "8389.50000", "2012-09-30": "6960.70000", "2012-06-30": "6609.70000", "2012-03-31": "6553.70000", "2011-12-31": "8930.90000", "2011-09-30": "8219.30000", "2011-06-30": "8620.50000", "2011-03-31": "7651.80000", "2010-12-31": "6926.90000", "2010-09-30": "6097.40000", "2010-06-30": "6324.60000", "2010-03-31": "5657.60000", "2009-12-31": "6568.10000", "2009-09-30": "6067.50000", "2009-06-30": "6989.30000", "2009-03-31": "7357.70000", "2008-12-31": "13109.70000", "2008-09-30": "6509.80000", "2008-06-30": "5258.80000", "2008-03-31": "4164.30000", "2007-12-31": "5436.80000", "2007-09-30": "4071.60000", "2007-06-30": "4545.20000", "2007-03-31": "4152.30000", "2006-12-31": "5085.50000", "2006-09-30": "3882.80000", "2006-06-30": "4645.30000", "2006-03-31": "4526.20000", "2005-12-31": "5716.30000", "2005-09-30": "5091.50000", "2005-06-30": "6462.40000", "2005-03-31": "5381.70000"}, "Long Term Debt": {"2020-12-31": "", "2020-09-30": "16334.60000", "2020-06-30": "15064.40000", "2020-03-31": "13982.30000", "2019-12-31": "13817.90000", "2019-09-30": "13662.20000", "2019-06-30": "13717.60000", "2019-03-31": "13610.20000", "2018-12-31": "9196.40000", "2018-09-30": "11674.70000", "2018-06-30": "9170.50000", "2018-03-31": "9393.50000", "2017-12-31": "9940.50000", "2017-09-30": "9926.60000", "2017-06-30": "9867.90000", "2017-03-31": "7637.50000", "2016-12-31": "8367.80000", "2016-09-30": "8707.30000", "2016-06-30": "8685.50000", "2016-03-31": "7477.60000", "2015-12-31": "7972.40000", "2015-09-30": "8069.60000", "2015-06-30": "7988.60000", "2015-03-31": "7415.30000", "2014-12-31": "5332.80000", "2014-09-30": "5292.60000", "2014-06-30": "5301.00000", "2014-03-31": "5255.30000", "2013-12-31": "4200.30000", "2013-09-30": "4263.80000", "2013-06-30": "4290.80000", "2013-03-31": "4431.60000", "2012-12-31": "5519.40000", "2012-09-30": "5510.90000", "2012-06-30": "5500.20000", "2012-03-31": "5403.20000", "2011-12-31": "5464.70000", "2011-09-30": "5451.30000", "2011-06-30": "5200.10000", "2011-03-31": "5132.40000", "2010-12-31": "6770.50000", "2010-09-30": "6982.00000", "2010-06-30": "6862.20000", "2010-03-31": "6661.30000", "2009-12-31": "6634.70000", "2009-09-30": "6769.70000", "2009-06-30": "6688.00000", "2009-03-31": "6870.80000", "2008-12-31": "4615.70000", "2008-09-30": "4185.60000", "2008-06-30": "4545.80000", "2008-03-31": "4648.30000", "2007-12-31": "4593.50000", "2007-09-30": "4532.20000", "2007-06-30": "4574.00000", "2007-03-31": "4624.20000", "2006-12-31": "3494.40000", "2006-09-30": "4553.30000", "2006-06-30": "5578.00000", "2006-03-31": "5612.50000", "2005-12-31": "5763.50000", "2005-09-30": "5881.10000", "2005-06-30": "4445.50000", "2005-03-31": "4357.00000"}, "Other Non-Current Liabilities": {"2020-12-31": "", "2020-09-30": "5095.30000", "2020-06-30": "5204.30000", "2020-03-31": "5494.90000", "2019-12-31": "5108.20000", "2019-09-30": "4626.90000", "2019-06-30": "4628.50000", "2019-03-31": "4930.20000", "2018-12-31": "5057.60000", "2018-09-30": "5288.30000", "2018-06-30": "5092.20000", "2018-03-31": "5322.20000", "2017-12-31": "5322.80000", "2017-09-30": "2998.60000", "2017-06-30": "3148.80000", "2017-03-31": "2979.40000", "2016-12-31": "2917.10000", "2016-09-30": "2916.60000", "2016-06-30": "2712.20000", "2016-03-31": "2737.30000", "2015-12-31": "2616.30000", "2015-09-30": "2332.70000", "2015-06-30": "2480.90000", "2015-03-31": "2428.40000", "2014-12-31": "3282.80000", "2014-09-30": "2575.00000", "2014-06-30": "2776.70000", "2014-03-31": "2968.10000", "2013-12-31": "2941.70000", "2013-09-30": "2121.70000", "2013-06-30": "2668.60000", "2013-03-31": "2658.90000", "2012-12-31": "2703.70000", "2012-09-30": "3090.10000", "2012-06-30": "2680.30000", "2012-03-31": "2692.20000", "2011-12-31": "2660.10000", "2011-09-30": "2507.80000", "2011-06-30": "2833.10000", "2011-03-31": "3110.50000", "2010-12-31": "3003.80000", "2010-09-30": "2517.10000", "2010-06-30": "2337.90000", "2010-03-31": "2311.20000", "2009-12-31": "2398.10000", "2009-09-30": "2274.60000", "2009-06-30": "2300.60000", "2009-03-31": "2262.50000", "2008-12-31": "2287.20000", "2008-09-30": "1880.10000", "2008-06-30": "1981.60000", "2008-03-31": "1988.50000", "2007-12-31": "1908.00000", "2007-09-30": "3367.00000", "2007-06-30": "1803.50000", "2007-03-31": "1855.70000", "2006-12-31": "745.70000", "2006-09-30": "1574.80000", "2006-06-30": "1524.40000", "2006-03-31": "1567.30000", "2005-12-31": "826.10000", "2005-09-30": "1728.90000", "2005-06-30": "1762.30000", "2005-03-31": "1205.10000"}, "Total Long Term Liabilities": {"2020-12-31": "", "2020-09-30": "26973.10000", "2020-06-30": "25706.50000", "2020-03-31": "25295.40000", "2019-12-31": "24811.80000", "2019-09-30": "23602.20000", "2019-06-30": "23953.70000", "2019-03-31": "24205.70000", "2018-12-31": "21111.20000", "2018-09-30": "19647.50000", "2018-06-30": "17683.20000", "2018-03-31": "18220.80000", "2017-12-31": "18777.20000", "2017-09-30": "15383.30000", "2017-06-30": "15482.30000", "2017-03-31": "13072.60000", "2016-12-31": "13738.80000", "2016-09-30": "13701.70000", "2016-06-30": "13418.10000", "2016-03-31": "12321.50000", "2015-12-31": "12749.00000", "2015-09-30": "12760.50000", "2015-06-30": "13099.20000", "2015-03-31": "12364.50000", "2014-12-31": "11178.50000", "2014-09-30": "9391.70000", "2014-06-30": "9606.20000", "2014-03-31": "9776.50000", "2013-12-31": "8691.39900", "2013-09-30": "8993.39900", "2013-06-30": "9581.10000", "2013-03-31": "9750.90000", "2012-12-31": "11235.50000", "2012-09-30": "11303.40000", "2012-06-30": "10895.00000", "2012-03-31": "10861.90000", "2011-12-31": "11193.30000", "2011-09-30": "9765.00000", "2011-06-30": "9881.80100", "2011-03-31": "10109.30000", "2010-12-31": "11661.70000", "2010-09-30": "11401.40000", "2010-06-30": "11163.20000", "2010-03-31": "11077.90000", "2009-12-31": "11367.50000", "2009-09-30": "11155.40000", "2009-06-30": "11382.20000", "2009-03-31": "11514.30000", "2008-12-31": "9365.20000", "2008-09-30": "7455.70100", "2008-06-30": "7755.20000", "2008-03-31": "8145.70000", "2007-12-31": "7934.10000", "2007-09-30": "7955.00000", "2007-06-30": "7950.40000", "2007-03-31": "8047.10000", "2006-12-31": "5889.20000", "2006-09-30": "6975.89900", "2006-06-30": "7861.80000", "2006-03-31": "7926.50000", "2005-12-31": "8072.60000", "2005-09-30": "8328.60100", "2005-06-30": "6688.60000", "2005-03-31": "6260.20000"}, "Total Liabilities": {"2020-12-31": "", "2020-09-30": "38950.00000", "2020-06-30": "37695.00000", "2020-03-31": "37905.60000", "2019-12-31": "36587.00000", "2019-09-30": "34430.80000", "2019-06-30": "35809.10000", "2019-03-31": "35441.80000", "2018-12-31": "32999.30000", "2018-09-30": "30474.20000", "2018-06-30": "30738.40000", "2018-03-31": "29767.80000", "2017-12-31": "33313.10000", "2017-09-30": "28049.80000", "2017-06-30": "26776.80000", "2017-03-31": "23520.60000", "2016-12-31": "24725.40000", "2016-09-30": "21974.50000", "2016-06-30": "21819.10000", "2016-03-31": "19662.40000", "2015-12-31": "20978.60000", "2015-09-30": "21063.80000", "2015-06-30": "21331.20000", "2015-03-31": "20707.40000", "2014-12-31": "20919.50000", "2014-09-30": "16966.30000", "2014-06-30": "17023.60000", "2014-03-31": "16408.20000", "2013-12-31": "17608.00000", "2013-09-30": "17069.50000", "2013-06-30": "17989.60000", "2013-03-31": "17344.50000", "2012-12-31": "19625.00000", "2012-09-30": "18264.10000", "2012-06-30": "17504.70000", "2012-03-31": "17415.60000", "2011-12-31": "20124.20000", "2011-09-30": "17984.30000", "2011-06-30": "18502.30000", "2011-03-31": "17761.10000", "2010-12-31": "18588.60000", "2010-09-30": "17498.80000", "2010-06-30": "17487.80000", "2010-03-31": "16735.50000", "2009-12-31": "17935.60000", "2009-09-30": "17222.90000", "2009-06-30": "18371.50000", "2009-03-31": "18872.00000", "2008-12-31": "22474.90000", "2008-09-30": "13965.50000", "2008-06-30": "13014.00000", "2008-03-31": "12310.00000", "2007-12-31": "13370.90000", "2007-09-30": "12026.60000", "2007-06-30": "12495.60000", "2007-03-31": "12199.40000", "2006-12-31": "10974.70000", "2006-09-30": "10858.70000", "2006-06-30": "12507.10000", "2006-03-31": "12452.70000", "2005-12-31": "13788.90000", "2005-09-30": "13420.10000", "2005-06-30": "13151.00000", "2005-03-31": "11641.90000"}, "Common Stock Net": {"2020-12-31": "", "2020-09-30": "598.10000", "2020-06-30": "598.10000", "2020-03-31": "598.10000", "2019-12-31": "598.80000", "2019-09-30": "600.40000", "2019-06-30": "603.70000", "2019-03-31": "607.10000", "2018-12-31": "661.00000", "2018-09-30": "667.10000", "2018-06-30": "673.50000", "2018-03-31": "680.80000", "2017-12-31": "687.90000", "2017-09-30": "688.50000", "2017-06-30": "688.50000", "2017-03-31": "690.00000", "2016-12-31": "688.50000", "2016-09-30": "690.40000", "2016-06-30": "690.30000", "2016-03-31": "690.30000", "2015-12-31": "691.30000", "2015-09-30": "693.00000", "2015-06-30": "693.30000", "2015-03-31": "694.10000", "2014-12-31": "694.60000", "2014-09-30": "696.60000", "2014-06-30": "699.00000", "2014-03-31": "700.10000", "2013-12-31": "698.50000", "2013-09-30": "704.70000", "2013-06-30": "704.70000", "2013-03-31": "704.50000", "2012-12-31": "716.60000", "2012-09-30": "725.80000", "2012-06-30": "725.80000", "2012-03-31": "725.80000", "2011-12-31": "724.10000", "2011-09-30": "724.10000", "2011-06-30": "724.10000", "2011-03-31": "724.10000", "2010-12-31": "721.30000", "2010-09-30": "721.30000", "2010-06-30": "721.30000", "2010-03-31": "721.30000", "2009-12-31": "718.70000", "2009-09-30": "718.70000", "2009-06-30": "718.70000", "2009-03-31": "718.70000", "2008-12-31": "711.10000", "2008-09-30": "711.10000", "2008-06-30": "711.20000", "2008-03-31": "711.20000", "2007-12-31": "709.50000", "2007-09-30": "709.50000", "2007-06-30": "709.50000", "2007-03-31": "709.30000", "2006-12-31": "707.90000", "2006-09-30": "707.60000", "2006-06-30": "707.00000", "2006-03-31": "706.90000", "2005-12-31": "706.90000", "2005-09-30": "710.20000", "2005-06-30": "709.20000", "2005-03-31": "708.60000"}, "Retained Earnings (Accumulated Deficit)": {"2020-12-31": "", "2020-09-30": "7154.00000", "2020-06-30": "6617.20000", "2020-03-31": "5879.40000", "2019-12-31": "4920.40000", "2019-09-30": "4981.90000", "2019-06-30": "4318.10000", "2019-03-31": "4879.40000", "2018-12-31": "11395.90000", "2018-09-30": "14408.70000", "2018-06-30": "14247.30000", "2018-03-31": "16608.20000", "2017-12-31": "13894.10000", "2017-09-30": "16145.50000", "2017-06-30": "15590.10000", "2017-03-31": "15876.70000", "2016-12-31": "16046.30000", "2016-09-30": "16601.60000", "2016-06-30": "15824.10000", "2016-03-31": "16155.00000", "2015-12-31": "16011.80000", "2015-09-30": "16856.70000", "2015-06-30": "16114.90000", "2015-03-31": "16706.80000", "2014-12-31": "16482.70000", "2014-09-30": "17406.90000", "2014-06-30": "17204.30000", "2014-03-31": "17665.30000", "2013-12-31": "16992.40000", "2013-09-30": "17811.00000", "2013-06-30": "16608.60000", "2013-03-31": "16462.40000", "2012-12-31": "16088.20000", "2012-09-30": "17062.20000", "2012-06-30": "15736.20000", "2012-03-31": "15906.70000", "2011-12-31": "14897.80000", "2011-09-30": "15125.90000", "2011-06-30": "13888.20000", "2011-03-31": "13785.30000", "2010-12-31": "12732.60000", "2010-09-30": "12647.10000", "2010-06-30": "11343.70000", "2010-03-31": "11077.20000", "2009-12-31": "9830.40000", "2009-09-30": "9992.70000", "2009-06-30": "9049.50000", "2009-03-31": "8967.90000", "2008-12-31": "7654.90000", "2008-09-30": "12336.30000", "2008-06-30": "12800.40000", "2008-03-31": "13033.80000", "2007-12-31": "11806.70000", "2007-09-30": "12090.10000", "2007-06-30": "11163.10000", "2007-03-31": "11427.20000", "2006-12-31": "10926.70000", "2006-09-30": "11692.50000", "2006-06-30": "10817.60000", "2006-03-31": "10865.00000", "2005-12-31": "10027.20000", "2005-09-30": "10172.30000", "2005-06-30": "9381.90000", "2005-03-31": "10462.40000"}, "Comprehensive Income": {"2020-12-31": "", "2020-09-30": "-6555.10000", "2020-06-30": "-6682.90000", "2020-03-31": "-6885.90000", "2019-12-31": "-6523.60000", "2019-09-30": "-5734.50000", "2019-06-30": "-5600.50000", "2019-03-31": "-5687.50000", "2018-12-31": "-5729.20000", "2018-09-30": "-5439.50000", "2018-06-30": "-6108.70000", "2018-03-31": "-5437.50000", "2017-12-31": "-5718.60000", "2017-09-30": "-4609.40000", "2017-06-30": "-4774.90000", "2017-03-31": "-5064.30000", "2016-12-31": "-5274.00000", "2016-09-30": "-4257.70000", "2016-06-30": "-4371.20000", "2016-03-31": "-4264.70000", "2015-12-31": "-4580.70000", "2015-09-30": "-4667.00000", "2015-06-30": "-4403.20000", "2015-03-31": "-4657.50000", "2014-12-31": "-3991.80000", "2014-09-30": "-2551.60000", "2014-06-30": "-1935.30000", "2014-03-31": "-1957.30000", "2013-12-31": "-2002.70000", "2013-09-30": "-3564.10000", "2013-06-30": "-3948.70000", "2013-03-31": "-4014.40000", "2012-12-31": "-3797.10000", "2012-09-30": "-3535.90000", "2012-06-30": "-3934.20000", "2012-03-31": "-3549.20000", "2011-12-31": "-3858.60000", "2011-09-30": "-2505.40000", "2011-06-30": "-2009.90000", "2011-03-31": "-2188.80000", "2010-12-31": "-2670.10000", "2010-09-30": "-2529.80000", "2010-06-30": "-3307.60000", "2010-03-31": "-2776.90000", "2009-12-31": "-2471.90000", "2009-09-30": "-2175.40000", "2009-06-30": "-2466.80000", "2009-03-31": "-3130.30000", "2008-12-31": "-2786.80000", "2008-09-30": "-395.90000", "2008-06-30": "214.10000", "2008-03-31": "207.00000", "2007-12-31": "13.20000", "2007-09-30": "-767.60000", "2007-06-30": "-1142.00000", "2007-03-31": "-1357.00000", "2006-12-31": "-1388.70000", "2006-09-30": "12.40000", "2006-06-30": "-120.00000", "2006-03-31": "-290.40000", "2005-12-31": "-420.60000", "2005-09-30": "-250.10000", "2005-06-30": "-298.40000", "2005-03-31": "47.60000"}, "Other Share Holders Equity": {"2020-12-31": "", "2020-09-30": "-3013.20000", "2020-06-30": "-3013.20000", "2020-03-31": "-3013.20000", "2019-12-31": "-3013.20000", "2019-09-30": "-3013.20000", "2019-06-30": "-3013.20000", "2019-03-31": "-3013.20000", "2018-12-31": "-3013.20000", "2018-09-30": "-3013.20000", "2018-06-30": "-3013.20000", "2018-03-31": "-3013.20000", "2017-12-31": "-3013.20000", "2017-09-30": "-3013.20000", "2017-06-30": "-3013.20000", "2017-03-31": "-3013.20000", "2016-12-31": "-3013.20000", "2016-09-30": "-3013.20000", "2016-06-30": "-3013.20000", "2016-03-31": "-3013.20000", "2015-12-31": "-3013.20000", "2015-09-30": "-3013.20000", "2015-06-30": "-3013.20000", "2015-03-31": "-3013.20000", "2014-12-31": "-3013.20000", "2014-09-30": "-3013.20000", "2014-06-30": "-3013.20000", "2014-03-31": "-3013.20000", "2013-12-31": "-3013.20000", "2013-09-30": "-3013.20000", "2013-06-30": "-3013.20000", "2013-03-31": "-3013.20000", "2012-12-31": "-3013.20000", "2012-09-30": "-3013.20000", "2012-06-30": "-3013.20000", "2012-03-31": "-3013.10000", "2011-12-31": "-3013.10000", "2011-09-30": "-3013.10000", "2011-06-30": "-3013.10000", "2011-03-31": "-3013.10000", "2010-12-31": "-3013.20000", "2010-09-30": "-3013.20000", "2010-06-30": "-3013.20000", "2010-03-31": "-3013.20000", "2009-12-31": "-3013.20000", "2009-09-30": "-3013.20000", "2009-06-30": "-3013.20000", "2009-03-31": "-3013.20000", "2008-12-31": "-2635.00000", "2008-09-30": "-2635.00000", "2008-06-30": "-2635.00000", "2008-03-31": "-2635.00000", "2007-12-31": "-2635.00000", "2007-09-30": "-2635.00000", "2007-06-30": "-2635.00000", "2007-03-31": "-2635.00000", "2006-12-31": "-2635.00000", "2006-09-30": "-2635.00000", "2006-06-30": "-2635.00000", "2006-03-31": "-2635.00000", "2005-12-31": "-2635.00000", "2005-09-30": "-2635.00000", "2005-06-30": "-2635.00000", "2005-03-31": "-2635.00000"}, "Share Holder Equity": {"2020-12-31": "", "2020-09-30": "4996.00000", "2020-06-30": "4272.00000", "2020-03-31": "3197.20000", "2019-12-31": "2699.10000", "2019-09-30": "3462.30000", "2019-06-30": "2857.30000", "2019-03-31": "2565.00000", "2018-12-31": "10909.10000", "2018-09-30": "14150.90000", "2018-06-30": "11620.80000", "2018-03-31": "14587.80000", "2017-12-31": "11667.90000", "2017-09-30": "14960.60000", "2017-06-30": "14169.70000", "2017-03-31": "14103.70000", "2016-12-31": "14080.50000", "2016-09-30": "15615.80000", "2016-06-30": "14656.20000", "2016-03-31": "15029.40000", "2015-12-31": "14590.30000", "2015-09-30": "15240.90000", "2015-06-30": "14705.40000", "2015-03-31": "14946.50000", "2014-12-31": "15388.10000", "2014-09-30": "17682.50000", "2014-06-30": "17994.80000", "2014-03-31": "18348.70000", "2013-12-31": "17640.70000", "2013-09-30": "16896.10000", "2013-06-30": "15236.40000", "2013-03-31": "14955.60000", "2012-12-31": "14773.90000", "2012-09-30": "16056.90000", "2012-06-30": "14307.90000", "2012-03-31": "14822.60000", "2011-12-31": "13535.60000", "2011-09-30": "15057.90000", "2011-06-30": "14277.00000", "2011-03-31": "13934.20000", "2010-12-31": "12412.80000", "2010-09-30": "12405.50000", "2010-06-30": "10235.30000", "2010-03-31": "10462.30000", "2009-12-31": "9525.30000", "2009-09-30": "9905.00000", "2009-06-30": "8560.00000", "2009-03-31": "7724.80000", "2008-12-31": "6737.70000", "2008-09-30": "13741.60000", "2008-06-30": "14738.00000", "2008-03-31": "14910.20000", "2007-12-31": "13503.90000", "2007-09-30": "12946.90000", "2007-06-30": "11560.00000", "2007-03-31": "11533.90000", "2006-12-31": "10980.70000", "2006-09-30": "13054.70000", "2006-06-30": "11928.50000", "2006-03-31": "11694.20000", "2005-12-31": "10791.90000", "2005-09-30": "11383.30000", "2005-06-30": "10268.60000", "2005-03-31": "11597.80000"}, "Total Liabilities And Share Holders Equity": {"2020-12-31": "", "2020-09-30": "43946.00000", "2020-06-30": "41967.00000", "2020-03-31": "41102.80000", "2019-12-31": "39286.10000", "2019-09-30": "37893.10000", "2019-06-30": "38666.40000", "2019-03-31": "38006.80000", "2018-12-31": "43908.40000", "2018-09-30": "44625.10000", "2018-06-30": "42359.20000", "2018-03-31": "44355.60000", "2017-12-31": "44981.00000", "2017-09-30": "43010.40000", "2017-06-30": "40946.50000", "2017-03-31": "37624.30000", "2016-12-31": "38805.90000", "2016-09-30": "37590.30000", "2016-06-30": "36475.30000", "2016-03-31": "34691.80000", "2015-12-31": "35568.90000", "2015-09-30": "36304.70000", "2015-06-30": "36036.60000", "2015-03-31": "35653.90000", "2014-12-31": "36307.60000", "2014-09-30": "34648.80000", "2014-06-30": "35018.40000", "2014-03-31": "34756.90000", "2013-12-31": "35248.70000", "2013-09-30": "33965.60000", "2013-06-30": "33226.00000", "2013-03-31": "32300.10000", "2012-12-31": "34398.90000", "2012-09-30": "34321.00000", "2012-06-30": "31812.60000", "2012-03-31": "32238.20000", "2011-12-31": "33659.80000", "2011-09-30": "33042.20000", "2011-06-30": "32779.30000", "2011-03-31": "31695.30000", "2010-12-31": "31001.40000", "2010-09-30": "29904.30000", "2010-06-30": "27723.10000", "2010-03-31": "27197.80000", "2009-12-31": "27460.90000", "2009-09-30": "27127.90000", "2009-06-30": "26931.50000", "2009-03-31": "26596.80000", "2008-12-31": "29212.60000", "2008-09-30": "27707.10000", "2008-06-30": "27752.00000", "2008-03-31": "27220.20000", "2007-12-31": "26874.80000", "2007-09-30": "24973.50000", "2007-06-30": "24055.60000", "2007-03-31": "23733.30000", "2006-12-31": "21955.40000", "2006-09-30": "23913.40000", "2006-06-30": "24435.60000", "2006-03-31": "24146.90000", "2005-12-31": "24580.80000", "2005-09-30": "24803.40000", "2005-06-30": "23419.60000", "2005-03-31": "23239.70000"}}, "cash flow statement": {"Net Income/Loss": {"2020-12-31": "0.00000", "2019-12-31": "8318.40000", "2018-12-31": "3232.00000", "2017-12-31": "-204.10000", "2016-12-31": "2737.60000", "2015-12-31": "2408.40000", "2014-12-31": "2390.50000", "2013-12-31": "4684.80000", "2012-12-31": "4088.60000", "2011-12-31": "4347.70000", "2010-12-31": "5069.50000", "2009-12-31": "4328.80000", "2008-12-31": "-2071.90000", "2007-12-31": "2953.00000", "2006-12-31": "2662.70000", "2005-12-31": "1979.60000"}, "Total Depreciation And Amortization - Cash Flow": {"2020-12-31": "", "2019-12-31": "1232.60000", "2018-12-31": "1609.00000", "2017-12-31": "1567.30000", "2016-12-31": "1496.60000", "2015-12-31": "1427.70000", "2014-12-31": "1379.00000", "2013-12-31": "1445.60000", "2012-12-31": "1462.20000", "2011-12-31": "1373.60000", "2010-12-31": "1328.20000", "2009-12-31": "1297.80000", "2008-12-31": "1122.60000", "2007-12-31": "1047.90000", "2006-12-31": "801.80000", "2005-12-31": "726.40000"}, "Other Non-Cash Items": {"2020-12-31": "", "2019-12-31": "-3027.20000", "2018-12-31": "3062.20000", "2017-12-31": "1047.50000", "2016-12-31": "1100.90000", "2015-12-31": "267.70000", "2014-12-31": "1014.40000", "2013-12-31": "-2.40000", "2012-12-31": "-194.80000", "2011-12-31": "264.80000", "2010-12-31": "644.60000", "2009-12-31": "-334.20000", "2008-12-31": "7320.70000", "2007-12-31": "1207.40000", "2006-12-31": "1306.70000", "2005-12-31": "1154.70000"}, "Total Non-Cash Items": {"2020-12-31": "", "2019-12-31": "-1794.60000", "2018-12-31": "4671.20000", "2017-12-31": "2614.80000", "2016-12-31": "2597.50000", "2015-12-31": "1695.40000", "2014-12-31": "2393.40000", "2013-12-31": "1443.20000", "2012-12-31": "1267.40000", "2011-12-31": "1638.40000", "2010-12-31": "1972.80000", "2009-12-31": "963.60010", "2008-12-31": "8443.30100", "2007-12-31": "2255.30000", "2006-12-31": "2108.50000", "2005-12-31": "1881.10000"}, "Change In Accounts Receivable": {"2020-12-31": "", "2019-12-31": "-127.20000", "2018-12-31": "-996.70000", "2017-12-31": "-357.00000", "2016-12-31": "-709.40000", "2015-12-31": "-304.50000", "2014-12-31": "117.40000", "2013-12-31": "-152.70000", "2012-12-31": "361.80000", "2011-12-31": "-188.80000", "2010-12-31": "-319.10000", "2009-12-31": "-492.90000", "2008-12-31": "799.10000", "2007-12-31": "-842.70000", "2006-12-31": "243.90000", "2005-12-31": "-286.40000"}, "Change In Inventories": {"2020-12-31": "", "2019-12-31": "-258.70000", "2018-12-31": "7.80000", "2017-12-31": "-253.90000", "2016-12-31": "-328.20000", "2015-12-31": "-736.30000", "2014-12-31": "-307.10000", "2013-12-31": "-286.50000", "2012-12-31": "-307.90000", "2011-12-31": "203.10000", "2010-12-31": "157.00000", "2009-12-31": "-179.00000", "2008-12-31": "84.80000", "2007-12-31": "154.30000", "2006-12-31": "-60.20000", "2005-12-31": "72.10000"}, "Change In Accounts Payable": {"2020-12-31": "", "2019-12-31": "-477.70000", "2018-12-31": "-284.50000", "2017-12-31": "916.30000", "2016-12-31": "1123.80000", "2015-12-31": "207.90000", "2014-12-31": "-809.00000", "2013-12-31": "-70.30000", "2012-12-31": "-336.10000", "2011-12-31": "591.40000", "2010-12-31": "-363.90000", "2009-12-31": "-200.10000", "2008-12-31": "-1608.30000", "2007-12-31": "990.40000", "2006-12-31": "-936.00000", "2005-12-31": "-1463.40000"}, "Change In Assets/Liabilities": {"2020-12-31": "", "2019-12-31": "-602.30000", "2018-12-31": "-980.00000", "2017-12-31": "-590.10000", "2016-12-31": "-265.50000", "2015-12-31": "-288.50000", "2014-12-31": "673.20000", "2013-12-31": "116.50000", "2012-12-31": "231.00000", "2011-12-31": "642.70000", "2010-12-31": "340.50000", "2009-12-31": "-84.90000", "2008-12-31": "1648.60000", "2007-12-31": "-355.80000", "2006-12-31": "-43.00000", "2005-12-31": "-269.40000"}, "Total Change In Assets/Liabilities": {"2020-12-31": "", "2019-12-31": "-1687.20000", "2018-12-31": "-2378.70000", "2017-12-31": "3204.90000", "2016-12-31": "-484.10000", "2015-12-31": "-1139.20000", "2014-12-31": "-325.50000", "2013-12-31": "-393.00000", "2012-12-31": "-51.20000", "2011-12-31": "1248.40000", "2010-12-31": "-185.50000", "2009-12-31": "-956.90000", "2008-12-31": "924.19990", "2007-12-31": "-53.80000", "2006-12-31": "-795.30000", "2005-12-31": "-1947.10000"}, "Cash Flow From Operating Activities": {"2020-12-31": "", "2019-12-31": "4836.60000", "2018-12-31": "5524.50000", "2017-12-31": "5615.60000", "2016-12-31": "4851.00000", "2015-12-31": "2964.60000", "2014-12-31": "4458.40000", "2013-12-31": "5735.00000", "2012-12-31": "5304.80000", "2011-12-31": "7234.50000", "2010-12-31": "6856.80000", "2009-12-31": "4335.50000", "2008-12-31": "7295.60000", "2007-12-31": "5154.50000", "2006-12-31": "3975.90000", "2005-12-31": "1913.60000"}, "Net Change In Property, Plant, And Equipment": {"2020-12-31": "", "2019-12-31": "-1033.90000", "2018-12-31": "-1210.60000", "2017-12-31": "-1076.80000", "2016-12-31": "-963.60000", "2015-12-31": "-973.60000", "2014-12-31": "-1147.30000", "2013-12-31": "-832.70000", "2012-12-31": "-883.40000", "2011-12-31": "-646.70000", "2010-12-31": "-669.70000", "2009-12-31": "-747.30000", "2008-12-31": "-921.50000", "2007-12-31": "-1050.10000", "2006-12-31": "-1012.60000", "2005-12-31": "-1287.00000"}, "Net Change In Intangible Assets": {"2020-12-31": "", "2019-12-31": "", "2018-12-31": "", "2017-12-31": "", "2016-12-31": "", "2015-12-31": "410.00000", "2014-12-31": "-308.30000", "2013-12-31": "-24.10000", "2012-12-31": "-138.80000", "2011-12-31": "-632.90000", "2010-12-31": "-442.40000", "2009-12-31": "", "2008-12-31": "", "2007-12-31": "", "2006-12-31": "", "2005-12-31": ""}, "Net Acquisitions/Divestitures": {"2020-12-31": "", "2019-12-31": "-6562.90000", "2018-12-31": "", "2017-12-31": "-882.10000", "2016-12-31": "-45.00000", "2015-12-31": "-5283.10000", "2014-12-31": "-551.40000", "2013-12-31": "-43.70000", "2012-12-31": "-199.30000", "2011-12-31": "-307.80000", "2010-12-31": "-609.40000", "2009-12-31": "", "2008-12-31": "-6083.00000", "2007-12-31": "-2673.20000", "2006-12-31": "", "2005-12-31": ""}, "Net Change In Short-term Investments": {"2020-12-31": "", "2019-12-31": "93.90000", "2018-12-31": "2440.30000", "2017-12-31": "1462.80000", "2016-12-31": "314.60000", "2015-12-31": "1319.60000", "2014-12-31": "2416.30000", "2013-12-31": "1789.10000", "2012-12-31": "375.10000", "2011-12-31": "-250.90000", "2010-12-31": "-686.50000", "2009-12-31": "399.10000", "2008-12-31": "957.60000", "2007-12-31": "-376.90000", "2006-12-31": "1247.50000", "2005-12-31": "62.70000"}, "Net Change In Long-Term Investments": {"2020-12-31": "", "2019-12-31": "362.30000", "2018-12-31": "2671.60000", "2017-12-31": "-2025.60000", "2016-12-31": "-2260.00000", "2015-12-31": "-158.10010", "2014-12-31": "1206.70000", "2013-12-31": "-2806.90000", "2012-12-31": "-3262.90000", "2011-12-31": "-2485.90000", "2010-12-31": "-482.49990", "2009-12-31": "675.50010", "2008-12-31": "-815.09990", "2007-12-31": "49.40000", "2006-12-31": "194.50000", "2005-12-31": "-638.00000"}, "Net Change In Investments - Total": {"2020-12-31": "", "2019-12-31": "456.20000", "2018-12-31": "5111.90000", "2017-12-31": "-562.80000", "2016-12-31": "-1945.40000", "2015-12-31": "1161.50000", "2014-12-31": "3623.00000", "2013-12-31": "-1017.80000", "2012-12-31": "-2887.80000", "2011-12-31": "-2736.80000", "2010-12-31": "-1169.00000", "2009-12-31": "1074.60000", "2008-12-31": "142.50010", "2007-12-31": "-327.50000", "2006-12-31": "1442.00000", "2005-12-31": "-575.30000"}, "Investing Activities - Other": {"2020-12-31": "", "2019-12-31": "-942.30000", "2018-12-31": "-1995.30000", "2017-12-31": "-1261.90000", "2016-12-31": "-185.10000", "2015-12-31": "4712.00000", "2014-12-31": "-5525.10000", "2013-12-31": "-154.50000", "2012-12-31": "1276.50000", "2011-12-31": "-500.20000", "2010-12-31": "-269.30000", "2009-12-31": "-184.50000", "2008-12-31": "-406.80000", "2007-12-31": "-277.30000", "2006-12-31": "179.00000", "2005-12-31": "-353.60000"}, "Cash Flow From Investing Activities": {"2020-12-31": "", "2019-12-31": "-8082.90000", "2018-12-31": "1906.00000", "2017-12-31": "-3783.60000", "2016-12-31": "-3139.10000", "2015-12-31": "26.80000", "2014-12-31": "-3909.10000", "2013-12-31": "-2072.80000", "2012-12-31": "-2832.80000", "2011-12-31": "-4824.40000", "2010-12-31": "-3159.80000", "2009-12-31": "142.80000", "2008-12-31": "-7268.80000", "2007-12-31": "-4328.10000", "2006-12-31": "608.40000", "2005-12-31": "-2215.90000"}, "Net Long-Term Debt": {"2020-12-31": "", "2019-12-31": "3690.00000", "2018-12-31": "1468.60000", "2017-12-31": "1601.40000", "2016-12-31": "1206.40000", "2015-12-31": "2499.00000", "2014-12-31": "-41.90000", "2013-12-31": "-10.50000", "2012-12-31": "-1511.10000", "2011-12-31": "-61.70000", "2010-12-31": "-1.10000", "2009-12-31": "2400.00000", "2008-12-31": "-649.70000", "2007-12-31": "1453.10000", "2006-12-31": "-2781.50000", "2005-12-31": "1995.30000"}, "Net Current Debt": {"2020-12-31": "", "2019-12-31": "995.40000", "2018-12-31": "-2197.90000", "2017-12-31": "1397.50000", "2016-12-31": "1293.20000", "2015-12-31": "-2680.60000", "2014-12-31": "2680.60000", "2013-12-31": "", "2012-12-31": "", "2011-12-31": "-134.10000", "2010-12-31": "125.10000", "2009-12-31": "-5824.20000", "2008-12-31": "5060.50000", "2007-12-31": "-468.50000", "2006-12-31": "-8.40000", "2005-12-31": "-1988.70000"}, "Debt Issuance/Retirement Net - Total": {"2020-12-31": "", "2019-12-31": "4685.40000", "2018-12-31": "-729.29990", "2017-12-31": "2998.90000", "2016-12-31": "2499.60000", "2015-12-31": "-181.59990", "2014-12-31": "2638.70000", "2013-12-31": "-10.50000", "2012-12-31": "-1511.10000", "2011-12-31": "-195.80000", "2010-12-31": "124.00000", "2009-12-31": "-3424.20000", "2008-12-31": "4410.80000", "2007-12-31": "984.60010", "2006-12-31": "-2789.90000", "2005-12-31": "6.60010"}, "Net Common Equity Issued/Repurchased": {"2020-12-31": "", "2019-12-31": "-4400.00000", "2018-12-31": "-2491.00000", "2017-12-31": "-299.80000", "2016-12-31": "-600.10000", "2015-12-31": "-749.50000", "2014-12-31": "-800.00000", "2013-12-31": "-1698.10000", "2012-12-31": "-721.10000", "2011-12-31": "", "2010-12-31": "", "2009-12-31": "", "2008-12-31": "", "2007-12-31": "", "2006-12-31": "-62.50000", "2005-12-31": "-272.00000"}, "Net Total Equity Issued/Repurchased": {"2020-12-31": "", "2019-12-31": "-4400.00000", "2018-12-31": "-2491.00000", "2017-12-31": "-299.80000", "2016-12-31": "-600.10000", "2015-12-31": "-749.50000", "2014-12-31": "-800.00000", "2013-12-31": "-1698.10000", "2012-12-31": "-721.10000", "2011-12-31": "", "2010-12-31": "", "2009-12-31": "", "2008-12-31": "", "2007-12-31": "", "2006-12-31": "-62.50000", "2005-12-31": "-272.00000"}, "Total Common And Preferred Stock Dividends Paid": {"2020-12-31": "", "2019-12-31": "-2409.80000", "2018-12-31": "-2311.80000", "2017-12-31": "-2192.10000", "2016-12-31": "-2158.50000", "2015-12-31": "-2127.30000", "2014-12-31": "-2101.20000", "2013-12-31": "-2120.70000", "2012-12-31": "-2187.40000", "2011-12-31": "-2180.10000", "2010-12-31": "-2165.30000", "2009-12-31": "-2152.10000", "2008-12-31": "-2056.70000", "2007-12-31": "-1853.60000", "2006-12-31": "-1736.30000", "2005-12-31": "-1654.90000"}, "Financial Activities - Other": {"2020-12-31": "", "2019-12-31": "-200.10000", "2018-12-31": "-372.80000", "2017-12-31": "-364.40000", "2016-12-31": "-300.80000", "2015-12-31": "-52.60000", "2014-12-31": "96.10000", "2013-12-31": "", "2012-12-31": "", "2011-12-31": "6.00000", "2010-12-31": "19.40000", "2009-12-31": "42.60000", "2008-12-31": "-8.10000", "2007-12-31": "24.10000", "2006-12-31": "9.90000", "2005-12-31": "39.80000"}, "Cash Flow From Financial Activities": {"2020-12-31": "", "2019-12-31": "-2324.50000", "2018-12-31": "-5904.90000", "2017-12-31": "142.60000", "2016-12-31": "-559.80000", "2015-12-31": "-3111.00000", "2014-12-31": "-166.40000", "2013-12-31": "-3829.30000", "2012-12-31": "-4419.60000", "2011-12-31": "-2369.90000", "2010-12-31": "-2021.90000", "2009-12-31": "-5533.70000", "2008-12-31": "2346.00000", "2007-12-31": "-844.90000", "2006-12-31": "-4578.80000", "2005-12-31": "-1880.50000"}, "Net Cash Flow": {"2020-12-31": "", "2019-12-31": "-5660.70000", "2018-12-31": "1462.00000", "2017-12-31": "1954.10000", "2016-12-31": "915.70000", "2015-12-31": "-205.20000", "2014-12-31": "41.40000", "2013-12-31": "-188.60000", "2012-12-31": "-1903.70000", "2011-12-31": "-70.70000", "2010-12-31": "1530.30000", "2009-12-31": "-1033.80000", "2008-12-31": "2276.20000", "2007-12-31": "111.20000", "2006-12-31": "102.60000", "2005-12-31": "-2358.60000"}, "Stock-Based Compensation": {"2020-12-31": "", "2019-12-31": "312.40000", "2018-12-31": "279.50000", "2017-12-31": "281.30000", "2016-12-31": "255.30000", "2015-12-31": "217.80000", "2014-12-31": "156.00000", "2013-12-31": "144.90000", "2012-12-31": "141.50000", "2011-12-31": "147.40000", "2010-12-31": "231.00000", "2009-12-31": "368.50000", "2008-12-31": "255.30000", "2007-12-31": "282.00000", "2006-12-31": "359.30000", "2005-12-31": "403.50000"}, "Common Stock Dividends Paid": {"2020-12-31": "", "2019-12-31": "-2409.80000", "2018-12-31": "-2311.80000", "2017-12-31": "-2192.10000", "2016-12-31": "-2158.50000", "2015-12-31": "-2127.30000", "2014-12-31": "-2101.20000", "2013-12-31": "-2120.70000", "2012-12-31": "-2187.40000", "2011-12-31": "-2180.10000", "2010-12-31": "-2165.30000", "2009-12-31": "-2152.10000", "2008-12-31": "-2056.70000", "2007-12-31": "-1853.60000", "2006-12-31": "-1736.30000", "2005-12-31": "-1654.90000"}}, "cash flow statement, quarterly": {"Net Income/Loss": {"2020-12-31": -4076.9, "2020-09-30": 1208.4, "2020-06-30": 1412, "2020-03-31": "1456.50000", "2019-12-31": 1495.7, "2019-09-30": 1253.9, "2019-06-30": 1327.2, "2019-03-31": "4241.60000", "2018-12-31": 1125, "2018-09-30": 1149.5, "2018-06-30": -259.9, "2018-03-31": "1217.40000", "2017-12-31": -1656.9, "2017-09-30": 555.6, "2017-06-30": 1008, "2017-03-31": "-110.80000", "2016-12-31": 771.8, "2016-09-30": 778, "2016-06-30": 747.7, "2016-03-31": "440.10000", "2015-12-31": 478.4, "2015-09-30": 799.7, "2015-06-30": 600.8, "2015-03-31": "529.50000", "2014-12-31": 428.5, "2014-09-30": 500.6, "2014-06-30": 733.5, "2014-03-31": "727.90000", "2013-12-31": 727.5, "2013-09-30": 1203.1, "2013-06-30": 1206.2, "2013-03-31": "1548.00000", "2012-12-31": 827.3, "2012-09-30": 1326.6, "2012-06-30": 923.6, "2012-03-31": "1011.10000", "2011-12-31": 858.2, "2011-09-30": 1236.3, "2011-06-30": 1197.3, "2011-03-31": "1055.90000", "2010-12-31": 1169.6, "2010-09-30": 1302.9, "2010-06-30": 1348.9, "2010-03-31": "1248.10000", "2009-12-31": 915.4, "2009-09-30": 941.8, "2009-06-30": 1158.5, "2009-03-31": "1313.10000", "2008-12-31": -3629.4, "2008-09-30": -465.6, "2008-06-30": 958.8, "2008-03-31": "1064.30000", "2007-12-31": 854.4, "2007-09-30": 926.3, "2007-06-30": 663.6, "2007-03-31": "508.70000", "2006-12-31": 132.3, "2006-09-30": 873.6, "2006-06-30": 822, "2006-03-31": "834.80000", "2005-12-31": 700.6, "2005-09-30": 794.4, "2005-06-30": -252, "2005-03-31": "736.60000"}, "Total Depreciation And Amortization - Cash Flow": {"2020-12-31": -956.4, "2020-09-30": 358.4, "2020-06-30": 324.4, "2020-03-31": "273.60000", "2019-12-31": 340.7, "2019-09-30": 288, "2019-06-30": 247.4, "2019-03-31": "356.50000", "2018-12-31": 345.5, "2018-09-30": 415.5, "2018-06-30": 425.2, "2018-03-31": "422.80000", "2017-12-31": 411.9, "2017-09-30": 372.9, "2017-06-30": 395.6, "2017-03-31": "386.90000", "2016-12-31": 344.6, "2016-09-30": 392.8, "2016-06-30": 373.7, "2016-03-31": "385.50000", "2015-12-31": 343.4, "2015-09-30": 358.3, "2015-06-30": 368.5, "2015-03-31": "357.50000", "2014-12-31": 339.4, "2014-09-30": 342.4, "2014-06-30": 348.4, "2014-03-31": "348.80000", "2013-12-31": 351.2, "2013-09-30": 349, "2013-06-30": 363.9, "2013-03-31": "381.50000", "2012-12-31": 344.6, "2012-09-30": 369.7, "2012-06-30": 362, "2012-03-31": "385.90000", "2011-12-31": 318.9, "2011-09-30": 358.2, "2011-06-30": 355.6, "2011-03-31": "340.90000", "2010-12-31": 338.5, "2010-09-30": 344.7, "2010-06-30": 345.6, "2010-03-31": "299.40000", "2009-12-31": 375.8, "2009-09-30": 309.7, "2009-06-30": 306, "2009-03-31": "306.30000", "2008-12-31": 280.3, "2008-09-30": 283.3, "2008-06-30": 281.5, "2008-03-31": "277.50000", "2007-12-31": 274.8, "2007-09-30": 265.5, "2007-06-30": 262.5, "2007-03-31": "245.10000", "2006-12-31": 173.6, "2006-09-30": 214.2, "2006-06-30": 209.1, "2006-03-31": "204.90000", "2005-12-31": 225.1, "2005-09-30": 183.9, "2005-06-30": 158.7, "2005-03-31": "158.70000"}, "Other Non-Cash Items": {"2020-12-31": 116.7, "2020-09-30": 299.1, "2020-06-30": -476.2, "2020-03-31": "60.40000", "2019-12-31": 50.8, "2019-09-30": 424.1, "2019-06-30": 70.4, "2019-03-31": "-3572.50000", "2018-12-31": 718.7, "2018-09-30": 446, "2018-06-30": 1831.2, "2018-03-31": "66.30000", "2017-12-31": -741.6, "2017-09-30": 359.3, "2017-06-30": 371, "2017-03-31": "1058.80000", "2016-12-31": 263.4, "2016-09-30": 305.2, "2016-06-30": 194.1, "2016-03-31": "338.20000", "2015-12-31": 629.4, "2015-09-30": 50.2, "2015-06-30": -353.8, "2015-03-31": "-58.10000", "2014-12-31": 450.2, "2014-09-30": 375.3, "2014-06-30": 75.5, "2014-03-31": "113.40000", "2013-12-31": -457.1999, "2013-09-30": 666.2999, "2013-06-30": 290.5, "2013-03-31": "-502.00000", "2012-12-31": 209.8, "2012-09-30": -640.3, "2012-06-30": 81.5, "2012-03-31": "154.20000", "2011-12-31": -404.1, "2011-09-30": 312.8, "2011-06-30": -18.8, "2011-03-31": "374.90000", "2010-12-31": 85.2, "2010-09-30": 228.3, "2010-06-30": 105.5, "2010-03-31": "225.60000", "2009-12-31": -83.6999, "2009-09-30": 627.2999, "2009-06-30": -18.3001, "2009-03-31": "-859.49990", "2008-12-31": 4949.4, "2008-09-30": 2118.6, "2008-06-30": -37.9, "2008-03-31": "290.60000", "2007-12-31": 532.8, "2007-09-30": 329.7, "2007-06-30": 171.3, "2007-03-31": "173.60000", "2006-12-31": 1028.5, "2006-09-30": 49.5, "2006-06-30": 66.8, "2006-03-31": "161.90000", "2005-12-31": 39.7, "2005-09-30": 69.1, "2005-06-30": 1136.7, "2005-03-31": "-90.80000"}, "Total Non-Cash Items": {"2020-12-31": -839.7001, "2020-09-30": 657.5001, "2020-06-30": -151.8, "2020-03-31": "334.00000", "2019-12-31": 391.5, "2019-09-30": 712.1, "2019-06-30": 317.8, "2019-03-31": "-3216.00000", "2018-12-31": 1064.2, "2018-09-30": 861.5, "2018-06-30": 2256.4, "2018-03-31": "489.10000", "2017-12-31": -329.7, "2017-09-30": 732.2, "2017-06-30": 766.6, "2017-03-31": "1445.70000", "2016-12-31": 608, "2016-09-30": 698, "2016-06-30": 567.8, "2016-03-31": "723.70000", "2015-12-31": 972.7999, "2015-09-30": 408.5001, "2015-06-30": 14.7, "2015-03-31": "299.40000", "2014-12-31": 789.6, "2014-09-30": 717.7, "2014-06-30": 423.9, "2014-03-31": "462.20000", "2013-12-31": -106, "2013-09-30": 1015.3, "2013-06-30": 654.4, "2013-03-31": "-120.50000", "2012-12-31": 554.4, "2012-09-30": -270.6, "2012-06-30": 443.5, "2012-03-31": "540.10000", "2011-12-31": -85.2, "2011-09-30": 671, "2011-06-30": 336.8, "2011-03-31": "715.80000", "2010-12-31": 423.7, "2010-09-30": 573, "2010-06-30": 451.1, "2010-03-31": "525.00000", "2009-12-31": 292.1002, "2009-09-30": 937, "2009-06-30": 287.6999, "2009-03-31": "-553.20000", "2008-12-31": 5229.701, "2008-09-30": 2401.9, "2008-06-30": 243.6, "2008-03-31": "568.10000", "2007-12-31": 807.6, "2007-09-30": 595.2, "2007-06-30": 433.8, "2007-03-31": "418.70000", "2006-12-31": 1202.1, "2006-09-30": 263.7, "2006-06-30": 275.9, "2006-03-31": "366.80000", "2005-12-31": 264.8, "2005-09-30": 253, "2005-06-30": 1295.4, "2005-03-31": "67.90000"}, "Change In Accounts Receivable": {"2020-12-31": 0, "2020-09-30": 0, "2020-06-30": 0, "2020-03-31": "", "2019-12-31": -127.2, "2019-09-30": 0, "2019-06-30": 0, "2019-03-31": "", "2018-12-31": -996.7, "2018-09-30": 0, "2018-06-30": 0, "2018-03-31": "", "2017-12-31": -357, "2017-09-30": 0, "2017-06-30": 0, "2017-03-31": "", "2016-12-31": -709.4, "2016-09-30": 0, "2016-06-30": 0, "2016-03-31": "", "2015-12-31": -304.5, "2015-09-30": 0, "2015-06-30": 0, "2015-03-31": "", "2014-12-31": 117.4, "2014-09-30": 0, "2014-06-30": 0, "2014-03-31": "", "2013-12-31": -152.7, "2013-09-30": 0, "2013-06-30": 0, "2013-03-31": "", "2012-12-31": 361.8, "2012-09-30": 0, "2012-06-30": 0, "2012-03-31": "", "2011-12-31": -188.8, "2011-09-30": 0, "2011-06-30": 0, "2011-03-31": "", "2010-12-31": -319.1, "2010-09-30": 0, "2010-06-30": 0, "2010-03-31": "", "2009-12-31": -492.9, "2009-09-30": 0, "2009-06-30": 0, "2009-03-31": "", "2008-12-31": 799.1, "2008-09-30": 0, "2008-06-30": 0, "2008-03-31": "", "2007-12-31": -842.7, "2007-09-30": 0, "2007-06-30": 0, "2007-03-31": "", "2006-12-31": 243.9, "2006-09-30": 0, "2006-06-30": 0, "2006-03-31": "", "2005-12-31": -286.4, "2005-09-30": 0, "2005-06-30": 0, "2005-03-31": ""}, "Change In Inventories": {"2020-12-31": 0, "2020-09-30": 0, "2020-06-30": 0, "2020-03-31": "", "2019-12-31": -258.7, "2019-09-30": 0, "2019-06-30": 0, "2019-03-31": "", "2018-12-31": 7.8, "2018-09-30": 0, "2018-06-30": 0, "2018-03-31": "", "2017-12-31": -253.9, "2017-09-30": 0, "2017-06-30": 0, "2017-03-31": "", "2016-12-31": -328.2, "2016-09-30": 0, "2016-06-30": 0, "2016-03-31": "", "2015-12-31": -736.3, "2015-09-30": 0, "2015-06-30": 0, "2015-03-31": "", "2014-12-31": -307.1, "2014-09-30": 0, "2014-06-30": 0, "2014-03-31": "", "2013-12-31": -286.5, "2013-09-30": 0, "2013-06-30": 0, "2013-03-31": "", "2012-12-31": -307.9, "2012-09-30": 0, "2012-06-30": 0, "2012-03-31": "", "2011-12-31": 203.1, "2011-09-30": 0, "2011-06-30": 0, "2011-03-31": "", "2010-12-31": 157, "2010-09-30": 0, "2010-06-30": 0, "2010-03-31": "", "2009-12-31": -179, "2009-09-30": 0, "2009-06-30": 0, "2009-03-31": "", "2008-12-31": 84.8, "2008-09-30": 0, "2008-06-30": 0, "2008-03-31": "", "2007-12-31": 154.3, "2007-09-30": 0, "2007-06-30": 0, "2007-03-31": "", "2006-12-31": -60.2, "2006-09-30": 0, "2006-06-30": 0, "2006-03-31": "", "2005-12-31": 72.1, "2005-09-30": 0, "2005-06-30": 0, "2005-03-31": ""}, "Change In Accounts Payable": {"2020-12-31": 0, "2020-09-30": 0, "2020-06-30": 0, "2020-03-31": "", "2019-12-31": -477.7, "2019-09-30": 0, "2019-06-30": 0, "2019-03-31": "", "2018-12-31": -284.5, "2018-09-30": 0, "2018-06-30": 0, "2018-03-31": "", "2017-12-31": 916.3, "2017-09-30": 0, "2017-06-30": 0, "2017-03-31": "", "2016-12-31": 1123.8, "2016-09-30": 0, "2016-06-30": 0, "2016-03-31": "", "2015-12-31": 207.9, "2015-09-30": 887.8, "2015-06-30": -887.8, "2015-03-31": "", "2014-12-31": -809, "2014-09-30": 0, "2014-06-30": 0, "2014-03-31": "", "2013-12-31": -70.3, "2013-09-30": 0, "2013-06-30": 0, "2013-03-31": "", "2012-12-31": -336.1, "2012-09-30": 0, "2012-06-30": 0, "2012-03-31": "", "2011-12-31": 591.4, "2011-09-30": 0, "2011-06-30": 0, "2011-03-31": "", "2010-12-31": -363.9, "2010-09-30": 0, "2010-06-30": 0, "2010-03-31": "", "2009-12-31": -200.1, "2009-09-30": 0, "2009-06-30": 0, "2009-03-31": "", "2008-12-31": -1608.3, "2008-09-30": 0, "2008-06-30": 0, "2008-03-31": "", "2007-12-31": 990.4, "2007-09-30": 0, "2007-06-30": 0, "2007-03-31": "", "2006-12-31": -936, "2006-09-30": 0, "2006-06-30": 0, "2006-03-31": "", "2005-12-31": -1463.4, "2005-09-30": 0, "2005-06-30": 0, "2005-03-31": ""}, "Change In Assets/Liabilities": {"2020-12-31": 232.2, "2020-09-30": -59.3, "2020-06-30": 1235.2, "2020-03-31": "-1408.10000", "2019-12-31": 1161.4, "2019-09-30": -455.9, "2019-06-30": -593.5, "2019-03-31": "-714.30000", "2018-12-31": 658.2, "2018-09-30": 110.8, "2018-06-30": -479, "2018-03-31": "-1270.00000", "2017-12-31": -64.9, "2017-09-30": 593.3, "2017-06-30": -123.5, "2017-03-31": "-995.00000", "2016-12-31": 845.3, "2016-09-30": 185.7, "2016-06-30": 86.4, "2016-03-31": "-1382.90000", "2015-12-31": 395.6, "2015-09-30": -991.3, "2015-06-30": 1220.9, "2015-03-31": "-913.70000", "2014-12-31": 1221.5, "2014-09-30": 473, "2014-06-30": -103.5, "2014-03-31": "-917.80000", "2013-12-31": 1614.8, "2013-09-30": -226.8, "2013-06-30": -223.4, "2013-03-31": "-1048.10000", "2012-12-31": 502.5, "2012-09-30": 488.3, "2012-06-30": -61.1, "2012-03-31": "-698.70000", "2011-12-31": 566, "2011-09-30": 166.1, "2011-06-30": 506.2, "2011-03-31": "-595.60000", "2010-12-31": 1160.8, "2010-09-30": -116.8, "2010-06-30": 111.6, "2010-03-31": "-815.10000", "2009-12-31": 1683.1, "2009-09-30": -573.1, "2009-06-30": -522.9, "2009-03-31": "-672.00000", "2008-12-31": 1504.6, "2008-09-30": 195.3, "2008-06-30": -121.5, "2008-03-31": "70.20000", "2007-12-31": 265.7, "2007-09-30": -77, "2007-06-30": -508.9, "2007-03-31": "-35.60000", "2006-12-31": 1275.6, "2006-09-30": 38.7, "2006-06-30": -410.2, "2006-03-31": "-947.10000", "2005-12-31": 1526.6, "2005-09-30": -1427, "2005-06-30": -369.3, "2005-03-31": "0.30000"}, "Total Change In Assets/Liabilities": {"2020-12-31": 232.2, "2020-09-30": -59.3, "2020-06-30": 1235.2, "2020-03-31": "-1408.10000", "2019-12-31": 76.5, "2019-09-30": -455.9, "2019-06-30": -593.5, "2019-03-31": "-714.30000", "2018-12-31": -740.5, "2018-09-30": 110.8, "2018-06-30": -479, "2018-03-31": "-1270.00000", "2017-12-31": 3730.1, "2017-09-30": 593.3, "2017-06-30": -123.5, "2017-03-31": "-995.00000", "2016-12-31": 626.7, "2016-09-30": 185.7, "2016-06-30": 86.4, "2016-03-31": "-1382.90000", "2015-12-31": -455.1, "2015-09-30": -103.5, "2015-06-30": 333.1, "2015-03-31": "-913.70000", "2014-12-31": 222.8, "2014-09-30": 473, "2014-06-30": -103.5, "2014-03-31": "-917.80000", "2013-12-31": 1105.3, "2013-09-30": -226.8, "2013-06-30": -223.4, "2013-03-31": "-1048.10000", "2012-12-31": 220.3, "2012-09-30": 488.3, "2012-06-30": -61.1, "2012-03-31": "-698.70000", "2011-12-31": 1171.7, "2011-09-30": 166.1, "2011-06-30": 506.2, "2011-03-31": "-595.60000", "2010-12-31": 634.8, "2010-09-30": -116.8, "2010-06-30": 111.6, "2010-03-31": "-815.10000", "2009-12-31": 811.1, "2009-09-30": -573.1, "2009-06-30": -522.9, "2009-03-31": "-672.00000", "2008-12-31": 780.1999, "2008-09-30": 195.3, "2008-06-30": -121.5, "2008-03-31": "70.20000", "2007-12-31": 567.7, "2007-09-30": -77, "2007-06-30": -508.9, "2007-03-31": "-35.60000", "2006-12-31": 523.3, "2006-09-30": 38.7, "2006-06-30": -410.2, "2006-03-31": "-947.10000", "2005-12-31": -151.1, "2005-09-30": -1427, "2005-06-30": -369.3, "2005-03-31": "0.30000"}, "Cash Flow From Operating Activities": {"2020-12-31": -4684.4, "2020-09-30": 1806.6, "2020-06-30": 2495.4, "2020-03-31": "382.40000", "2019-12-31": 1963.7, "2019-09-30": 1510.1, "2019-06-30": 1051.5, "2019-03-31": "311.30000", "2018-12-31": 1448.7, "2018-09-30": 2121.8, "2018-06-30": 1517.5, "2018-03-31": "436.50000", "2017-12-31": 1743.5, "2017-09-30": 1881.1, "2017-06-30": 1651.1, "2017-03-31": "339.90000", "2016-12-31": 2006.5, "2016-09-30": 1661.7, "2016-06-30": 1401.9, "2016-03-31": "-219.10000", "2015-12-31": 996.1, "2015-09-30": 1104.7, "2015-06-30": 948.6, "2015-03-31": "-84.80000", "2014-12-31": 1440.9, "2014-09-30": 1691.3, "2014-06-30": 1053.9, "2014-03-31": "272.30000", "2013-12-31": 1726.8, "2013-09-30": 1991.6, "2013-06-30": 1637.2, "2013-03-31": "379.40000", "2012-12-31": 1602, "2012-09-30": 1544.3, "2012-06-30": 1306, "2012-03-31": "852.50000", "2011-12-31": 1944.7, "2011-09-30": 2073.4, "2011-06-30": 2040.3, "2011-03-31": "1176.10000", "2010-12-31": 2228.1, "2010-09-30": 1759.1, "2010-06-30": 1911.6, "2010-03-31": "958.00000", "2009-12-31": 2018.6, "2009-09-30": 1305.7, "2009-06-30": 923.3, "2009-03-31": "87.90000", "2008-12-31": 2380.5, "2008-09-30": 2131.6, "2008-06-30": 1080.9, "2008-03-31": "1702.60000", "2007-12-31": 2229.7, "2007-09-30": 1444.5, "2007-06-30": 588.5, "2007-03-31": "891.80000", "2006-12-31": 1857.7, "2006-09-30": 1176, "2006-06-30": 687.7, "2006-03-31": "254.50000", "2005-12-31": 814.3, "2005-09-30": -379.6, "2005-06-30": 674.1, "2005-03-31": "804.80000"}, "Net Change In Property, Plant, And Equipment": {"2020-12-31": 933.2, "2020-09-30": -393.1, "2020-06-30": -281.8, "2020-03-31": "-258.30000", "2019-12-31": -326.5, "2019-09-30": -263.4, "2019-06-30": -240.3, "2019-03-31": "-203.70000", "2018-12-31": -394.3, "2018-09-30": -269.8, "2018-06-30": -310, "2018-03-31": "-236.50000", "2017-12-31": -443.5, "2017-09-30": -242.7, "2017-06-30": -221.6, "2017-03-31": "-169.00000", "2016-12-31": -336.4, "2016-09-30": -227.5, "2016-06-30": -245.4, "2016-03-31": "-154.30000", "2015-12-31": -287.6, "2015-09-30": -273.5, "2015-06-30": -223.9, "2015-03-31": "-188.60000", "2014-12-31": -393.5, "2014-09-30": -296.9, "2014-06-30": -254.9, "2014-03-31": "-202.00000", "2013-12-31": -284.6, "2013-09-30": -253.8, "2013-06-30": -136.4, "2013-03-31": "-157.90000", "2012-12-31": -391.2, "2012-09-30": -182, "2012-06-30": -179.5, "2012-03-31": "-130.70000", "2011-12-31": -230.6, "2011-09-30": -175.7, "2011-06-30": -139, "2011-03-31": "-101.40000", "2010-12-31": -226.3, "2010-09-30": -164.1, "2010-06-30": -154.2, "2010-03-31": "-125.10000", "2009-12-31": -239.1, "2009-09-30": -174.3, "2009-06-30": -176.9, "2009-03-31": "-157.00000", "2008-12-31": -250, "2008-09-30": -220.9, "2008-06-30": -266.4, "2008-03-31": "-184.20000", "2007-12-31": -334.4, "2007-09-30": -230.1, "2007-06-30": -246.2, "2007-03-31": "-239.40000", "2006-12-31": -344.8, "2006-09-30": -275.7, "2006-06-30": -231.4, "2006-03-31": "-160.70000", "2005-12-31": -408.5, "2005-09-30": -258.6, "2005-06-30": -377.7, "2005-03-31": "-242.20000"}, "Net Change In Intangible Assets": {"2020-12-31": 0, "2020-09-30": 0, "2020-06-30": 0, "2020-03-31": "", "2019-12-31": 0, "2019-09-30": 0, "2019-06-30": 0, "2019-03-31": "", "2018-12-31": 0, "2018-09-30": 0, "2018-06-30": 0, "2018-03-31": "", "2017-12-31": 0, "2017-09-30": 0, "2017-06-30": 0, "2017-03-31": "", "2016-12-31": 0, "2016-09-30": 0, "2016-06-30": 0, "2016-03-31": "", "2015-12-31": 0, "2015-09-30": 0, "2015-06-30": 0, "2015-03-31": "410.00000", "2014-12-31": -308.3, "2014-09-30": 0, "2014-06-30": 0, "2014-03-31": "", "2013-12-31": -24.1, "2013-09-30": 0, "2013-06-30": 0, "2013-03-31": "0.00000", "2012-12-31": -36.8, "2012-09-30": -34.1, "2012-06-30": -34.3, "2012-03-31": "-33.60000", "2011-12-31": -27.2, "2011-09-30": -172.9, "2011-06-30": -403.2, "2011-03-31": "-29.60000", "2010-12-31": -23.4, "2010-09-30": -19, "2010-06-30": -400, "2010-03-31": "0.00000", "2009-12-31": 0, "2009-09-30": 0, "2009-06-30": 0, "2009-03-31": "", "2008-12-31": 0, "2008-09-30": 0, "2008-06-30": 0, "2008-03-31": "", "2007-12-31": 0, "2007-09-30": 0, "2007-06-30": 0, "2007-03-31": "", "2006-12-31": 0, "2006-09-30": 0, "2006-06-30": 0, "2006-03-31": "", "2005-12-31": 0, "2005-09-30": 0, "2005-06-30": 0, "2005-03-31": ""}, "Net Acquisitions/Divestitures": {"2020-12-31": 0, "2020-09-30": 849.3, "2020-06-30": 0, "2020-03-31": "-849.30000", "2019-12-31": -6562.9, "2019-09-30": 6917.7, "2019-06-30": 0, "2019-03-31": "-6917.70000", "2018-12-31": 0, "2018-09-30": 0, "2018-06-30": 0, "2018-03-31": "", "2017-12-31": 0, "2017-09-30": 0, "2017-06-30": 0, "2017-03-31": "-882.10000", "2016-12-31": 0, "2016-09-30": 0, "2016-06-30": -45, "2016-03-31": "", "2015-12-31": 4.7, "2015-09-30": -11.1, "2015-06-30": 0, "2015-03-31": "-5276.70000", "2014-12-31": -551.4, "2014-09-30": 551.4, "2014-06-30": -551.4, "2014-03-31": "", "2013-12-31": 0, "2013-09-30": -43.7, "2013-06-30": 0, "2013-03-31": "", "2012-12-31": 0, "2012-09-30": 0, "2012-06-30": -3.9, "2012-03-31": "-195.40000", "2011-12-31": 0, "2011-09-30": -307.8, "2011-06-30": 0, "2011-03-31": "", "2010-12-31": -280.7, "2010-09-30": -180.3, "2010-06-30": -148.4, "2010-03-31": "", "2009-12-31": 0, "2009-09-30": 0, "2009-06-30": 0, "2009-03-31": "", "2008-12-31": -6038.6, "2008-09-30": -44.4, "2008-06-30": 0, "2008-03-31": "", "2007-12-31": -5.7, "2007-09-30": -87.6, "2007-06-30": -354.3, "2007-03-31": "-2225.60000", "2006-12-31": 0, "2006-09-30": 0, "2006-06-30": 0, "2006-03-31": "", "2005-12-31": 0, "2005-09-30": 0, "2005-06-30": 0, "2005-03-31": ""}, "Net Change In Short-term Investments": {"2020-12-31": -107.4, "2020-09-30": -3.8, "2020-06-30": 74.4, "2020-03-31": "36.80000", "2019-12-31": 11.7, "2019-09-30": 26.9, "2019-06-30": 53.1, "2019-03-31": "2.20000", "2018-12-31": 17, "2018-09-30": 38.8, "2018-06-30": 2046, "2018-03-31": "338.50000", "2017-12-31": 2116.4, "2017-09-30": -447.7, "2017-06-30": -1084.9, "2017-03-31": "879.00000", "2016-12-31": -505.6, "2016-09-30": 160.1, "2016-06-30": 236.9, "2016-03-31": "423.20000", "2015-12-31": 498, "2015-09-30": 124.8, "2015-06-30": 355.4, "2015-03-31": "341.40000", "2014-12-31": 1156.5, "2014-09-30": 174.6, "2014-06-30": 321.1, "2014-03-31": "764.10000", "2013-12-31": 189.6, "2013-09-30": 133.2, "2013-06-30": 171.9, "2013-03-31": "1294.40000", "2012-12-31": 117.8, "2012-09-30": -351.4001, "2012-06-30": 151.1001, "2012-03-31": "457.60000", "2011-12-31": -795.9, "2011-09-30": 26, "2011-06-30": -20, "2011-03-31": "539.00000", "2010-12-31": -485.9, "2010-09-30": -198, "2010-06-30": -1.8, "2010-03-31": "-0.80000", "2009-12-31": -164.1, "2009-09-30": 105.4, "2009-06-30": 171.6, "2009-03-31": "286.20000", "2008-12-31": 1194.9, "2008-09-30": 493.4, "2008-06-30": -15, "2008-03-31": "-715.70000", "2007-12-31": -151.7, "2007-09-30": -288.9, "2007-06-30": 79.1, "2007-03-31": "-15.40000", "2006-12-31": 667.1, "2006-09-30": 476.5, "2006-06-30": 124.1, "2006-03-31": "-20.20000", "2005-12-31": -770.4, "2005-09-30": -504.7, "2005-06-30": -747.8, "2005-03-31": "2085.60000"}, "Net Change In Long-Term Investments": {"2020-12-31": -350.4, "2020-09-30": 93.2, "2020-06-30": 285.7, "2020-03-31": "-28.50000", "2019-12-31": 60.6, "2019-09-30": 31.9, "2019-06-30": 246.8, "2019-03-31": "23.00000", "2018-12-31": -53.4, "2018-09-30": 6.4, "2018-06-30": 2969.7, "2018-03-31": "-251.10000", "2017-12-31": 27.1, "2017-09-30": -801.5, "2017-06-30": -833.3, "2017-03-31": "-417.90000", "2016-12-31": -226.1, "2016-09-30": -684, "2016-06-30": -972.1, "2016-03-31": "-377.80000", "2015-12-31": 243.4998, "2015-09-30": -319.2998, "2015-06-30": 245.8999, "2015-03-31": "-328.20000", "2014-12-31": 2487.9, "2014-09-30": -1226.5999, "2014-06-30": 82.1999, "2014-03-31": "-136.80000", "2013-12-31": -1050.3, "2013-09-30": -743.7, "2013-06-30": -1249.8999, "2013-03-31": "236.99990", "2012-12-31": -1478.5, "2012-09-30": -759.1, "2012-06-30": -292.3999, "2012-03-31": "-732.90010", "2011-12-31": -744.2, "2011-09-30": -376, "2011-06-30": -1339.3, "2011-03-31": "-26.40000", "2010-12-31": -408.6999, "2010-09-30": -204.6, "2010-06-30": -3, "2010-03-31": "133.80000", "2009-12-31": 262.6001, "2009-09-30": 168.3, "2009-06-30": 127.5, "2009-03-31": "117.10000", "2008-12-31": -173.1999, "2008-09-30": -137.4, "2008-06-30": -499, "2008-03-31": "-5.50000", "2007-12-31": -404, "2007-09-30": 0.2, "2007-06-30": 396.3, "2007-03-31": "56.90000", "2006-12-31": 278.1, "2006-09-30": 13.4, "2006-06-30": -21.1, "2006-03-31": "-75.90000", "2005-12-31": -693.1, "2005-09-30": 2.4, "2005-06-30": 5, "2005-03-31": "47.70000"}, "Net Change In Investments - Total": {"2020-12-31": -457.8, "2020-09-30": 89.4, "2020-06-30": 360.1, "2020-03-31": "8.30000", "2019-12-31": 72.3, "2019-09-30": 58.8, "2019-06-30": 299.9, "2019-03-31": "25.20000", "2018-12-31": -36.4, "2018-09-30": 45.2, "2018-06-30": 5015.7, "2018-03-31": "87.40000", "2017-12-31": 2143.5, "2017-09-30": -1249.2, "2017-06-30": -1918.2, "2017-03-31": "461.10000", "2016-12-31": -731.7, "2016-09-30": -523.9001, "2016-06-30": -735.1999, "2016-03-31": "45.40000", "2015-12-31": 741.4998, "2015-09-30": -194.4998, "2015-06-30": 601.3, "2015-03-31": "13.20000", "2014-12-31": 3644.4002, "2014-09-30": -1052.0002, "2014-06-30": 403.3, "2014-03-31": "627.30000", "2013-12-31": -860.7005, "2013-09-30": -610.4996, "2013-06-30": -1077.9999, "2013-03-31": "1531.40000", "2012-12-31": -1360.7, "2012-09-30": -1110.5, "2012-06-30": -141.2999, "2012-03-31": "-275.30010", "2011-12-31": -1540.1, "2011-09-30": -350, "2011-06-30": -1359.3, "2011-03-31": "512.60000", "2010-12-31": -894.6, "2010-09-30": -402.6, "2010-06-30": -4.8, "2010-03-31": "133.00000", "2009-12-31": 98.5, "2009-09-30": 273.7, "2009-06-30": 299.1, "2009-03-31": "403.30000", "2008-12-31": 1021.7001, "2008-09-30": 356, "2008-06-30": -514, "2008-03-31": "-721.20000", "2007-12-31": -555.7, "2007-09-30": -288.7, "2007-06-30": 475.4, "2007-03-31": "41.50000", "2006-12-31": 945.2, "2006-09-30": 489.9, "2006-06-30": 103, "2006-03-31": "-96.10000", "2005-12-31": -1463.5, "2005-09-30": -502.3, "2005-06-30": -742.8, "2005-03-31": "2133.30000"}, "Investing Activities - Other": {"2020-12-31": 1109.4, "2020-09-30": -859.1, "2020-06-30": -288.7, "2020-03-31": "38.40000", "2019-12-31": 6775.7, "2019-09-30": -7136.9, "2019-06-30": 1.4, "2019-03-31": "-582.50000", "2018-12-31": -228.3, "2018-09-30": -173.5, "2018-06-30": -1572.3, "2018-03-31": "-21.20000", "2017-12-31": -47.1, "2017-09-30": -266.1, "2017-06-30": -109.1, "2017-03-31": "-839.60000", "2016-12-31": -110, "2016-09-30": -43.3, "2016-06-30": 4.7, "2016-03-31": "-36.50000", "2015-12-31": -204.9, "2015-09-30": -91, "2015-06-30": -195, "2015-03-31": "5202.90000", "2014-12-31": -4570.1, "2014-09-30": -852.2, "2014-06-30": -65.9, "2014-03-31": "-36.90000", "2013-12-31": -63, "2013-09-30": -35.8, "2013-06-30": -37.3, "2013-03-31": "-18.40000", "2012-12-31": 126.2, "2012-09-30": 1193.9, "2012-06-30": -26.3, "2012-03-31": "-17.30000", "2011-12-31": -78.9, "2011-09-30": -1.9, "2011-06-30": 2.9, "2011-03-31": "-422.30000", "2010-12-31": -139.5, "2010-09-30": -22.5, "2010-06-30": -46.8, "2010-03-31": "-60.50000", "2009-12-31": -113.7, "2009-09-30": -31.7, "2009-06-30": -20.1, "2009-03-31": "-19.00000", "2008-12-31": -199.4, "2008-09-30": -19.1, "2008-06-30": -59.7, "2008-03-31": "-128.60000", "2007-12-31": -168.3, "2007-09-30": -49.3, "2007-06-30": -27.9, "2007-03-31": "-31.80000", "2006-12-31": 54.6, "2006-09-30": -2.5, "2006-06-30": 41.8, "2006-03-31": "85.10000", "2005-12-31": -137.2, "2005-09-30": -71.3, "2005-06-30": -77.5, "2005-03-31": "-67.60000"}, "Cash Flow From Investing Activities": {"2020-12-31": 1584.8, "2020-09-30": -313.5, "2020-06-30": -210.4, "2020-03-31": "-1060.90000", "2019-12-31": -41.4, "2019-09-30": -423.8, "2019-06-30": 61, "2019-03-31": "-7678.70000", "2018-12-31": -659, "2018-09-30": -398.1, "2018-06-30": 3133.4, "2018-03-31": "-170.30000", "2017-12-31": 1652.9, "2017-09-30": -1758, "2017-06-30": -2248.9, "2017-03-31": "-1429.60000", "2016-12-31": -1178.1, "2016-09-30": -794.7, "2016-06-30": -1020.9, "2016-03-31": "-145.40000", "2015-12-31": 253.7, "2015-09-30": -570.1, "2015-06-30": 182.4, "2015-03-31": "160.80000", "2014-12-31": -2178.9, "2014-09-30": -1649.7, "2014-06-30": -468.9, "2014-03-31": "388.40000", "2013-12-31": -1232.4, "2013-09-30": -943.8, "2013-06-30": -1251.7, "2013-03-31": "1355.10000", "2012-12-31": -1662.5, "2012-09-30": -132.7, "2012-06-30": -385.3, "2012-03-31": "-652.30000", "2011-12-31": -1876.8, "2011-09-30": -1008.3, "2011-06-30": -1898.6, "2011-03-31": "-40.70000", "2010-12-31": -1564.5, "2010-09-30": -788.5, "2010-06-30": -754.2, "2010-03-31": "-52.60000", "2009-12-31": -254.3, "2009-09-30": 67.7, "2009-06-30": 102.1, "2009-03-31": "227.30000", "2008-12-31": -5466.3, "2008-09-30": 71.6, "2008-06-30": -840.1, "2008-03-31": "-1034.00000", "2007-12-31": -1064.1, "2007-09-30": -655.7, "2007-06-30": -153, "2007-03-31": "-2455.30000", "2006-12-31": 655, "2006-09-30": 211.7, "2006-06-30": -86.6, "2006-03-31": "-171.70000", "2005-12-31": -2009.2, "2005-09-30": -832.2, "2005-06-30": -1198, "2005-03-31": "1823.50000"}, "Net Long-Term Debt": {"2020-12-31": -1786, "2020-09-30": 1073.7, "2020-06-30": 988.6, "2020-03-31": "-276.30000", "2019-12-31": -158, "2019-09-30": -0.1, "2019-06-30": -0.2, "2019-03-31": "3848.30000", "2018-12-31": -7.6, "2018-09-30": 2477.7, "2018-06-30": -201.2, "2018-03-31": "-800.30000", "2017-12-31": 0, "2017-09-30": -0.1, "2017-06-30": 2231.7, "2017-03-31": "-630.20000", "2016-12-31": 0, "2016-09-30": -0.1, "2016-06-30": 1206.5, "2016-03-31": "", "2015-12-31": -5, "2015-09-30": -1.4, "2015-06-30": 323.4, "2015-03-31": "2182.00000", "2014-12-31": -0.5, "2014-09-30": -0.5, "2014-06-30": -31.8, "2014-03-31": "-9.10000", "2013-12-31": -7.5, "2013-09-30": -1.3, "2013-06-30": -0.8, "2013-03-31": "-0.90000", "2012-12-31": -2.6, "2012-09-30": -0.5, "2012-06-30": -0.9, "2012-03-31": "-1507.10000", "2011-12-31": -7.1, "2011-09-30": 0, "2011-06-30": 0, "2011-03-31": "-54.60000", "2010-12-31": -1.4, "2010-09-30": -0.4, "2010-06-30": 0.7, "2010-03-31": "", "2009-12-31": 400, "2009-09-30": -400, "2009-06-30": 0, "2009-03-31": "2400.00000", "2008-12-31": -639, "2008-09-30": -3.4, "2008-06-30": -7.4, "2008-03-31": "0.10000", "2007-12-31": 10.8, "2007-09-30": -55.5, "2007-06-30": 95, "2007-03-31": "1402.80000", "2006-12-31": -1182.5, "2006-09-30": -1498.9, "2006-06-30": -2.4, "2006-03-31": "-97.70000", "2005-12-31": -2.7, "2005-09-30": 2092, "2005-06-30": 3.1, "2005-03-31": "-97.10000"}, "Net Current Debt": {"2020-12-31": 914.3, "2020-09-30": -678.9, "2020-06-30": -1984.1, "2020-03-31": "1748.70000", "2019-12-31": -63.5, "2019-09-30": -505.4, "2019-06-30": -286.1, "2019-03-31": "1850.40000", "2018-12-31": 99.2, "2018-09-30": -2048.4, "2018-06-30": 953.8, "2018-03-31": "-1202.50000", "2017-12-31": 170.7, "2017-09-30": 1101.1, "2017-06-30": -371.8, "2017-03-31": "497.50000", "2016-12-31": 1294.9, "2016-09-30": -0.3, "2016-06-30": -0.3, "2016-03-31": "-1.10000", "2015-12-31": 0.1, "2015-09-30": -1.4, "2015-06-30": -590.7, "2015-03-31": "-2088.60000", "2014-12-31": 2375.7, "2014-09-30": 302.6, "2014-06-30": 2.3, "2014-03-31": "", "2013-12-31": 0, "2013-09-30": 0, "2013-06-30": 0, "2013-03-31": "", "2012-12-31": 6.7, "2012-09-30": 0, "2012-06-30": -1.4, "2012-03-31": "-5.30000", "2011-12-31": -105.5, "2011-09-30": 99.9, "2011-06-30": -12.3, "2011-03-31": "-116.20000", "2010-12-31": 0, "2010-09-30": 126.4, "2010-06-30": 6.6, "2010-03-31": "-7.90000", "2009-12-31": -994.8, "2009-09-30": -16.6, "2009-06-30": -569.2, "2009-03-31": "-4243.60000", "2008-12-31": 5452.7, "2008-09-30": -42.9, "2008-06-30": -6.8, "2008-03-31": "-342.50000", "2007-12-31": -36.4, "2007-09-30": -59.2, "2007-06-30": -369, "2007-03-31": "-3.90000", "2006-12-31": -6.6, "2006-09-30": -6.7, "2006-06-30": 1.1, "2006-03-31": "3.80000", "2005-12-31": -4.1, "2005-09-30": -192.7, "2005-06-30": -3.7, "2005-03-31": "-1788.20000"}, "Debt Issuance/Retirement Net - Total": {"2020-12-31": -871.7, "2020-09-30": 394.8, "2020-06-30": -995.5, "2020-03-31": "1472.40000", "2019-12-31": -221.5, "2019-09-30": -505.5, "2019-06-30": -286.3, "2019-03-31": "5698.70000", "2018-12-31": 91.6002, "2018-09-30": 429.2999, "2018-06-30": 752.6, "2018-03-31": "-2002.80000", "2017-12-31": 170.7, "2017-09-30": 1101, "2017-06-30": 1859.9, "2017-03-31": "-132.70000", "2016-12-31": 1294.9, "2016-09-30": -0.4, "2016-06-30": 1206.2, "2016-03-31": "-1.10000", "2015-12-31": -4.8999, "2015-09-30": -2.8001, "2015-06-30": -267.2998, "2015-03-31": "93.39990", "2014-12-31": 2375.2, "2014-09-30": 302.1, "2014-06-30": -29.5, "2014-03-31": "-9.10000", "2013-12-31": -7.5, "2013-09-30": -1.3, "2013-06-30": -0.8, "2013-03-31": "-0.90000", "2012-12-31": 4.1, "2012-09-30": -0.5, "2012-06-30": -2.3, "2012-03-31": "-1512.40000", "2011-12-31": -112.6, "2011-09-30": 99.9, "2011-06-30": -12.3, "2011-03-31": "-170.80000", "2010-12-31": -1.4, "2010-09-30": 126, "2010-06-30": 7.3, "2010-03-31": "-7.90000", "2009-12-31": -594.8, "2009-09-30": -416.6, "2009-06-30": -569.2, "2009-03-31": "-1843.60000", "2008-12-31": 4813.7, "2008-09-30": -46.3, "2008-06-30": -14.2, "2008-03-31": "-342.40000", "2007-12-31": -25.5999, "2007-09-30": -114.7, "2007-06-30": -274, "2007-03-31": "1398.90000", "2006-12-31": -1189.1, "2006-09-30": -1505.6, "2006-06-30": -1.3, "2006-03-31": "-93.90000", "2005-12-31": -6.7999, "2005-09-30": 1899.3, "2005-06-30": -0.6, "2005-03-31": "-1885.30000"}, "Net Common Equity Issued/Repurchased": {"2020-12-31": 500, "2020-09-30": 0, "2020-06-30": 0, "2020-03-31": "-500.00000", "2019-12-31": -300, "2019-09-30": -600, "2019-06-30": 0, "2019-03-31": "-3500.00000", "2018-12-31": -1100, "2018-09-30": 659.7, "2018-06-30": -950.7, "2018-03-31": "-1100.00000", "2017-12-31": -99.9, "2017-09-30": 0, "2017-06-30": -199.9, "2017-03-31": "", "2016-12-31": -300, "2016-09-30": 0, "2016-06-30": 0, "2016-03-31": "-300.10000", "2015-12-31": -252.9, "2015-09-30": -61.1, "2015-06-30": -124.9, "2015-03-31": "-310.60000", "2014-12-31": -300, "2014-09-30": -300, "2014-06-30": -145, "2014-03-31": "-55.00000", "2013-12-31": -500, "2013-09-30": 0, "2013-06-30": 0, "2013-03-31": "-1198.10000", "2012-12-31": -721.1, "2012-09-30": 0, "2012-06-30": 0, "2012-03-31": "", "2011-12-31": 0, "2011-09-30": 0, "2011-06-30": 0, "2011-03-31": "", "2010-12-31": 0, "2010-09-30": 0, "2010-06-30": 0, "2010-03-31": "", "2009-12-31": 0, "2009-09-30": 0, "2009-06-30": 0, "2009-03-31": "", "2008-12-31": 0, "2008-09-30": 0, "2008-06-30": 0, "2008-03-31": "", "2007-12-31": -21.6, "2007-09-30": 21.6, "2007-06-30": -7.6, "2007-03-31": "7.60000", "2006-12-31": 15.4, "2006-09-30": 30.3, "2006-06-30": 6.1, "2006-03-31": "-114.30000", "2005-12-31": -343.2, "2005-09-30": 36.3, "2005-06-30": 22.4, "2005-03-31": "12.50000"}, "Net Total Equity Issued/Repurchased": {"2020-12-31": 500, "2020-09-30": 0, "2020-06-30": 0, "2020-03-31": "-500.00000", "2019-12-31": -300, "2019-09-30": -600, "2019-06-30": 0, "2019-03-31": "-3500.00000", "2018-12-31": -1100, "2018-09-30": 659.7, "2018-06-30": -950.7, "2018-03-31": "-1100.00000", "2017-12-31": -99.9, "2017-09-30": 0, "2017-06-30": -199.9, "2017-03-31": "", "2016-12-31": -300, "2016-09-30": 0, "2016-06-30": 0, "2016-03-31": "-300.10000", "2015-12-31": -252.9, "2015-09-30": -61.1, "2015-06-30": -124.9, "2015-03-31": "-310.60000", "2014-12-31": -300, "2014-09-30": -300, "2014-06-30": -145, "2014-03-31": "-55.00000", "2013-12-31": -500, "2013-09-30": 0, "2013-06-30": 0, "2013-03-31": "-1198.10000", "2012-12-31": -721.1, "2012-09-30": 0, "2012-06-30": 0, "2012-03-31": "", "2011-12-31": 0, "2011-09-30": 0, "2011-06-30": 0, "2011-03-31": "", "2010-12-31": 0, "2010-09-30": 0, "2010-06-30": 0, "2010-03-31": "", "2009-12-31": 0, "2009-09-30": 0, "2009-06-30": 0, "2009-03-31": "", "2008-12-31": 0, "2008-09-30": 0, "2008-06-30": 0, "2008-03-31": "", "2007-12-31": -21.6, "2007-09-30": 21.6, "2007-06-30": -7.6, "2007-03-31": "7.60000", "2006-12-31": 15.4, "2006-09-30": 30.3, "2006-06-30": 6.1, "2006-03-31": "-114.30000", "2005-12-31": -343.2, "2005-09-30": 36.3, "2005-06-30": 22.4, "2005-03-31": "12.50000"}, "Total Common And Preferred Stock Dividends Paid": {"2020-12-31": 2017.1, "2020-09-30": -671.6, "2020-06-30": -674.2, "2020-03-31": "-671.30000", "2019-12-31": -587.2, "2019-09-30": -587.4, "2019-06-30": -598, "2019-03-31": "-637.20000", "2018-12-31": -572.6, "2018-09-30": -572.6, "2018-06-30": -579.3, "2018-03-31": "-587.30000", "2017-12-31": -548.3, "2017-09-30": -547.7, "2017-06-30": -548.7, "2017-03-31": "-547.40000", "2016-12-31": -541.1, "2016-09-30": -537.9, "2016-06-30": -541.2, "2016-03-31": "-538.30000", "2015-12-31": -533.3, "2015-09-30": -526.3, "2015-06-30": -539.8, "2015-03-31": "-527.90000", "2014-12-31": -525.2, "2014-09-30": -525, "2014-06-30": -526.9, "2014-03-31": "-524.10000", "2013-12-31": -528.9, "2013-09-30": -527.7, "2013-06-30": -533, "2013-03-31": "-531.10000", "2012-12-31": -548.2, "2012-09-30": -544.2, "2012-06-30": -550.4, "2012-03-31": "-544.60000", "2011-12-31": -543.9, "2011-09-30": -540.9, "2011-06-30": -552.1, "2011-03-31": "-543.20000", "2010-12-31": -544.1, "2010-09-30": -545.3, "2010-06-30": -536.7, "2010-03-31": "-539.20000", "2009-12-31": -539.7, "2009-09-30": -536.6, "2009-06-30": -539, "2009-03-31": "-536.80000", "2008-12-31": -515.2, "2008-09-30": -520.3, "2008-06-30": -507.6, "2008-03-31": "-513.60000", "2007-12-31": -463.8, "2007-09-30": -463.3, "2007-06-30": -463.6, "2007-03-31": "-462.90000", "2006-12-31": -434.8, "2006-09-30": -436.9, "2006-06-30": -431.1, "2006-03-31": "-433.50000", "2005-12-31": -409.2, "2005-09-30": -424.5, "2005-06-30": -408, "2005-03-31": "-413.20000"}, "Financial Activities - Other": {"2020-12-31": 200.2, "2020-09-30": -2.3, "2020-06-30": -3.5, "2020-03-31": "-194.40000", "2019-12-31": -4.9, "2019-09-30": 0, "2019-06-30": -1.5, "2019-03-31": "-193.70000", "2018-12-31": -58.7, "2018-09-30": -83.7, "2018-06-30": -54, "2018-03-31": "-176.40000", "2017-12-31": -64.8, "2017-09-30": -52.6, "2017-06-30": -51.4, "2017-03-31": "-195.60000", "2016-12-31": -68.6, "2016-09-30": -61.8, "2016-06-30": -85.7, "2016-03-31": "-84.70000", "2015-12-31": -80.3, "2015-09-30": -5, "2015-06-30": -11.2, "2015-03-31": "43.90000", "2014-12-31": -12.9, "2014-09-30": 117, "2014-06-30": -1.1, "2014-03-31": "-6.90000", "2013-12-31": 0, "2013-09-30": 0, "2013-06-30": 0, "2013-03-31": "", "2012-12-31": 0, "2012-09-30": 0, "2012-06-30": 0, "2012-03-31": "", "2011-12-31": 5.6, "2011-09-30": 0.1, "2011-06-30": 0.1, "2011-03-31": "0.20000", "2010-12-31": -4.1, "2010-09-30": 25.5, "2010-06-30": -2.1, "2010-03-31": "0.10000", "2009-12-31": 6, "2009-09-30": 40, "2009-06-30": -3.4, "2009-03-31": "", "2008-12-31": -1.3, "2008-09-30": 0.8, "2008-06-30": -1.7, "2008-03-31": "-5.90000", "2007-12-31": 20.3, "2007-09-30": -16.8, "2007-06-30": 20.6, "2007-03-31": "", "2006-12-31": 3.6, "2006-09-30": 6.1, "2006-06-30": -1.2, "2006-03-31": "1.40000", "2005-12-31": 6.6, "2005-09-30": 25.3, "2005-06-30": 7, "2005-03-31": "0.90000"}, "Cash Flow From Financial Activities": {"2020-12-31": 1845.6, "2020-09-30": -279.1, "2020-06-30": -1673.2, "2020-03-31": "106.70000", "2019-12-31": -1113.6, "2019-09-30": -1692.9, "2019-06-30": -885.8, "2019-03-31": "1367.80000", "2018-12-31": -1639.7, "2018-09-30": 432.7, "2018-06-30": -831.4, "2018-03-31": "-3866.50000", "2017-12-31": -542.3, "2017-09-30": 500.7, "2017-06-30": 1059.9, "2017-03-31": "-875.70000", "2016-12-31": 385.2, "2016-09-30": -600.1, "2016-06-30": 579.3, "2016-03-31": "-924.20000", "2015-12-31": -871.4, "2015-09-30": -595.2, "2015-06-30": -943.2, "2015-03-31": "-701.20000", "2014-12-31": 1537.1, "2014-09-30": -405.9, "2014-06-30": -702.5, "2014-03-31": "-595.10000", "2013-12-31": -1036.4, "2013-09-30": -529, "2013-06-30": -533.8, "2013-03-31": "-1730.10000", "2012-12-31": -1265.2, "2012-09-30": -544.7, "2012-06-30": -552.7, "2012-03-31": "-2057.00000", "2011-12-31": -650.9, "2011-09-30": -440.9, "2011-06-30": -564.3, "2011-03-31": "-713.80000", "2010-12-31": -549.6, "2010-09-30": -393.8, "2010-06-30": -531.5, "2010-03-31": "-547.00000", "2009-12-31": -1128.5, "2009-09-30": -913.2, "2009-06-30": -1111.6, "2009-03-31": "-2380.40000", "2008-12-31": 4297.2, "2008-09-30": -565.8, "2008-06-30": -523.5, "2008-03-31": "-861.90000", "2007-12-31": -490.7, "2007-09-30": -573.2, "2007-06-30": -724.6, "2007-03-31": "943.60000", "2006-12-31": -1604.9, "2006-09-30": -1906.1, "2006-06-30": -427.5, "2006-03-31": "-640.30000", "2005-12-31": -752.6, "2005-09-30": 1536.4, "2005-06-30": -379.2, "2005-03-31": "-2285.10000"}, "Net Cash Flow": {"2020-12-31": -1257.8, "2020-09-30": 1230.2, "2020-06-30": 666.1, "2020-03-31": "-638.50000", "2019-12-31": 773.7, "2019-09-30": -726.4, "2019-06-30": 253.8, "2019-03-31": "-5961.80000", "2018-12-31": -961.8, "2018-09-30": 2142.7, "2018-06-30": 3733, "2018-03-31": "-3451.90000", "2017-12-31": 2811.9, "2017-09-30": 654.4, "2017-06-30": 453, "2017-03-31": "-1965.20000", "2016-12-31": 1093.1, "2016-09-30": 251, "2016-06-30": 930.4, "2016-03-31": "-1358.80000", "2015-12-31": 427.6, "2015-09-30": -76.7, "2015-06-30": 250.7, "2015-03-31": "-806.80000", "2014-12-31": 705.8, "2014-09-30": -599.9, "2014-06-30": -122.3, "2014-03-31": "57.80000", "2013-12-31": -538.7, "2013-09-30": 582.4, "2013-06-30": -150.1, "2013-03-31": "-82.20000", "2012-12-31": -1300.4, "2012-09-30": 973.4, "2012-06-30": 223.6, "2012-03-31": "-1800.30000", "2011-12-31": -675.2, "2011-09-30": 484.2, "2011-06-30": -392.9, "2011-03-31": "513.20000", "2010-12-31": 84.4, "2010-09-30": 745.3, "2010-06-30": 438.3, "2010-03-31": "262.30000", "2009-12-31": 614.7, "2009-09-30": 525.9, "2009-06-30": 9.2, "2009-03-31": "-2183.60000", "2008-12-31": 1143.1, "2008-09-30": 1485.3, "2008-06-30": -277.1, "2008-03-31": "-75.10000", "2007-12-31": 725, "2007-09-30": 275, "2007-06-30": -270.9, "2007-03-31": "-617.90000", "2006-12-31": 939.4, "2006-09-30": -499.8, "2006-06-30": 211.4, "2006-03-31": "-548.40000", "2005-12-31": -1963, "2005-09-30": 327.3, "2005-06-30": -965.3, "2005-03-31": "242.40000"}, "Stock-Based Compensation": {"2020-12-31": -220.3, "2020-09-30": 71.7, "2020-06-30": 76.8, "2020-03-31": "71.80000", "2019-12-31": 81.6, "2019-09-30": 75.5, "2019-06-30": 79.5, "2019-03-31": "75.80000", "2018-12-31": 72.8, "2018-09-30": 68.5, "2018-06-30": 70.2, "2018-03-31": "68.00000", "2017-12-31": 72.2, "2017-09-30": 69.9, "2017-06-30": 69.9, "2017-03-31": "69.30000", "2016-12-31": 66.8, "2016-09-30": 61.5, "2016-06-30": 65, "2016-03-31": "62.00000", "2015-12-31": 58.4, "2015-09-30": 54.7, "2015-06-30": 55.8, "2015-03-31": "48.90000", "2014-12-31": 40.6, "2014-09-30": 38.5, "2014-06-30": 38.6, "2014-03-31": "38.30000", "2013-12-31": 39.8, "2013-09-30": 36.3, "2013-06-30": 33.6, "2013-03-31": "35.20000", "2012-12-31": 41.2, "2012-09-30": 34.5, "2012-06-30": 34.9, "2012-03-31": "30.90000", "2011-12-31": 36.7, "2011-09-30": 36.5, "2011-06-30": 36.3, "2011-03-31": "37.90000", "2010-12-31": 55.8, "2010-09-30": 47, "2010-06-30": 54.5, "2010-03-31": "73.70000", "2009-12-31": 104.1, "2009-09-30": 104, "2009-06-30": 94.3, "2009-03-31": "66.10000", "2008-12-31": 62.6, "2008-09-30": 77.9, "2008-06-30": 56.3, "2008-03-31": "58.50000", "2007-12-31": 67.5, "2007-09-30": 79.3, "2007-06-30": 62.5, "2007-03-31": "72.70000", "2006-12-31": 85, "2006-09-30": 83, "2006-06-30": 91.1, "2006-03-31": "100.20000", "2005-12-31": 94, "2005-09-30": 101.3, "2005-06-30": 100, "2005-03-31": "108.20000"}, "Common Stock Dividends Paid": {"2020-12-31": 2017.1, "2020-09-30": -671.6, "2020-06-30": -674.2, "2020-03-31": "-671.30000", "2019-12-31": -587.2, "2019-09-30": -587.4, "2019-06-30": -598, "2019-03-31": "-637.20000", "2018-12-31": -572.6, "2018-09-30": -572.6, "2018-06-30": -579.3, "2018-03-31": "-587.30000", "2017-12-31": -548.3, "2017-09-30": -547.7, "2017-06-30": -548.7, "2017-03-31": "-547.40000", "2016-12-31": -541.1, "2016-09-30": -537.9, "2016-06-30": -541.2, "2016-03-31": "-538.30000", "2015-12-31": -533.3, "2015-09-30": -526.3, "2015-06-30": -539.8, "2015-03-31": "-527.90000", "2014-12-31": -525.2, "2014-09-30": -525, "2014-06-30": -526.9, "2014-03-31": "-524.10000", "2013-12-31": -528.9, "2013-09-30": -527.7, "2013-06-30": -533, "2013-03-31": "-531.10000", "2012-12-31": -548.2, "2012-09-30": -544.2, "2012-06-30": -550.4, "2012-03-31": "-544.60000", "2011-12-31": -543.9, "2011-09-30": -540.9, "2011-06-30": -552.1, "2011-03-31": "-543.20000", "2010-12-31": -544.1, "2010-09-30": -545.3, "2010-06-30": -536.7, "2010-03-31": "-539.20000", "2009-12-31": -539.7, "2009-09-30": -536.6, "2009-06-30": -539, "2009-03-31": "-536.80000", "2008-12-31": -515.2, "2008-09-30": -520.3, "2008-06-30": -507.6, "2008-03-31": "-513.60000", "2007-12-31": -463.8, "2007-09-30": -463.3, "2007-06-30": -463.6, "2007-03-31": "-462.90000", "2006-12-31": -434.8, "2006-09-30": -436.9, "2006-06-30": -431.1, "2006-03-31": "-433.50000", "2005-12-31": -409.2, "2005-09-30": -424.5, "2005-06-30": -408, "2005-03-31": "-413.20000"}}, "financial ratios": {"Current Ratio": {"2019-12-31": "1.16430", "2018-12-31": "1.72860", "2017-12-31": "1.32100", "2016-12-31": "1.37450", "2015-12-31": "1.52790", "2014-12-31": "1.22450", "2013-12-31": "1.46970", "2012-12-31": "1.55420", "2011-12-31": "1.59540", "2010-12-31": "2.14240", "2009-12-31": "1.90110", "2008-12-31": "0.94990", "2007-12-31": "2.26530", "2006-12-31": "1.90630", "2005-12-31": "1.88860"}, "Long-term Debt / Capital": {"2019-12-31": "0.83660", "2018-12-31": "0.45740", "2017-12-31": "0.46000", "2016-12-31": "0.37280", "2015-12-31": "0.35330", "2014-12-31": "0.25740", "2013-12-31": "0.19230", "2012-12-31": "0.27200", "2011-12-31": "0.28760", "2010-12-31": "0.35290", "2009-12-31": "0.41060", "2008-12-31": "0.40650", "2007-12-31": "0.25380", "2006-12-31": "0.24140", "2005-12-31": "0.34810"}, "Debt/Equity Ratio": {"2019-12-31": "5.67490", "2018-12-31": "0.94400", "2017-12-31": "1.16960", "2016-12-31": "0.73190", "2015-12-31": "0.54680", "2014-12-31": "0.52130", "2013-12-31": "0.29550", "2012-12-31": "0.37440", "2011-12-31": "0.51620", "2010-12-31": "0.55800", "2009-12-31": "0.69940", "2008-12-31": "1.55280", "2007-12-31": "0.37080", "2006-12-31": "0.33820", "2005-12-31": "0.60210"}, "Gross Margin": {"2019-12-31": "78.84720", "2018-12-31": "78.21790", "2017-12-31": "77.73230", "2016-12-31": "73.09360", "2015-12-31": "74.76190", "2014-12-31": "74.85420", "2013-12-31": "78.76490", "2012-12-31": "78.77970", "2011-12-31": "79.13290", "2010-12-31": "81.07910", "2009-12-31": "80.55050", "2008-12-31": "78.51600", "2007-12-31": "77.19810", "2006-12-31": "77.39790", "2005-12-31": "76.27770"}, "Operating Margin": {"2019-12-31": "22.28680", "2018-12-31": "16.44470", "2017-12-31": "10.02960", "2016-12-31": "15.36700", "2015-12-31": "13.47480", "2014-12-31": "13.55960", "2013-12-31": "23.23530", "2012-12-31": "20.94460", "2011-12-31": "22.76370", "2010-12-31": "28.29870", "2009-12-31": "25.58760", "2008-12-31": "3.39930", "2007-12-31": "21.77420", "2006-12-31": "26.29150", "2005-12-31": "24.91310"}, "EBIT Margin": {"2019-12-31": "22.28680", "2018-12-31": "16.44470", "2017-12-31": "10.02960", "2016-12-31": "15.36700", "2015-12-31": "13.47480", "2014-12-31": "13.55960", "2013-12-31": "23.23530", "2012-12-31": "20.94460", "2011-12-31": "22.76370", "2010-12-31": "28.29870", "2009-12-31": "25.58760", "2008-12-31": "3.39930", "2007-12-31": "21.77420", "2006-12-31": "26.29150", "2005-12-31": "24.91310"}, "EBITDA Margin": {"2019-12-31": "27.80930", "2018-12-31": "23.93070", "2017-12-31": "17.87640", "2016-12-31": "22.41910", "2015-12-31": "20.62810", "2014-12-31": "20.58970", "2013-12-31": "29.48980", "2012-12-31": "27.41360", "2011-12-31": "28.41950", "2010-12-31": "34.05440", "2009-12-31": "31.53100", "2008-12-31": "8.90980", "2007-12-31": "27.39800", "2006-12-31": "31.40140", "2005-12-31": "29.87310"}, "Pre-Tax Profit Margin": {"2019-12-31": "23.59330", "2018-12-31": "17.12210", "2017-12-31": "11.53910", "2016-12-31": "15.89850", "2015-12-31": "13.97890", "2014-12-31": "15.29550", "2013-12-31": "25.48040", "2012-12-31": "23.92650", "2011-12-31": "22.02660", "2010-12-31": "28.27700", "2009-12-31": "24.53650", "2008-12-31": "-6.41860", "2007-12-31": "20.80550", "2006-12-31": "21.78320", "2005-12-31": "18.55540"}, "Net Profit Margin": {"2019-12-31": "37.26970", "2018-12-31": "15.03720", "2017-12-31": "-1.02180", "2016-12-31": "12.89980", "2015-12-31": "12.06690", "2014-12-31": "12.18670", "2013-12-31": "20.26900", "2012-12-31": "18.08840", "2011-12-31": "17.90170", "2010-12-31": "21.96870", "2009-12-31": "19.82410", "2008-12-31": "-10.17040", "2007-12-31": "15.84780", "2006-12-31": "16.96960", "2005-12-31": "13.51700"}, "Asset Turnover": {"2019-12-31": "0.56810", "2018-12-31": "0.48950", "2017-12-31": "0.44400", "2016-12-31": "0.54690", "2015-12-31": "0.56110", "2014-12-31": "0.54030", "2013-12-31": "0.65570", "2012-12-31": "0.65710", "2011-12-31": "0.72150", "2010-12-31": "0.74440", "2009-12-31": "0.79520", "2008-12-31": "0.69740", "2007-12-31": "0.69330", "2006-12-31": "0.71470", "2005-12-31": "0.59580"}, "Inventory Turnover Ratio": {"2019-12-31": "1.47970", "2018-12-31": "1.51120", "2017-12-31": "0.99760", "2016-12-31": "1.60310", "2015-12-31": "1.46180", "2014-12-31": "1.80020", "2013-12-31": "1.67580", "2012-12-31": "1.81420", "2011-12-31": "2.20360", "2010-12-31": "1.73420", "2009-12-31": "1.49020", "2008-12-31": "1.75550", "2007-12-31": "1.68360", "2006-12-31": "1.56210", "2005-12-31": "1.84990"}, "Receiveable Turnover": {"2019-12-31": "4.02770", "2018-12-31": "3.72060", "2017-12-31": "3.79570", "2016-12-31": "4.45250", "2015-12-31": "4.90190", "2014-12-31": "5.16020", "2013-12-31": "5.74550", "2012-12-31": "5.81320", "2011-12-31": "5.73080", "2010-12-31": "5.54970", "2009-12-31": "5.69860", "2008-12-31": "6.21610", "2007-12-31": "5.02960", "2006-12-31": "5.82360", "2005-12-31": "5.30300"}, "Days Sales In Receivables": {"2019-12-31": "90.62240", "2018-12-31": "98.10180", "2017-12-31": "96.16110", "2016-12-31": "81.97580", "2015-12-31": "74.46050", "2014-12-31": "70.73320", "2013-12-31": "63.52770", "2012-12-31": "62.78830", "2011-12-31": "63.69110", "2010-12-31": "65.76990", "2009-12-31": "64.05050", "2008-12-31": "58.71890", "2007-12-31": "72.57100", "2006-12-31": "62.67640", "2005-12-31": "68.82890"}, "ROE - Return On Equity": {"2019-12-31": "171.83130", "2018-12-31": "28.88050", "2017-12-31": "-0.74050", "2016-12-31": "19.44250", "2015-12-31": "16.50690", "2014-12-31": "15.53470", "2013-12-31": "26.55680", "2012-12-31": "27.67450", "2011-12-31": "32.12050", "2010-12-31": "40.84090", "2009-12-31": "45.44530", "2008-12-31": "-30.75090", "2007-12-31": "21.86780", "2006-12-31": "24.24890", "2005-12-31": "18.54720"}, "Return On Tangible Equity": {"2019-12-31": "-61.03870", "2018-12-31": "37.17740", "2017-12-31": "-2.64330", "2016-12-31": "47.61130", "2015-12-31": "43.66520", "2014-12-31": "22.24590", "2013-12-31": "35.19870", "2012-12-31": "40.79950", "2011-12-31": "51.71220", "2010-12-31": "66.75670", "2009-12-31": "74.30780", "2008-12-31": "-73.76990", "2007-12-31": "26.72760", "2006-12-31": "24.53940", "2005-12-31": "18.54720"}, "ROA - Return On Assets": {"2019-12-31": "11.80550", "2018-12-31": "7.17540", "2017-12-31": "-0.19210", "2016-12-31": "7.05460", "2015-12-31": "6.77110", "2014-12-31": "6.58400", "2013-12-31": "13.29070", "2012-12-31": "11.88590", "2011-12-31": "12.91660", "2010-12-31": "16.35250", "2009-12-31": "15.76350", "2008-12-31": "-7.09250", "2007-12-31": "10.98800", "2006-12-31": "12.12780", "2005-12-31": "8.14290"}, "ROI - Return On Investment": {"2019-12-31": "28.07960", "2018-12-31": "15.67030", "2017-12-31": "-0.39980", "2016-12-31": "12.19510", "2015-12-31": "10.67430", "2014-12-31": "11.53670", "2013-12-31": "21.44960", "2012-12-31": "20.14750", "2011-12-31": "22.88230", "2010-12-31": "26.42660", "2009-12-31": "26.78710", "2008-12-31": "-18.24920", "2007-12-31": "16.31730", "2006-12-31": "18.39500", "2005-12-31": "12.09030"}, "Book Value Per Share": {"2019-12-31": "2.81880", "2018-12-31": "10.32050", "2017-12-31": "10.60710", "2016-12-31": "12.79030", "2015-12-31": "13.20070", "2014-12-31": "13.85530", "2013-12-31": "15.79580", "2012-12-31": "12.91830", "2011-12-31": "11.69090", "2010-12-31": "10.76420", "2009-12-31": "8.28980", "2008-12-31": "5.92610", "2007-12-31": "11.90490", "2006-12-31": "9.70310", "2005-12-31": "9.54920"}, "Operating Cash Flow Per Share": {"2019-12-31": -0.1755, "2018-12-31": 0.0067, "2017-12-31": 0.7693, "2016-12-31": 1.7868, "2015-12-31": -1.3683, "2014-12-31": -1.1368, "2013-12-31": 0.539, "2012-12-31": -1.7465, "2011-12-31": 0.2937, "2010-12-31": 2.2535, "2009-12-31": -2.7185, "2008-12-31": 1.9401, "2007-12-31": 1.0696, "2006-12-31": 1.9039, "2005-12-31": 1.7521}, "Free Cash Flow Per Share": {"2019-12-31": -0.1093, "2018-12-31": -0.141, "2017-12-31": 0.6533, "2016-12-31": 1.7929, "2015-12-31": -1.2139, "2014-12-31": -1.4371, "2013-12-31": 0.562, "2012-12-31": -1.9566, "2011-12-31": 0.3187, "2010-12-31": 2.3282, "2009-12-31": -2.5569, "2008-12-31": 2.0609, "2007-12-31": 1.038, "2006-12-31": 2.1512, "2005-12-31": 0.5737}}, "financial ratios, quarterly": {"Current Ratio": {"2020-09-30": "1.35590", "2020-06-30": "1.21630", "2020-03-31": "1.10980", "2019-12-31": "1.16430", "2019-09-30": "1.16930", "2019-06-30": "1.13490", "2019-03-31": "1.12120", "2018-12-31": "1.72860", "2018-09-30": "1.91060", "2018-06-30": "1.40420", "2018-03-31": "1.40830", "2017-12-31": "1.32100", "2017-09-30": "1.37590", "2017-06-30": "1.39420", "2017-03-31": "1.24200", "2016-12-31": "1.37450", "2016-09-30": "1.61810", "2016-06-30": "1.54470", "2016-03-31": "1.59580", "2015-12-31": "1.52790", "2015-09-30": "1.51350", "2015-06-30": "1.49980", "2015-03-31": "1.40750", "2014-12-31": "1.22450", "2014-09-30": "1.59880", "2014-06-30": "1.77380", "2014-03-31": "1.96620", "2013-12-31": "1.46970", "2013-09-30": "1.63470", "2013-06-30": "1.50320", "2013-03-31": "1.62320", "2012-12-31": "1.55420", "2012-09-30": "2.01690", "2012-06-30": "1.86200", "2012-03-31": "1.92300", "2011-12-31": "1.59540", "2011-09-30": "1.77300", "2011-06-30": "1.73430", "2011-03-31": "2.00660", "2010-12-31": "2.14240", "2010-09-30": "2.32630", "2010-06-30": "1.97110", "2010-03-31": "2.16570", "2009-12-31": "1.90110", "2009-09-30": "1.94640", "2009-06-30": "1.56460", "2009-03-31": "1.39450", "2008-12-31": "0.94990", "2008-09-30": "1.98870", "2008-06-30": "2.41060", "2008-03-31": "3.00030", "2007-12-31": "2.26530", "2007-09-30": "2.56750", "2007-06-30": "2.10360", "2007-03-31": "2.22670", "2006-12-31": "1.90630", "2006-09-30": "2.51650", "2006-06-30": "2.27940", "2006-03-31": "2.28900", "2005-12-31": "1.88860", "2005-09-30": "2.34640", "2005-06-30": "1.69500", "2005-03-31": "2.09180"}, "Long-term Debt / Capital": {"2020-09-30": "0.76580", "2020-06-30": "0.77910", "2020-03-31": "0.81390", "2019-12-31": "0.83660", "2019-09-30": "0.79780", "2019-06-30": "0.82760", "2019-03-31": "0.84140", "2018-12-31": "0.45740", "2018-09-30": "0.45210", "2018-06-30": "0.44110", "2018-03-31": "0.39170", "2017-12-31": "0.46000", "2017-09-30": "0.39890", "2017-06-30": "0.41050", "2017-03-31": "0.35130", "2016-12-31": "0.37280", "2016-09-30": "0.35800", "2016-06-30": "0.37210", "2016-03-31": "0.33220", "2015-12-31": "0.35330", "2015-09-30": "0.34620", "2015-06-30": "0.35200", "2015-03-31": "0.33160", "2014-12-31": "0.25740", "2014-09-30": "0.23040", "2014-06-30": "0.22760", "2014-03-31": "0.22260", "2013-12-31": "0.19230", "2013-09-30": "0.20150", "2013-06-30": "0.21970", "2013-03-31": "0.22860", "2012-12-31": "0.27200", "2012-09-30": "0.25550", "2012-06-30": "0.27770", "2012-03-31": "0.26710", "2011-12-31": "0.28760", "2011-09-30": "0.26580", "2011-06-30": "0.26700", "2011-03-31": "0.26920", "2010-12-31": "0.35290", "2010-09-30": "0.36010", "2010-06-30": "0.40140", "2010-03-31": "0.38900", "2009-12-31": "0.41060", "2009-09-30": "0.40600", "2009-06-30": "0.43860", "2009-03-31": "0.47070", "2008-12-31": "0.40650", "2008-09-30": "0.23350", "2008-06-30": "0.23570", "2008-03-31": "0.23770", "2007-12-31": "0.25380", "2007-09-30": "0.25930", "2007-06-30": "0.28350", "2007-03-31": "0.28620", "2006-12-31": "0.24140", "2006-09-30": "0.25860", "2006-06-30": "0.31860", "2006-03-31": "0.32430", "2005-12-31": "0.34810", "2005-09-30": "0.34060", "2005-06-30": "0.30210", "2005-03-31": "0.27310"}, "Debt/Equity Ratio": {"2020-09-30": "3.38710", "2020-06-30": "3.82210", "2020-03-31": "5.38920", "2019-12-31": "5.67490", "2019-09-30": "4.39750", "2019-06-30": "5.52490", "2019-03-31": "6.22420", "2018-12-31": "0.94400", "2018-09-30": "0.89580", "2018-06-30": "1.05150", "2018-03-31": "0.80190", "2017-12-31": "1.16960", "2017-09-30": "0.90000", "2017-06-30": "0.86890", "2017-03-31": "0.72650", "2016-12-31": "0.73190", "2016-09-30": "0.59870", "2016-06-30": "0.63670", "2016-03-31": "0.54070", "2015-12-31": "0.54680", "2015-09-30": "0.53010", "2015-06-30": "0.54400", "2015-03-31": "0.55000", "2014-12-31": "0.52130", "2014-09-30": "0.31700", "2014-06-30": "0.29520", "2014-03-31": "0.28690", "2013-12-31": "0.29550", "2013-09-30": "0.31270", "2013-06-30": "0.34880", "2013-03-31": "0.36510", "2012-12-31": "0.37440", "2012-09-30": "0.34380", "2012-06-30": "0.38510", "2012-03-31": "0.36520", "2011-12-31": "0.51620", "2011-09-30": "0.47020", "2011-06-30": "0.47130", "2011-03-31": "0.47880", "2010-12-31": "0.55800", "2010-09-30": "0.57530", "2010-06-30": "0.67310", "2010-03-31": "0.63860", "2009-12-31": "0.69940", "2009-09-30": "0.74630", "2009-06-30": "0.90220", "2009-03-31": "1.09690", "2008-12-31": "1.55280", "2008-09-30": "0.33560", "2008-06-30": "0.31310", "2008-03-31": "0.31660", "2007-12-31": "0.37080", "2007-09-30": "0.38420", "2007-06-30": "0.43580", "2007-03-31": "0.46460", "2006-12-31": "0.33820", "2006-09-30": "0.37440", "2006-06-30": "0.52950", "2006-03-31": "0.54290", "2005-12-31": "0.60210", "2005-09-30": "0.57190", "2005-06-30": "0.45540", "2005-03-31": "0.39580"}, "Gross Margin": {"2020-09-30": "76.89440", "2020-06-30": "77.77940", "2020-03-31": "79.26380", "2019-12-31": "79.02190", "2019-09-30": "78.54510", "2019-06-30": "80.04330", "2019-03-31": "77.63830", "2018-12-31": "79.95780", "2018-09-30": "78.27550", "2018-06-30": "77.89970", "2018-03-31": "76.53810", "2017-12-31": "101.78350", "2017-09-30": "71.96360", "2017-06-30": "73.01480", "2017-03-31": "74.21920", "2016-12-31": "73.59260", "2016-09-30": "73.01650", "2016-06-30": "72.89450", "2016-03-31": "72.80630", "2015-12-31": "74.15730", "2015-09-30": "75.06100", "2015-06-30": "75.52780", "2015-03-31": "74.32130", "2014-12-31": "75.53160", "2014-09-30": "74.01350", "2014-06-30": "75.89550", "2014-03-31": "73.89120", "2013-12-31": "76.13100", "2013-09-30": "79.24510", "2013-06-30": "80.34980", "2013-03-31": "79.32350", "2012-12-31": "79.04620", "2012-09-30": "77.88840", "2012-06-30": "79.52580", "2012-03-31": "78.61660", "2011-12-31": "78.14140", "2011-09-30": "78.23490", "2011-06-30": "80.36080", "2011-03-31": "79.79000", "2010-12-31": "80.08410", "2010-09-30": "82.53520", "2010-06-30": "82.18900", "2010-03-31": "79.53700", "2009-12-31": "75.88050", "2009-09-30": "81.08770", "2009-06-30": "82.10020", "2009-03-31": "83.82410", "2008-12-31": "82.52830", "2008-09-30": "77.82510", "2008-06-30": "76.68340", "2008-03-31": "76.88450", "2007-12-31": "75.47400", "2007-09-30": "77.00790", "2007-06-30": "78.43020", "2007-03-31": "78.17140", "2006-12-31": "75.99700", "2006-09-30": "77.73350", "2006-06-30": "77.74450", "2006-03-31": "78.28900", "2005-12-31": "76.84520", "2005-09-30": "76.51550", "2005-06-30": "76.24400", "2005-03-31": "75.43890"}, "Operating Margin": {"2020-09-30": "22.26770", "2020-06-30": "21.76240", "2020-03-31": "27.14770", "2019-12-31": "22.90160", "2019-09-30": "26.12390", "2019-06-30": "26.58120", "2019-03-31": "12.66840", "2018-12-31": "15.96780", "2018-09-30": "25.30670", "2018-06-30": "-0.08770", "2018-03-31": "26.11310", "2017-12-31": "8.53770", "2017-09-30": "9.57410", "2017-06-30": "20.60510", "2017-03-31": "-0.32710", "2016-12-31": "11.78020", "2016-09-30": "18.17320", "2016-06-30": "17.08300", "2016-03-31": "14.71300", "2015-12-31": "6.09230", "2015-09-30": "19.38220", "2015-06-30": "17.58290", "2015-03-31": "11.30750", "2014-12-31": "6.02780", "2014-09-30": "12.27130", "2014-06-30": "17.96340", "2014-03-31": "18.49630", "2013-12-31": "15.13400", "2013-09-30": "26.75920", "2013-06-30": "25.34700", "2013-03-31": "25.76940", "2012-12-31": "16.97390", "2012-09-30": "20.93400", "2012-06-30": "21.46520", "2012-03-31": "24.65730", "2011-12-31": "16.41090", "2011-09-30": "25.79580", "2011-06-30": "25.41100", "2011-03-31": "23.31480", "2010-12-31": "21.59360", "2010-09-30": "30.99140", "2010-06-30": "31.00180", "2010-03-31": "30.25250", "2009-12-31": "9.27170", "2009-09-30": "30.31640", "2009-06-30": "30.16930", "2009-03-31": "34.75530", "2008-12-31": "-61.02910", "2008-09-30": "27.33660", "2008-06-30": "24.52040", "2008-03-31": "24.57980", "2007-12-31": "21.55080", "2007-09-30": "26.37790", "2007-06-30": "19.97190", "2007-03-31": "19.02700", "2006-12-31": "24.90990", "2006-09-30": "27.16800", "2006-06-30": "25.69500", "2006-03-31": "27.57960", "2005-12-31": "25.29970", "2005-09-30": "25.92260", "2005-06-30": "24.20860", "2005-03-31": "24.18370"}, "EBIT Margin": {"2020-09-30": "22.26770", "2020-06-30": "21.76240", "2020-03-31": "27.14770", "2019-12-31": "22.90150", "2019-09-30": "26.12390", "2019-06-30": "26.58120", "2019-03-31": "12.66840", "2018-12-31": "15.96780", "2018-09-30": "25.30670", "2018-06-30": "-0.08770", "2018-03-31": "26.11310", "2017-12-31": "8.53760", "2017-09-30": "9.57410", "2017-06-30": "20.60510", "2017-03-31": "-0.32710", "2016-12-31": "11.78020", "2016-09-30": "18.17320", "2016-06-30": "17.08300", "2016-03-31": "14.71300", "2015-12-31": "6.09230", "2015-09-30": "19.38220", "2015-06-30": "17.58290", "2015-03-31": "11.30750", "2014-12-31": "6.02780", "2014-09-30": "12.27130", "2014-06-30": "17.96340", "2014-03-31": "18.49630", "2013-12-31": "15.13390", "2013-09-30": "26.75920", "2013-06-30": "25.34700", "2013-03-31": "25.76940", "2012-12-31": "16.97390", "2012-09-30": "20.93400", "2012-06-30": "21.46520", "2012-03-31": "24.65730", "2011-12-31": "16.41090", "2011-09-30": "25.79580", "2011-06-30": "25.41100", "2011-03-31": "23.31480", "2010-12-31": "21.59370", "2010-09-30": "30.99140", "2010-06-30": "31.00180", "2010-03-31": "30.25250", "2009-12-31": "9.27170", "2009-09-30": "30.31640", "2009-06-30": "30.16930", "2009-03-31": "34.75530", "2008-12-31": "-61.02910", "2008-09-30": "27.33660", "2008-06-30": "24.52040", "2008-03-31": "24.57980", "2007-12-31": "21.55080", "2007-09-30": "26.37790", "2007-06-30": "19.97190", "2007-03-31": "19.02700", "2006-12-31": "24.90990", "2006-09-30": "27.16800", "2006-06-30": "25.69500", "2006-03-31": "27.57960", "2005-12-31": "25.29970", "2005-09-30": "25.92260", "2005-06-30": "24.20860", "2005-03-31": "24.18370"}, "EBITDA Margin": {"2020-09-30": "", "2020-06-30": "", "2020-03-31": "", "2019-12-31": "", "2019-09-30": "", "2019-06-30": "", "2019-03-31": "", "2018-12-31": "", "2018-09-30": "", "2018-06-30": "", "2018-03-31": "", "2017-12-31": "", "2017-09-30": "", "2017-06-30": "", "2017-03-31": "", "2016-12-31": "", "2016-09-30": "", "2016-06-30": "", "2016-03-31": "", "2015-12-31": "", "2015-09-30": "", "2015-06-30": "", "2015-03-31": "", "2014-12-31": "", "2014-09-30": "", "2014-06-30": "", "2014-03-31": "", "2013-12-31": "", "2013-09-30": "", "2013-06-30": "", "2013-03-31": "", "2012-12-31": "", "2012-09-30": "", "2012-06-30": "", "2012-03-31": "", "2011-12-31": "", "2011-09-30": "", "2011-06-30": "", "2011-03-31": "", "2010-12-31": "", "2010-09-30": "", "2010-06-30": "", "2010-03-31": "", "2009-12-31": "", "2009-09-30": "", "2009-06-30": "", "2009-03-31": "", "2008-12-31": "", "2008-09-30": "", "2008-06-30": "", "2008-03-31": "", "2007-12-31": "", "2007-09-30": "", "2007-06-30": "", "2007-03-31": "", "2006-12-31": "", "2006-09-30": "", "2006-06-30": "", "2006-03-31": "", "2005-12-31": "", "2005-09-30": "", "2005-06-30": "", "2005-03-31": ""}, "Pre-Tax Profit Margin": {"2020-09-30": "25.03570", "2020-06-30": "29.88870", "2020-03-31": "28.66820", "2019-12-31": "27.20150", "2019-09-30": "25.66920", "2019-06-30": "26.00640", "2019-03-31": "14.35730", "2018-12-31": "16.52480", "2018-09-30": "25.27090", "2018-06-30": "0.74660", "2018-03-31": "27.51320", "2017-12-31": "11.99740", "2017-09-30": "10.45600", "2017-06-30": "21.64210", "2017-03-31": "1.17060", "2016-12-31": "15.48480", "2016-09-30": "18.69720", "2016-06-30": "17.47520", "2016-03-31": "11.65030", "2015-12-31": "8.27070", "2015-09-30": "21.12630", "2015-06-30": "13.65220", "2015-03-31": "13.30330", "2014-12-31": "10.02870", "2014-09-30": "13.44450", "2014-06-30": "19.05340", "2014-03-31": "19.02160", "2013-12-31": "15.66420", "2013-09-30": "26.21700", "2013-06-30": "25.54770", "2013-03-31": "34.82860", "2012-12-31": "16.99570", "2012-09-30": "34.44050", "2012-06-30": "21.17060", "2012-03-31": "23.83610", "2011-12-31": "17.22950", "2011-09-30": "24.43920", "2011-06-30": "24.48980", "2011-03-31": "21.81640", "2010-12-31": "22.78330", "2010-09-30": "29.55540", "2010-06-30": "30.20680", "2010-03-31": "31.13300", "2009-12-31": "19.16350", "2009-09-30": "19.22870", "2009-06-30": "27.73010", "2009-03-31": "33.35450", "2008-12-31": "-64.12650", "2008-09-30": "-4.46880", "2008-06-30": "23.42150", "2008-03-31": "21.97150", "2007-12-31": "20.27710", "2007-09-30": "25.69110", "2007-06-30": "20.01080", "2007-03-31": "17.02280", "2006-12-31": "5.06440", "2006-09-30": "28.61730", "2006-06-30": "26.90790", "2006-03-31": "28.44640", "2005-12-31": "23.06460", "2005-09-30": "28.28300", "2005-06-30": "-3.81980", "2005-03-31": "27.00290"}, "Net Profit Margin": {"2020-09-30": "21.05010", "2020-06-30": "25.67550", "2020-03-31": "24.85580", "2019-12-31": "24.46350", "2019-09-30": "22.89560", "2019-06-30": "23.54570", "2019-03-31": "83.29600", "2018-12-31": "19.95530", "2018-09-30": "21.66050", "2018-06-30": "-4.65350", "2018-03-31": "24.52560", "2017-12-31": "-50.77530", "2017-09-30": "9.81970", "2017-06-30": "17.30680", "2017-03-31": "-2.11920", "2016-12-31": "13.39820", "2016-09-30": "14.98550", "2016-06-30": "13.83400", "2016-03-31": "9.04610", "2015-12-31": "8.89950", "2015-09-30": "16.12400", "2015-06-30": "12.06740", "2015-03-31": "11.40010", "2014-12-31": "8.36700", "2014-09-30": "10.26750", "2014-06-30": "14.86140", "2014-03-31": "15.54310", "2013-12-31": "12.52410", "2013-09-30": "20.84160", "2013-06-30": "20.34170", "2013-03-31": "27.63300", "2012-12-31": "13.88690", "2012-09-30": "24.37130", "2012-06-30": "16.49080", "2012-03-31": "18.04890", "2011-12-31": "14.19310", "2011-09-30": "20.10930", "2011-06-30": "19.14820", "2011-03-31": "18.08300", "2010-12-31": "18.90420", "2010-09-30": "23.04060", "2010-06-30": "23.46440", "2010-03-31": "22.75270", "2009-12-31": "15.42580", "2009-09-30": "16.93280", "2009-06-30": "21.88820", "2009-03-31": "26.01740", "2008-12-31": "-69.73710", "2008-09-30": "-8.93750", "2008-06-30": "18.61600", "2008-03-31": "22.13790", "2007-12-31": "16.46370", "2007-09-30": "20.19490", "2007-06-30": "14.32950", "2007-03-31": "12.03710", "2006-12-31": "3.11640", "2006-09-30": "22.60810", "2006-06-30": "21.25730", "2006-03-31": "22.47290", "2005-12-31": "18.06090", "2005-09-30": "22.05990", "2005-06-30": "-6.87080", "2005-03-31": "21.06140"}, "Asset Turnover": {"2020-09-30": "0.13060", "2020-06-30": "0.13100", "2020-03-31": "0.14260", "2019-12-31": "0.15560", "2019-09-30": "0.14450", "2019-06-30": "0.14580", "2019-03-31": "0.13400", "2018-12-31": "0.12840", "2018-09-30": "0.11890", "2018-06-30": "0.13180", "2018-03-31": "0.11190", "2017-12-31": "0.07250", "2017-09-30": "0.13150", "2017-06-30": "0.14220", "2017-03-31": "0.13900", "2016-12-31": "0.14840", "2016-09-30": "0.13810", "2016-06-30": "0.14820", "2016-03-31": "0.14020", "2015-12-31": "0.15110", "2015-09-30": "0.13660", "2015-06-30": "0.13820", "2015-03-31": "0.13030", "2014-12-31": "0.14110", "2014-09-30": "0.14070", "2014-06-30": "0.14090", "2014-03-31": "0.13470", "2013-12-31": "0.16480", "2013-09-30": "0.17000", "2013-06-30": "0.17850", "2013-03-31": "0.17340", "2012-12-31": "0.17320", "2012-09-30": "0.15860", "2012-06-30": "0.17610", "2012-03-31": "0.17380", "2011-12-31": "0.17960", "2011-09-30": "0.18610", "2011-06-30": "0.19080", "2011-03-31": "0.18420", "2010-12-31": "0.19960", "2010-09-30": "0.18910", "2010-06-30": "0.20740", "2010-03-31": "0.20170", "2009-12-31": "0.21610", "2009-09-30": "0.20500", "2009-06-30": "0.19650", "2009-03-31": "0.18980", "2008-12-31": "0.17820", "2008-09-30": "0.18800", "2008-06-30": "0.18560", "2008-03-31": "0.17660", "2007-12-31": "0.19310", "2007-09-30": "0.18370", "2007-06-30": "0.19250", "2007-03-31": "0.17810", "2006-12-31": "0.19340", "2006-09-30": "0.16160", "2006-06-30": "0.15820", "2006-03-31": "0.15380", "2005-12-31": "0.15780", "2005-09-30": "0.14520", "2005-06-30": "0.15660", "2005-03-31": "0.15050"}, "Inventory Turnover Ratio": {"2020-09-30": "0.37310", "2020-06-30": "0.36870", "2020-03-31": "0.39170", "2019-12-31": "0.40200", "2019-09-30": "0.37890", "2019-06-30": "0.35360", "2019-03-31": "0.37270", "2018-12-31": "0.36470", "2018-09-30": "0.28000", "2018-06-30": "0.29700", "2018-03-31": "0.25150", "2017-12-31": "-0.01310", "2017-09-30": "0.36000", "2017-06-30": "0.36160", "2017-03-31": "0.33400", "2016-12-31": "0.42710", "2016-09-30": "0.36090", "2016-06-30": "0.38960", "2016-03-31": "0.35370", "2015-12-31": "0.40320", "2015-09-30": "0.36190", "2015-06-30": "0.37050", "2015-03-31": "0.40020", "2014-12-31": "0.45730", "2014-09-30": "0.44540", "2014-06-30": "0.37290", "2014-03-31": "0.41180", "2013-12-31": "0.47340", "2013-09-30": "0.40280", "2013-06-30": "0.42750", "2013-03-31": "0.44950", "2012-12-31": "0.47220", "2012-09-30": "0.47140", "2012-06-30": "0.49410", "2012-03-31": "0.49410", "2011-12-31": "0.57470", "2011-09-30": "0.53240", "2011-06-30": "0.42780", "2011-03-31": "0.42650", "2010-12-31": "0.48940", "2010-09-30": "0.36860", "2010-06-30": "0.47090", "2010-03-31": "0.45430", "2009-12-31": "0.50220", "2009-09-30": "0.33630", "2009-06-30": "0.31580", "2009-03-31": "0.32030", "2008-12-31": "0.36470", "2008-09-30": "0.54710", "2008-06-30": "0.47160", "2008-03-31": "0.42830", "2007-12-31": "0.50430", "2007-09-30": "0.42220", "2007-06-30": "0.42870", "2007-03-31": "0.40500", "2006-12-31": "0.44880", "2006-09-30": "0.39110", "2006-06-30": "0.41000", "2006-03-31": "0.40960", "2005-12-31": "0.47830", "2005-09-30": "0.43370", "2005-06-30": "0.43810", "2005-03-31": "0.39080"}, "Receiveable Turnover": {"2020-09-30": "0.98220", "2020-06-30": "0.95220", "2020-03-31": "0.92240", "2019-12-31": "1.10330", "2019-09-30": "0.98890", "2019-06-30": "1.00840", "2019-03-31": "0.98340", "2018-12-31": "0.97590", "2018-09-30": "0.93880", "2018-06-30": "1.00110", "2018-03-31": "0.94180", "2017-12-31": "0.62010", "2017-09-30": "1.12830", "2017-06-30": "1.17520", "2017-03-31": "1.13320", "2016-12-31": "1.20860", "2016-09-30": "1.14830", "2016-06-30": "1.20290", "2016-03-31": "1.16180", "2015-12-31": "1.32030", "2015-09-30": "1.21930", "2015-06-30": "1.21530", "2015-03-31": "1.21410", "2014-12-31": "1.34730", "2014-09-30": "1.34140", "2014-06-30": "1.31470", "2014-03-31": "1.25010", "2013-12-31": "1.44400", "2013-09-30": "1.44480", "2013-06-30": "1.40710", "2013-03-31": "1.39040", "2012-12-31": "1.53210", "2012-09-30": "1.43410", "2012-06-30": "1.48490", "2012-03-31": "1.42500", "2011-12-31": "1.42680", "2011-09-30": "1.50040", "2011-06-30": "1.40620", "2011-03-31": "1.39590", "2010-12-31": "1.48790", "2010-09-30": "1.45940", "2010-06-30": "1.57370", "2010-03-31": "1.47070", "2009-12-31": "1.54870", "2009-09-30": "1.59690", "2009-06-30": "1.58950", "2009-03-31": "1.59720", "2008-12-31": "1.58800", "2008-09-30": "1.59850", "2008-06-30": "1.48120", "2008-03-31": "1.42650", "2007-12-31": "1.40080", "2007-09-30": "1.56080", "2007-06-30": "1.64560", "2007-03-31": "1.56140", "2006-12-31": "1.57560", "2006-09-30": "1.55970", "2006-06-30": "1.53640", "2006-03-31": "1.49120", "2005-12-31": "1.40460", "2005-09-30": "1.48950", "2005-06-30": "1.49120", "2005-03-31": "1.35460"}, "Days Sales In Receivables": {"2020-09-30": "91.63360", "2020-06-30": "94.52010", "2020-03-31": "97.56730", "2019-12-31": "81.57260", "2019-09-30": "91.00740", "2019-06-30": "89.25440", "2019-03-31": "91.51640", "2018-12-31": "92.22220", "2018-09-30": "95.86280", "2018-06-30": "89.90490", "2018-03-31": "95.56450", "2017-12-31": "145.13290", "2017-09-30": "79.76410", "2017-06-30": "76.58410", "2017-03-31": "79.42370", "2016-12-31": "74.46700", "2016-09-30": "78.38010", "2016-06-30": "74.81850", "2016-03-31": "77.46320", "2015-12-31": "68.16800", "2015-09-30": "73.81350", "2015-06-30": "74.05430", "2015-03-31": "74.13030", "2014-12-31": "66.80280", "2014-09-30": "67.09210", "2014-06-30": "68.45550", "2014-03-31": "71.99270", "2013-12-31": "62.32820", "2013-09-30": "62.29190", "2013-06-30": "63.95940", "2013-03-31": "64.73030", "2012-12-31": "58.74160", "2012-09-30": "62.75510", "2012-06-30": "60.60900", "2012-03-31": "63.15910", "2011-12-31": "63.07860", "2011-09-30": "59.98540", "2011-06-30": "64.00090", "2011-03-31": "64.47440", "2010-12-31": "60.48640", "2010-09-30": "61.67010", "2010-06-30": "57.19030", "2010-03-31": "61.19610", "2009-12-31": "58.11430", "2009-09-30": "56.35760", "2009-06-30": "56.62240", "2009-03-31": "56.34850", "2008-12-31": "56.67460", "2008-09-30": "56.30290", "2008-06-30": "60.76190", "2008-03-31": "63.08950", "2007-12-31": "64.25000", "2007-09-30": "57.66180", "2007-06-30": "54.69190", "2007-03-31": "57.64040", "2006-12-31": "57.12100", "2006-09-30": "57.70430", "2006-06-30": "58.57720", "2006-03-31": "60.35210", "2005-12-31": "64.07490", "2005-09-30": "60.42150", "2005-06-30": "60.35250", "2005-03-31": "66.43850"}, "ROE - Return On Equity": {"2020-09-30": "24.18740", "2020-06-30": "33.05240", "2020-03-31": "45.55550", "2019-12-31": "55.41480", "2019-09-30": "36.21580", "2019-06-30": "46.44940", "2019-03-31": "21.87520", "2018-12-31": "10.27950", "2018-09-30": "7.72810", "2018-06-30": "-1.99300", "2018-03-31": "8.00120", "2017-12-31": "-13.19180", "2017-09-30": "3.71380", "2017-06-30": "7.11380", "2017-03-31": "-0.78560", "2016-12-31": "5.48130", "2016-09-30": "4.98210", "2016-06-30": "5.10160", "2016-03-31": "2.92830", "2015-12-31": "3.27890", "2015-09-30": "5.24710", "2015-06-30": "4.08560", "2015-03-31": "3.54260", "2014-12-31": "2.78460", "2014-09-30": "2.83100", "2014-06-30": "4.07620", "2014-03-31": "3.96700", "2013-12-31": "4.12400", "2013-09-30": "7.12060", "2013-06-30": "7.91660", "2013-03-31": "10.35060", "2012-12-31": "5.59970", "2012-09-30": "8.26190", "2012-06-30": "6.45520", "2012-03-31": "6.82130", "2011-12-31": "6.34030", "2011-09-30": "8.21030", "2011-06-30": "8.38620", "2011-03-31": "7.57780", "2010-12-31": "9.42250", "2010-09-30": "10.50260", "2010-06-30": "13.17890", "2010-03-31": "11.92950", "2009-12-31": "9.61020", "2009-09-30": "9.50830", "2009-06-30": "13.53390", "2009-03-31": "16.99850", "2008-12-31": "-53.86710", "2008-09-30": "-3.38830", "2008-06-30": "6.50560", "2008-03-31": "7.13810", "2007-12-31": "6.32710", "2007-09-30": "7.15460", "2007-06-30": "5.74050", "2007-03-31": "4.41050", "2006-12-31": "1.20480", "2006-09-30": "6.69180", "2006-06-30": "6.89110", "2006-03-31": "7.13860", "2005-12-31": "6.69580", "2005-09-30": "6.97860", "2005-06-30": "-2.45410", "2005-03-31": "6.35120"}, "Return On Tangible Equity": {"2020-09-30": "-19.12330", "2020-06-30": "-19.71050", "2020-03-31": "-17.44600", "2019-12-31": "-19.68470", "2019-09-30": "-17.91410", "2019-06-30": "-17.58020", "2019-03-31": "-7.07350", "2018-12-31": "13.23260", "2018-09-30": "17.71560", "2018-06-30": "-6.58780", "2018-03-31": "18.65910", "2017-12-31": "-47.09050", "2017-09-30": "8.78640", "2017-06-30": "18.88950", "2017-03-31": "-2.13120", "2016-12-31": "13.42290", "2016-09-30": "11.16280", "2016-06-30": "12.83960", "2016-03-31": "7.22130", "2015-12-31": "8.67360", "2015-09-30": "12.17180", "2015-06-30": "10.29150", "2015-03-31": "8.74930", "2014-12-31": "3.98760", "2014-09-30": "3.87110", "2014-06-30": "5.50480", "2014-03-31": "5.14580", "2013-12-31": "5.46600", "2013-09-30": "9.67040", "2013-06-30": "11.24360", "2013-03-31": "14.97530", "2012-12-31": "8.25550", "2012-09-30": "12.03180", "2012-06-30": "10.07740", "2012-03-31": "10.58090", "2011-12-31": "10.20760", "2011-09-30": "12.56910", "2011-06-30": "12.84440", "2011-03-31": "11.47360", "2010-12-31": "15.40160", "2010-09-30": "16.09120", "2010-06-30": "21.75890", "2010-03-31": "19.40850", "2009-12-31": "15.71370", "2009-09-30": "15.27380", "2009-06-30": "24.28870", "2009-03-31": "33.95740", "2008-12-31": "-129.22460", "2008-09-30": "-4.06890", "2008-06-30": "7.73190", "2008-03-31": "8.49290", "2007-12-31": "7.73320", "2007-09-30": "8.82750", "2007-06-30": "7.31990", "2007-03-31": "5.57870", "2006-12-31": "1.21930", "2006-09-30": "6.69180", "2006-06-30": "6.89110", "2006-03-31": "7.13860", "2005-12-31": "6.69580", "2005-09-30": "6.97860", "2005-06-30": "-2.45410", "2005-03-31": "6.35120"}, "ROA - Return On Assets": {"2020-09-30": "2.74970", "2020-06-30": "3.36450", "2020-03-31": "3.54360", "2019-12-31": "3.80720", "2019-09-30": "3.30900", "2019-06-30": "3.43240", "2019-03-31": "1.47630", "2018-12-31": "2.55400", "2018-09-30": "2.45060", "2018-06-30": "-0.54680", "2018-03-31": "2.63150", "2017-12-31": "-3.42190", "2017-09-30": "1.29180", "2017-06-30": "2.46170", "2017-03-31": "-0.29450", "2016-12-31": "1.98890", "2016-09-30": "2.06970", "2016-06-30": "2.04990", "2016-03-31": "1.26860", "2015-12-31": "1.34500", "2015-09-30": "2.20270", "2015-06-30": "1.66720", "2015-03-31": "1.48510", "2014-12-31": "1.18020", "2014-09-30": "1.44480", "2014-06-30": "2.09460", "2014-03-31": "2.09430", "2013-12-31": "2.06390", "2013-09-30": "3.54210", "2013-06-30": "3.63030", "2013-03-31": "4.79260", "2012-12-31": "2.40500", "2012-09-30": "3.86530", "2012-06-30": "2.90330", "2012-03-31": "3.13630", "2011-12-31": "2.54960", "2011-09-30": "3.74160", "2011-06-30": "3.65260", "2011-03-31": "3.33140", "2010-12-31": "3.77270", "2010-09-30": "4.35690", "2010-06-30": "4.86560", "2010-03-31": "4.58900", "2009-12-31": "3.33350", "2009-09-30": "3.47170", "2009-06-30": "4.30170", "2009-03-31": "4.93710", "2008-12-31": "-12.42410", "2008-09-30": "-1.68040", "2008-06-30": "3.45490", "2008-03-31": "3.91000", "2007-12-31": "3.17920", "2007-09-30": "3.70910", "2007-06-30": "2.75860", "2007-03-31": "2.14340", "2006-12-31": "0.60260", "2006-09-30": "3.65320", "2006-06-30": "3.36390", "2006-03-31": "3.45720", "2005-12-31": "2.93970", "2005-09-30": "3.20280", "2005-06-30": "-1.07600", "2005-03-31": "3.16960"}, "ROI - Return On Investment": {"2020-09-30": "5.66510", "2020-06-30": "7.30230", "2020-03-31": "8.47810", "2019-12-31": "9.05550", "2019-09-30": "7.32230", "2019-06-30": "8.00730", "2019-03-31": "3.46890", "2018-12-31": "5.57760", "2018-09-30": "4.23460", "2018-06-30": "-1.11390", "2018-03-31": "4.86710", "2017-12-31": "-7.12320", "2017-09-30": "2.23250", "2017-06-30": "4.19340", "2017-03-31": "-0.50960", "2016-12-31": "3.43810", "2016-09-30": "3.19860", "2016-06-30": "3.20330", "2016-03-31": "1.95540", "2015-12-31": "2.12030", "2015-09-30": "3.43060", "2015-06-30": "2.64740", "2015-03-31": "2.36790", "2014-12-31": "2.06800", "2014-09-30": "2.17890", "2014-06-30": "3.14860", "2014-03-31": "3.08380", "2013-12-31": "3.33090", "2013-09-30": "5.68580", "2013-06-30": "6.17700", "2013-03-31": "7.98470", "2012-12-31": "4.07670", "2012-09-30": "6.15080", "2012-06-30": "4.66270", "2012-03-31": "4.99910", "2011-12-31": "4.51680", "2011-09-30": "6.02800", "2011-06-30": "6.14720", "2011-03-31": "5.53800", "2010-12-31": "6.09700", "2010-09-30": "6.72030", "2010-06-30": "7.88950", "2010-03-31": "7.28880", "2009-12-31": "5.66460", "2009-09-30": "5.64810", "2009-06-30": "7.59770", "2009-03-31": "8.99650", "2008-12-31": "-31.96750", "2008-09-30": "-2.59720", "2008-06-30": "4.97200", "2008-03-31": "5.44160", "2007-12-31": "4.72110", "2007-09-30": "5.29950", "2007-06-30": "4.11310", "2007-03-31": "3.14830", "2006-12-31": "0.91400", "2006-09-30": "4.96140", "2006-06-30": "4.69540", "2006-03-31": "4.82360", "2005-12-31": "4.36470", "2005-09-30": "4.60140", "2005-06-30": "-1.71260", "2005-03-31": "4.61680"}, "Book Value Per Share": {"2020-09-30": "5.22330", "2020-06-30": "4.46640", "2020-03-31": "3.34280", "2019-12-31": "2.81880", "2019-09-30": "3.60640", "2019-06-30": "2.95970", "2019-03-31": "2.64210", "2018-12-31": "10.32050", "2018-09-30": "13.26520", "2018-06-30": "10.82020", "2018-03-31": "13.43970", "2017-12-31": "10.60710", "2017-09-30": "13.58700", "2017-06-30": "12.87000", "2017-03-31": "12.78220", "2016-12-31": "12.79030", "2016-09-30": "14.14540", "2016-06-30": "13.27740", "2016-03-31": "13.61560", "2015-12-31": "13.20070", "2015-09-30": "13.75440", "2015-06-30": "13.26560", "2015-03-31": "13.46850", "2014-12-31": "13.85530", "2014-09-30": "15.88110", "2014-06-30": "16.10550", "2014-03-31": "16.39080", "2013-12-31": "15.79580", "2013-09-30": "14.99680", "2013-06-30": "13.52380", "2013-03-31": "13.27550", "2012-12-31": "12.91830", "2012-09-30": "13.83680", "2012-06-30": "12.32990", "2012-03-31": "12.77350", "2011-12-31": "11.69090", "2011-09-30": "13.00600", "2011-06-30": "12.33230", "2011-03-31": "12.03650", "2010-12-31": "10.76420", "2010-09-30": "10.75800", "2010-06-30": "8.87600", "2010-03-31": "9.07290", "2009-12-31": "8.28980", "2009-09-30": "8.62040", "2009-06-30": "7.44980", "2009-03-31": "6.72300", "2008-12-31": "5.92610", "2008-09-30": "12.08630", "2008-06-30": "12.96280", "2008-03-31": "13.11390", "2007-12-31": "11.90490", "2007-09-30": "11.41390", "2007-06-30": "10.19150", "2007-03-31": "10.17060", "2006-12-31": "9.70310", "2006-09-30": "11.53660", "2006-06-30": "10.55250", "2006-03-31": "10.34770", "2005-12-31": "9.54920", "2005-09-30": "10.01500", "2005-06-30": "9.05670", "2005-03-31": "10.23550"}, "Operating Cash Flow Per Share": {"2020-09-30": 1.9805, "2020-06-30": 2.7399, "2020-03-31": "0.41940", "2019-12-31": 2.0413, "2019-09-30": 1.6539, "2019-06-30": 1.1575, "2019-03-31": "0.31640", "2018-12-31": 1.3732, "2018-09-30": 2.0747, "2018-06-30": 1.4809, "2018-03-31": "0.41580", "2017-12-31": 1.6711, "2017-09-30": 1.7833, "2017-06-30": 1.5617, "2017-03-31": "0.32180", "2016-12-31": 1.8871, "2016-09-30": 1.5658, "2016-06-30": 1.3218, "2016-03-31": "-0.20610", "2015-12-31": 0.9338, "2015-09-30": 1.0374, "2015-06-30": 0.8901, "2015-03-31": "-0.07950", "2014-12-31": 1.3416, "2014-09-30": 1.5764, "2014-06-30": 0.979, "2014-03-31": "0.25310", "2013-12-31": 1.59, "2013-09-30": 1.8366, "2013-06-30": 1.5128, "2013-03-31": "0.34750", "2012-12-31": 1.4406, "2012-09-30": 1.3778, "2012-06-30": 1.1616, "2012-03-31": "0.76790", "2011-12-31": 1.7451, "2011-09-30": 1.862, "2011-06-30": 1.8297, "2011-03-31": "1.05760", "2010-12-31": 2.0126, "2010-09-30": 1.5884, "2010-06-30": 1.7312, "2010-03-31": "0.86850", "2009-12-31": 1.8365, "2009-09-30": 1.1891, "2009-06-30": 0.8415, "2009-03-31": "0.08010", "2008-12-31": 2.1729, "2008-09-30": 1.948, "2008-06-30": 0.9886, "2008-03-31": "1.55620", "2007-12-31": 2.0428, "2007-09-30": 1.3246, "2007-06-30": 0.54, "2007-03-31": "0.81820", "2006-12-31": 1.7063, "2006-09-30": 1.0816, "2006-06-30": 0.634, "2006-03-31": "0.23410", "2005-12-31": 0.7445, "2005-09-30": -0.3522, "2005-06-30": 0.6209, "2005-03-31": "0.73890"}, "Free Cash Flow Per Share": {"2020-09-30": 1.5495, "2020-06-30": 2.4303, "2020-03-31": "0.13610", "2019-12-31": 1.7065, "2019-09-30": 1.3639, "2019-06-30": 0.8844, "2019-03-31": "0.10930", "2018-12-31": 0.9974, "2018-09-30": 1.8098, "2018-06-30": 1.1757, "2018-03-31": "0.19050", "2017-12-31": 1.2474, "2017-09-30": 1.553, "2017-06-30": 1.3522, "2017-03-31": "0.16180", "2016-12-31": 1.5709, "2016-09-30": 1.3515, "2016-06-30": 1.0899, "2016-03-31": "-0.35120", "2015-12-31": 0.6642, "2015-09-30": 0.7805, "2015-06-30": 0.6797, "2015-03-31": "-0.25620", "2014-12-31": 0.9752, "2014-09-30": 1.2993, "2014-06-30": 0.7423, "2014-03-31": "0.06530", "2013-12-31": 1.3278, "2013-09-30": 1.6026, "2013-06-30": 1.3859, "2013-03-31": "0.20290", "2012-12-31": 1.0896, "2012-09-30": 1.2154, "2012-06-30": 1.002, "2012-03-31": "0.65020", "2011-12-31": 1.5381, "2011-09-30": 1.7042, "2011-06-30": 1.705, "2011-03-31": "0.96650", "2010-12-31": 1.8082, "2010-09-30": 1.4402, "2010-06-30": 1.5916, "2010-03-31": "0.75510", "2009-12-31": 1.6192, "2009-09-30": 1.0304, "2009-06-30": 0.6803, "2009-03-31": "-0.06300", "2008-12-31": 1.9448, "2008-09-30": 1.7462, "2008-06-30": 0.745, "2008-03-31": "1.38780", "2007-12-31": 1.7366, "2007-09-30": 1.1136, "2007-06-30": 0.3141, "2007-03-31": "0.59860", "2006-12-31": 1.3898, "2006-09-30": 0.8282, "2006-06-30": 0.4206, "2006-03-31": "0.08630", "2005-12-31": 0.3713, "2005-09-30": -0.5874, "2005-06-30": 0.2733, "2005-03-31": "0.51650"}}, "revenue": {"Eli Lilly Annual Revenue (Millions of US $)": {"2020": "$24,540", "2019": "$22,320", "2018": "$21,493", "2017": "$19,974", "2016": "$21,222", "2015": "$19,959", "2014": "$19,616", "2013": "$23,113", "2012": "$22,603", "2011": "$24,287", "2010": "$23,076", "2009": "$21,836", "2008": "$20,372", "2007": "$18,634", "2006": "$15,691", "2005": "$14,645"}, "Eli Lilly Quarterly Revenue (Millions of US $)": {"2020-12-31": "$7,440", "2020-09-30": "$5,741", "2020-06-30": "$5,499", "2020-03-31": "$5,860", "2019-12-31": "$6,114", "2019-09-30": "$5,477", "2019-06-30": "$5,637", "2019-03-31": "$5,092", "2018-12-31": "$5,638", "2018-09-30": "$5,307", "2018-06-30": "$5,585", "2018-03-31": "$4,964", "2017-12-31": "$3,263", "2017-09-30": "$5,658", "2017-06-30": "$5,824", "2017-03-31": "$5,228", "2016-12-31": "$5,761", "2016-09-30": "$5,192", "2016-06-30": "$5,405", "2016-03-31": "$4,865", "2015-12-31": "$5,376", "2015-09-30": "$4,960", "2015-06-30": "$4,979", "2015-03-31": "$4,645", "2014-12-31": "$5,121", "2014-09-30": "$4,876", "2014-06-30": "$4,936", "2014-03-31": "$4,683", "2013-12-31": "$5,809", "2013-09-30": "$5,773", "2013-06-30": "$5,930", "2013-03-31": "$5,602", "2012-12-31": "$5,957", "2012-09-30": "$5,443", "2012-06-30": "$5,601", "2012-03-31": "$5,602", "2011-12-31": "$6,047", "2011-09-30": "$6,148", "2011-06-30": "$6,253", "2011-03-31": "$5,839", "2010-12-31": "$6,187", "2010-09-30": "$5,655", "2010-06-30": "$5,749", "2010-03-31": "$5,486", "2009-12-31": "$5,934", "2009-09-30": "$5,562", "2009-06-30": "$5,293", "2009-03-31": "$5,047", "2008-12-31": "$5,204", "2008-09-30": "$5,210", "2008-06-30": "$5,150", "2008-03-31": "$4,808", "2007-12-31": "$5,190", "2007-09-30": "$4,587", "2007-06-30": "$4,631", "2007-03-31": "$4,226", "2006-12-31": "$4,245", "2006-09-30": "$3,864", "2006-06-30": "$3,867", "2006-03-31": "$3,715", "2005-12-31": "$3,879", "2005-09-30": "$3,601", "2005-06-30": "$3,668", "2005-03-31": "$3,497"}}, "gross-profit": {"Eli Lilly Annual Gross Profit (Millions of US $)": {"2020": "$19,057", "2019": "$17,598", "2018": "$16,812", "2017": "$15,526", "2016": "$15,512", "2015": "$14,922", "2014": "$14,683", "2013": "$18,205", "2012": "$17,807", "2011": "$19,219", "2010": "$18,710", "2009": "$17,589", "2008": "$15,995", "2007": "$14,385", "2006": "$12,145", "2005": "$11,171"}, "Eli Lilly Quarterly Gross Profit (Millions of US $)": {"2020-12-31": "$5,720", "2020-09-30": "$4,414", "2020-06-30": "$4,277", "2020-03-31": "$4,645", "2019-12-31": "$4,831", "2019-09-30": "$4,302", "2019-06-30": "$4,512", "2019-03-31": "$3,954", "2018-12-31": "$4,508", "2018-09-30": "$4,154", "2018-06-30": "$4,351", "2018-03-31": "$3,799", "2017-12-31": "$3,321", "2017-09-30": "$4,072", "2017-06-30": "$4,253", "2017-03-31": "$3,880", "2016-12-31": "$4,239", "2016-09-30": "$3,791", "2016-06-30": "$3,940", "2016-03-31": "$3,542", "2015-12-31": "$3,986", "2015-09-30": "$3,723", "2015-06-30": "$3,760", "2015-03-31": "$3,452", "2014-12-31": "$3,868", "2014-09-30": "$3,609", "2014-06-30": "$3,746", "2014-03-31": "$3,460", "2013-12-31": "$4,422", "2013-09-30": "$4,575", "2013-06-30": "$4,765", "2013-03-31": "$4,444", "2012-12-31": "$4,709", "2012-09-30": "$4,240", "2012-06-30": "$4,454", "2012-03-31": "$4,404", "2011-12-31": "$4,725", "2011-09-30": "$4,810", "2011-06-30": "$5,025", "2011-03-31": "$4,659", "2010-12-31": "$4,955", "2010-09-30": "$4,667", "2010-06-30": "$4,725", "2010-03-31": "$4,363", "2009-12-31": "$4,503", "2009-09-30": "$4,510", "2009-06-30": "$4,345", "2009-03-31": "$4,231", "2008-12-31": "$4,295", "2008-09-30": "$4,054", "2008-06-30": "$3,950", "2008-03-31": "$3,696", "2007-12-31": "$3,917", "2007-09-30": "$3,532", "2007-06-30": "$3,632", "2007-03-31": "$3,304", "2006-12-31": "$3,226", "2006-09-30": "$3,004", "2006-06-30": "$3,006", "2006-03-31": "$2,908", "2005-12-31": "$2,981", "2005-09-30": "$2,755", "2005-06-30": "$2,796", "2005-03-31": "$2,638"}}, "operating-income": {"Eli Lilly Annual Operating Income (Millions of US $)": {"2020": "$6,058", "2019": "$4,974", "2018": "$3,535", "2017": "$2,003", "2016": "$3,261", "2015": "$2,689", "2014": "$2,660", "2013": "$5,370", "2012": "$4,734", "2011": "$5,529", "2010": "$6,530", "2009": "$5,587", "2008": "$693", "2007": "$4,057", "2006": "$4,125", "2005": "$3,649"}, "Eli Lilly Quarterly Operating Income (Millions of US $)": {"2020-12-31": "$1,992", "2020-09-30": "$1,278", "2020-06-30": "$1,197", "2020-03-31": "$1,591", "2019-12-31": "$1,400", "2019-09-30": "$1,431", "2019-06-30": "$1,498", "2019-03-31": "$645", "2018-12-31": "$900", "2018-09-30": "$1,343", "2018-06-30": "$-5", "2018-03-31": "$1,296", "2017-12-31": "$279", "2017-09-30": "$542", "2017-06-30": "$1,200", "2017-03-31": "$-17", "2016-12-31": "$679", "2016-09-30": "$944", "2016-06-30": "$923", "2016-03-31": "$716", "2015-12-31": "$328", "2015-09-30": "$961", "2015-06-30": "$875", "2015-03-31": "$525", "2014-12-31": "$309", "2014-09-30": "$598", "2014-06-30": "$887", "2014-03-31": "$866", "2013-12-31": "$879", "2013-09-30": "$1,545", "2013-06-30": "$1,503", "2013-03-31": "$1,444", "2012-12-31": "$1,011", "2012-09-30": "$1,140", "2012-06-30": "$1,202", "2012-03-31": "$1,381", "2011-12-31": "$992", "2011-09-30": "$1,586", "2011-06-30": "$1,589", "2011-03-31": "$1,361", "2010-12-31": "$1,336", "2010-09-30": "$1,753", "2010-06-30": "$1,782", "2010-03-31": "$1,660", "2009-12-31": "$550", "2009-09-30": "$1,686", "2009-06-30": "$1,597", "2009-03-31": "$1,754", "2008-12-31": "$-3,176", "2008-09-30": "$1,424", "2008-06-30": "$1,263", "2008-03-31": "$1,182", "2007-12-31": "$1,118", "2007-09-30": "$1,210", "2007-06-30": "$925", "2007-03-31": "$804", "2006-12-31": "$1,058", "2006-09-30": "$1,050", "2006-06-30": "$994", "2006-03-31": "$1,025", "2005-12-31": "$981", "2005-09-30": "$934", "2005-06-30": "$888", "2005-03-31": "$846"}}, "ebitda": {"Eli Lilly Annual EBITDA (Millions of US $)": {"2019": "$6,207", "2018": "$5,144", "2017": "$3,571", "2016": "$4,758", "2015": "$4,117", "2014": "$4,039", "2013": "$6,816", "2012": "$6,196", "2011": "$6,902", "2010": "$7,858", "2009": "$6,885", "2008": "$1,815", "2007": "$5,105", "2006": "$4,927", "2005": "$4,375"}, "Eli Lilly Quarterly EBITDA (Millions of US $)": {"2020-09-30": "$1,637", "2020-06-30": "$1,521", "2020-03-31": "$1,864", "2019-12-31": "$1,741", "2019-09-30": "$1,719", "2019-06-30": "$1,746", "2019-03-31": "$1,002", "2018-12-31": "$1,246", "2018-09-30": "$1,759", "2018-06-30": "$420", "2018-03-31": "$1,719", "2017-12-31": "$691", "2017-09-30": "$915", "2017-06-30": "$1,596", "2017-03-31": "$370", "2016-12-31": "$1,023", "2016-09-30": "$1,336", "2016-06-30": "$1,297", "2016-03-31": "$1,101", "2015-12-31": "$671", "2015-09-30": "$1,320", "2015-06-30": "$1,244", "2015-03-31": "$883", "2014-12-31": "$648", "2014-09-30": "$941", "2014-06-30": "$1,235", "2014-03-31": "$1,215", "2013-12-31": "$1,230", "2013-09-30": "$1,894", "2013-06-30": "$1,867", "2013-03-31": "$1,825", "2012-12-31": "$1,356", "2012-09-30": "$1,509", "2012-06-30": "$1,564", "2012-03-31": "$1,767", "2011-12-31": "$1,311", "2011-09-30": "$1,944", "2011-06-30": "$1,945", "2011-03-31": "$1,702", "2010-12-31": "$1,674", "2010-09-30": "$2,097", "2010-06-30": "$2,128", "2010-03-31": "$1,959", "2009-12-31": "$926", "2009-09-30": "$1,996", "2009-06-30": "$1,903", "2009-03-31": "$2,060", "2008-12-31": "$-2,896", "2008-09-30": "$1,707", "2008-06-30": "$1,544", "2008-03-31": "$1,459", "2007-12-31": "$1,393", "2007-09-30": "$1,475", "2007-06-30": "$1,187", "2007-03-31": "$1,049", "2006-12-31": "$1,231", "2006-09-30": "$1,264", "2006-06-30": "$1,203", "2006-03-31": "$1,229", "2005-12-31": "$1,207", "2005-09-30": "$1,117", "2005-06-30": "$1,047", "2005-03-31": "$1,005"}}, "net-income": {"Eli Lilly Annual Net Income (Millions of US $)": {"2020": "$6,194", "2019": "$8,318", "2018": "$3,232", "2017": "$-204", "2016": "$2,738", "2015": "$2,408", "2014": "$2,391", "2013": "$4,685", "2012": "$4,089", "2011": "$4,348", "2010": "$5,070", "2009": "$4,329", "2008": "$-2,072", "2007": "$2,953", "2006": "$2,663", "2005": "$1,980"}, "Eli Lilly Quarterly Net Income (Millions of US $)": {"2020-12-31": "$2,117", "2020-09-30": "$1,208", "2020-06-30": "$1,412", "2020-03-31": "$1,457", "2019-12-31": "$1,496", "2019-09-30": "$1,254", "2019-06-30": "$1,327", "2019-03-31": "$4,242", "2018-12-31": "$1,125", "2018-09-30": "$1,150", "2018-06-30": "$-260", "2018-03-31": "$1,217", "2017-12-31": "$-1,657", "2017-09-30": "$556", "2017-06-30": "$1,008", "2017-03-31": "$-111", "2016-12-31": "$772", "2016-09-30": "$778", "2016-06-30": "$748", "2016-03-31": "$440", "2015-12-31": "$478", "2015-09-30": "$800", "2015-06-30": "$601", "2015-03-31": "$530", "2014-12-31": "$429", "2014-09-30": "$501", "2014-06-30": "$734", "2014-03-31": "$728", "2013-12-31": "$728", "2013-09-30": "$1,203", "2013-06-30": "$1,206", "2013-03-31": "$1,548", "2012-12-31": "$827", "2012-09-30": "$1,327", "2012-06-30": "$924", "2012-03-31": "$1,011", "2011-12-31": "$858", "2011-09-30": "$1,236", "2011-06-30": "$1,197", "2011-03-31": "$1,056", "2010-12-31": "$1,170", "2010-09-30": "$1,303", "2010-06-30": "$1,349", "2010-03-31": "$1,248", "2009-12-31": "$915", "2009-09-30": "$942", "2009-06-30": "$1,159", "2009-03-31": "$1,313", "2008-12-31": "$-3,629", "2008-09-30": "$-466", "2008-06-30": "$959", "2008-03-31": "$1,064", "2007-12-31": "$854", "2007-09-30": "$926", "2007-06-30": "$664", "2007-03-31": "$509", "2006-12-31": "$132", "2006-09-30": "$874", "2006-06-30": "$822", "2006-03-31": "$835", "2005-12-31": "$701", "2005-09-30": "$794", "2005-06-30": "$-252", "2005-03-31": "$737"}}, "eps-earnings-per-share-diluted": {"Eli Lilly Annual EPS": {"2020": "$6.79", "2019": "$8.89", "2018": "$3.13", "2017": "$-0.19", "2016": "$2.58", "2015": "$2.26", "2014": "$2.23", "2013": "$4.32", "2012": "$3.66", "2011": "$3.90", "2010": "$4.58", "2009": "$3.94", "2008": "$-1.89", "2007": "$2.71", "2006": "$2.45", "2005": "$1.81"}, "Eli Lilly Quarterly EPS": {"2020-12-31": "$2.32", "2020-09-30": "$1.33", "2020-06-30": "$1.55", "2020-03-31": "$1.60", "2019-12-31": "$1.77", "2019-09-30": "$1.37", "2019-06-30": "$1.44", "2019-03-31": "$4.31", "2018-12-31": "$1.10", "2018-09-30": "$1.12", "2018-06-30": "$-0.25", "2018-03-31": "$1.16", "2017-12-31": "$-1.57", "2017-09-30": "$0.53", "2017-06-30": "$0.95", "2017-03-31": "$-0.10", "2016-12-31": "$0.73", "2016-09-30": "$0.73", "2016-06-30": "$0.71", "2016-03-31": "$0.41", "2015-12-31": "$0.45", "2015-09-30": "$0.75", "2015-06-30": "$0.56", "2015-03-31": "$0.50", "2014-12-31": "$0.40", "2014-09-30": "$0.47", "2014-06-30": "$0.68", "2014-03-31": "$0.68", "2013-12-31": "$0.68", "2013-09-30": "$1.11", "2013-06-30": "$1.11", "2013-03-31": "$1.42", "2012-12-31": "$0.74", "2012-09-30": "$1.18", "2012-06-30": "$0.83", "2012-03-31": "$0.91", "2011-12-31": "$0.77", "2011-09-30": "$1.11", "2011-06-30": "$1.07", "2011-03-31": "$0.95", "2010-12-31": "$1.05", "2010-09-30": "$1.18", "2010-06-30": "$1.22", "2010-03-31": "$1.13", "2009-12-31": "$0.82", "2009-09-30": "$0.86", "2009-06-30": "$1.06", "2009-03-31": "$1.20", "2008-12-31": "$-3.31", "2008-09-30": "$-0.43", "2008-06-30": "$0.88", "2008-03-31": "$0.97", "2007-12-31": "$0.78", "2007-09-30": "$0.85", "2007-06-30": "$0.61", "2007-03-31": "$0.47", "2006-12-31": "$0.12", "2006-09-30": "$0.80", "2006-06-30": "$0.76", "2006-03-31": "$0.77", "2005-12-31": "$0.63", "2005-09-30": "$0.73", "2005-06-30": "$-0.23", "2005-03-31": "$0.68"}}, "shares-outstanding": {"Eli Lilly Annual Shares Outstanding (Millions of Shares)": {"2020": "913", "2019": "936", "2018": "1,034", "2017": "1,052", "2016": "1,062", "2015": "1,066", "2014": "1,074", "2013": "1,085", "2012": "1,117", "2011": "1,114", "2010": "1,106", "2009": "1,098", "2008": "1,094", "2007": "1,091", "2006": "1,087", "2005": "1,092"}, "Eli Lilly Quarterly Shares Outstanding (Millions of Shares)": {"2020-12-31": "913", "2020-09-30": "911", "2020-06-30": "911", "2020-03-31": "912", "2019-12-31": "936", "2019-09-30": "919", "2019-06-30": "925", "2019-03-31": "984", "2018-12-31": "1,034", "2018-09-30": "1,026", "2018-06-30": "1,030", "2018-03-31": "1,050", "2017-12-31": "1,052", "2017-09-30": "1,056", "2017-06-30": "1,057", "2017-03-31": "1,056", "2016-12-31": "1,062", "2016-09-30": "1,061", "2016-06-30": "1,060", "2016-03-31": "1,063", "2015-12-31": "1,066", "2015-09-30": "1,065", "2015-06-30": "1,066", "2015-03-31": "1,067", "2014-12-31": "1,074", "2014-09-30": "1,074", "2014-06-30": "1,076", "2014-03-31": "1,076", "2013-12-31": "1,085", "2013-09-30": "1,084", "2013-06-30": "1,084", "2013-03-31": "1,092", "2012-12-31": "1,117", "2012-09-30": "1,120", "2012-06-30": "1,119", "2012-03-31": "1,110", "2011-12-31": "1,114", "2011-09-30": "1,114", "2011-06-30": "1,114", "2011-03-31": "1,112", "2010-12-31": "1,106", "2010-09-30": "1,105", "2010-06-30": "1,104", "2010-03-31": "1,103", "2009-12-31": "1,098", "2009-09-30": "1,098", "2009-06-30": "1,097", "2009-03-31": "1,097", "2008-12-31": "1,094", "2008-09-30": "1,094", "2008-06-30": "1,094", "2008-03-31": "1,094", "2007-12-31": "1,091", "2007-09-30": "1,090", "2007-06-30": "1,090", "2007-03-31": "1,090", "2006-12-31": "1,087", "2006-09-30": "1,086", "2006-06-30": "1,085", "2006-03-31": "1,087", "2005-12-31": "1,092", "2005-09-30": "1,091", "2005-06-30": "1,088", "2005-03-31": "1,089"}}, "total-assets": {"Eli Lilly Annual Total Assets (Millions of US $)": {"2019": "$39,286", "2018": "$43,908", "2017": "$44,981", "2016": "$38,806", "2015": "$35,569", "2014": "$36,308", "2013": "$35,249", "2012": "$34,399", "2011": "$33,660", "2010": "$31,001", "2009": "$27,461", "2008": "$29,213", "2007": "$26,875", "2006": "$21,955", "2005": "$24,581"}, "Eli Lilly Quarterly Total Assets (Millions of US $)": {"2020-09-30": "$43,946", "2020-06-30": "$41,967", "2020-03-31": "$41,103", "2019-12-31": "$39,286", "2019-09-30": "$37,893", "2019-06-30": "$38,666", "2019-03-31": "$38,007", "2018-12-31": "$43,908", "2018-09-30": "$44,625", "2018-06-30": "$42,359", "2018-03-31": "$44,356", "2017-12-31": "$44,981", "2017-09-30": "$43,010", "2017-06-30": "$40,947", "2017-03-31": "$37,624", "2016-12-31": "$38,806", "2016-09-30": "$37,590", "2016-06-30": "$36,475", "2016-03-31": "$34,692", "2015-12-31": "$35,569", "2015-09-30": "$36,305", "2015-06-30": "$36,037", "2015-03-31": "$35,654", "2014-12-31": "$36,308", "2014-09-30": "$34,649", "2014-06-30": "$35,018", "2014-03-31": "$34,757", "2013-12-31": "$35,249", "2013-09-30": "$33,966", "2013-06-30": "$33,226", "2013-03-31": "$32,300", "2012-12-31": "$34,399", "2012-09-30": "$34,321", "2012-06-30": "$31,813", "2012-03-31": "$32,238", "2011-12-31": "$33,660", "2011-09-30": "$33,042", "2011-06-30": "$32,779", "2011-03-31": "$31,695", "2010-12-31": "$31,001", "2010-09-30": "$29,904", "2010-06-30": "$27,723", "2010-03-31": "$27,198", "2009-12-31": "$27,461", "2009-09-30": "$27,128", "2009-06-30": "$26,932", "2009-03-31": "$26,597", "2008-12-31": "$29,213", "2008-09-30": "$27,707", "2008-06-30": "$27,752", "2008-03-31": "$27,220", "2007-12-31": "$26,875", "2007-09-30": "$24,974", "2007-06-30": "$24,056", "2007-03-31": "$23,733", "2006-12-31": "$21,955", "2006-09-30": "$23,913", "2006-06-30": "$24,436", "2006-03-31": "$24,147", "2005-12-31": "$24,581", "2005-09-30": "$24,803", "2005-06-30": "$23,420", "2005-03-31": "$23,240"}}, "cash-on-hand": {"Eli Lilly Annual Cash on Hand (Millions of US $)": {"2019": "$2,439", "2018": "$7,409", "2017": "$8,034", "2016": "$6,039", "2015": "$4,452", "2014": "$4,827", "2013": "$5,397", "2012": "$5,684", "2011": "$6,897", "2010": "$6,727", "2009": "$4,498", "2008": "$5,926", "2007": "$4,831", "2006": "$3,891", "2005": "$5,038"}, "Eli Lilly Quarterly Cash on Hand (Millions of US $)": {"2020-09-30": "$3,630", "2020-06-30": "$2,388", "2020-03-31": "$1,777", "2019-12-31": "$2,439", "2019-09-30": "$1,653", "2019-06-30": "$2,368", "2019-03-31": "$2,137", "2018-12-31": "$7,409", "2018-09-30": "$9,036", "2018-06-30": "$6,910", "2018-03-31": "$4,790", "2017-12-31": "$8,034", "2017-09-30": "$6,943", "2017-06-30": "$5,434", "2017-03-31": "$3,506", "2016-12-31": "$6,039", "2016-09-30": "$4,227", "2016-06-30": "$3,935", "2016-03-31": "$2,995", "2015-12-31": "$4,452", "2015-09-30": "$4,319", "2015-06-30": "$4,231", "2015-03-31": "$4,140", "2014-12-31": "$4,827", "2014-09-30": "$4,810", "2014-06-30": "$5,127", "2014-03-31": "$5,212", "2013-12-31": "$5,397", "2013-09-30": "$5,379", "2013-06-30": "$4,711", "2013-03-31": "$4,732", "2012-12-31": "$5,684", "2012-09-30": "$6,900", "2012-06-30": "$5,262", "2012-03-31": "$4,925", "2011-12-31": "$6,897", "2011-09-30": "$6,784", "2011-06-30": "$6,330", "2011-03-31": "$6,713", "2010-12-31": "$6,727", "2010-09-30": "$6,140", "2010-06-30": "$5,197", "2010-03-31": "$4,758", "2009-12-31": "$4,498", "2009-09-30": "$3,929", "2009-06-30": "$3,490", "2009-03-31": "$3,508", "2008-12-31": "$5,926", "2008-09-30": "$6,119", "2008-06-30": "$5,170", "2008-03-31": "$5,435", "2007-12-31": "$4,831", "2007-09-30": "$3,566", "2007-06-30": "$3,004", "2007-03-31": "$3,364", "2006-12-31": "$3,891", "2006-09-30": "$3,619", "2006-06-30": "$4,591", "2006-03-31": "$4,504", "2005-12-31": "$5,038", "2005-09-30": "$6,232", "2005-06-30": "$5,403", "2005-03-31": "$5,620"}}, "long-term-debt": {"Eli Lilly Annual Long Term Debt (Millions of US $)": {"2019": "$13,818", "2018": "$9,196", "2017": "$9,941", "2016": "$8,368", "2015": "$7,972", "2014": "$5,333", "2013": "$4,200", "2012": "$5,519", "2011": "$5,465", "2010": "$6,771", "2009": "$6,635", "2008": "$4,616", "2007": "$4,594", "2006": "$3,494", "2005": "$5,764"}, "Eli Lilly Quarterly Long Term Debt (Millions of US $)": {"2020-09-30": "$16,335", "2020-06-30": "$15,064", "2020-03-31": "$13,982", "2019-12-31": "$13,818", "2019-09-30": "$13,662", "2019-06-30": "$13,718", "2019-03-31": "$13,610", "2018-12-31": "$9,196", "2018-09-30": "$11,675", "2018-06-30": "$9,171", "2018-03-31": "$9,394", "2017-12-31": "$9,941", "2017-09-30": "$9,927", "2017-06-30": "$9,868", "2017-03-31": "$7,638", "2016-12-31": "$8,368", "2016-09-30": "$8,707", "2016-06-30": "$8,686", "2016-03-31": "$7,478", "2015-12-31": "$7,972", "2015-09-30": "$8,070", "2015-06-30": "$7,989", "2015-03-31": "$7,415", "2014-12-31": "$5,333", "2014-09-30": "$5,293", "2014-06-30": "$5,301", "2014-03-31": "$5,255", "2013-12-31": "$4,200", "2013-09-30": "$4,264", "2013-06-30": "$4,291", "2013-03-31": "$4,432", "2012-12-31": "$5,519", "2012-09-30": "$5,511", "2012-06-30": "$5,500", "2012-03-31": "$5,403", "2011-12-31": "$5,465", "2011-09-30": "$5,451", "2011-06-30": "$5,200", "2011-03-31": "$5,132", "2010-12-31": "$6,771", "2010-09-30": "$6,982", "2010-06-30": "$6,862", "2010-03-31": "$6,661", "2009-12-31": "$6,635", "2009-09-30": "$6,770", "2009-06-30": "$6,688", "2009-03-31": "$6,871", "2008-12-31": "$4,616", "2008-09-30": "$4,186", "2008-06-30": "$4,546", "2008-03-31": "$4,648", "2007-12-31": "$4,594", "2007-09-30": "$4,532", "2007-06-30": "$4,574", "2007-03-31": "$4,624", "2006-12-31": "$3,494", "2006-09-30": "$4,553", "2006-06-30": "$5,578", "2006-03-31": "$5,613", "2005-12-31": "$5,764", "2005-09-30": "$5,881", "2005-06-30": "$4,446", "2005-03-31": "$4,357"}}, "total-liabilities": {"Eli Lilly Annual Total Liabilities (Millions of US $)": {"2019": "$36,587", "2018": "$32,999", "2017": "$33,313", "2016": "$24,725", "2015": "$20,979", "2014": "$20,920", "2013": "$17,608", "2012": "$19,625", "2011": "$20,124", "2010": "$18,589", "2009": "$17,936", "2008": "$22,475", "2007": "$13,371", "2006": "$10,975", "2005": "$13,789"}, "Eli Lilly Quarterly Total Liabilities (Millions of US $)": {"2020-09-30": "$38,950", "2020-06-30": "$37,695", "2020-03-31": "$37,906", "2019-12-31": "$36,587", "2019-09-30": "$34,431", "2019-06-30": "$35,809", "2019-03-31": "$35,442", "2018-12-31": "$32,999", "2018-09-30": "$30,474", "2018-06-30": "$30,738", "2018-03-31": "$29,768", "2017-12-31": "$33,313", "2017-09-30": "$28,050", "2017-06-30": "$26,777", "2017-03-31": "$23,521", "2016-12-31": "$24,725", "2016-09-30": "$21,975", "2016-06-30": "$21,819", "2016-03-31": "$19,662", "2015-12-31": "$20,979", "2015-09-30": "$21,064", "2015-06-30": "$21,331", "2015-03-31": "$20,707", "2014-12-31": "$20,920", "2014-09-30": "$16,966", "2014-06-30": "$17,024", "2014-03-31": "$16,408", "2013-12-31": "$17,608", "2013-09-30": "$17,070", "2013-06-30": "$17,990", "2013-03-31": "$17,345", "2012-12-31": "$19,625", "2012-09-30": "$18,264", "2012-06-30": "$17,505", "2012-03-31": "$17,416", "2011-12-31": "$20,124", "2011-09-30": "$17,984", "2011-06-30": "$18,502", "2011-03-31": "$17,761", "2010-12-31": "$18,589", "2010-09-30": "$17,499", "2010-06-30": "$17,488", "2010-03-31": "$16,736", "2009-12-31": "$17,936", "2009-09-30": "$17,223", "2009-06-30": "$18,372", "2009-03-31": "$18,872", "2008-12-31": "$22,475", "2008-09-30": "$13,966", "2008-06-30": "$13,014", "2008-03-31": "$12,310", "2007-12-31": "$13,371", "2007-09-30": "$12,027", "2007-06-30": "$12,496", "2007-03-31": "$12,199", "2006-12-31": "$10,975", "2006-09-30": "$10,859", "2006-06-30": "$12,507", "2006-03-31": "$12,453", "2005-12-31": "$13,789", "2005-09-30": "$13,420", "2005-06-30": "$13,151", "2005-03-31": "$11,642"}}, "total-share-holder-equity": {"Eli Lilly Annual Share Holder Equity (Millions of US $)": {"2019": "$2,699", "2018": "$10,909", "2017": "$11,668", "2016": "$14,081", "2015": "$14,590", "2014": "$15,388", "2013": "$17,641", "2012": "$14,774", "2011": "$13,536", "2010": "$12,413", "2009": "$9,525", "2008": "$6,738", "2007": "$13,504", "2006": "$10,981", "2005": "$10,792"}, "Eli Lilly Quarterly Share Holder Equity (Millions of US $)": {"2020-09-30": "$4,996", "2020-06-30": "$4,272", "2020-03-31": "$3,197", "2019-12-31": "$2,699", "2019-09-30": "$3,462", "2019-06-30": "$2,857", "2019-03-31": "$2,565", "2018-12-31": "$10,909", "2018-09-30": "$14,151", "2018-06-30": "$11,621", "2018-03-31": "$14,588", "2017-12-31": "$11,668", "2017-09-30": "$14,961", "2017-06-30": "$14,170", "2017-03-31": "$14,104", "2016-12-31": "$14,081", "2016-09-30": "$15,616", "2016-06-30": "$14,656", "2016-03-31": "$15,029", "2015-12-31": "$14,590", "2015-09-30": "$15,241", "2015-06-30": "$14,705", "2015-03-31": "$14,947", "2014-12-31": "$15,388", "2014-09-30": "$17,683", "2014-06-30": "$17,995", "2014-03-31": "$18,349", "2013-12-31": "$17,641", "2013-09-30": "$16,896", "2013-06-30": "$15,236", "2013-03-31": "$14,956", "2012-12-31": "$14,774", "2012-09-30": "$16,057", "2012-06-30": "$14,308", "2012-03-31": "$14,823", "2011-12-31": "$13,536", "2011-09-30": "$15,058", "2011-06-30": "$14,277", "2011-03-31": "$13,934", "2010-12-31": "$12,413", "2010-09-30": "$12,406", "2010-06-30": "$10,235", "2010-03-31": "$10,462", "2009-12-31": "$9,525", "2009-09-30": "$9,905", "2009-06-30": "$8,560", "2009-03-31": "$7,725", "2008-12-31": "$6,738", "2008-09-30": "$13,742", "2008-06-30": "$14,738", "2008-03-31": "$14,910", "2007-12-31": "$13,504", "2007-09-30": "$12,947", "2007-06-30": "$11,560", "2007-03-31": "$11,534", "2006-12-31": "$10,981", "2006-09-30": "$13,055", "2006-06-30": "$11,929", "2006-03-31": "$11,694", "2005-12-31": "$10,792", "2005-09-30": "$11,383", "2005-06-30": "$10,269", "2005-03-31": "$11,598"}}, "profit-margins": {"current": "25.24%"}, "gross margin": {"2020-12-31": "77.65%", "2020-09-30": "78.26%", "2020-06-30": "78.67%", "2020-03-31": "79.22%", "2019-12-31": "78.85%", "2019-09-30": "79.09%", "2019-06-30": "79.03%", "2019-03-31": "78.47%", "2018-12-31": "78.22%", "2018-09-30": "81.72%", "2018-06-30": "79.83%", "2018-03-31": "78.37%", "2017-12-31": "77.73%", "2017-09-30": "73.18%", "2017-06-30": "73.45%", "2017-03-31": "73.43%", "2016-12-31": "73.09%", "2016-09-30": "73.23%", "2016-06-30": "73.72%", "2016-03-31": "74.39%", "2015-12-31": "74.75%", "2015-09-30": "75.12%", "2015-06-30": "74.86%", "2015-03-31": "74.96%", "2014-12-31": "74.85%", "2014-09-30": "75.04%", "2014-06-30": "76.43%", "2014-03-31": "77.59%", "2013-12-31": "78.77%", "2013-09-30": "79.50%", "2013-06-30": "79.18%", "2013-03-31": "78.96%", "2012-12-31": "78.78%", "2012-09-30": "78.54%", "2012-06-30": "78.61%", "2012-03-31": "78.85%", "2011-12-31": "79.13%", "2011-09-30": "79.62%", "2011-06-30": "80.66%", "2011-03-31": "81.12%", "2010-12-31": "81.08%", "2010-09-30": "79.99%", "2010-06-30": "79.63%", "2010-03-31": "79.56%", "2009-12-31": "80.55%", "2009-09-30": "82.35%", "2009-06-30": "81.55%", "2009-03-31": "80.20%", "2008-12-31": "78.51%", "2008-09-30": "76.71%", "2008-06-30": "76.49%", "2008-03-31": "76.90%", "2007-12-31": "77.20%", "2007-09-30": "77.42%", "2007-06-30": "77.60%", "2007-03-31": "77.40%", "2006-12-31": "77.39%", "2006-09-30": "77.64%", "2006-06-30": "77.35%", "2006-03-31": "76.97%", "2005-12-31": "76.27%"}, "operating margin": {"2020-12-31": "24.69%", "2020-09-30": "23.55%", "2020-06-30": "24.48%", "2020-03-31": "25.64%", "2019-12-31": "22.28%", "2019-09-30": "20.48%", "2019-06-30": "20.24%", "2019-03-31": "13.33%", "2018-12-31": "16.44%", "2018-09-30": "15.24%", "2018-06-30": "10.85%", "2018-03-31": "16.83%", "2017-12-31": "10.03%", "2017-09-30": "10.70%", "2017-06-30": "12.75%", "2017-03-31": "11.72%", "2016-12-31": "15.37%", "2016-09-30": "13.97%", "2016-06-30": "14.21%", "2016-03-31": "14.27%", "2015-12-31": "13.47%", "2015-09-30": "13.55%", "2015-06-30": "11.76%", "2015-03-31": "11.84%", "2014-12-31": "13.56%", "2014-09-30": "15.91%", "2014-06-30": "19.70%", "2014-03-31": "21.59%", "2013-12-31": "23.24%", "2013-09-30": "23.66%", "2013-06-30": "22.23%", "2013-03-31": "21.22%", "2012-12-31": "20.94%", "2012-09-30": "20.78%", "2012-06-30": "22.06%", "2012-03-31": "23.07%", "2011-12-31": "22.76%", "2011-09-30": "24.04%", "2011-06-30": "25.23%", "2011-03-31": "26.60%", "2010-12-31": "28.30%", "2010-09-30": "25.17%", "2010-06-30": "24.98%", "2010-03-31": "24.66%", "2009-12-31": "25.59%", "2009-09-30": "8.82%", "2009-06-30": "7.70%", "2009-03-31": "6.14%", "2008-12-31": "3.40%", "2008-09-30": "24.50%", "2008-06-30": "24.19%", "2008-03-31": "23.08%", "2007-12-31": "21.77%", "2007-09-30": "22.60%", "2007-06-30": "22.62%", "2007-03-31": "24.11%", "2006-12-31": "26.30%", "2006-09-30": "26.43%", "2006-06-30": "26.12%", "2006-03-31": "25.76%", "2005-12-31": "24.92%"}, "ebitda margin": {"2020-09-30": "29.13%", "2020-06-30": "29.83%", "2020-03-31": "30.62%", "2019-12-31": "27.81%", "2019-09-30": "26.15%", "2019-06-30": "26.54%", "2019-03-31": "20.47%", "2018-12-31": "23.93%", "2018-09-30": "24.00%", "2018-06-30": "19.23%", "2018-03-31": "24.97%", "2017-12-31": "17.88%", "2017-09-30": "17.37%", "2017-06-30": "19.65%", "2017-03-31": "18.65%", "2016-12-31": "22.41%", "2016-09-30": "21.14%", "2016-06-30": "21.30%", "2016-03-31": "21.49%", "2015-12-31": "20.63%", "2015-09-30": "20.78%", "2015-06-30": "18.94%", "2015-03-31": "18.93%", "2014-12-31": "20.59%", "2014-09-30": "22.76%", "2014-06-30": "26.29%", "2014-03-31": "27.96%", "2013-12-31": "29.49%", "2013-09-30": "29.84%", "2013-06-30": "28.59%", "2013-03-31": "27.67%", "2012-12-31": "27.41%", "2012-09-30": "27.11%", "2012-06-30": "28.15%", "2012-03-31": "28.97%", "2011-12-31": "28.42%", "2011-09-30": "29.74%", "2011-06-30": "30.99%", "2011-03-31": "32.44%", "2010-12-31": "34.05%", "2010-09-30": "31.15%", "2010-06-30": "30.83%", "2010-03-31": "30.46%", "2009-12-31": "31.53%", "2009-09-30": "14.51%", "2009-06-30": "13.37%", "2009-03-31": "11.72%", "2008-12-31": "8.90%", "2008-09-30": "29.98%", "2008-06-30": "29.75%", "2008-03-31": "28.69%", "2007-12-31": "27.39%", "2007-09-30": "27.94%", "2007-06-30": "27.89%", "2007-03-31": "29.30%", "2006-12-31": "31.40%", "2006-09-30": "31.99%", "2006-06-30": "31.58%", "2006-03-31": "30.95%", "2005-12-31": "29.88%"}, "pre tax profit margin": {"2020-12-31": "29.46%", "2020-09-30": "27.67%", "2020-06-30": "27.86%", "2020-03-31": "26.92%", "2019-12-31": "23.59%", "2019-09-30": "20.76%", "2019-06-30": "20.62%", "2019-03-31": "14.09%", "2018-12-31": "17.13%", "2018-09-30": "16.43%", "2018-06-30": "12.29%", "2018-03-31": "18.32%", "2017-12-31": "11.55%", "2017-09-30": "12.49%", "2017-06-30": "14.47%", "2017-03-31": "13.29%", "2016-12-31": "15.90%", "2016-09-30": "14.05%", "2016-06-30": "14.58%", "2016-03-31": "13.58%", "2015-12-31": "13.98%", "2015-09-30": "14.51%", "2015-06-30": "12.58%", "2015-03-31": "13.93%", "2014-12-31": "15.30%", "2014-09-30": "16.73%", "2014-06-30": "20.07%", "2014-03-31": "21.76%", "2013-12-31": "25.48%", "2013-09-30": "25.76%", "2013-06-30": "27.71%", "2013-03-31": "26.66%", "2012-12-31": "23.93%", "2012-09-30": "23.96%", "2012-06-30": "21.65%", "2012-03-31": "22.50%", "2011-12-31": "22.03%", "2011-09-30": "23.41%", "2011-06-30": "24.59%", "2011-03-31": "26.00%", "2010-12-31": "28.28%", "2010-09-30": "27.40%", "2010-06-30": "24.86%", "2010-03-31": "24.17%", "2009-12-31": "24.54%", "2009-09-30": "4.19%", "2009-06-30": "-2.02%", "2009-03-31": "-3.30%", "2008-12-31": "-6.42%", "2008-09-30": "15.13%", "2008-06-30": "22.76%", "2008-03-31": "21.92%", "2007-12-31": "20.80%", "2007-09-30": "17.18%", "2007-06-30": "17.49%", "2007-03-31": "19.02%", "2006-12-31": "21.79%", "2006-09-30": "26.75%", "2006-06-30": "26.64%", "2006-03-31": "19.05%", "2005-12-31": "18.56%"}, "net profit margin": {"2020-12-31": "25.24%", "2020-09-30": "24.01%", "2020-06-30": "24.48%", "2020-03-31": "23.97%", "2019-12-31": "37.27%", "2019-09-30": "36.39%", "2019-06-30": "36.19%", "2019-03-31": "28.94%", "2018-12-31": "15.04%", "2018-09-30": "2.35%", "2018-06-30": "-0.74%", "2018-03-31": "5.70%", "2017-12-31": "-1.02%", "2017-09-30": "9.90%", "2017-06-30": "11.12%", "2017-03-31": "10.13%", "2016-12-31": "12.90%", "2016-09-30": "11.73%", "2016-06-30": "11.97%", "2016-03-31": "11.49%", "2015-12-31": "12.07%", "2015-09-30": "11.98%", "2015-06-30": "10.50%", "2015-03-31": "11.21%", "2014-12-31": "12.19%", "2014-09-30": "13.25%", "2014-06-30": "16.00%", "2014-03-31": "17.41%", "2013-12-31": "20.26%", "2013-09-30": "20.57%", "2013-06-30": "21.40%", "2013-03-31": "20.47%", "2012-12-31": "18.09%", "2012-09-30": "18.16%", "2012-06-30": "17.22%", "2012-03-31": "17.89%", "2011-12-31": "17.90%", "2011-09-30": "19.07%", "2011-06-30": "19.75%", "2011-03-31": "20.82%", "2010-12-31": "21.97%", "2010-09-30": "21.10%", "2010-06-30": "19.59%", "2010-03-31": "19.14%", "2009-12-31": "19.83%", "2009-09-30": "-1.02%", "2009-06-30": "-7.82%", "2009-03-31": "-8.84%", "2008-12-31": "-10.17%", "2008-09-30": "11.84%", "2008-06-30": "19.27%", "2008-03-31": "18.26%", "2007-12-31": "15.85%", "2007-09-30": "12.61%", "2007-06-30": "12.84%", "2007-03-31": "14.42%", "2006-12-31": "16.97%", "2006-09-30": "21.09%", "2006-06-30": "20.93%", "2006-03-31": "13.98%", "2005-12-31": "13.52%"}, "pe ratio": {"current": "25.44", "2021-02-11": "45.22", "2020-12-31": "37.53", "2020-09-30": "23.96", "2020-06-30": "26.27", "2020-03-31": "22.50", "2019-12-31": "14.64", "2019-09-30": "13.20", "2019-06-30": "13.49", "2019-03-31": "19.94", "2018-12-31": "35.49", "2018-09-30": "227.77", "2018-06-30": "0.00", "2018-03-31": "68.86", "2017-12-31": "0.00", "2017-09-30": "37.73", "2017-06-30": "32.95", "2017-03-31": "37.33", "2016-12-31": "26.02", "2016-09-30": "31.64", "2016-06-30": "30.59", "2016-03-31": "29.70", "2015-12-31": "33.14", "2015-09-30": "33.45", "2015-06-30": "37.99", "2015-03-31": "30.91", "2014-12-31": "26.79", "2014-09-30": "22.30", "2014-06-30": "16.88", "2014-03-31": "13.95", "2013-12-31": "9.92", "2013-09-30": "9.54", "2013-06-30": "9.08", "2013-03-31": "11.11", "2012-12-31": "10.89", "2012-09-30": "10.28", "2012-06-30": "9.37", "2012-03-31": "8.15", "2011-12-31": "8.23", "2011-09-30": "6.74", "2011-06-30": "6.64", "2011-03-31": "5.93", "2010-12-31": "5.60", "2010-09-30": "6.04", "2010-06-30": "5.90", "2010-03-31": "6.55", "2009-12-31": "6.26", "2009-09-30": "0.00", "2009-06-30": "0.00", "2009-03-31": "0.00", "2008-12-31": "0.00", "2008-09-30": "12.91", "2008-06-30": "8.48", "2008-03-31": "10.17", "2007-12-31": "12.35", "2007-09-30": "17.27", "2007-06-30": "17.24", "2007-03-31": "15.31", "2006-12-31": "12.93"}, "price sales": {"2021-02-11": "7.53", "2020-12-31": "6.25", "2020-09-30": "5.80", "2020-06-30": "6.48", "2020-03-31": "5.44", "2019-12-31": "5.40", "2019-09-30": "4.78", "2019-06-30": "4.91", "2019-03-31": "5.90", "2018-12-31": "5.35", "2018-09-30": "5.56", "2018-06-30": "4.36", "2018-03-31": "3.90", "2017-12-31": "4.18", "2017-09-30": "3.75", "2017-06-30": "3.66", "2017-03-31": "3.79", "2016-12-31": "3.36", "2016-09-30": "3.71", "2016-06-30": "3.66", "2016-03-31": "3.40", "2015-12-31": "4.00", "2015-09-30": "4.01", "2015-06-30": "4.00", "2015-03-31": "3.47", "2014-12-31": "3.27", "2014-09-30": "2.96", "2014-06-30": "2.70", "2014-03-31": "2.43", "2013-12-31": "2.01", "2013-09-30": "1.97", "2013-06-30": "1.94", "2013-03-31": "2.28", "2012-12-31": "1.97", "2012-09-30": "1.86", "2012-06-30": "1.62", "2012-03-31": "1.46", "2011-12-31": "1.47", "2011-09-30": "1.28", "2011-06-30": "1.31", "2011-03-31": "1.23", "2010-12-31": "1.23", "2010-09-30": "1.27", "2010-06-30": "1.15", "2010-03-31": "1.25", "2009-12-31": "1.24", "2009-09-30": "1.17", "2009-06-30": "1.23", "2009-03-31": "1.18", "2008-12-31": "1.42", "2008-09-30": "1.53", "2008-06-30": "1.63", "2008-03-31": "1.85", "2007-12-31": "1.96", "2007-09-30": "2.18", "2007-06-30": "2.21", "2007-03-31": "2.21", "2006-12-31": "2.19"}, "price book": {"current": "38.62", "2021-02-11": "38.78", "2020-09-30": "28.07", "2020-06-30": "36.24", "2020-03-31": "40.72", "2019-12-31": "45.51", "2019-09-30": "30.09", "2019-06-30": "36.33", "2019-03-31": "47.40", "2018-12-31": "10.76", "2018-09-30": "7.73", "2018-06-30": "7.49", "2018-03-31": "5.43", "2017-12-31": "7.46", "2017-09-30": "5.86", "2017-06-30": "5.91", "2017-03-31": "6.05", "2016-12-31": "5.25", "2016-09-30": "5.15", "2016-06-30": "5.34", "2016-03-31": "4.73", "2015-12-31": "5.67", "2015-09-30": "5.37", "2015-06-30": "5.53", "2015-03-31": "4.70", "2014-12-31": "4.31", "2014-09-30": "3.51", "2014-06-30": "3.29", "2014-03-31": "3.04", "2013-12-31": "2.71", "2013-09-30": "2.79", "2013-06-30": "2.99", "2013-03-31": "3.49", "2012-12-31": "3.09", "2012-09-30": "2.74", "2012-06-30": "2.75", "2012-03-31": "2.46", "2011-12-31": "2.74", "2011-09-30": "2.17", "2011-06-30": "2.29", "2011-03-31": "2.17", "2010-12-31": "2.38", "2010-09-30": "2.45", "2010-06-30": "2.69", "2010-03-31": "2.80", "2009-12-31": "2.98", "2009-09-30": "2.62", "2009-06-30": "3.13", "2009-03-31": "3.30", "2008-12-31": "4.45", "2008-09-30": "2.35", "2008-06-30": "2.28", "2008-03-31": "2.49", "2007-12-31": "2.81", "2007-09-30": "3.10", "2007-06-30": "3.38", "2007-03-31": "3.24", "2006-12-31": "3.26", "2006-09-30": "2.98", "2006-06-30": "3.14", "2006-03-31": "3.18"}, "price fcf": {"2021-02-11": "", "2020-09-30": "$5.82", "2020-06-30": "$5.64", "2020-03-31": "$4.09", "2019-12-31": "$4.06", "2019-09-30": "$3.36", "2019-06-30": "$3.80", "2019-03-31": "$4.09", "2018-12-31": "$4.17", "2018-09-30": "$4.42", "2018-06-30": "$4.17", "2018-03-31": "$4.34", "2017-12-31": "$4.31", "2017-09-30": "$4.64", "2017-06-30": "$4.44", "2017-03-31": "$4.17", "2016-12-31": "$3.66", "2016-09-30": "$2.75", "2016-06-30": "$2.18", "2016-03-31": "$1.77", "2015-12-31": "$1.87", "2015-09-30": "$2.18", "2015-06-30": "$2.70", "2015-03-31": "$2.76", "2014-12-31": "$3.08", "2014-09-30": "$3.43", "2014-06-30": "$3.74", "2014-03-31": "$4.38", "2013-12-31": "$4.52", "2013-09-30": "$4.28", "2013-06-30": "$3.89", "2013-03-31": "$3.51", "2012-12-31": "$3.96", "2012-09-30": "$4.41", "2012-06-30": "$4.89", "2012-03-31": "$5.60", "2011-12-31": "$5.91", "2011-09-30": "$6.18", "2011-06-30": "$5.92", "2011-03-31": "$5.81", "2010-12-31": "$5.60", "2010-09-30": "$5.41", "2010-06-30": "$5.00", "2010-03-31": "$4.09", "2009-12-31": "$3.27", "2009-09-30": "$3.59", "2009-06-30": "$4.31", "2009-03-31": "$4.37", "2008-12-31": "$5.82", "2008-09-30": "$5.62", "2008-06-30": "$4.98", "2008-03-31": "$4.55", "2007-12-31": "$3.76", "2007-09-30": "$3.42", "2007-06-30": "$3.13", "2007-03-31": "$3.24", "2006-12-31": "$2.72"}, "net worth": {"value": "$192.95B"}, "current ratio": {"2020-12-31": "0.00", "2020-09-30": "1.36", "2020-06-30": "1.22", "2020-03-31": "1.11", "2019-12-31": "1.16", "2019-09-30": "1.17", "2019-06-30": "1.14", "2019-03-31": "1.12", "2018-12-31": "1.73", "2018-09-30": "1.91", "2018-06-30": "1.40", "2018-03-31": "1.41", "2017-12-31": "1.32", "2017-09-30": "1.38", "2017-06-30": "1.39", "2017-03-31": "1.24", "2016-12-31": "1.38", "2016-09-30": "1.62", "2016-06-30": "1.55", "2016-03-31": "1.60", "2015-12-31": "1.53", "2015-09-30": "1.51", "2015-06-30": "1.50", "2015-03-31": "1.41", "2014-12-31": "1.23", "2014-09-30": "1.60", "2014-06-30": "1.77", "2014-03-31": "1.97", "2013-12-31": "1.47", "2013-09-30": "1.64", "2013-06-30": "1.50", "2013-03-31": "1.62", "2012-12-31": "1.55", "2012-09-30": "2.02", "2012-06-30": "1.86", "2012-03-31": "1.92", "2011-12-31": "1.60", "2011-09-30": "1.77", "2011-06-30": "1.73", "2011-03-31": "2.01", "2010-12-31": "2.14", "2010-09-30": "2.33", "2010-06-30": "1.97", "2010-03-31": "2.17", "2009-12-31": "1.90", "2009-09-30": "1.95", "2009-06-30": "1.57", "2009-03-31": "1.40", "2008-12-31": "0.95", "2008-09-30": "1.99", "2008-06-30": "2.41", "2008-03-31": "3.00", "2007-12-31": "2.27", "2007-09-30": "2.57", "2007-06-30": "2.10", "2007-03-31": "2.23", "2006-12-31": "1.91", "2006-09-30": "2.52", "2006-06-30": "2.28", "2006-03-31": "2.29", "2005-12-31": "1.89", "2005-09-30": "2.35", "2005-06-30": "1.70", "2005-03-31": "2.09"}, "quick ratio": {"2020-12-31": "0.00", "2020-09-30": "1.06", "2020-06-30": "0.94", "2020-03-31": "0.86", "2019-12-31": "0.89", "2019-09-30": "0.88", "2019-06-30": "0.87", "2019-03-31": "0.85", "2018-12-31": "1.47", "2018-09-30": "1.53", "2018-06-30": "1.09", "2018-03-31": "1.01", "2017-12-31": "1.01", "2017-09-30": "1.03", "2017-06-30": "1.01", "2017-03-31": "0.86", "2016-12-31": "1.05", "2016-09-30": "1.15", "2016-06-30": "1.10", "2016-03-31": "1.09", "2015-12-31": "1.11", "2015-09-30": "1.10", "2015-06-30": "1.10", "2015-03-31": "1.05", "2014-12-31": "0.94", "2014-09-30": "1.22", "2014-06-30": "1.34", "2014-03-31": "1.52", "2013-12-31": "1.14", "2013-09-30": "1.27", "2013-06-30": "1.18", "2013-03-31": "1.28", "2012-12-31": "1.24", "2012-09-30": "1.65", "2012-06-30": "1.51", "2012-03-31": "1.55", "2011-12-31": "1.34", "2011-09-30": "1.47", "2011-06-30": "1.40", "2011-03-31": "1.65", "2010-12-31": "1.78", "2010-09-30": "1.89", "2010-06-30": "1.63", "2010-03-31": "1.73", "2009-12-31": "1.47", "2009-09-30": "1.43", "2009-06-30": "1.14", "2009-03-31": "1.05", "2008-12-31": "0.76", "2008-09-30": "1.66", "2008-06-30": "1.93", "2008-03-31": "2.38", "2007-12-31": "1.80", "2007-09-30": "1.95", "2007-06-30": "1.59", "2007-03-31": "1.68", "2006-12-31": "1.46", "2006-09-30": "1.95", "2006-06-30": "1.83", "2006-03-31": "1.85", "2005-12-31": "1.56", "2005-09-30": "1.96", "2005-06-30": "1.39", "2005-03-31": "1.68"}, "debt equity ratio": {"current": "3.27", "2020-12-31": "0.00", "2020-09-30": "7.80", "2020-06-30": "8.82", "2020-03-31": "11.86", "2019-12-31": "13.56", "2019-09-30": "9.94", "2019-06-30": "12.53", "2019-03-31": "13.82", "2018-12-31": "3.03", "2018-09-30": "2.15", "2018-06-30": "2.65", "2018-03-31": "2.04", "2017-12-31": "2.86", "2017-09-30": "1.88", "2017-06-30": "1.89", "2017-03-31": "1.67", "2016-12-31": "1.76", "2016-09-30": "1.41", "2016-06-30": "1.49", "2016-03-31": "1.31", "2015-12-31": "1.44", "2015-09-30": "1.38", "2015-06-30": "1.45", "2015-03-31": "1.39", "2014-12-31": "1.36", "2014-09-30": "0.96", "2014-06-30": "0.95", "2014-03-31": "0.89", "2013-12-31": "1.00", "2013-09-30": "1.01", "2013-06-30": "1.18", "2013-03-31": "1.16", "2012-12-31": "1.33", "2012-09-30": "1.14", "2012-06-30": "1.22", "2012-03-31": "1.18", "2011-12-31": "1.49", "2011-09-30": "1.19", "2011-06-30": "1.30", "2011-03-31": "1.28", "2010-12-31": "1.50", "2010-09-30": "1.41", "2010-06-30": "1.71", "2010-03-31": "1.60", "2009-12-31": "1.88", "2009-09-30": "1.74", "2009-06-30": "2.15", "2009-03-31": "2.44", "2008-12-31": "3.34", "2008-09-30": "1.02", "2008-06-30": "0.88", "2008-03-31": "0.83", "2007-12-31": "0.99", "2007-09-30": "0.93", "2007-06-30": "1.08", "2007-03-31": "1.06", "2006-12-31": "1.00", "2006-09-30": "0.83", "2006-06-30": "1.05", "2006-03-31": "1.07", "2005-12-31": "1.28", "2005-09-30": "1.18", "2005-06-30": "1.28", "2005-03-31": "1.00"}, "return on equity": {"2020-12-31": "198.76%", "2020-09-30": "147.01%", "2020-06-30": "164.90%", "2020-03-31": "181.22%", "2019-12-31": "287.28%", "2019-09-30": "160.62%", "2019-06-30": "102.93%", "2019-03-31": "63.77%", "2018-12-31": "25.22%", "2018-09-30": "3.46%", "2018-06-30": "-1.09%", "2018-03-31": "8.12%", "2017-12-31": "-1.49%", "2017-09-30": "15.53%", "2017-06-30": "16.88%", "2017-03-31": "14.96%", "2016-12-31": "18.44%", "2016-09-30": "16.32%", "2016-06-30": "16.57%", "2016-03-31": "15.57%", "2015-12-31": "16.20%", "2015-09-30": "15.66%", "2015-06-30": "13.14%", "2015-03-31": "13.29%", "2014-12-31": "13.78%", "2014-09-30": "15.01%", "2014-06-30": "19.14%", "2014-03-31": "22.69%", "2013-12-31": "28.95%", "2013-09-30": "30.93%", "2013-06-30": "32.17%", "2013-03-31": "30.79%", "2012-12-31": "27.28%", "2012-09-30": "28.06%", "2012-06-30": "27.92%", "2012-03-31": "29.83%", "2011-12-31": "30.61%", "2011-09-30": "33.47%", "2011-06-30": "35.65%", "2011-03-31": "39.83%", "2010-12-31": "44.56%", "2010-09-30": "45.18%", "2010-06-30": "44.40%", "2010-03-31": "44.36%", "2009-12-31": "48.48%", "2009-09-30": "-2.61%", "2009-06-30": "-17.66%", "2009-03-31": "-16.98%", "2008-12-31": "-16.53%", "2008-09-30": "16.95%", "2008-06-30": "27.12%", "2008-03-31": "26.51%", "2007-12-31": "23.84%", "2007-09-30": "18.98%", "2007-06-30": "18.49%", "2007-03-31": "19.68%", "2006-12-31": "22.35%", "2006-09-30": "27.23%", "2006-06-30": "27.53%", "2006-03-31": "18.83%", "2005-12-31": "17.98%"}, "return on assets": {"2020-12-31": "19.51%", "2020-09-30": "13.40%", "2020-06-30": "14.03%", "2020-03-31": "14.10%", "2019-12-31": "21.63%", "2019-09-30": "20.06%", "2019-06-30": "18.99%", "2019-03-31": "14.82%", "2018-12-31": "7.38%", "2018-09-30": "1.02%", "2018-06-30": "-0.33%", "2018-03-31": "2.59%", "2017-12-31": "-0.49%", "2017-09-30": "5.55%", "2017-06-30": "6.32%", "2017-03-31": "5.81%", "2016-12-31": "7.42%", "2016-09-30": "6.77%", "2016-06-30": "6.90%", "2016-03-31": "6.50%", "2015-12-31": "6.71%", "2015-09-30": "6.54%", "2015-06-30": "5.78%", "2015-03-31": "6.20%", "2014-12-31": "6.80%", "2014-09-30": "7.70%", "2014-06-30": "9.76%", "2014-03-31": "11.27%", "2013-12-31": "13.91%", "2013-09-30": "14.29%", "2013-06-30": "14.62%", "2013-03-31": "13.93%", "2012-12-31": "12.32%", "2012-09-30": "12.48%", "2012-06-30": "12.33%", "2012-03-31": "13.06%", "2011-12-31": "13.26%", "2011-09-30": "14.50%", "2011-06-30": "15.08%", "2011-03-31": "16.22%", "2010-12-31": "17.51%", "2010-09-30": "17.15%", "2010-06-30": "16.27%", "2010-03-31": "15.69%", "2009-12-31": "16.02%", "2009-09-30": "-0.78%", "2009-06-30": "-5.88%", "2009-03-31": "-6.55%", "2008-12-31": "-7.41%", "2008-09-30": "8.80%", "2008-06-30": "14.24%", "2008-03-31": "13.61%", "2007-12-31": "11.85%", "2007-09-30": "9.42%", "2007-06-30": "9.31%", "2007-03-31": "9.94%", "2006-12-31": "11.28%", "2006-09-30": "13.32%", "2006-06-30": "12.87%", "2006-03-31": "8.57%", "2005-12-31": "8.25%"}, "return on investments": {"2020-12-31": "41.89%", "2020-09-30": "29.40%", "2020-06-30": "32.04%", "2020-03-31": "35.14%", "2019-12-31": "29.97%", "2019-09-30": "25.57%", "2019-06-30": "22.30%", "2019-03-31": "13.91%", "2018-12-31": "15.58%", "2018-09-30": "12.64%", "2018-06-30": "9.26%", "2018-03-31": "14.04%", "2017-12-31": "8.69%", "2017-09-30": "10.33%", "2017-06-30": "12.13%", "2017-03-31": "11.01%", "2016-12-31": "14.09%", "2016-09-30": "12.56%", "2016-06-30": "12.77%", "2016-03-31": "12.65%", "2015-12-31": "11.83%", "2015-09-30": "11.99%", "2015-06-30": "10.40%", "2015-03-31": "10.38%", "2014-12-31": "11.74%", "2014-09-30": "14.09%", "2014-06-30": "18.58%", "2014-03-31": "22.26%", "2013-12-31": "26.23%", "2013-09-30": "27.39%", "2013-06-30": "25.25%", "2013-03-31": "23.67%", "2012-12-31": "23.12%", "2012-09-30": "23.40%", "2012-06-30": "25.95%", "2012-03-31": "28.02%", "2011-12-31": "28.33%", "2011-09-30": "30.02%", "2011-06-30": "31.32%", "2011-03-31": "33.35%", "2010-12-31": "35.89%", "2010-09-30": "32.94%", "2010-06-30": "33.87%", "2010-03-31": "33.70%", "2009-12-31": "35.65%", "2009-09-30": "12.86%", "2009-06-30": "10.82%", "2009-03-31": "8.01%", "2008-12-31": "4.07%", "2008-09-30": "26.64%", "2008-06-30": "25.65%", "2008-03-31": "24.89%", "2007-12-31": "23.91%", "2007-09-30": "24.89%", "2007-06-30": "23.84%", "2007-03-31": "23.76%", "2006-12-31": "24.68%", "2006-09-30": "23.49%", "2006-06-30": "22.93%", "2006-03-31": "23.26%", "2005-12-31": "22.63%"}, "return on tangible equity": {"2020-09-30": "-75.75%", "2020-06-30": "-74.65%", "2020-03-31": "-72.59%", "2019-12-31": "-110.63%", "2019-09-30": "-226.99%", "2019-06-30": "-3762.11%", "2019-03-31": "244.63%", "2018-12-31": "52.94%", "2018-09-30": "9.37%", "2018-06-30": "-2.97%", "2018-03-31": "21.22%", "2017-12-31": "-4.05%", "2017-09-30": "39.37%", "2017-06-30": "42.09%", "2017-03-31": "36.85%", "2016-12-31": "44.45%", "2016-09-30": "40.06%", "2016-06-30": "41.09%", "2016-03-31": "38.62%", "2015-12-31": "40.19%", "2015-09-30": "32.32%", "2015-06-30": "23.18%", "2015-03-31": "20.38%", "2014-12-31": "18.71%", "2014-09-30": "20.03%", "2014-06-30": "25.49%", "2014-03-31": "30.53%", "2013-12-31": "40.02%", "2013-09-30": "43.96%", "2013-06-30": "46.62%", "2013-03-31": "45.63%", "2012-12-31": "41.13%", "2012-09-30": "43.19%", "2012-06-30": "43.60%", "2012-03-31": "46.36%", "2011-12-31": "47.29%", "2011-09-30": "51.83%", "2011-06-30": "55.25%", "2011-03-31": "62.75%", "2010-12-31": "71.61%", "2010-09-30": "72.53%", "2010-06-30": "72.36%", "2010-03-31": "73.54%", "2009-12-31": "83.94%", "2009-09-30": "-4.88%", "2009-06-30": "-28.36%", "2009-03-31": "-23.89%", "2008-12-31": "-21.15%", "2008-09-30": "20.34%", "2008-06-30": "32.73%", "2008-03-31": "32.53%", "2007-12-31": "29.73%", "2007-09-30": "22.58%", "2007-06-30": "20.71%", "2007-03-31": "20.79%", "2006-12-31": "22.41%", "2006-09-30": "27.23%", "2006-06-30": "27.53%", "2006-03-31": "18.83%", "2005-12-31": "17.98%"}, "dividend yield history": {"last payout": "$2.96", "last yield": "1.47%"}}