{"ticker": "LMT", "price": {"title": "Lockheed Martin Historical Annual Stock Price Data", "value": 339.14, "historical": {"2021": {"Average Stock Price": "338.7114", "Year Open": "344.6400", "Year High": "348.7900", "Year Low": "321.8200", "Year Close": "339.1400", "Annual % Change": "-4.46%"}, "2020": {"Average Stock Price": "379.9550", "Year Open": "399.3700", "Year High": "439.8500", "Year Low": "276.8000", "Year Close": "354.9800", "Annual % Change": "-8.83%"}, "2019": {"Average Stock Price": "347.5896", "Year Open": "264.7300", "Year High": "397.0400", "Year Low": "258.0800", "Year Close": "389.3800", "Annual % Change": "48.71%"}, "2018": {"Average Stock Price": "322.1028", "Year Open": "318.5400", "Year High": "361.0000", "Year Low": "245.2200", "Year Close": "261.8400", "Annual % Change": "-18.44%"}, "2017": {"Average Stock Price": "287.6656", "Year Open": "253.3100", "Year High": "322.8200", "Year Low": "250.9000", "Year Close": "321.0500", "Annual % Change": "28.45%"}, "2016": {"Average Stock Price": "237.9925", "Year Open": "213.2100", "Year High": "267.6200", "Year Low": "206.0800", "Year Close": "249.9400", "Annual % Change": "15.10%"}, "2015": {"Average Stock Price": "202.7133", "Year Open": "193.3100", "Year High": "226.4300", "Year Low": "185.5200", "Year Close": "217.1500", "Annual % Change": "12.76%"}, "2014": {"Average Stock Price": "169.0207", "Year Open": "146.0700", "Year High": "196.8400", "Year Low": "146.0700", "Year Close": "192.5700", "Annual % Change": "29.54%"}, "2013": {"Average Stock Price": "112.8640", "Year Open": "93.2700", "Year High": "148.8400", "Year Low": "86.7000", "Year Close": "148.6600", "Annual % Change": "61.08%"}, "2012": {"Average Stock Price": "88.7479", "Year Open": "82.0200", "Year High": "94.8700", "Year Low": "79.9800", "Year Close": "92.2900", "Annual % Change": "14.08%"}, "2011": {"Average Stock Price": "77.3176", "Year Open": "69.8700", "Year High": "82.2700", "Year Low": "66.8700", "Year Close": "80.9000", "Annual % Change": "15.72%"}, "2010": {"Average Stock Price": "75.7541", "Year Open": "76.8500", "Year High": "86.9200", "Year Low": "68.0400", "Year Close": "69.9100", "Annual % Change": "-7.22%"}, "2009": {"Average Stock Price": "76.2617", "Year Open": "85.5500", "Year High": "86.1700", "Year Low": "58.1800", "Year Close": "75.3500", "Annual % Change": "-10.38%"}, "2008": {"Average Stock Price": "100.1382", "Year Open": "105.3500", "Year High": "119.5900", "Year Low": "67.9700", "Year Close": "84.0800", "Annual % Change": "-20.12%"}, "2007": {"Average Stock Price": "100.7586", "Year Open": "91.9300", "Year High": "112.2500", "Year Low": "91.3600", "Year Close": "105.2600", "Annual % Change": "14.33%"}, "2006": {"Average Stock Price": "78.5987", "Year Open": "63.5500", "Year High": "92.9500", "Year Low": "63.5500", "Year Close": "92.0700", "Annual % Change": "44.70%"}, "2005": {"Average Stock Price": "61.2640", "Year Open": "54.2100", "Year High": "65.4000", "Year Low": "53.2900", "Year Close": "63.6300", "Annual % Change": "14.55%"}, "2004": {"Average Stock Price": "51.8846", "Year Open": "50.7000", "Year High": "61.6200", "Year Low": "43.8200", "Year Close": "55.5500", "Annual % Change": "8.07%"}, "2003": {"Average Stock Price": "48.5033", "Year Open": "58.8500", "Year High": "58.8500", "Year Low": "41.1300", "Year Close": "51.4000", "Annual % Change": "-11.00%"}, "2002": {"Average Stock Price": "58.8706", "Year Open": "46.2400", "Year High": "71.4300", "Year Low": "46.2400", "Year Close": "57.7500", "Annual % Change": "23.74%"}, "2001": {"Average Stock Price": "39.6274", "Year Open": "34.1000", "Year High": "49.9200", "Year Low": "31.7300", "Year Close": "46.6700", "Annual % Change": "37.47%"}, "2000": {"Average Stock Price": "26.0459", "Year Open": "20.2500", "Year High": "35.8500", "Year Low": "16.6300", "Year Close": "33.9500", "Annual % Change": "55.16%"}, "1999": {"Average Stock Price": "33.9000", "Year Open": "40.5000", "Year High": "44.5600", "Year Low": "17.3800", "Year Close": "21.8800", "Annual % Change": "-48.37%"}, "1998": {"Average Stock Price": "52.6979", "Year Open": "49.0000", "Year High": "58.5000", "Year Low": "41.6550", "Year Close": "42.3750", "Annual % Change": "-13.96%"}, "1997": {"Average Stock Price": "47.8761", "Year Open": "44.5000", "Year High": "56.0000", "Year Low": "39.6250", "Year Close": "49.2500", "Annual % Change": "7.65%"}, "1996": {"Average Stock Price": "41.8256", "Year Open": "39.8750", "Year High": "47.8125", "Year Low": "37.2500", "Year Close": "45.7500", "Annual % Change": "15.82%"}, "1995": {"Average Stock Price": "32.9475", "Year Open": "36.1850", "Year High": "40.8100", "Year Low": "25.5000", "Year Close": "39.5000", "Annual % Change": "8.77%"}, "1994": {"Average Stock Price": "33.3154", "Year Open": "33.6900", "Year High": "39.5000", "Year Low": "29.8150", "Year Close": "36.3150", "Annual % Change": "6.42%"}, "1993": {"Average Stock Price": "31.7355", "Year Open": "27.9350", "Year High": "35.3750", "Year Low": "27.1900", "Year Close": "34.1250", "Annual % Change": "20.80%"}, "1992": {"Average Stock Price": "23.1444", "Year Open": "22.0000", "Year High": "28.6850", "Year Low": "20.0000", "Year Close": "28.2500", "Annual % Change": "25.56%"}, "1991": {"Average Stock Price": "20.9961", "Year Open": "16.0600", "Year High": "23.6900", "Year Low": "15.8750", "Year Close": "22.5000", "Annual % Change": "33.81%"}, "1990": {"Average Stock Price": "16.2002", "Year Open": "20.3750", "Year High": "20.7500", "Year Low": "12.3750", "Year Close": "16.8150", "Annual % Change": "-13.77%"}, "1989": {"Average Stock Price": "23.1130", "Year Open": "20.5600", "Year High": "26.3150", "Year Low": "17.9350", "Year Close": "19.5000", "Annual % Change": "-5.45%"}, "1988": {"Average Stock Price": "20.9750", "Year Open": "18.5000", "Year High": "22.9400", "Year Low": "17.8750", "Year Close": "20.6250", "Annual % Change": "19.98%"}, "1987": {"Average Stock Price": "24.6605", "Year Open": "25.3750", "Year High": "29.8750", "Year Low": "16.3750", "Year Close": "17.1900", "Annual % Change": "-31.42%"}, "1986": {"Average Stock Price": "25.3569", "Year Open": "24.5650", "Year High": "29.6850", "Year Low": "21.6250", "Year Close": "25.0650", "Annual % Change": "2.04%"}, "1985": {"Average Stock Price": "24.5584", "Year Open": "21.8750", "Year High": "28.4400", "Year Low": "20.6900", "Year Close": "24.5650", "Annual % Change": "11.66%"}, "1984": {"Average Stock Price": "19.7888", "Year Open": "20.5000", "Year High": "24.0000", "Year Low": "15.5000", "Year Close": "22.0000", "Annual % Change": "10.00%"}, "1983": {"Average Stock Price": "42.9759", "Year Open": "36.4350", "Year High": "64.0000", "Year Low": "18.7500", "Year Close": "20.0000", "Annual % Change": "-45.39%"}, "1982": {"Average Stock Price": "29.2894", "Year Open": "23.0000", "Year High": "41.3100", "Year Low": "21.8750", "Year Close": "36.6250", "Annual % Change": "56.68%"}, "1981": {"Average Stock Price": "17.6235", "Year Open": "16.8750", "Year High": "24.8750", "Year Low": "12.8100", "Year Close": "23.3750", "Annual % Change": "39.55%"}, "1980": {"Average Stock Price": "16.3489", "Year Open": "16.6250", "Year High": "23.7500", "Year Low": "11.8100", "Year Close": "16.7500", "Annual % Change": "-2.90%"}, "1979": {"Average Stock Price": "11.7874", "Year Open": "9.7500", "Year High": "17.2500", "Year Low": "9.1250", "Year Close": "17.2500", "Annual % Change": "76.92%"}, "1978": {"Average Stock Price": "11.1305", "Year Open": "7.5000", "Year High": "18.1900", "Year Low": "6.5000", "Year Close": "9.7500", "Annual % Change": "30.00%"}}}, "market cap": {"value": "$95.89B"}, "income statement": {"Revenue": {"2020-12-31": "65398.00000", "2019-12-31": "59812.00000", "2018-12-31": "53762.00000", "2017-12-31": "49960.00000", "2016-12-31": "47290.00000", "2015-12-31": "40536.00000", "2014-12-31": "39946.00000", "2013-12-31": "45358.00000", "2012-12-31": "47182.00000", "2011-12-31": "46499.00000", "2010-12-31": "45671.00000", "2009-12-31": "43867.00000", "2008-12-31": "41372.00000", "2007-12-31": "41862.00000", "2006-12-31": "39620.00000", "2005-12-31": "37213.00000"}, "Cost Of Goods Sold": {"2020-12-31": "56744.00000", "2019-12-31": "51445.00000", "2018-12-31": "46488.00000", "2017-12-31": "43589.00000", "2016-12-31": "41889.00000", "2015-12-31": "36044.00000", "2014-12-31": "35263.00000", "2013-12-31": "41171.00000", "2012-12-31": "42986.00000", "2011-12-31": "42755.00000", "2010-12-31": "41827.00000", "2009-12-31": "39720.00000", "2008-12-31": "36798.00000", "2007-12-31": "37628.00000", "2006-12-31": "36186.00000", "2005-12-31": "34676.00000"}, "Gross Profit": {"2020-12-31": "8654.00000", "2019-12-31": "8367.00000", "2018-12-31": "7274.00000", "2017-12-31": "6371.00000", "2016-12-31": "5401.00000", "2015-12-31": "4492.00000", "2014-12-31": "4683.00000", "2013-12-31": "4187.00000", "2012-12-31": "4196.00000", "2011-12-31": "3744.00000", "2010-12-31": "3844.00000", "2009-12-31": "4147.00000", "2008-12-31": "4574.00000", "2007-12-31": "4234.00000", "2006-12-31": "3434.00000", "2005-12-31": "2537.00000"}, "Research And Development Expenses": {"2020-12-31": "", "2019-12-31": "", "2018-12-31": "", "2017-12-31": "", "2016-12-31": "", "2015-12-31": "", "2014-12-31": "", "2013-12-31": "", "2012-12-31": "", "2011-12-31": "", "2010-12-31": "", "2009-12-31": "", "2008-12-31": "", "2007-12-31": "", "2006-12-31": "", "2005-12-31": ""}, "SG&A Expenses": {"2020-12-31": "", "2019-12-31": "", "2018-12-31": "", "2017-12-31": "", "2016-12-31": "", "2015-12-31": "", "2014-12-31": "", "2013-12-31": "", "2012-12-31": "", "2011-12-31": "", "2010-12-31": "", "2009-12-31": "", "2008-12-31": "", "2007-12-31": "", "2006-12-31": "", "2005-12-31": ""}, "Other Operating Income Or Expenses": {"2020-12-31": "-10.00000", "2019-12-31": "178.00000", "2018-12-31": "60.00000", "2017-12-31": "373.00000", "2016-12-31": "487.00000", "2015-12-31": "220.00000", "2014-12-31": "329.00000", "2013-12-31": "318.00000", "2012-12-31": "238.00000", "2011-12-31": "276.00000", "2010-12-31": "261.00000", "2009-12-31": "220.00000", "2008-12-31": "475.00000", "2007-12-31": "293.00000", "2006-12-31": "336.00000", "2005-12-31": "316.00000"}, "Operating Expenses": {"2020-12-31": "56754.00000", "2019-12-31": "51267.00000", "2018-12-31": "46428.00000", "2017-12-31": "43216.00000", "2016-12-31": "41402.00000", "2015-12-31": "35824.00000", "2014-12-31": "34934.00000", "2013-12-31": "40853.00000", "2012-12-31": "42748.00000", "2011-12-31": "42479.00000", "2010-12-31": "41566.00000", "2009-12-31": "39500.00000", "2008-12-31": "36323.00000", "2007-12-31": "37335.00000", "2006-12-31": "35850.00000", "2005-12-31": "34360.00000"}, "Operating Income": {"2020-12-31": "8644.00000", "2019-12-31": "8545.00000", "2018-12-31": "7334.00000", "2017-12-31": "6744.00000", "2016-12-31": "5888.00000", "2015-12-31": "4712.00000", "2014-12-31": "5012.00000", "2013-12-31": "4505.00000", "2012-12-31": "4434.00000", "2011-12-31": "4020.00000", "2010-12-31": "4105.00000", "2009-12-31": "4367.00000", "2008-12-31": "5049.00000", "2007-12-31": "4527.00000", "2006-12-31": "3770.00000", "2005-12-31": "2853.00000"}, "Total Non-Operating Income/Expense": {"2020-12-31": "-409.00000", "2019-12-31": "-1304.00000", "2018-12-31": "-1496.00000", "2017-12-31": "-1498.00000", "2016-12-31": "-1134.00000", "2015-12-31": "-413.00000", "2014-12-31": "-335.00000", "2013-12-31": "-350.00000", "2012-12-31": "-362.00000", "2011-12-31": "-389.00000", "2010-12-31": "-327.00000", "2009-12-31": "-185.00000", "2008-12-31": "-423.00000", "2007-12-31": "-159.00000", "2006-12-31": "-178.00000", "2005-12-31": "-237.00000"}, "Pre-Tax Income": {"2020-12-31": "8235.00000", "2019-12-31": "7241.00000", "2018-12-31": "5838.00000", "2017-12-31": "5246.00000", "2016-12-31": "4754.00000", "2015-12-31": "4299.00000", "2014-12-31": "4677.00000", "2013-12-31": "4155.00000", "2012-12-31": "4072.00000", "2011-12-31": "3631.00000", "2010-12-31": "3778.00000", "2009-12-31": "4182.00000", "2008-12-31": "4626.00000", "2007-12-31": "4368.00000", "2006-12-31": "3592.00000", "2005-12-31": "2616.00000"}, "Income Taxes": {"2020-12-31": "1347.00000", "2019-12-31": "1011.00000", "2018-12-31": "792.00000", "2017-12-31": "3356.00000", "2016-12-31": "1093.00000", "2015-12-31": "1173.00000", "2014-12-31": "1424.00000", "2013-12-31": "1205.00000", "2012-12-31": "1327.00000", "2011-12-31": "964.00000", "2010-12-31": "1164.00000", "2009-12-31": "1215.00000", "2008-12-31": "1459.00000", "2007-12-31": "1335.00000", "2006-12-31": "1063.00000", "2005-12-31": "791.00000"}, "Income After Taxes": {"2020-12-31": "6888.00000", "2019-12-31": "6230.00000", "2018-12-31": "5046.00000", "2017-12-31": "1890.00000", "2016-12-31": "3661.00000", "2015-12-31": "3126.00000", "2014-12-31": "3253.00000", "2013-12-31": "2950.00000", "2012-12-31": "2745.00000", "2011-12-31": "2667.00000", "2010-12-31": "2614.00000", "2009-12-31": "2967.00000", "2008-12-31": "3167.00000", "2007-12-31": "3033.00000", "2006-12-31": "2529.00000", "2005-12-31": "1825.00000"}, "Other Income": {"2020-12-31": "", "2019-12-31": "", "2018-12-31": "", "2017-12-31": "", "2016-12-31": "", "2015-12-31": "", "2014-12-31": "", "2013-12-31": "", "2012-12-31": "", "2011-12-31": "", "2010-12-31": "", "2009-12-31": "", "2008-12-31": "", "2007-12-31": "", "2006-12-31": "", "2005-12-31": ""}, "Income From Continuous Operations": {"2020-12-31": "6888.00000", "2019-12-31": "6230.00000", "2018-12-31": "5046.00000", "2017-12-31": "1890.00000", "2016-12-31": "3661.00000", "2015-12-31": "3126.00000", "2014-12-31": "3253.00000", "2013-12-31": "2950.00000", "2012-12-31": "2745.00000", "2011-12-31": "2667.00000", "2010-12-31": "2614.00000", "2009-12-31": "2967.00000", "2008-12-31": "3167.00000", "2007-12-31": "3033.00000", "2006-12-31": "2529.00000", "2005-12-31": "1825.00000"}, "Income From Discontinued Operations": {"2020-12-31": "-55.00000", "2019-12-31": "0.00000", "2018-12-31": "0.00000", "2017-12-31": "73.00000", "2016-12-31": "1512.00000", "2015-12-31": "479.00000", "2014-12-31": "361.00000", "2013-12-31": "31.00000", "2012-12-31": "0.00000", "2011-12-31": "-12.00000", "2010-12-31": "264.00000", "2009-12-31": "6.00000", "2008-12-31": "50.00000", "2007-12-31": "", "2006-12-31": "", "2005-12-31": ""}, "Net Income": {"2020-12-31": "6833.00000", "2019-12-31": "6230.00000", "2018-12-31": "5046.00000", "2017-12-31": "1963.00000", "2016-12-31": "5173.00000", "2015-12-31": "3605.00000", "2014-12-31": "3614.00000", "2013-12-31": "2981.00000", "2012-12-31": "2745.00000", "2011-12-31": "2655.00000", "2010-12-31": "2878.00000", "2009-12-31": "2973.00000", "2008-12-31": "3217.00000", "2007-12-31": "3033.00000", "2006-12-31": "2529.00000", "2005-12-31": "1825.00000"}, "EBITDA": {"2020-12-31": "9934.00000", "2019-12-31": "9734.00000", "2018-12-31": "8495.00000", "2017-12-31": "7939.00000", "2016-12-31": "7103.00000", "2015-12-31": "5738.00000", "2014-12-31": "6006.00000", "2013-12-31": "5495.00000", "2012-12-31": "5422.00000", "2011-12-31": "5028.00000", "2010-12-31": "5157.00000", "2009-12-31": "5381.00000", "2008-12-31": "5894.00000", "2007-12-31": "5346.00000", "2006-12-31": "4534.00000", "2005-12-31": "3558.00000"}, "EBIT": {"2020-12-31": "8644.00000", "2019-12-31": "8545.00000", "2018-12-31": "7334.00000", "2017-12-31": "6744.00000", "2016-12-31": "5888.00000", "2015-12-31": "4712.00000", "2014-12-31": "5012.00000", "2013-12-31": "4505.00000", "2012-12-31": "4434.00000", "2011-12-31": "4020.00000", "2010-12-31": "4105.00000", "2009-12-31": "4367.00000", "2008-12-31": "5049.00000", "2007-12-31": "4527.00000", "2006-12-31": "3770.00000", "2005-12-31": "2853.00000"}, "Basic Shares Outstanding": {"2020-12-31": "280.00000", "2019-12-31": "282.00000", "2018-12-31": "284.50000", "2017-12-31": "287.80000", "2016-12-31": "299.30000", "2015-12-31": "310.30000", "2014-12-31": "316.80000", "2013-12-31": "320.90000", "2012-12-31": "323.70000", "2011-12-31": "335.90000", "2010-12-31": "364.20000", "2009-12-31": "384.80000", "2008-12-31": "399.70000", "2007-12-31": "416.00000", "2006-12-31": "428.10000", "2005-12-31": "440.30000"}, "Shares Outstanding": {"2020-12-31": "281.20000", "2019-12-31": "283.80000", "2018-12-31": "286.80000", "2017-12-31": "290.60000", "2016-12-31": "303.10000", "2015-12-31": "314.70000", "2014-12-31": "322.40000", "2013-12-31": "326.50000", "2012-12-31": "328.40000", "2011-12-31": "339.90000", "2010-12-31": "368.30000", "2009-12-31": "388.90000", "2008-12-31": "409.40000", "2007-12-31": "427.10000", "2006-12-31": "436.40000", "2005-12-31": "445.70000"}, "Basic EPS": {"2020-12-31": "24.40000", "2019-12-31": "22.09000", "2018-12-31": "17.74000", "2017-12-31": "6.82000", "2016-12-31": "17.28000", "2015-12-31": "11.62000", "2014-12-31": "11.41000", "2013-12-31": "9.29000", "2012-12-31": "8.48000", "2011-12-31": "7.90000", "2010-12-31": "7.90000", "2009-12-31": "7.73000", "2008-12-31": "8.05000", "2007-12-31": "7.29000", "2006-12-31": "5.91000", "2005-12-31": "4.15000"}, "EPS - Earnings Per Share": {"2020-12-31": "24.30000", "2019-12-31": "21.95000", "2018-12-31": "17.59000", "2017-12-31": "6.75000", "2016-12-31": "17.07000", "2015-12-31": "11.46000", "2014-12-31": "11.21000", "2013-12-31": "9.13000", "2012-12-31": "8.36000", "2011-12-31": "7.81000", "2010-12-31": "7.81000", "2009-12-31": "7.64000", "2008-12-31": "7.86000", "2007-12-31": "7.10000", "2006-12-31": "5.80000", "2005-12-31": "4.10000"}}, "income statement, quarterly": {"Revenue": {"2020-12-31": "17032.00000", "2020-09-30": "16495.00000", "2020-06-30": "16220.00000", "2020-03-31": "15651.00000", "2019-12-31": "15878.00000", "2019-09-30": "15171.00000", "2019-06-30": "14427.00000", "2019-03-31": "14336.00000", "2018-12-31": "14411.00000", "2018-09-30": "14318.00000", "2018-06-30": "13398.00000", "2018-03-31": "11635.00000", "2017-12-31": "13844.00000", "2017-09-30": "12341.00000", "2017-06-30": "12563.00000", "2017-03-31": "11212.00000", "2016-12-31": "13794.00000", "2016-09-30": "11551.00000", "2016-06-30": "11577.00000", "2016-03-31": "10368.00000", "2015-12-31": "8722.00000", "2015-09-30": "10060.00000", "2015-06-30": "11643.00000", "2015-03-31": "10111.00000", "2014-12-31": "6876.00000", "2014-09-30": "11114.00000", "2014-06-30": "11306.00000", "2014-03-31": "10650.00000", "2013-12-31": "11533.00000", "2013-09-30": "11347.00000", "2013-06-30": "11408.00000", "2013-03-31": "11070.00000", "2012-12-31": "12099.00000", "2012-09-30": "11869.00000", "2012-06-30": "11921.00000", "2012-03-31": "11293.00000", "2011-12-31": "12211.00000", "2011-09-30": "12119.00000", "2011-06-30": "11543.00000", "2011-03-31": "10626.00000", "2010-12-31": "12711.00000", "2010-09-30": "11343.00000", "2010-06-30": "11280.00000", "2010-03-31": "10337.00000", "2009-12-31": "11655.00000", "2009-09-30": "10767.00000", "2009-06-30": "11072.00000", "2009-03-31": "10373.00000", "2008-12-31": "9773.00000", "2008-09-30": "10577.00000", "2008-06-30": "11039.00000", "2008-03-31": "9983.00000", "2007-12-31": "10841.00000", "2007-09-30": "11095.00000", "2007-06-30": "10651.00000", "2007-03-31": "9275.00000", "2006-12-31": "10840.00000", "2006-09-30": "9605.00000", "2006-06-30": "9961.00000", "2006-03-31": "9214.00000", "2005-12-31": "10229.00000", "2005-09-30": "9201.00000", "2005-06-30": "9295.00000", "2005-03-31": "8488.00000"}, "Cost Of Goods Sold": {"2020-12-31": "14818.00000", "2020-09-30": "14359.00000", "2020-06-30": "14007.00000", "2020-03-31": "13560.00000", "2019-12-31": "13755.00000", "2019-09-30": "13108.00000", "2019-06-30": "12434.00000", "2019-03-31": "12148.00000", "2018-12-31": "12469.00000", "2018-09-30": "12397.00000", "2018-06-30": "11645.00000", "2018-03-31": "9977.00000", "2017-12-31": "12135.00000", "2017-09-30": "10741.00000", "2017-06-30": "10907.00000", "2017-03-31": "9806.00000", "2016-12-31": "12102.00000", "2016-09-30": "10167.00000", "2016-06-30": "10347.00000", "2016-03-31": "9273.00000", "2015-12-31": "7961.00000", "2015-09-30": "8963.00000", "2015-06-30": "10272.00000", "2015-03-31": "8848.00000", "2014-12-31": "6180.00000", "2014-09-30": "9839.00000", "2014-06-30": "9965.00000", "2014-03-31": "9279.00000", "2013-12-31": "10795.00000", "2013-09-30": "10163.00000", "2013-06-30": "10184.00000", "2013-03-31": "10029.00000", "2012-12-31": "11104.00000", "2012-09-30": "10849.00000", "2012-06-30": "10749.00000", "2012-03-31": "10284.00000", "2011-12-31": "11183.00000", "2011-09-30": "11123.00000", "2011-06-30": "10637.00000", "2011-03-31": "9812.00000", "2010-12-31": "11594.00000", "2010-09-30": "10554.00000", "2010-06-30": "10238.00000", "2010-03-31": "9441.00000", "2009-12-31": "10511.00000", "2009-09-30": "9781.00000", "2009-06-30": "10060.00000", "2009-03-31": "9368.00000", "2008-12-31": "8581.00000", "2008-09-30": "9455.00000", "2008-06-30": "9848.00000", "2008-03-31": "8914.00000", "2007-12-31": "9717.00000", "2007-09-30": "9949.00000", "2007-06-30": "9597.00000", "2007-03-31": "8365.00000", "2006-12-31": "9809.00000", "2006-09-30": "8802.00000", "2006-06-30": "9121.00000", "2006-03-31": "8454.00000", "2005-12-31": "9508.00000", "2005-09-30": "8585.00000", "2005-06-30": "8637.00000", "2005-03-31": "7946.00000"}, "Gross Profit": {"2020-12-31": "2214.00000", "2020-09-30": "2136.00000", "2020-06-30": "2213.00000", "2020-03-31": "2091.00000", "2019-12-31": "2123.00000", "2019-09-30": "2063.00000", "2019-06-30": "1993.00000", "2019-03-31": "2188.00000", "2018-12-31": "1942.00000", "2018-09-30": "1921.00000", "2018-06-30": "1753.00000", "2018-03-31": "1658.00000", "2017-12-31": "1709.00000", "2017-09-30": "1600.00000", "2017-06-30": "1656.00000", "2017-03-31": "1406.00000", "2016-12-31": "1692.00000", "2016-09-30": "1384.00000", "2016-06-30": "1230.00000", "2016-03-31": "1095.00000", "2015-12-31": "761.00000", "2015-09-30": "1097.00000", "2015-06-30": "1371.00000", "2015-03-31": "1263.00000", "2014-12-31": "696.00000", "2014-09-30": "1275.00000", "2014-06-30": "1341.00000", "2014-03-31": "1371.00000", "2013-12-31": "738.00000", "2013-09-30": "1184.00000", "2013-06-30": "1224.00000", "2013-03-31": "1041.00000", "2012-12-31": "995.00000", "2012-09-30": "1020.00000", "2012-06-30": "1172.00000", "2012-03-31": "1009.00000", "2011-12-31": "1028.00000", "2011-09-30": "996.00000", "2011-06-30": "906.00000", "2011-03-31": "814.00000", "2010-12-31": "1117.00000", "2010-09-30": "789.00000", "2010-06-30": "1042.00000", "2010-03-31": "896.00000", "2009-12-31": "1144.00000", "2009-09-30": "986.00000", "2009-06-30": "1012.00000", "2009-03-31": "1005.00000", "2008-12-31": "1192.00000", "2008-09-30": "1122.00000", "2008-06-30": "1191.00000", "2008-03-31": "1069.00000", "2007-12-31": "1124.00000", "2007-09-30": "1146.00000", "2007-06-30": "1054.00000", "2007-03-31": "910.00000", "2006-12-31": "1031.00000", "2006-09-30": "803.00000", "2006-06-30": "840.00000", "2006-03-31": "760.00000", "2005-12-31": "721.00000", "2005-09-30": "616.00000", "2005-06-30": "658.00000", "2005-03-31": "542.00000"}, "Research And Development Expenses": {"2020-12-31": "", "2020-09-30": "", "2020-06-30": "", "2020-03-31": "", "2019-12-31": "", "2019-09-30": "", "2019-06-30": "", "2019-03-31": "", "2018-12-31": "", "2018-09-30": "", "2018-06-30": "", "2018-03-31": "", "2017-12-31": "", "2017-09-30": "", "2017-06-30": "", "2017-03-31": "", "2016-12-31": "", "2016-09-30": "", "2016-06-30": "", "2016-03-31": "", "2015-12-31": "", "2015-09-30": "", "2015-06-30": "", "2015-03-31": "", "2014-12-31": "", "2014-09-30": "", "2014-06-30": "", "2014-03-31": "", "2013-12-31": "", "2013-09-30": "", "2013-06-30": "", "2013-03-31": "", "2012-12-31": "", "2012-09-30": "", "2012-06-30": "", "2012-03-31": "", "2011-12-31": "", "2011-09-30": "", "2011-06-30": "", "2011-03-31": "", "2010-12-31": "", "2010-09-30": "", "2010-06-30": "", "2010-03-31": "", "2009-12-31": "", "2009-09-30": "", "2009-06-30": "", "2009-03-31": "", "2008-12-31": "", "2008-09-30": "", "2008-06-30": "", "2008-03-31": "", "2007-12-31": "", "2007-09-30": "", "2007-06-30": "", "2007-03-31": "", "2006-12-31": "", "2006-09-30": "", "2006-06-30": "", "2006-03-31": "", "2005-12-31": "", "2005-09-30": "", "2005-06-30": "", "2005-03-31": ""}, "SG&A Expenses": {"2020-12-31": "", "2020-09-30": "", "2020-06-30": "", "2020-03-31": "", "2019-12-31": "", "2019-09-30": "", "2019-06-30": "", "2019-03-31": "", "2018-12-31": "", "2018-09-30": "", "2018-06-30": "", "2018-03-31": "", "2017-12-31": "", "2017-09-30": "", "2017-06-30": "", "2017-03-31": "", "2016-12-31": "", "2016-09-30": "", "2016-06-30": "", "2016-03-31": "", "2015-12-31": "", "2015-09-30": "", "2015-06-30": "", "2015-03-31": "", "2014-12-31": "", "2014-09-30": "", "2014-06-30": "", "2014-03-31": "", "2013-12-31": "", "2013-09-30": "", "2013-06-30": "", "2013-03-31": "", "2012-12-31": "", "2012-09-30": "", "2012-06-30": "", "2012-03-31": "", "2011-12-31": "", "2011-09-30": "", "2011-06-30": "", "2011-03-31": "", "2010-12-31": "", "2010-09-30": "", "2010-06-30": "", "2010-03-31": "", "2009-12-31": "", "2009-09-30": "", "2009-06-30": "", "2009-03-31": "", "2008-12-31": "", "2008-09-30": "", "2008-06-30": "", "2008-03-31": "", "2007-12-31": "", "2007-09-30": "", "2007-06-30": "", "2007-03-31": "", "2006-12-31": "", "2006-09-30": "", "2006-06-30": "", "2006-03-31": "", "2005-12-31": "", "2005-09-30": "", "2005-06-30": "", "2005-03-31": ""}, "Other Operating Income Or Expenses": {"2020-12-31": "75.00000", "2020-09-30": "11.00000", "2020-06-30": "-127.00000", "2020-03-31": "31.00000", "2019-12-31": "26.00000", "2019-09-30": "42.00000", "2019-06-30": "15.00000", "2019-03-31": "95.00000", "2018-12-31": "-91.00000", "2018-09-30": "42.00000", "2018-06-30": "42.00000", "2018-03-31": "67.00000", "2017-12-31": "240.00000", "2017-09-30": "77.00000", "2017-06-30": "60.00000", "2017-03-31": "-4.00000", "2016-12-31": "75.00000", "2016-09-30": "204.00000", "2016-06-30": "145.00000", "2016-03-31": "63.00000", "2015-12-31": "-42.00000", "2015-09-30": "95.00000", "2015-06-30": "74.00000", "2015-03-31": "93.00000", "2014-12-31": "66.00000", "2014-09-30": "117.00000", "2014-06-30": "85.00000", "2014-03-31": "61.00000", "2013-12-31": "96.00000", "2013-09-30": "70.00000", "2013-06-30": "74.00000", "2013-03-31": "78.00000", "2012-12-31": "66.00000", "2012-09-30": "117.00000", "2012-06-30": "20.00000", "2012-03-31": "35.00000", "2011-12-31": "94.00000", "2011-09-30": "45.00000", "2011-06-30": "87.00000", "2011-03-31": "50.00000", "2010-12-31": "58.00000", "2010-09-30": "88.00000", "2010-06-30": "73.00000", "2010-03-31": "42.00000", "2009-12-31": "20.00000", "2009-09-30": "82.00000", "2009-06-30": "66.00000", "2009-03-31": "52.00000", "2008-12-31": "74.00000", "2008-09-30": "120.00000", "2008-06-30": "172.00000", "2008-03-31": "109.00000", "2007-12-31": "91.00000", "2007-09-30": "17.00000", "2007-06-30": "110.00000", "2007-03-31": "75.00000", "2006-12-31": "-26.00000", "2006-09-30": "48.00000", "2006-06-30": "103.00000", "2006-03-31": "211.00000", "2005-12-31": "", "2005-09-30": "", "2005-06-30": "", "2005-03-31": ""}, "Operating Expenses": {"2020-12-31": "14743.00000", "2020-09-30": "14348.00000", "2020-06-30": "14134.00000", "2020-03-31": "13529.00000", "2019-12-31": "13729.00000", "2019-09-30": "13066.00000", "2019-06-30": "12419.00000", "2019-03-31": "12053.00000", "2018-12-31": "12560.00000", "2018-09-30": "12355.00000", "2018-06-30": "11603.00000", "2018-03-31": "9910.00000", "2017-12-31": "11895.00000", "2017-09-30": "10664.00000", "2017-06-30": "10847.00000", "2017-03-31": "9810.00000", "2016-12-31": "12027.00000", "2016-09-30": "9963.00000", "2016-06-30": "10202.00000", "2016-03-31": "9210.00000", "2015-12-31": "8003.00000", "2015-09-30": "8868.00000", "2015-06-30": "10198.00000", "2015-03-31": "8755.00000", "2014-12-31": "6114.00000", "2014-09-30": "9722.00000", "2014-06-30": "9880.00000", "2014-03-31": "9218.00000", "2013-12-31": "10699.00000", "2013-09-30": "10093.00000", "2013-06-30": "10110.00000", "2013-03-31": "9951.00000", "2012-12-31": "11038.00000", "2012-09-30": "10732.00000", "2012-06-30": "10729.00000", "2012-03-31": "10249.00000", "2011-12-31": "11089.00000", "2011-09-30": "11078.00000", "2011-06-30": "10550.00000", "2011-03-31": "9762.00000", "2010-12-31": "11536.00000", "2010-09-30": "10466.00000", "2010-06-30": "10165.00000", "2010-03-31": "9399.00000", "2009-12-31": "10491.00000", "2009-09-30": "9699.00000", "2009-06-30": "9994.00000", "2009-03-31": "9316.00000", "2008-12-31": "8507.00000", "2008-09-30": "9335.00000", "2008-06-30": "9676.00000", "2008-03-31": "8805.00000", "2007-12-31": "9626.00000", "2007-09-30": "9932.00000", "2007-06-30": "9487.00000", "2007-03-31": "8290.00000", "2006-12-31": "9835.00000", "2006-09-30": "8754.00000", "2006-06-30": "9018.00000", "2006-03-31": "8243.00000", "2005-12-31": "9192.00000", "2005-09-30": "8585.00000", "2005-06-30": "8637.00000", "2005-03-31": "7946.00000"}, "Operating Income": {"2020-12-31": "2289.00000", "2020-09-30": "2147.00000", "2020-06-30": "2086.00000", "2020-03-31": "2122.00000", "2019-12-31": "2149.00000", "2019-09-30": "2105.00000", "2019-06-30": "2008.00000", "2019-03-31": "2283.00000", "2018-12-31": "1851.00000", "2018-09-30": "1963.00000", "2018-06-30": "1795.00000", "2018-03-31": "1725.00000", "2017-12-31": "1949.00000", "2017-09-30": "1677.00000", "2017-06-30": "1716.00000", "2017-03-31": "1402.00000", "2016-12-31": "1767.00000", "2016-09-30": "1588.00000", "2016-06-30": "1375.00000", "2016-03-31": "1158.00000", "2015-12-31": "719.00000", "2015-09-30": "1192.00000", "2015-06-30": "1445.00000", "2015-03-31": "1356.00000", "2014-12-31": "762.00000", "2014-09-30": "1392.00000", "2014-06-30": "1426.00000", "2014-03-31": "1432.00000", "2013-12-31": "834.00000", "2013-09-30": "1254.00000", "2013-06-30": "1298.00000", "2013-03-31": "1119.00000", "2012-12-31": "1061.00000", "2012-09-30": "1137.00000", "2012-06-30": "1192.00000", "2012-03-31": "1044.00000", "2011-12-31": "1122.00000", "2011-09-30": "1041.00000", "2011-06-30": "993.00000", "2011-03-31": "864.00000", "2010-12-31": "1175.00000", "2010-09-30": "877.00000", "2010-06-30": "1115.00000", "2010-03-31": "938.00000", "2009-12-31": "1164.00000", "2009-09-30": "1068.00000", "2009-06-30": "1078.00000", "2009-03-31": "1057.00000", "2008-12-31": "1266.00000", "2008-09-30": "1242.00000", "2008-06-30": "1363.00000", "2008-03-31": "1178.00000", "2007-12-31": "1215.00000", "2007-09-30": "1163.00000", "2007-06-30": "1164.00000", "2007-03-31": "985.00000", "2006-12-31": "1005.00000", "2006-09-30": "851.00000", "2006-06-30": "943.00000", "2006-03-31": "971.00000", "2005-12-31": "1037.00000", "2005-09-30": "616.00000", "2005-06-30": "658.00000", "2005-03-31": "542.00000"}, "Total Non-Operating Income/Expense": {"2020-12-31": "-102.00000", "2020-09-30": "-91.00000", "2020-06-30": "-124.00000", "2020-03-31": "-92.00000", "2019-12-31": "-317.00000", "2019-09-30": "-324.00000", "2019-06-30": "-325.00000", "2019-03-31": "-338.00000", "2018-12-31": "-368.00000", "2018-09-30": "-388.00000", "2018-06-30": "-375.00000", "2018-03-31": "-365.00000", "2017-12-31": "-377.00000", "2017-09-30": "-380.00000", "2017-06-30": "-374.00000", "2017-03-31": "-367.00000", "2016-12-31": "-644.00000", "2016-09-30": "-161.00000", "2016-06-30": "-165.00000", "2016-03-31": "-164.00000", "2015-12-31": "-118.00000", "2015-09-30": "-103.00000", "2015-06-30": "-102.00000", "2015-03-31": "-90.00000", "2014-12-31": "-85.00000", "2014-09-30": "-81.00000", "2014-06-30": "-85.00000", "2014-03-31": "-84.00000", "2013-12-31": "-88.00000", "2013-09-30": "-81.00000", "2013-06-30": "-87.00000", "2013-03-31": "-94.00000", "2012-12-31": "-103.00000", "2012-09-30": "-91.00000", "2012-06-30": "-75.00000", "2012-03-31": "-93.00000", "2011-12-31": "-156.00000", "2011-09-30": "-92.00000", "2011-06-30": "-75.00000", "2011-03-31": "-66.00000", "2010-12-31": "-115.00000", "2010-09-30": "-48.00000", "2010-06-30": "-105.00000", "2010-03-31": "-59.00000", "2009-12-31": "-58.00000", "2009-09-30": "-20.00000", "2009-06-30": "-28.00000", "2009-03-31": "-79.00000", "2008-12-31": "-173.00000", "2008-09-30": "-98.00000", "2008-06-30": "-58.00000", "2008-03-31": "-94.00000", "2007-12-31": "-33.00000", "2007-09-30": "-44.00000", "2007-06-30": "-26.00000", "2007-03-31": "-56.00000", "2006-12-31": "44.00000", "2006-09-30": "-36.00000", "2006-06-30": "-92.00000", "2006-03-31": "-94.00000", "2005-12-31": "-244.00000", "2005-09-30": "-3.00000", "2005-06-30": "12.00000", "2005-03-31": "-2.00000"}, "Pre-Tax Income": {"2020-12-31": "2187.00000", "2020-09-30": "2056.00000", "2020-06-30": "1962.00000", "2020-03-31": "2030.00000", "2019-12-31": "1832.00000", "2019-09-30": "1781.00000", "2019-06-30": "1683.00000", "2019-03-31": "1945.00000", "2018-12-31": "1483.00000", "2018-09-30": "1575.00000", "2018-06-30": "1420.00000", "2018-03-31": "1360.00000", "2017-12-31": "1572.00000", "2017-09-30": "1297.00000", "2017-06-30": "1342.00000", "2017-03-31": "1035.00000", "2016-12-31": "1123.00000", "2016-09-30": "1427.00000", "2016-06-30": "1210.00000", "2016-03-31": "994.00000", "2015-12-31": "601.00000", "2015-09-30": "1089.00000", "2015-06-30": "1343.00000", "2015-03-31": "1266.00000", "2014-12-31": "677.00000", "2014-09-30": "1311.00000", "2014-06-30": "1341.00000", "2014-03-31": "1348.00000", "2013-12-31": "746.00000", "2013-09-30": "1173.00000", "2013-06-30": "1211.00000", "2013-03-31": "1025.00000", "2012-12-31": "958.00000", "2012-09-30": "1046.00000", "2012-06-30": "1117.00000", "2012-03-31": "951.00000", "2011-12-31": "966.00000", "2011-09-30": "949.00000", "2011-06-30": "918.00000", "2011-03-31": "798.00000", "2010-12-31": "1060.00000", "2010-09-30": "829.00000", "2010-06-30": "1010.00000", "2010-03-31": "879.00000", "2009-12-31": "1106.00000", "2009-09-30": "1048.00000", "2009-06-30": "1050.00000", "2009-03-31": "978.00000", "2008-12-31": "1093.00000", "2008-09-30": "1144.00000", "2008-06-30": "1305.00000", "2008-03-31": "1084.00000", "2007-12-31": "1182.00000", "2007-09-30": "1119.00000", "2007-06-30": "1138.00000", "2007-03-31": "929.00000", "2006-12-31": "1049.00000", "2006-09-30": "815.00000", "2006-06-30": "851.00000", "2006-03-31": "877.00000", "2005-12-31": "793.00000", "2005-09-30": "613.00000", "2005-06-30": "670.00000", "2005-03-31": "540.00000"}, "Income Taxes": {"2020-12-31": "395.00000", "2020-09-30": "303.00000", "2020-06-30": "336.00000", "2020-03-31": "313.00000", "2019-12-31": "334.00000", "2019-09-30": "173.00000", "2019-06-30": "263.00000", "2019-03-31": "241.00000", "2018-12-31": "230.00000", "2018-09-30": "102.00000", "2018-06-30": "257.00000", "2018-03-31": "203.00000", "2017-12-31": "2389.00000", "2017-09-30": "334.00000", "2017-06-30": "387.00000", "2017-03-31": "246.00000", "2016-12-31": "256.00000", "2016-09-30": "338.00000", "2016-06-30": "311.00000", "2016-03-31": "188.00000", "2015-12-31": "38.00000", "2015-09-30": "333.00000", "2015-06-30": "414.00000", "2015-03-31": "388.00000", "2014-12-31": "134.00000", "2014-09-30": "423.00000", "2014-06-30": "452.00000", "2014-03-31": "415.00000", "2013-12-31": "258.00000", "2013-09-30": "331.00000", "2013-06-30": "352.00000", "2013-03-31": "264.00000", "2012-12-31": "389.00000", "2012-09-30": "319.00000", "2012-06-30": "336.00000", "2012-03-31": "283.00000", "2011-12-31": "268.00000", "2011-09-30": "284.00000", "2011-06-30": "170.00000", "2011-03-31": "242.00000", "2010-12-31": "236.00000", "2010-09-30": "272.00000", "2010-06-30": "296.00000", "2010-03-31": "360.00000", "2009-12-31": "322.00000", "2009-09-30": "262.00000", "2009-06-30": "319.00000", "2009-03-31": "312.00000", "2008-12-31": "320.00000", "2008-09-30": "362.00000", "2008-06-30": "423.00000", "2008-03-31": "354.00000", "2007-12-31": "383.00000", "2007-09-30": "353.00000", "2007-06-30": "360.00000", "2007-03-31": "239.00000", "2006-12-31": "320.00000", "2006-09-30": "186.00000", "2006-06-30": "271.00000", "2006-03-31": "286.00000", "2005-12-31": "225.00000", "2005-09-30": "186.00000", "2005-06-30": "209.00000", "2005-03-31": "171.00000"}, "Income After Taxes": {"2020-12-31": "1792.00000", "2020-09-30": "1753.00000", "2020-06-30": "1626.00000", "2020-03-31": "1717.00000", "2019-12-31": "1498.00000", "2019-09-30": "1608.00000", "2019-06-30": "1420.00000", "2019-03-31": "1704.00000", "2018-12-31": "1253.00000", "2018-09-30": "1473.00000", "2018-06-30": "1163.00000", "2018-03-31": "1157.00000", "2017-12-31": "-817.00000", "2017-09-30": "963.00000", "2017-06-30": "955.00000", "2017-03-31": "789.00000", "2016-12-31": "867.00000", "2016-09-30": "1089.00000", "2016-06-30": "899.00000", "2016-03-31": "806.00000", "2015-12-31": "563.00000", "2015-09-30": "756.00000", "2015-06-30": "929.00000", "2015-03-31": "878.00000", "2014-12-31": "543.00000", "2014-09-30": "888.00000", "2014-06-30": "889.00000", "2014-03-31": "933.00000", "2013-12-31": "488.00000", "2013-09-30": "842.00000", "2013-06-30": "859.00000", "2013-03-31": "761.00000", "2012-12-31": "569.00000", "2012-09-30": "727.00000", "2012-06-30": "781.00000", "2012-03-31": "668.00000", "2011-12-31": "698.00000", "2011-09-30": "665.00000", "2011-06-30": "748.00000", "2011-03-31": "556.00000", "2010-12-31": "824.00000", "2010-09-30": "557.00000", "2010-06-30": "714.00000", "2010-03-31": "519.00000", "2009-12-31": "784.00000", "2009-09-30": "786.00000", "2009-06-30": "731.00000", "2009-03-31": "666.00000", "2008-12-31": "773.00000", "2008-09-30": "782.00000", "2008-06-30": "882.00000", "2008-03-31": "730.00000", "2007-12-31": "799.00000", "2007-09-30": "766.00000", "2007-06-30": "778.00000", "2007-03-31": "690.00000", "2006-12-31": "729.00000", "2006-09-30": "629.00000", "2006-06-30": "580.00000", "2006-03-31": "591.00000", "2005-12-31": "568.00000", "2005-09-30": "427.00000", "2005-06-30": "461.00000", "2005-03-31": "369.00000"}, "Other Income": {"2020-12-31": "", "2020-09-30": "", "2020-06-30": "", "2020-03-31": "", "2019-12-31": "", "2019-09-30": "", "2019-06-30": "", "2019-03-31": "", "2018-12-31": "", "2018-09-30": "", "2018-06-30": "", "2018-03-31": "", "2017-12-31": "", "2017-09-30": "", "2017-06-30": "", "2017-03-31": "", "2016-12-31": "", "2016-09-30": "", "2016-06-30": "", "2016-03-31": "", "2015-12-31": "", "2015-09-30": "", "2015-06-30": "", "2015-03-31": "", "2014-12-31": "", "2014-09-30": "", "2014-06-30": "", "2014-03-31": "", "2013-12-31": "", "2013-09-30": "", "2013-06-30": "", "2013-03-31": "", "2012-12-31": "", "2012-09-30": "", "2012-06-30": "", "2012-03-31": "", "2011-12-31": "", "2011-09-30": "", "2011-06-30": "", "2011-03-31": "", "2010-12-31": "", "2010-09-30": "", "2010-06-30": "", "2010-03-31": "", "2009-12-31": "", "2009-09-30": "", "2009-06-30": "", "2009-03-31": "", "2008-12-31": "", "2008-09-30": "", "2008-06-30": "", "2008-03-31": "", "2007-12-31": "", "2007-09-30": "", "2007-06-30": "", "2007-03-31": "", "2006-12-31": "", "2006-09-30": "", "2006-06-30": "", "2006-03-31": "", "2005-12-31": "", "2005-09-30": "", "2005-06-30": "", "2005-03-31": ""}, "Income From Continuous Operations": {"2020-12-31": "1792.00000", "2020-09-30": "1753.00000", "2020-06-30": "1626.00000", "2020-03-31": "1717.00000", "2019-12-31": "1498.00000", "2019-09-30": "1608.00000", "2019-06-30": "1420.00000", "2019-03-31": "1704.00000", "2018-12-31": "1253.00000", "2018-09-30": "1473.00000", "2018-06-30": "1163.00000", "2018-03-31": "1157.00000", "2017-12-31": "-817.00000", "2017-09-30": "963.00000", "2017-06-30": "955.00000", "2017-03-31": "789.00000", "2016-12-31": "867.00000", "2016-09-30": "1089.00000", "2016-06-30": "899.00000", "2016-03-31": "806.00000", "2015-12-31": "563.00000", "2015-09-30": "756.00000", "2015-06-30": "929.00000", "2015-03-31": "878.00000", "2014-12-31": "543.00000", "2014-09-30": "888.00000", "2014-06-30": "889.00000", "2014-03-31": "933.00000", "2013-12-31": "488.00000", "2013-09-30": "842.00000", "2013-06-30": "859.00000", "2013-03-31": "761.00000", "2012-12-31": "569.00000", "2012-09-30": "727.00000", "2012-06-30": "781.00000", "2012-03-31": "668.00000", "2011-12-31": "698.00000", "2011-09-30": "665.00000", "2011-06-30": "748.00000", "2011-03-31": "556.00000", "2010-12-31": "824.00000", "2010-09-30": "557.00000", "2010-06-30": "714.00000", "2010-03-31": "519.00000", "2009-12-31": "784.00000", "2009-09-30": "786.00000", "2009-06-30": "731.00000", "2009-03-31": "666.00000", "2008-12-31": "773.00000", "2008-09-30": "782.00000", "2008-06-30": "882.00000", "2008-03-31": "730.00000", "2007-12-31": "799.00000", "2007-09-30": "766.00000", "2007-06-30": "778.00000", "2007-03-31": "690.00000", "2006-12-31": "729.00000", "2006-09-30": "629.00000", "2006-06-30": "580.00000", "2006-03-31": "591.00000", "2005-12-31": "568.00000", "2005-09-30": "427.00000", "2005-06-30": "461.00000", "2005-03-31": "369.00000"}, "Income From Discontinued Operations": {"2020-12-31": "", "2020-09-30": "-55.00000", "2020-06-30": "", "2020-03-31": "", "2019-12-31": "", "2019-09-30": "0.00000", "2019-06-30": "", "2019-03-31": "", "2018-12-31": "", "2018-09-30": "", "2018-06-30": "", "2018-03-31": "", "2017-12-31": "", "2017-09-30": "", "2017-06-30": "", "2017-03-31": "", "2016-12-31": "-8.00000", "2016-09-30": "1306.00000", "2016-06-30": "122.00000", "2016-03-31": "92.00000", "2015-12-31": "370.00000", "2015-09-30": "109.00000", "2015-06-30": "", "2015-03-31": "", "2014-12-31": "", "2014-09-30": "", "2014-06-30": "", "2014-03-31": "", "2013-12-31": "", "2013-09-30": "31.00000", "2013-06-30": "", "2013-03-31": "", "2012-12-31": "", "2012-09-30": "0.00000", "2012-06-30": "", "2012-03-31": "", "2011-12-31": "-15.00000", "2011-09-30": "35.00000", "2011-06-30": "-6.00000", "2011-03-31": "-26.00000", "2010-12-31": "137.00000", "2010-09-30": "3.00000", "2010-06-30": "110.00000", "2010-03-31": "14.00000", "2009-12-31": "-8.00000", "2009-09-30": "11.00000", "2009-06-30": "3.00000", "2009-03-31": "", "2008-12-31": "", "2008-09-30": "", "2008-06-30": "", "2008-03-31": "", "2007-12-31": "", "2007-09-30": "", "2007-06-30": "", "2007-03-31": "", "2006-12-31": "", "2006-09-30": "", "2006-06-30": "", "2006-03-31": "", "2005-12-31": "", "2005-09-30": "", "2005-06-30": "", "2005-03-31": ""}, "Net Income": {"2020-12-31": "1792.00000", "2020-09-30": "1698.00000", "2020-06-30": "1626.00000", "2020-03-31": "1717.00000", "2019-12-31": "1498.00000", "2019-09-30": "1608.00000", "2019-06-30": "1420.00000", "2019-03-31": "1704.00000", "2018-12-31": "1253.00000", "2018-09-30": "1473.00000", "2018-06-30": "1163.00000", "2018-03-31": "1157.00000", "2017-12-31": "-744.00000", "2017-09-30": "963.00000", "2017-06-30": "955.00000", "2017-03-31": "789.00000", "2016-12-31": "859.00000", "2016-09-30": "2395.00000", "2016-06-30": "1021.00000", "2016-03-31": "898.00000", "2015-12-31": "933.00000", "2015-09-30": "865.00000", "2015-06-30": "929.00000", "2015-03-31": "878.00000", "2014-12-31": "904.00000", "2014-09-30": "888.00000", "2014-06-30": "889.00000", "2014-03-31": "933.00000", "2013-12-31": "488.00000", "2013-09-30": "873.00000", "2013-06-30": "859.00000", "2013-03-31": "761.00000", "2012-12-31": "569.00000", "2012-09-30": "727.00000", "2012-06-30": "781.00000", "2012-03-31": "668.00000", "2011-12-31": "683.00000", "2011-09-30": "700.00000", "2011-06-30": "742.00000", "2011-03-31": "530.00000", "2010-12-31": "961.00000", "2010-09-30": "560.00000", "2010-06-30": "824.00000", "2010-03-31": "533.00000", "2009-12-31": "776.00000", "2009-09-30": "797.00000", "2009-06-30": "734.00000", "2009-03-31": "666.00000", "2008-12-31": "823.00000", "2008-09-30": "782.00000", "2008-06-30": "882.00000", "2008-03-31": "730.00000", "2007-12-31": "799.00000", "2007-09-30": "766.00000", "2007-06-30": "778.00000", "2007-03-31": "690.00000", "2006-12-31": "729.00000", "2006-09-30": "629.00000", "2006-06-30": "580.00000", "2006-03-31": "591.00000", "2005-12-31": "568.00000", "2005-09-30": "427.00000", "2005-06-30": "461.00000", "2005-03-31": "369.00000"}, "EBITDA": {"2020-12-31": "2652.00000", "2020-09-30": "2466.00000", "2020-06-30": "2393.00000", "2020-03-31": "2423.00000", "2019-12-31": "2471.00000", "2019-09-30": "2407.00000", "2019-06-30": "2296.00000", "2019-03-31": "2560.00000", "2018-12-31": "2155.00000", "2018-09-30": "2254.00000", "2018-06-30": "2082.00000", "2018-03-31": "2004.00000", "2017-12-31": "2264.00000", "2017-09-30": "1976.00000", "2017-06-30": "2012.00000", "2017-03-31": "1687.00000", "2016-12-31": "2094.00000", "2016-09-30": "1883.00000", "2016-06-30": "1672.00000", "2016-03-31": "1454.00000", "2015-12-31": "1019.00000", "2015-09-30": "1428.00000", "2015-06-30": "1691.00000", "2015-03-31": "1600.00000", "2014-12-31": "1030.00000", "2014-09-30": "1639.00000", "2014-06-30": "1668.00000", "2014-03-31": "1669.00000", "2013-12-31": "1120.00000", "2013-09-30": "1486.00000", "2013-06-30": "1538.00000", "2013-03-31": "1351.00000", "2012-12-31": "1338.00000", "2012-09-30": "1384.00000", "2012-06-30": "1425.00000", "2012-03-31": "1275.00000", "2011-12-31": "1391.00000", "2011-09-30": "1288.00000", "2011-06-30": "1239.00000", "2011-03-31": "1110.00000", "2010-12-31": "1614.00000", "2010-09-30": "1090.00000", "2010-06-30": "1316.00000", "2010-03-31": "1137.00000", "2009-12-31": "1553.00000", "2009-09-30": "1283.00000", "2009-06-30": "1286.00000", "2009-03-31": "1259.00000", "2008-12-31": "1499.00000", "2008-09-30": "1456.00000", "2008-06-30": "1565.00000", "2008-03-31": "1374.00000", "2007-12-31": "1463.00000", "2007-09-30": "1365.00000", "2007-06-30": "1348.00000", "2007-03-31": "1170.00000", "2006-12-31": "1222.00000", "2006-09-30": "1036.00000", "2006-06-30": "1131.00000", "2006-03-31": "1145.00000", "2005-12-31": "1233.00000", "2005-09-30": "792.00000", "2005-06-30": "828.00000", "2005-03-31": "705.00000"}, "EBIT": {"2020-12-31": "2289.00000", "2020-09-30": "2147.00000", "2020-06-30": "2086.00000", "2020-03-31": "2122.00000", "2019-12-31": "2149.00000", "2019-09-30": "2105.00000", "2019-06-30": "2008.00000", "2019-03-31": "2283.00000", "2018-12-31": "1851.00000", "2018-09-30": "1963.00000", "2018-06-30": "1795.00000", "2018-03-31": "1725.00000", "2017-12-31": "1949.00000", "2017-09-30": "1677.00000", "2017-06-30": "1716.00000", "2017-03-31": "1402.00000", "2016-12-31": "1767.00000", "2016-09-30": "1588.00000", "2016-06-30": "1375.00000", "2016-03-31": "1158.00000", "2015-12-31": "719.00000", "2015-09-30": "1192.00000", "2015-06-30": "1445.00000", "2015-03-31": "1356.00000", "2014-12-31": "762.00000", "2014-09-30": "1392.00000", "2014-06-30": "1426.00000", "2014-03-31": "1432.00000", "2013-12-31": "834.00000", "2013-09-30": "1254.00000", "2013-06-30": "1298.00000", "2013-03-31": "1119.00000", "2012-12-31": "1061.00000", "2012-09-30": "1137.00000", "2012-06-30": "1192.00000", "2012-03-31": "1044.00000", "2011-12-31": "1122.00000", "2011-09-30": "1041.00000", "2011-06-30": "993.00000", "2011-03-31": "864.00000", "2010-12-31": "1175.00000", "2010-09-30": "877.00000", "2010-06-30": "1115.00000", "2010-03-31": "938.00000", "2009-12-31": "1164.00000", "2009-09-30": "1068.00000", "2009-06-30": "1078.00000", "2009-03-31": "1057.00000", "2008-12-31": "1266.00000", "2008-09-30": "1242.00000", "2008-06-30": "1363.00000", "2008-03-31": "1178.00000", "2007-12-31": "1215.00000", "2007-09-30": "1163.00000", "2007-06-30": "1164.00000", "2007-03-31": "985.00000", "2006-12-31": "1005.00000", "2006-09-30": "851.00000", "2006-06-30": "943.00000", "2006-03-31": "971.00000", "2005-12-31": "1037.00000", "2005-09-30": "616.00000", "2005-06-30": "658.00000", "2005-03-31": "542.00000"}, "Basic Shares Outstanding": {"2020-12-31": "280.00000", "2020-09-30": "279.30000", "2020-06-30": "279.80000", "2020-03-31": "281.30000", "2019-12-31": "282.00000", "2019-09-30": "282.00000", "2019-06-30": "282.20000", "2019-03-31": "282.50000", "2018-12-31": "284.50000", "2018-09-30": "284.30000", "2018-06-30": "285.00000", "2018-03-31": "285.50000", "2017-12-31": "287.80000", "2017-09-30": "287.10000", "2017-06-30": "288.50000", "2017-03-31": "290.00000", "2016-12-31": "299.30000", "2016-09-30": "298.50000", "2016-06-30": "303.10000", "2016-03-31": "304.50000", "2015-12-31": "310.30000", "2015-09-30": "308.40000", "2015-06-30": "312.00000", "2015-03-31": "315.40000", "2014-12-31": "316.80000", "2014-09-30": "316.30000", "2014-06-30": "316.80000", "2014-03-31": "319.10000", "2013-12-31": "320.90000", "2013-09-30": "321.30000", "2013-06-30": "320.80000", "2013-03-31": "321.70000", "2012-12-31": "323.70000", "2012-09-30": "323.50000", "2012-06-30": "324.50000", "2012-03-31": "324.10000", "2011-12-31": "335.90000", "2011-09-30": "329.80000", "2011-06-30": "342.80000", "2011-03-31": "348.50000", "2010-12-31": "364.20000", "2010-09-30": "360.10000", "2010-06-30": "367.60000", "2010-03-31": "373.50000", "2009-12-31": "384.80000", "2009-09-30": "381.40000", "2009-06-30": "386.90000", "2009-03-31": "393.40000", "2008-12-31": "399.70000", "2008-09-30": "397.40000", "2008-06-30": "399.30000", "2008-03-31": "406.60000", "2007-12-31": "416.00000", "2007-09-30": "413.50000", "2007-06-30": "416.70000", "2007-03-31": "421.40000", "2006-12-31": "428.10000", "2006-09-30": "424.30000", "2006-06-30": "428.80000", "2006-03-31": "436.00000", "2005-12-31": "440.30000", "2005-09-30": "440.50000", "2005-06-30": "445.30000", "2005-03-31": "441.30000"}, "Shares Outstanding": {"2020-12-31": "281.20000", "2020-09-30": "280.60000", "2020-06-30": "280.80000", "2020-03-31": "282.60000", "2019-12-31": "283.80000", "2019-09-30": "283.90000", "2019-06-30": "283.90000", "2019-03-31": "284.30000", "2018-12-31": "286.80000", "2018-09-30": "286.70000", "2018-06-30": "287.10000", "2018-03-31": "287.90000", "2017-12-31": "290.60000", "2017-09-30": "290.00000", "2017-06-30": "291.20000", "2017-03-31": "292.80000", "2016-12-31": "303.10000", "2016-09-30": "302.10000", "2016-06-30": "307.10000", "2016-03-31": "308.70000", "2015-12-31": "314.70000", "2015-09-30": "312.70000", "2015-06-30": "316.10000", "2015-03-31": "320.20000", "2014-12-31": "322.40000", "2014-09-30": "321.80000", "2014-06-30": "322.10000", "2014-03-31": "325.10000", "2013-12-31": "326.50000", "2013-09-30": "327.50000", "2013-06-30": "325.90000", "2013-03-31": "326.30000", "2012-12-31": "328.40000", "2012-09-30": "328.30000", "2012-06-30": "328.80000", "2012-03-31": "328.60000", "2011-12-31": "339.90000", "2011-09-30": "333.60000", "2011-06-30": "346.60000", "2011-03-31": "352.60000", "2010-12-31": "368.30000", "2010-09-30": "363.90000", "2010-06-30": "371.70000", "2010-03-31": "377.70000", "2009-12-31": "388.90000", "2009-09-30": "385.50000", "2009-06-30": "390.90000", "2009-03-31": "393.40000", "2008-12-31": "409.40000", "2008-09-30": "407.10000", "2008-06-30": "409.50000", "2008-03-31": "416.80000", "2007-12-31": "427.10000", "2007-09-30": "424.50000", "2007-06-30": "426.50000", "2007-03-31": "432.10000", "2006-12-31": "436.40000", "2006-09-30": "431.90000", "2006-06-30": "433.70000", "2006-03-31": "441.30000", "2005-12-31": "445.70000", "2005-09-30": "445.80000", "2005-06-30": "451.30000", "2005-03-31": "446.50000"}, "Basic EPS": {"2020-12-31": "6.41000", "2020-09-30": "6.08000", "2020-06-30": "5.81000", "2020-03-31": "6.10000", "2019-12-31": "5.33000", "2019-09-30": "5.70000", "2019-06-30": "5.03000", "2019-03-31": "6.03000", "2018-12-31": "4.43000", "2018-09-30": "5.18000", "2018-06-30": "4.08000", "2018-03-31": "4.05000", "2017-12-31": "-2.56000", "2017-09-30": "3.35000", "2017-06-30": "3.31000", "2017-03-31": "2.72000", "2016-12-31": "2.94000", "2016-09-30": "8.02000", "2016-06-30": "3.37000", "2016-03-31": "2.95000", "2015-12-31": "3.06000", "2015-09-30": "2.80000", "2015-06-30": "2.98000", "2015-03-31": "2.78000", "2014-12-31": "2.87000", "2014-09-30": "2.81000", "2014-06-30": "2.81000", "2014-03-31": "2.92000", "2013-12-31": "1.52000", "2013-09-30": "2.72000", "2013-06-30": "2.68000", "2013-03-31": "2.37000", "2012-12-31": "1.76000", "2012-09-30": "2.25000", "2012-06-30": "2.41000", "2012-03-31": "2.06000", "2011-12-31": "2.10000", "2011-09-30": "2.12000", "2011-06-30": "2.16000", "2011-03-31": "1.52000", "2010-12-31": "2.67000", "2010-09-30": "1.56000", "2010-06-30": "2.24000", "2010-03-31": "1.43000", "2009-12-31": "2.05000", "2009-09-30": "2.09000", "2009-06-30": "1.90000", "2009-03-31": "1.69000", "2008-12-31": "2.07000", "2008-09-30": "1.97000", "2008-06-30": "2.21000", "2008-03-31": "1.80000", "2007-12-31": "1.93000", "2007-09-30": "1.85000", "2007-06-30": "1.87000", "2007-03-31": "1.64000", "2006-12-31": "1.72000", "2006-09-30": "1.48000", "2006-06-30": "1.35000", "2006-03-31": "1.36000", "2005-12-31": "1.31000", "2005-09-30": "0.97000", "2005-06-30": "1.03000", "2005-03-31": "0.84000"}, "EPS - Earnings Per Share": {"2020-12-31": "6.38000", "2020-09-30": "6.05000", "2020-06-30": "5.79000", "2020-03-31": "6.08000", "2019-12-31": "5.30000", "2019-09-30": "5.66000", "2019-06-30": "5.00000", "2019-03-31": "5.99000", "2018-12-31": "4.38000", "2018-09-30": "5.14000", "2018-06-30": "4.05000", "2018-03-31": "4.02000", "2017-12-31": "-2.54000", "2017-09-30": "3.32000", "2017-06-30": "3.28000", "2017-03-31": "2.69000", "2016-12-31": "2.91000", "2016-09-30": "7.93000", "2016-06-30": "3.32000", "2016-03-31": "2.91000", "2015-12-31": "3.01000", "2015-09-30": "2.77000", "2015-06-30": "2.94000", "2015-03-31": "2.74000", "2014-12-31": "2.82000", "2014-09-30": "2.76000", "2014-06-30": "2.76000", "2014-03-31": "2.87000", "2013-12-31": "1.50000", "2013-09-30": "2.66000", "2013-06-30": "2.64000", "2013-03-31": "2.33000", "2012-12-31": "1.74000", "2012-09-30": "2.21000", "2012-06-30": "2.38000", "2012-03-31": "2.03000", "2011-12-31": "2.07000", "2011-09-30": "2.10000", "2011-06-30": "2.14000", "2011-03-31": "1.50000", "2010-12-31": "2.64000", "2010-09-30": "1.54000", "2010-06-30": "2.22000", "2010-03-31": "1.41000", "2009-12-31": "2.01000", "2009-09-30": "2.07000", "2009-06-30": "1.88000", "2009-03-31": "1.68000", "2008-12-31": "2.04000", "2008-09-30": "1.92000", "2008-06-30": "2.15000", "2008-03-31": "1.75000", "2007-12-31": "1.88000", "2007-09-30": "1.80000", "2007-06-30": "1.82000", "2007-03-31": "1.60000", "2006-12-31": "1.66000", "2006-09-30": "1.46000", "2006-06-30": "1.34000", "2006-03-31": "1.34000", "2005-12-31": "1.29000", "2005-09-30": "0.96000", "2005-06-30": "1.02000", "2005-03-31": "0.83000"}}, "balance sheet": {"Cash On Hand": {"2020-12-31": "3160.00000", "2019-12-31": "1514.00000", "2018-12-31": "772.00000", "2017-12-31": "2861.00000", "2016-12-31": "1837.00000", "2015-12-31": "1090.00000", "2014-12-31": "1446.00000", "2013-12-31": "2617.00000", "2012-12-31": "1898.00000", "2011-12-31": "3582.00000", "2010-12-31": "2777.00000", "2009-12-31": "2737.00000", "2008-12-31": "2168.00000", "2007-12-31": "2981.00000", "2006-12-31": "2293.00000", "2005-12-31": "2673.00000"}, "Receivables": {"2020-12-31": "1978.00000", "2019-12-31": "2337.00000", "2018-12-31": "2444.00000", "2017-12-31": "2265.00000", "2016-12-31": "8202.00000", "2015-12-31": "7254.00000", "2014-12-31": "5877.00000", "2013-12-31": "5834.00000", "2012-12-31": "6563.00000", "2011-12-31": "6064.00000", "2010-12-31": "5692.00000", "2009-12-31": "6061.00000", "2008-12-31": "5296.00000", "2007-12-31": "4925.00000", "2006-12-31": "4595.00000", "2005-12-31": "4579.00000"}, "Inventory": {"2020-12-31": "3545.00000", "2019-12-31": "3619.00000", "2018-12-31": "2997.00000", "2017-12-31": "2878.00000", "2016-12-31": "4670.00000", "2015-12-31": "4819.00000", "2014-12-31": "2804.00000", "2013-12-31": "2977.00000", "2012-12-31": "2937.00000", "2011-12-31": "2481.00000", "2010-12-31": "2363.00000", "2009-12-31": "2183.00000", "2008-12-31": "1902.00000", "2007-12-31": "1718.00000", "2006-12-31": "1657.00000", "2005-12-31": "1921.00000"}, "Pre-Paid Expenses": {"2020-12-31": "", "2019-12-31": "", "2018-12-31": "", "2017-12-31": "", "2016-12-31": "", "2015-12-31": "", "2014-12-31": "", "2013-12-31": "", "2012-12-31": "", "2011-12-31": "", "2010-12-31": "", "2009-12-31": "", "2008-12-31": "", "2007-12-31": "", "2006-12-31": "", "2005-12-31": ""}, "Other Current Assets": {"2020-12-31": "10695.00000", "2019-12-31": "9625.00000", "2018-12-31": "9890.00000", "2017-12-31": "9501.00000", "2016-12-31": "399.00000", "2015-12-31": "441.00000", "2014-12-31": "744.00000", "2013-12-31": "813.00000", "2012-12-31": "1188.00000", "2011-12-31": "628.00000", "2010-12-31": "518.00000", "2009-12-31": "681.00000", "2008-12-31": "562.00000", "2007-12-31": "560.00000", "2006-12-31": "719.00000", "2005-12-31": "495.00000"}, "Total Current Assets": {"2020-12-31": "19378.00000", "2019-12-31": "17095.00000", "2018-12-31": "16103.00000", "2017-12-31": "17505.00000", "2016-12-31": "15108.00000", "2015-12-31": "14573.00000", "2014-12-31": "12322.00000", "2013-12-31": "13329.00000", "2012-12-31": "13855.00000", "2011-12-31": "14094.00000", "2010-12-31": "12893.00000", "2009-12-31": "12477.00000", "2008-12-31": "10683.00000", "2007-12-31": "10940.00000", "2006-12-31": "10164.00000", "2005-12-31": "10529.00000"}, "Property, Plant, And Equipment": {"2020-12-31": "7213.00000", "2019-12-31": "6591.00000", "2018-12-31": "6124.00000", "2017-12-31": "5775.00000", "2016-12-31": "5549.00000", "2015-12-31": "5389.00000", "2014-12-31": "4751.00000", "2013-12-31": "4706.00000", "2012-12-31": "4675.00000", "2011-12-31": "4611.00000", "2010-12-31": "4554.00000", "2009-12-31": "4520.00000", "2008-12-31": "4488.00000", "2007-12-31": "4320.00000", "2006-12-31": "4056.00000", "2005-12-31": "3924.00000"}, "Long-Term Investments": {"2020-12-31": "", "2019-12-31": "", "2018-12-31": "", "2017-12-31": "", "2016-12-31": "", "2015-12-31": "", "2014-12-31": "", "2013-12-31": "", "2012-12-31": "", "2011-12-31": "", "2010-12-31": "", "2009-12-31": "", "2008-12-31": "", "2007-12-31": "", "2006-12-31": "", "2005-12-31": ""}, "Goodwill And Intangible Assets": {"2020-12-31": "13818.00000", "2019-12-31": "13817.00000", "2018-12-31": "14263.00000", "2017-12-31": "14604.00000", "2016-12-31": "14857.00000", "2015-12-31": "14717.00000", "2014-12-31": "11186.00000", "2013-12-31": "10348.00000", "2012-12-31": "10370.00000", "2011-12-31": "10148.00000", "2010-12-31": "9605.00000", "2009-12-31": "9948.00000", "2008-12-31": "9881.00000", "2007-12-31": "9850.00000", "2006-12-31": "9855.00000", "2005-12-31": "9007.00000"}, "Other Long-Term Assets": {"2020-12-31": "6826.00000", "2019-12-31": "6706.00000", "2018-12-31": "5178.00000", "2017-12-31": "5580.00000", "2016-12-31": "5667.00000", "2015-12-31": "5396.00000", "2014-12-31": "4774.00000", "2013-12-31": "4955.00000", "2012-12-31": "4948.00000", "2011-12-31": "4667.00000", "2010-12-31": "4576.00000", "2009-12-31": "4387.00000", "2008-12-31": "3614.00000", "2007-12-31": "2743.00000", "2006-12-31": "2434.00000", "2005-12-31": "2369.00000"}, "Total Long-Term Assets": {"2020-12-31": "31332.00000", "2019-12-31": "30433.00000", "2018-12-31": "28773.00000", "2017-12-31": "29115.00000", "2016-12-31": "32698.00000", "2015-12-31": "34731.00000", "2014-12-31": "24724.00000", "2013-12-31": "22859.00000", "2012-12-31": "24802.00000", "2011-12-31": "23814.00000", "2010-12-31": "22220.00000", "2009-12-31": "22634.00000", "2008-12-31": "22756.00000", "2007-12-31": "17986.00000", "2006-12-31": "18067.00000", "2005-12-31": "17215.00000"}, "Total Assets": {"2020-12-31": "50710.00000", "2019-12-31": "47528.00000", "2018-12-31": "44876.00000", "2017-12-31": "46620.00000", "2016-12-31": "47806.00000", "2015-12-31": "49304.00000", "2014-12-31": "37046.00000", "2013-12-31": "36188.00000", "2012-12-31": "38657.00000", "2011-12-31": "37908.00000", "2010-12-31": "35113.00000", "2009-12-31": "35111.00000", "2008-12-31": "33439.00000", "2007-12-31": "28926.00000", "2006-12-31": "28231.00000", "2005-12-31": "27744.00000"}, "Total Current Liabilities": {"2020-12-31": "13933.00000", "2019-12-31": "13972.00000", "2018-12-31": "14398.00000", "2017-12-31": "12913.00000", "2016-12-31": "12542.00000", "2015-12-31": "13918.00000", "2014-12-31": "11112.00000", "2013-12-31": "11120.00000", "2012-12-31": "12155.00000", "2011-12-31": "12130.00000", "2010-12-31": "11401.00000", "2009-12-31": "10703.00000", "2008-12-31": "10542.00000", "2007-12-31": "10037.00000", "2006-12-31": "9553.00000", "2005-12-31": "9428.00000"}, "Long Term Debt": {"2020-12-31": "11669.00000", "2019-12-31": "11404.00000", "2018-12-31": "12604.00000", "2017-12-31": "13513.00000", "2016-12-31": "14282.00000", "2015-12-31": "14305.00000", "2014-12-31": "6142.00000", "2013-12-31": "6152.00000", "2012-12-31": "6158.00000", "2011-12-31": "6460.00000", "2010-12-31": "5019.00000", "2009-12-31": "5052.00000", "2008-12-31": "3563.00000", "2007-12-31": "4303.00000", "2006-12-31": "4405.00000", "2005-12-31": "4784.00000"}, "Other Non-Current Liabilities": {"2020-12-31": "6196.00000", "2019-12-31": "5747.00000", "2018-12-31": "4311.00000", "2017-12-31": "4548.00000", "2016-12-31": "4659.00000", "2015-12-31": "4902.00000", "2014-12-31": "3877.00000", "2013-12-31": "3735.00000", "2012-12-31": "3807.00000", "2011-12-31": "3541.00000", "2010-12-31": "3376.00000", "2009-12-31": "3096.00000", "2008-12-31": "3079.00000", "2007-12-31": "2661.00000", "2006-12-31": "2868.00000", "2005-12-31": "2291.00000"}, "Total Long Term Liabilities": {"2020-12-31": "30739.00000", "2019-12-31": "30385.00000", "2018-12-31": "29029.00000", "2017-12-31": "34483.00000", "2016-12-31": "33658.00000", "2015-12-31": "32289.00000", "2014-12-31": "22534.00000", "2013-12-31": "20150.00000", "2012-12-31": "26463.00000", "2011-12-31": "24777.00000", "2010-12-31": "20215.00000", "2009-12-31": "20279.00000", "2008-12-31": "20032.00000", "2007-12-31": "9084.00000", "2006-12-31": "11794.00000", "2005-12-31": "10449.00000"}, "Total Liabilities": {"2020-12-31": "44672.00000", "2019-12-31": "44357.00000", "2018-12-31": "43427.00000", "2017-12-31": "47396.00000", "2016-12-31": "46200.00000", "2015-12-31": "46207.00000", "2014-12-31": "33646.00000", "2013-12-31": "31270.00000", "2012-12-31": "38618.00000", "2011-12-31": "36907.00000", "2010-12-31": "31616.00000", "2009-12-31": "30982.00000", "2008-12-31": "30574.00000", "2007-12-31": "19121.00000", "2006-12-31": "21347.00000", "2005-12-31": "19877.00000"}, "Common Stock Net": {"2020-12-31": "279.00000", "2019-12-31": "280.00000", "2018-12-31": "281.00000", "2017-12-31": "284.00000", "2016-12-31": "289.00000", "2015-12-31": "303.00000", "2014-12-31": "314.00000", "2013-12-31": "319.00000", "2012-12-31": "321.00000", "2011-12-31": "321.00000", "2010-12-31": "346.00000", "2009-12-31": "373.00000", "2008-12-31": "393.00000", "2007-12-31": "409.00000", "2006-12-31": "421.00000", "2005-12-31": "432.00000"}, "Retained Earnings (Accumulated Deficit)": {"2020-12-31": "21636.00000", "2019-12-31": "18401.00000", "2018-12-31": "15434.00000", "2017-12-31": "11405.00000", "2016-12-31": "13324.00000", "2015-12-31": "14238.00000", "2014-12-31": "14956.00000", "2013-12-31": "14200.00000", "2012-12-31": "13211.00000", "2011-12-31": "11937.00000", "2010-12-31": "12161.00000", "2009-12-31": "12351.00000", "2008-12-31": "11621.00000", "2007-12-31": "11247.00000", "2006-12-31": "9269.00000", "2005-12-31": "7278.00000"}, "Comprehensive Income": {"2020-12-31": "-16121.00000", "2019-12-31": "-15554.00000", "2018-12-31": "-14321.00000", "2017-12-31": "-12539.00000", "2016-12-31": "-12102.00000", "2015-12-31": "-11444.00000", "2014-12-31": "-11870.00000", "2013-12-31": "-9601.00000", "2012-12-31": "-13493.00000", "2011-12-31": "-11257.00000", "2010-12-31": "-9010.00000", "2009-12-31": "-8595.00000", "2008-12-31": "-9149.00000", "2007-12-31": "-1851.00000", "2006-12-31": "-3561.00000", "2005-12-31": "-1553.00000"}, "Other Share Holders Equity": {"2020-12-31": "", "2019-12-31": "", "2018-12-31": "", "2017-12-31": "", "2016-12-31": "", "2015-12-31": "", "2014-12-31": "", "2013-12-31": "", "2012-12-31": "", "2011-12-31": "", "2010-12-31": "", "2009-12-31": "", "2008-12-31": "", "2007-12-31": "", "2006-12-31": "", "2005-12-31": "-14.00000"}, "Share Holder Equity": {"2020-12-31": "6038.00000", "2019-12-31": "3171.00000", "2018-12-31": "1449.00000", "2017-12-31": "-776.00000", "2016-12-31": "1606.00000", "2015-12-31": "3097.00000", "2014-12-31": "3400.00000", "2013-12-31": "4918.00000", "2012-12-31": "39.00000", "2011-12-31": "1001.00000", "2010-12-31": "3497.00000", "2009-12-31": "4129.00000", "2008-12-31": "2865.00000", "2007-12-31": "9805.00000", "2006-12-31": "6884.00000", "2005-12-31": "7867.00000"}, "Total Liabilities And Share Holders Equity": {"2020-12-31": "50710.00000", "2019-12-31": "47528.00000", "2018-12-31": "44876.00000", "2017-12-31": "46620.00000", "2016-12-31": "47806.00000", "2015-12-31": "49304.00000", "2014-12-31": "37046.00000", "2013-12-31": "36188.00000", "2012-12-31": "38657.00000", "2011-12-31": "37908.00000", "2010-12-31": "35113.00000", "2009-12-31": "35111.00000", "2008-12-31": "33439.00000", "2007-12-31": "28926.00000", "2006-12-31": "28231.00000", "2005-12-31": "27744.00000"}}, "balance sheet, quarterly": {"Cash On Hand": {"2020-12-31": "3160.00000", "2020-09-30": "3585.00000", "2020-06-30": "2855.00000", "2020-03-31": "1988.00000", "2019-12-31": "1514.00000", "2019-09-30": "2539.00000", "2019-06-30": "1167.00000", "2019-03-31": "991.00000", "2018-12-31": "772.00000", "2018-09-30": "897.00000", "2018-06-30": "1181.00000", "2018-03-31": "2393.00000", "2017-12-31": "2861.00000", "2017-09-30": "2941.00000", "2017-06-30": "2452.00000", "2017-03-31": "2216.00000", "2016-12-31": "1837.00000", "2016-09-30": "2895.00000", "2016-06-30": "1269.00000", "2016-03-31": "1452.00000", "2015-12-31": "1090.00000", "2015-09-30": "3300.00000", "2015-06-30": "3202.00000", "2015-03-31": "3486.00000", "2014-12-31": "1446.00000", "2014-09-30": "2963.00000", "2014-06-30": "3436.00000", "2014-03-31": "3264.00000", "2013-12-31": "2617.00000", "2013-09-30": "2661.00000", "2013-06-30": "2845.00000", "2013-03-31": "3065.00000", "2012-12-31": "1898.00000", "2012-09-30": "4652.00000", "2012-06-30": "3802.00000", "2012-03-31": "3518.00000", "2011-12-31": "3582.00000", "2011-09-30": "4567.00000", "2011-06-30": "3522.00000", "2011-03-31": "3861.00000", "2010-12-31": "2777.00000", "2010-09-30": "3423.00000", "2010-06-30": "3599.00000", "2010-03-31": "3288.00000", "2009-12-31": "2737.00000", "2009-09-30": "2709.00000", "2009-06-30": "2672.00000", "2009-03-31": "2384.00000", "2008-12-31": "2168.00000", "2008-09-30": "2534.00000", "2008-06-30": "3310.00000", "2008-03-31": "2947.00000", "2007-12-31": "2981.00000", "2007-09-30": "3429.00000", "2007-06-30": "3337.00000", "2007-03-31": "3074.00000", "2006-12-31": "2293.00000", "2006-09-30": "2683.00000", "2006-06-30": "3386.00000", "2006-03-31": "3139.00000", "2005-12-31": "2673.00000", "2005-09-30": "3566.00000", "2005-06-30": "3476.00000", "2005-03-31": "3133.00000"}, "Receivables": {"2020-12-31": "1978.00000", "2020-09-30": "2480.00000", "2020-06-30": "2835.00000", "2020-03-31": "2892.00000", "2019-12-31": "2337.00000", "2019-09-30": "2384.00000", "2019-06-30": "2546.00000", "2019-03-31": "2833.00000", "2018-12-31": "2444.00000", "2018-09-30": "2416.00000", "2018-06-30": "2482.00000", "2018-03-31": "2373.00000", "2017-12-31": "2265.00000", "2017-09-30": "9021.00000", "2017-06-30": "8762.00000", "2017-03-31": "8869.00000", "2016-12-31": "8202.00000", "2016-09-30": "8955.00000", "2016-06-30": "9275.00000", "2016-03-31": "8620.00000", "2015-12-31": "7254.00000", "2015-09-30": "6740.00000", "2015-06-30": "7064.00000", "2015-03-31": "6545.00000", "2014-12-31": "5877.00000", "2014-09-30": "6081.00000", "2014-06-30": "6434.00000", "2014-03-31": "6255.00000", "2013-12-31": "5834.00000", "2013-09-30": "6919.00000", "2013-06-30": "6826.00000", "2013-03-31": "6968.00000", "2012-12-31": "6563.00000", "2012-09-30": "6428.00000", "2012-06-30": "6569.00000", "2012-03-31": "6720.00000", "2011-12-31": "6064.00000", "2011-09-30": "6523.00000", "2011-06-30": "6547.00000", "2011-03-31": "6583.00000", "2010-12-31": "5692.00000", "2010-09-30": "6275.00000", "2010-06-30": "6383.00000", "2010-03-31": "6610.00000", "2009-12-31": "6061.00000", "2009-09-30": "6067.00000", "2009-06-30": "6131.00000", "2009-03-31": "6097.00000", "2008-12-31": "5296.00000", "2008-09-30": "5391.00000", "2008-06-30": "5218.00000", "2008-03-31": "5413.00000", "2007-12-31": "4925.00000", "2007-09-30": "4937.00000", "2007-06-30": "5239.00000", "2007-03-31": "4902.00000", "2006-12-31": "4595.00000", "2006-09-30": "4865.00000", "2006-06-30": "4367.00000", "2006-03-31": "4832.00000", "2005-12-31": "4579.00000", "2005-09-30": "4440.00000", "2005-06-30": "4287.00000", "2005-03-31": "4240.00000"}, "Inventory": {"2020-12-31": "3545.00000", "2020-09-30": "3293.00000", "2020-06-30": "3521.00000", "2020-03-31": "3539.00000", "2019-12-31": "3619.00000", "2019-09-30": "3474.00000", "2019-06-30": "3599.00000", "2019-03-31": "3285.00000", "2018-12-31": "2997.00000", "2018-09-30": "3050.00000", "2018-06-30": "3038.00000", "2018-03-31": "3196.00000", "2017-12-31": "2878.00000", "2017-09-30": "4803.00000", "2017-06-30": "4941.00000", "2017-03-31": "5074.00000", "2016-12-31": "4670.00000", "2016-09-30": "4852.00000", "2016-06-30": "5136.00000", "2016-03-31": "5223.00000", "2015-12-31": "4819.00000", "2015-09-30": "3237.00000", "2015-06-30": "3032.00000", "2015-03-31": "3087.00000", "2014-12-31": "2804.00000", "2014-09-30": "2898.00000", "2014-06-30": "2646.00000", "2014-03-31": "2949.00000", "2013-12-31": "2977.00000", "2013-09-30": "2920.00000", "2013-06-30": "2895.00000", "2013-03-31": "2895.00000", "2012-12-31": "2937.00000", "2012-09-30": "2878.00000", "2012-06-30": "2521.00000", "2012-03-31": "2380.00000", "2011-12-31": "2481.00000", "2011-09-30": "1789.00000", "2011-06-30": "2226.00000", "2011-03-31": "2277.00000", "2010-12-31": "2363.00000", "2010-09-30": "2093.00000", "2010-06-30": "2360.00000", "2010-03-31": "2476.00000", "2009-12-31": "2183.00000", "2009-09-30": "2079.00000", "2009-06-30": "1852.00000", "2009-03-31": "1921.00000", "2008-12-31": "1902.00000", "2008-09-30": "1736.00000", "2008-06-30": "1623.00000", "2008-03-31": "1619.00000", "2007-12-31": "1718.00000", "2007-09-30": "1387.00000", "2007-06-30": "1379.00000", "2007-03-31": "1375.00000", "2006-12-31": "1657.00000", "2006-09-30": "2034.00000", "2006-06-30": "1880.00000", "2006-03-31": "1916.00000", "2005-12-31": "1921.00000", "2005-09-30": "1648.00000", "2005-06-30": "1755.00000", "2005-03-31": "1781.00000"}, "Pre-Paid Expenses": {"2020-12-31": "", "2020-09-30": "", "2020-06-30": "", "2020-03-31": "", "2019-12-31": "", "2019-09-30": "", "2019-06-30": "", "2019-03-31": "", "2018-12-31": "", "2018-09-30": "", "2018-06-30": "", "2018-03-31": "", "2017-12-31": "", "2017-09-30": "", "2017-06-30": "", "2017-03-31": "", "2016-12-31": "", "2016-09-30": "", "2016-06-30": "", "2016-03-31": "", "2015-12-31": "", "2015-09-30": "", "2015-06-30": "", "2015-03-31": "", "2014-12-31": "", "2014-09-30": "", "2014-06-30": "", "2014-03-31": "", "2013-12-31": "", "2013-09-30": "", "2013-06-30": "", "2013-03-31": "", "2012-12-31": "", "2012-09-30": "", "2012-06-30": "", "2012-03-31": "", "2011-12-31": "", "2011-09-30": "", "2011-06-30": "", "2011-03-31": "", "2010-12-31": "", "2010-09-30": "", "2010-06-30": "", "2010-03-31": "", "2009-12-31": "", "2009-09-30": "", "2009-06-30": "", "2009-03-31": "", "2008-12-31": "", "2008-09-30": "", "2008-06-30": "", "2008-03-31": "", "2007-12-31": "", "2007-09-30": "", "2007-06-30": "", "2007-03-31": "", "2006-12-31": "", "2006-09-30": "", "2006-06-30": "", "2006-03-31": "", "2005-12-31": "", "2005-09-30": "", "2005-06-30": "", "2005-03-31": ""}, "Other Current Assets": {"2020-12-31": "10695.00000", "2020-09-30": "10932.00000", "2020-06-30": "10359.00000", "2020-03-31": "10803.00000", "2019-12-31": "9625.00000", "2019-09-30": "11406.00000", "2019-06-30": "10788.00000", "2019-03-31": "10922.00000", "2018-12-31": "9890.00000", "2018-09-30": "10496.00000", "2018-06-30": "9803.00000", "2018-03-31": "9854.00000", "2017-12-31": "9501.00000", "2017-09-30": "443.00000", "2017-06-30": "411.00000", "2017-03-31": "427.00000", "2016-12-31": "399.00000", "2016-09-30": "408.00000", "2016-06-30": "393.00000", "2016-03-31": "472.00000", "2015-12-31": "441.00000", "2015-09-30": "515.00000", "2015-06-30": "520.00000", "2015-03-31": "632.00000", "2014-12-31": "744.00000", "2014-09-30": "559.00000", "2014-06-30": "494.00000", "2014-03-31": "631.00000", "2013-12-31": "813.00000", "2013-09-30": "452.00000", "2013-06-30": "580.00000", "2013-03-31": "683.00000", "2012-12-31": "1188.00000", "2012-09-30": "552.00000", "2012-06-30": "581.00000", "2012-03-31": "611.00000", "2011-12-31": "628.00000", "2011-09-30": "606.00000", "2011-06-30": "519.00000", "2011-03-31": "489.00000", "2010-12-31": "518.00000", "2010-09-30": "413.00000", "2010-06-30": "409.00000", "2010-03-31": "706.00000", "2009-12-31": "681.00000", "2009-09-30": "841.00000", "2009-06-30": "473.00000", "2009-03-31": "543.00000", "2008-12-31": "562.00000", "2008-09-30": "396.00000", "2008-06-30": "433.00000", "2008-03-31": "469.00000", "2007-12-31": "560.00000", "2007-09-30": "487.00000", "2007-06-30": "611.00000", "2007-03-31": "545.00000", "2006-12-31": "719.00000", "2006-09-30": "627.00000", "2006-06-30": "491.00000", "2006-03-31": "511.00000", "2005-12-31": "495.00000", "2005-09-30": "483.00000", "2005-06-30": "503.00000", "2005-03-31": "499.00000"}, "Total Current Assets": {"2020-12-31": "19378.00000", "2020-09-30": "20290.00000", "2020-06-30": "19570.00000", "2020-03-31": "19222.00000", "2019-12-31": "17095.00000", "2019-09-30": "19803.00000", "2019-06-30": "18100.00000", "2019-03-31": "18031.00000", "2018-12-31": "16103.00000", "2018-09-30": "16859.00000", "2018-06-30": "16504.00000", "2018-03-31": "17816.00000", "2017-12-31": "17505.00000", "2017-09-30": "17208.00000", "2017-06-30": "16566.00000", "2017-03-31": "16586.00000", "2016-12-31": "15108.00000", "2016-09-30": "17110.00000", "2016-06-30": "16073.00000", "2016-03-31": "15767.00000", "2015-12-31": "14573.00000", "2015-09-30": "15055.00000", "2015-06-30": "15287.00000", "2015-03-31": "15218.00000", "2014-12-31": "12322.00000", "2014-09-30": "13684.00000", "2014-06-30": "14163.00000", "2014-03-31": "14234.00000", "2013-12-31": "13329.00000", "2013-09-30": "14119.00000", "2013-06-30": "14379.00000", "2013-03-31": "14872.00000", "2012-12-31": "13855.00000", "2012-09-30": "15791.00000", "2012-06-30": "14800.00000", "2012-03-31": "14561.00000", "2011-12-31": "14094.00000", "2011-09-30": "14669.00000", "2011-06-30": "13954.00000", "2011-03-31": "14743.00000", "2010-12-31": "12893.00000", "2010-09-30": "13939.00000", "2010-06-30": "14212.00000", "2010-03-31": "13919.00000", "2009-12-31": "12477.00000", "2009-09-30": "12443.00000", "2009-06-30": "11913.00000", "2009-03-31": "11671.00000", "2008-12-31": "10683.00000", "2008-09-30": "10710.00000", "2008-06-30": "11308.00000", "2008-03-31": "11180.00000", "2007-12-31": "10940.00000", "2007-09-30": "11074.00000", "2007-06-30": "11498.00000", "2007-03-31": "10860.00000", "2006-12-31": "10164.00000", "2006-09-30": "10956.00000", "2006-06-30": "10963.00000", "2006-03-31": "11228.00000", "2005-12-31": "10529.00000", "2005-09-30": "11037.00000", "2005-06-30": "11176.00000", "2005-03-31": "10732.00000"}, "Property, Plant, And Equipment": {"2020-12-31": "7213.00000", "2020-09-30": "6803.00000", "2020-06-30": "6663.00000", "2020-03-31": "6605.00000", "2019-12-31": "6591.00000", "2019-09-30": "6240.00000", "2019-06-30": "6170.00000", "2019-03-31": "6140.00000", "2018-12-31": "6124.00000", "2018-09-30": "5902.00000", "2018-06-30": "5786.00000", "2018-03-31": "5749.00000", "2017-12-31": "5775.00000", "2017-09-30": "5511.00000", "2017-06-30": "5532.00000", "2017-03-31": "5481.00000", "2016-12-31": "5549.00000", "2016-09-30": "5369.00000", "2016-06-30": "5438.00000", "2016-03-31": "5417.00000", "2015-12-31": "5389.00000", "2015-09-30": "4677.00000", "2015-06-30": "4640.00000", "2015-03-31": "4654.00000", "2014-12-31": "4751.00000", "2014-09-30": "4590.00000", "2014-06-30": "4559.00000", "2014-03-31": "4612.00000", "2013-12-31": "4706.00000", "2013-09-30": "4598.00000", "2013-06-30": "4594.00000", "2013-03-31": "4617.00000", "2012-12-31": "4675.00000", "2012-09-30": "4486.00000", "2012-06-30": "4495.00000", "2012-03-31": "4530.00000", "2011-12-31": "4611.00000", "2011-09-30": "4428.00000", "2011-06-30": "4421.00000", "2011-03-31": "4461.00000", "2010-12-31": "4554.00000", "2010-09-30": "4347.00000", "2010-06-30": "4381.00000", "2010-03-31": "4436.00000", "2009-12-31": "4520.00000", "2009-09-30": "4430.00000", "2009-06-30": "4441.00000", "2009-03-31": "4443.00000", "2008-12-31": "4488.00000", "2008-09-30": "4294.00000", "2008-06-30": "4256.00000", "2008-03-31": "4258.00000", "2007-12-31": "4320.00000", "2007-09-30": "4071.00000", "2007-06-30": "4010.00000", "2007-03-31": "3991.00000", "2006-12-31": "4056.00000", "2006-09-30": "3911.00000", "2006-06-30": "3891.00000", "2006-03-31": "3884.00000", "2005-12-31": "3924.00000", "2005-09-30": "3566.00000", "2005-06-30": "3552.00000", "2005-03-31": "3565.00000"}, "Long-Term Investments": {"2020-12-31": "", "2020-09-30": "", "2020-06-30": "", "2020-03-31": "", "2019-12-31": "", "2019-09-30": "", "2019-06-30": "", "2019-03-31": "", "2018-12-31": "", "2018-09-30": "", "2018-06-30": "", "2018-03-31": "", "2017-12-31": "", "2017-09-30": "", "2017-06-30": "", "2017-03-31": "", "2016-12-31": "", "2016-09-30": "", "2016-06-30": "", "2016-03-31": "", "2015-12-31": "", "2015-09-30": "", "2015-06-30": "", "2015-03-31": "", "2014-12-31": "", "2014-09-30": "", "2014-06-30": "", "2014-03-31": "", "2013-12-31": "", "2013-09-30": "", "2013-06-30": "", "2013-03-31": "", "2012-12-31": "", "2012-09-30": "", "2012-06-30": "", "2012-03-31": "", "2011-12-31": "", "2011-09-30": "", "2011-06-30": "", "2011-03-31": "", "2010-12-31": "", "2010-09-30": "", "2010-06-30": "", "2010-03-31": "", "2009-12-31": "", "2009-09-30": "", "2009-06-30": "", "2009-03-31": "", "2008-12-31": "", "2008-09-30": "", "2008-06-30": "", "2008-03-31": "", "2007-12-31": "", "2007-09-30": "", "2007-06-30": "", "2007-03-31": "", "2006-12-31": "", "2006-09-30": "", "2006-06-30": "", "2006-03-31": "", "2005-12-31": "", "2005-09-30": "320.00000", "2005-06-30": "312.00000", "2005-03-31": "124.00000"}, "Goodwill And Intangible Assets": {"2020-12-31": "13818.00000", "2020-09-30": "13602.00000", "2020-06-30": "13656.00000", "2020-03-31": "13707.00000", "2019-12-31": "13817.00000", "2019-09-30": "14040.00000", "2019-06-30": "14126.00000", "2019-03-31": "14194.00000", "2018-12-31": "14263.00000", "2018-09-30": "14358.00000", "2018-06-30": "14427.00000", "2018-03-31": "14536.00000", "2017-12-31": "14604.00000", "2017-09-30": "14689.00000", "2017-06-30": "14724.00000", "2017-03-31": "14792.00000", "2016-12-31": "14857.00000", "2016-09-30": "14996.00000", "2016-06-30": "17672.00000", "2016-03-31": "17704.00000", "2015-12-31": "14717.00000", "2015-09-30": "10832.00000", "2015-06-30": "10867.00000", "2015-03-31": "10841.00000", "2014-12-31": "11186.00000", "2014-09-30": "10774.00000", "2014-06-30": "10505.00000", "2014-03-31": "10370.00000", "2013-12-31": "10348.00000", "2013-09-30": "10534.00000", "2013-06-30": "10352.00000", "2013-03-31": "10356.00000", "2012-12-31": "10370.00000", "2012-09-30": "10183.00000", "2012-06-30": "10158.00000", "2012-03-31": "10170.00000", "2011-12-31": "10148.00000", "2011-09-30": "9606.00000", "2011-06-30": "9615.00000", "2011-03-31": "9609.00000", "2010-12-31": "9605.00000", "2010-09-30": "9746.00000", "2010-06-30": "9976.00000", "2010-03-31": "10221.00000", "2009-12-31": "9948.00000", "2009-09-30": "10282.00000", "2009-06-30": "10064.00000", "2009-03-31": "10035.00000", "2008-12-31": "9881.00000", "2008-09-30": "9950.00000", "2008-06-30": "9893.00000", "2008-03-31": "9827.00000", "2007-12-31": "9850.00000", "2007-09-30": "9871.00000", "2007-06-30": "9918.00000", "2007-03-31": "9927.00000", "2006-12-31": "9855.00000", "2006-09-30": "9937.00000", "2006-06-30": "9352.00000", "2006-03-31": "9072.00000", "2005-12-31": "9007.00000", "2005-09-30": "8894.00000", "2005-06-30": "8932.00000", "2005-03-31": "8971.00000"}, "Other Long-Term Assets": {"2020-12-31": "6826.00000", "2020-09-30": "6880.00000", "2020-06-30": "6587.00000", "2020-03-31": "6550.00000", "2019-12-31": "6706.00000", "2019-09-30": "6280.00000", "2019-06-30": "6281.00000", "2019-03-31": "6150.00000", "2018-12-31": "5178.00000", "2018-09-30": "5340.00000", "2018-06-30": "5357.00000", "2018-03-31": "5449.00000", "2017-12-31": "5580.00000", "2017-09-30": "5568.00000", "2017-06-30": "5557.00000", "2017-03-31": "5488.00000", "2016-12-31": "5667.00000", "2016-09-30": "5414.00000", "2016-06-30": "5395.00000", "2016-03-31": "5377.00000", "2015-12-31": "5396.00000", "2015-09-30": "4957.00000", "2015-06-30": "5019.00000", "2015-03-31": "5015.00000", "2014-12-31": "4774.00000", "2014-09-30": "4931.00000", "2014-06-30": "4910.00000", "2014-03-31": "4921.00000", "2013-12-31": "4955.00000", "2013-09-30": "4999.00000", "2013-06-30": "4941.00000", "2013-03-31": "4985.00000", "2012-12-31": "4948.00000", "2012-09-30": "4788.00000", "2012-06-30": "4747.00000", "2012-03-31": "4789.00000", "2011-12-31": "4667.00000", "2011-09-30": "4388.00000", "2011-06-30": "4460.00000", "2011-03-31": "4452.00000", "2010-12-31": "4576.00000", "2010-09-30": "4009.00000", "2010-06-30": "3889.00000", "2010-03-31": "3922.00000", "2009-12-31": "4387.00000", "2009-09-30": "3856.00000", "2009-06-30": "3698.00000", "2009-03-31": "3614.00000", "2008-12-31": "3614.00000", "2008-09-30": "3140.00000", "2008-06-30": "2833.00000", "2008-03-31": "2743.00000", "2007-12-31": "2743.00000", "2007-09-30": "2785.00000", "2007-06-30": "2482.00000", "2007-03-31": "2362.00000", "2006-12-31": "2434.00000", "2006-09-30": "3066.00000", "2006-06-30": "2961.00000", "2006-03-31": "2940.00000", "2005-12-31": "2369.00000", "2005-09-30": "2553.00000", "2005-06-30": "2369.00000", "2005-03-31": "2520.00000"}, "Total Long-Term Assets": {"2020-12-31": "31332.00000", "2020-09-30": "30483.00000", "2020-06-30": "30033.00000", "2020-03-31": "30026.00000", "2019-12-31": "30433.00000", "2019-09-30": "29472.00000", "2019-06-30": "29740.00000", "2019-03-31": "29653.00000", "2018-12-31": "28773.00000", "2018-09-30": "28636.00000", "2018-06-30": "28621.00000", "2018-03-31": "28818.00000", "2017-12-31": "29115.00000", "2017-09-30": "31738.00000", "2017-06-30": "32145.00000", "2017-03-31": "32250.00000", "2016-12-31": "32698.00000", "2016-09-30": "31629.00000", "2016-06-30": "34335.00000", "2016-03-31": "34391.00000", "2015-12-31": "34731.00000", "2015-09-30": "24562.00000", "2015-06-30": "24561.00000", "2015-03-31": "24534.00000", "2014-12-31": "24724.00000", "2014-09-30": "23249.00000", "2014-06-30": "23087.00000", "2014-03-31": "22685.00000", "2013-12-31": "22859.00000", "2013-09-30": "24788.00000", "2013-06-30": "24568.00000", "2013-03-31": "24708.00000", "2012-12-31": "24802.00000", "2012-09-30": "23530.00000", "2012-06-30": "23586.00000", "2012-03-31": "23779.00000", "2011-12-31": "23814.00000", "2011-09-30": "21518.00000", "2011-06-30": "21764.00000", "2011-03-31": "21934.00000", "2010-12-31": "22220.00000", "2010-09-30": "21612.00000", "2010-06-30": "22027.00000", "2010-03-31": "22368.00000", "2009-12-31": "22634.00000", "2009-09-30": "23299.00000", "2009-06-30": "22875.00000", "2009-03-31": "22862.00000", "2008-12-31": "22756.00000", "2008-09-30": "18647.00000", "2008-06-30": "18153.00000", "2008-03-31": "17969.00000", "2007-12-31": "17986.00000", "2007-09-30": "18713.00000", "2007-06-30": "18316.00000", "2007-03-31": "17993.00000", "2006-12-31": "18067.00000", "2006-09-30": "18137.00000", "2006-06-30": "17473.00000", "2006-03-31": "17211.00000", "2005-12-31": "17215.00000", "2005-09-30": "16320.00000", "2005-06-30": "16217.00000", "2005-03-31": "16146.00000"}, "Total Assets": {"2020-12-31": "50710.00000", "2020-09-30": "50773.00000", "2020-06-30": "49603.00000", "2020-03-31": "49248.00000", "2019-12-31": "47528.00000", "2019-09-30": "49275.00000", "2019-06-30": "47840.00000", "2019-03-31": "47684.00000", "2018-12-31": "44876.00000", "2018-09-30": "45495.00000", "2018-06-30": "45125.00000", "2018-03-31": "46634.00000", "2017-12-31": "46620.00000", "2017-09-30": "48946.00000", "2017-06-30": "48711.00000", "2017-03-31": "48836.00000", "2016-12-31": "47806.00000", "2016-09-30": "48739.00000", "2016-06-30": "50408.00000", "2016-03-31": "50158.00000", "2015-12-31": "49304.00000", "2015-09-30": "39617.00000", "2015-06-30": "39848.00000", "2015-03-31": "39752.00000", "2014-12-31": "37046.00000", "2014-09-30": "36933.00000", "2014-06-30": "37250.00000", "2014-03-31": "36919.00000", "2013-12-31": "36188.00000", "2013-09-30": "38907.00000", "2013-06-30": "38947.00000", "2013-03-31": "39580.00000", "2012-12-31": "38657.00000", "2012-09-30": "39321.00000", "2012-06-30": "38386.00000", "2012-03-31": "38340.00000", "2011-12-31": "37908.00000", "2011-09-30": "36187.00000", "2011-06-30": "35718.00000", "2011-03-31": "36677.00000", "2010-12-31": "35113.00000", "2010-09-30": "35551.00000", "2010-06-30": "36239.00000", "2010-03-31": "36287.00000", "2009-12-31": "35111.00000", "2009-09-30": "35742.00000", "2009-06-30": "34788.00000", "2009-03-31": "34533.00000", "2008-12-31": "33439.00000", "2008-09-30": "29357.00000", "2008-06-30": "29461.00000", "2008-03-31": "29149.00000", "2007-12-31": "28926.00000", "2007-09-30": "29787.00000", "2007-06-30": "29814.00000", "2007-03-31": "28853.00000", "2006-12-31": "28231.00000", "2006-09-30": "29093.00000", "2006-06-30": "28436.00000", "2006-03-31": "28439.00000", "2005-12-31": "27744.00000", "2005-09-30": "27357.00000", "2005-06-30": "27393.00000", "2005-03-31": "26878.00000"}, "Total Current Liabilities": {"2020-12-31": "13933.00000", "2020-09-30": "15201.00000", "2020-06-30": "14888.00000", "2020-03-31": "15652.00000", "2019-12-31": "13972.00000", "2019-09-30": "15515.00000", "2019-06-30": "15132.00000", "2019-03-31": "15403.00000", "2018-12-31": "14398.00000", "2018-09-30": "15204.00000", "2018-06-30": "13881.00000", "2018-03-31": "13974.00000", "2017-12-31": "12913.00000", "2017-09-30": "13084.00000", "2017-06-30": "13641.00000", "2017-03-31": "13597.00000", "2016-12-31": "12542.00000", "2016-09-30": "14425.00000", "2016-06-30": "15595.00000", "2016-03-31": "14912.00000", "2015-12-31": "13918.00000", "2015-09-30": "12980.00000", "2015-06-30": "12624.00000", "2015-03-31": "11567.00000", "2014-12-31": "11112.00000", "2014-09-30": "12133.00000", "2014-06-30": "12147.00000", "2014-03-31": "11995.00000", "2013-12-31": "11120.00000", "2013-09-30": "12293.00000", "2013-06-30": "12253.00000", "2013-03-31": "12625.00000", "2012-12-31": "12155.00000", "2012-09-30": "12668.00000", "2012-06-30": "12268.00000", "2012-03-31": "12211.00000", "2011-12-31": "12130.00000", "2011-09-30": "12144.00000", "2011-06-30": "12056.00000", "2011-03-31": "12430.00000", "2010-12-31": "11401.00000", "2010-09-30": "11638.00000", "2010-06-30": "11859.00000", "2010-03-31": "11572.00000", "2009-12-31": "10703.00000", "2009-09-30": "11583.00000", "2009-06-30": "11287.00000", "2009-03-31": "11365.00000", "2008-12-31": "10542.00000", "2008-09-30": "10533.00000", "2008-06-30": "11256.00000", "2008-03-31": "9874.00000", "2007-12-31": "10037.00000", "2007-09-30": "9891.00000", "2007-06-30": "10564.00000", "2007-03-31": "9920.00000", "2006-12-31": "9553.00000", "2006-09-30": "10383.00000", "2006-06-30": "9903.00000", "2006-03-31": "9767.00000", "2005-12-31": "9428.00000", "2005-09-30": "9534.00000", "2005-06-30": "9749.00000", "2005-03-31": "9142.00000"}, "Long Term Debt": {"2020-12-31": "11669.00000", "2020-09-30": "11675.00000", "2020-06-30": "12174.00000", "2020-03-31": "11439.00000", "2019-12-31": "11404.00000", "2019-09-30": "12652.00000", "2019-06-30": "12637.00000", "2019-03-31": "12621.00000", "2018-12-31": "12604.00000", "2018-09-30": "13486.00000", "2018-06-30": "13479.00000", "2018-03-31": "13473.00000", "2017-12-31": "13513.00000", "2017-09-30": "14268.00000", "2017-06-30": "14283.00000", "2017-03-31": "14276.00000", "2016-12-31": "14282.00000", "2016-09-30": "14304.00000", "2016-06-30": "14307.00000", "2016-03-31": "14320.00000", "2015-12-31": "14305.00000", "2015-09-30": "7460.00000", "2015-06-30": "7950.00000", "2015-03-31": "8404.00000", "2014-12-31": "6142.00000", "2014-09-30": "6165.00000", "2014-06-30": "6169.00000", "2014-03-31": "6152.00000", "2013-12-31": "6152.00000", "2013-09-30": "6156.00000", "2013-06-30": "6140.00000", "2013-03-31": "6154.00000", "2012-12-31": "6158.00000", "2012-09-30": "6374.00000", "2012-06-30": "6343.00000", "2012-03-31": "6472.00000", "2011-12-31": "6460.00000", "2011-09-30": "6538.00000", "2011-06-30": "5031.00000", "2011-03-31": "5023.00000", "2010-12-31": "5019.00000", "2010-09-30": "5019.00000", "2010-06-30": "5019.00000", "2010-03-31": "5053.00000", "2009-12-31": "5052.00000", "2009-09-30": "3563.00000", "2009-06-30": "3563.00000", "2009-03-31": "3563.00000", "2008-12-31": "3563.00000", "2008-09-30": "3804.00000", "2008-06-30": "3803.00000", "2008-03-31": "4803.00000", "2007-12-31": "4303.00000", "2007-09-30": "4303.00000", "2007-06-30": "4302.00000", "2007-03-31": "4405.00000", "2006-12-31": "4405.00000", "2006-09-30": "4403.00000", "2006-06-30": "4746.00000", "2006-03-31": "4762.00000", "2005-12-31": "4784.00000", "2005-09-30": "4874.00000", "2005-06-30": "4874.00000", "2005-03-31": "5104.00000"}, "Other Non-Current Liabilities": {"2020-12-31": "6196.00000", "2020-09-30": "6146.00000", "2020-06-30": "5834.00000", "2020-03-31": "5592.00000", "2019-12-31": "5747.00000", "2019-09-30": "5058.00000", "2019-06-30": "5061.00000", "2019-03-31": "5022.00000", "2018-12-31": "4311.00000", "2018-09-30": "4411.00000", "2018-06-30": "4384.00000", "2018-03-31": "4386.00000", "2017-12-31": "4548.00000", "2017-09-30": "4563.00000", "2017-06-30": "4619.00000", "2017-03-31": "4609.00000", "2016-12-31": "4659.00000", "2016-09-30": "4638.00000", "2016-06-30": "4620.00000", "2016-03-31": "4877.00000", "2015-12-31": "4902.00000", "2015-09-30": "3908.00000", "2015-06-30": "3815.00000", "2015-03-31": "3763.00000", "2014-12-31": "3877.00000", "2014-09-30": "3604.00000", "2014-06-30": "3668.00000", "2014-03-31": "3632.00000", "2013-12-31": "3735.00000", "2013-09-30": "3827.00000", "2013-06-30": "3875.00000", "2013-03-31": "3880.00000", "2012-12-31": "3807.00000", "2012-09-30": "3625.00000", "2012-06-30": "3529.00000", "2012-03-31": "3613.00000", "2011-12-31": "3541.00000", "2011-09-30": "3329.00000", "2011-06-30": "3383.00000", "2011-03-31": "3380.00000", "2010-12-31": "3376.00000", "2010-09-30": "3178.00000", "2010-06-30": "3123.00000", "2010-03-31": "3122.00000", "2009-12-31": "3096.00000", "2009-09-30": "3194.00000", "2009-06-30": "3146.00000", "2009-03-31": "3105.00000", "2008-12-31": "3079.00000", "2008-09-30": "2701.00000", "2008-06-30": "2688.00000", "2008-03-31": "2855.00000", "2007-12-31": "2661.00000", "2007-09-30": "3129.00000", "2007-06-30": "2911.00000", "2007-03-31": "2780.00000", "2006-12-31": "2868.00000", "2006-09-30": "2357.00000", "2006-06-30": "2394.00000", "2006-03-31": "2373.00000", "2005-12-31": "2291.00000", "2005-09-30": "1973.00000", "2005-06-30": "1866.00000", "2005-03-31": "2016.00000"}, "Total Long Term Liabilities": {"2020-12-31": "30739.00000", "2020-09-30": "30586.00000", "2020-06-30": "30929.00000", "2020-03-31": "30109.00000", "2019-12-31": "30385.00000", "2019-09-30": "29823.00000", "2019-06-30": "29812.00000", "2019-03-31": "29759.00000", "2018-12-31": "29029.00000", "2018-09-30": "29289.00000", "2018-06-30": "30765.00000", "2018-03-31": "32771.00000", "2017-12-31": "34483.00000", "2017-09-30": "33687.00000", "2017-06-30": "33721.00000", "2017-03-31": "33654.00000", "2016-12-31": "33658.00000", "2016-09-30": "31884.00000", "2016-06-30": "31816.00000", "2016-03-31": "32069.00000", "2015-12-31": "32289.00000", "2015-09-30": "23824.00000", "2015-06-30": "24242.00000", "2015-03-31": "24665.00000", "2014-12-31": "22534.00000", "2014-09-30": "20226.00000", "2014-06-30": "20784.00000", "2014-03-31": "20124.00000", "2013-12-31": "20150.00000", "2013-09-30": "25337.00000", "2013-06-30": "26000.00000", "2013-03-31": "26651.00000", "2012-12-31": "26463.00000", "2012-09-30": "24211.00000", "2012-06-30": "23914.00000", "2012-03-31": "24556.00000", "2011-12-31": "24777.00000", "2011-09-30": "21100.00000", "2011-06-30": "20374.00000", "2011-03-31": "20456.00000", "2010-12-31": "20215.00000", "2010-09-30": "19995.00000", "2010-06-30": "20646.00000", "2010-03-31": "20687.00000", "2009-12-31": "20279.00000", "2009-09-30": "21019.00000", "2009-06-30": "20681.00000", "2009-03-31": "20349.00000", "2008-12-31": "20032.00000", "2008-09-30": "9016.00000", "2008-06-30": "8871.00000", "2008-03-31": "9908.00000", "2007-12-31": "9084.00000", "2007-09-30": "12468.00000", "2007-06-30": "12091.00000", "2007-03-31": "11905.00000", "2006-12-31": "11794.00000", "2006-09-30": "10627.00000", "2006-06-30": "10875.00000", "2006-03-31": "10736.00000", "2005-12-31": "10449.00000", "2005-09-30": "10090.00000", "2005-06-30": "9758.00000", "2005-03-31": "10295.00000"}, "Total Liabilities": {"2020-12-31": "44672.00000", "2020-09-30": "45787.00000", "2020-06-30": "45817.00000", "2020-03-31": "45761.00000", "2019-12-31": "44357.00000", "2019-09-30": "45338.00000", "2019-06-30": "44944.00000", "2019-03-31": "45162.00000", "2018-12-31": "43427.00000", "2018-09-30": "44493.00000", "2018-06-30": "44646.00000", "2018-03-31": "46745.00000", "2017-12-31": "47396.00000", "2017-09-30": "46771.00000", "2017-06-30": "47362.00000", "2017-03-31": "47251.00000", "2016-12-31": "46200.00000", "2016-09-30": "46309.00000", "2016-06-30": "47411.00000", "2016-03-31": "46981.00000", "2015-12-31": "46207.00000", "2015-09-30": "36804.00000", "2015-06-30": "36866.00000", "2015-03-31": "36232.00000", "2014-12-31": "33646.00000", "2014-09-30": "32359.00000", "2014-06-30": "32931.00000", "2014-03-31": "32119.00000", "2013-12-31": "31270.00000", "2013-09-30": "37630.00000", "2013-06-30": "38253.00000", "2013-03-31": "39276.00000", "2012-12-31": "38618.00000", "2012-09-30": "36879.00000", "2012-06-30": "36182.00000", "2012-03-31": "36767.00000", "2011-12-31": "36907.00000", "2011-09-30": "33244.00000", "2011-06-30": "32430.00000", "2011-03-31": "32886.00000", "2010-12-31": "31616.00000", "2010-09-30": "31633.00000", "2010-06-30": "32505.00000", "2010-03-31": "32259.00000", "2009-12-31": "30982.00000", "2009-09-30": "32602.00000", "2009-06-30": "31968.00000", "2009-03-31": "31714.00000", "2008-12-31": "30574.00000", "2008-09-30": "19549.00000", "2008-06-30": "20127.00000", "2008-03-31": "19782.00000", "2007-12-31": "19121.00000", "2007-09-30": "22359.00000", "2007-06-30": "22655.00000", "2007-03-31": "21825.00000", "2006-12-31": "21347.00000", "2006-09-30": "21010.00000", "2006-06-30": "20778.00000", "2006-03-31": "20503.00000", "2005-12-31": "19877.00000", "2005-09-30": "19624.00000", "2005-06-30": "19507.00000", "2005-03-31": "19437.00000"}, "Common Stock Net": {"2020-12-31": "279.00000", "2020-09-30": "278.00000", "2020-06-30": "278.00000", "2020-03-31": "279.00000", "2019-12-31": "280.00000", "2019-09-30": "281.00000", "2019-06-30": "281.00000", "2019-03-31": "281.00000", "2018-12-31": "281.00000", "2018-09-30": "283.00000", "2018-06-30": "283.00000", "2018-03-31": "284.00000", "2017-12-31": "284.00000", "2017-09-30": "285.00000", "2017-06-30": "286.00000", "2017-03-31": "288.00000", "2016-12-31": "289.00000", "2016-09-30": "291.00000", "2016-06-30": "301.00000", "2016-03-31": "303.00000", "2015-12-31": "303.00000", "2015-09-30": "306.00000", "2015-06-30": "309.00000", "2015-03-31": "313.00000", "2014-12-31": "314.00000", "2014-09-30": "314.00000", "2014-06-30": "315.00000", "2014-03-31": "315.00000", "2013-12-31": "319.00000", "2013-09-30": "318.00000", "2013-06-30": "319.00000", "2013-03-31": "318.00000", "2012-12-31": "321.00000", "2012-09-30": "321.00000", "2012-06-30": "322.00000", "2012-03-31": "322.00000", "2011-12-31": "321.00000", "2011-09-30": "321.00000", "2011-06-30": "333.00000", "2011-03-31": "345.00000", "2010-12-31": "346.00000", "2010-09-30": "358.00000", "2010-06-30": "360.00000", "2010-03-31": "369.00000", "2009-12-31": "373.00000", "2009-09-30": "378.00000", "2009-06-30": "382.00000", "2009-03-31": "386.00000", "2008-12-31": "393.00000", "2008-09-30": "398.00000", "2008-06-30": "394.00000", "2008-03-31": "400.00000", "2007-12-31": "409.00000", "2007-09-30": "411.00000", "2007-06-30": "412.00000", "2007-03-31": "417.00000", "2006-12-31": "421.00000", "2006-09-30": "422.00000", "2006-06-30": "422.00000", "2006-03-31": "430.00000", "2005-12-31": "432.00000", "2005-09-30": "434.00000", "2005-06-30": "441.00000", "2005-03-31": "441.00000"}, "Retained Earnings (Accumulated Deficit)": {"2020-12-31": "21636.00000", "2020-09-30": "19844.00000", "2020-06-30": "18876.00000", "2020-03-31": "18708.00000", "2019-12-31": "18401.00000", "2019-09-30": "17265.00000", "2019-06-30": "16408.00000", "2019-03-31": "16278.00000", "2018-12-31": "15434.00000", "2018-09-30": "14737.00000", "2018-06-30": "14528.00000", "2018-03-31": "14123.00000", "2017-12-31": "11405.00000", "2017-09-30": "13173.00000", "2017-06-30": "12616.00000", "2017-03-31": "13087.00000", "2016-12-31": "13324.00000", "2016-09-30": "13023.00000", "2016-06-30": "13800.00000", "2016-03-31": "14128.00000", "2015-12-31": "14238.00000", "2015-09-30": "13828.00000", "2015-06-30": "14129.00000", "2015-03-31": "14922.00000", "2014-12-31": "14956.00000", "2014-09-30": "14124.00000", "2014-06-30": "13988.00000", "2014-03-31": "13922.00000", "2013-12-31": "14200.00000", "2013-09-30": "13694.00000", "2013-06-30": "13416.00000", "2013-03-31": "13268.00000", "2012-12-31": "13211.00000", "2012-09-30": "12703.00000", "2012-06-30": "12727.00000", "2012-03-31": "12277.00000", "2011-12-31": "11937.00000", "2011-09-30": "11189.00000", "2011-06-30": "11626.00000", "2011-03-31": "12274.00000", "2010-12-31": "12161.00000", "2010-09-30": "12150.00000", "2010-06-30": "11988.00000", "2010-03-31": "12267.00000", "2009-12-31": "12351.00000", "2009-09-30": "11881.00000", "2009-06-30": "11547.00000", "2009-03-31": "11583.00000", "2008-12-31": "11621.00000", "2008-09-30": "11243.00000", "2008-06-30": "10756.00000", "2008-03-31": "10805.00000", "2007-12-31": "11247.00000", "2007-09-30": "10605.00000", "2007-06-30": "10304.00000", "2007-03-31": "9842.00000", "2006-12-31": "9269.00000", "2006-09-30": "8541.00000", "2006-06-30": "8060.00000", "2006-03-31": "7737.00000", "2005-12-31": "7278.00000", "2005-09-30": "6840.00000", "2005-06-30": "6523.00000", "2005-03-31": "6174.00000"}, "Comprehensive Income": {"2020-12-31": "-16121.00000", "2020-09-30": "-15259.00000", "2020-06-30": "-15403.00000", "2020-03-31": "-15541.00000", "2019-12-31": "-15554.00000", "2019-09-30": "-13653.00000", "2019-06-30": "-13839.00000", "2019-03-31": "-14094.00000", "2018-12-31": "-14321.00000", "2018-09-30": "-14077.00000", "2018-06-30": "-14395.00000", "2018-03-31": "-14589.00000", "2017-12-31": "-12539.00000", "2017-09-30": "-11360.00000", "2017-06-30": "-11637.00000", "2017-03-31": "-11892.00000", "2016-12-31": "-12102.00000", "2016-09-30": "-10991.00000", "2016-06-30": "-11104.00000", "2016-03-31": "-11254.00000", "2015-12-31": "-11444.00000", "2015-09-30": "-11321.00000", "2015-06-30": "-11456.00000", "2015-03-31": "-11715.00000", "2014-12-31": "-11870.00000", "2014-09-30": "-9864.00000", "2014-06-30": "-9984.00000", "2014-03-31": "-9437.00000", "2013-12-31": "-9601.00000", "2013-09-30": "-12735.00000", "2013-06-30": "-13041.00000", "2013-03-31": "-13282.00000", "2012-12-31": "-13493.00000", "2012-09-30": "-10582.00000", "2012-06-30": "-10864.00000", "2012-03-31": "-11030.00000", "2011-12-31": "-11257.00000", "2011-09-30": "-8567.00000", "2011-06-30": "-8671.00000", "2011-03-31": "-8828.00000", "2010-12-31": "-9010.00000", "2010-09-30": "-8590.00000", "2010-06-30": "-8614.00000", "2010-03-31": "-8608.00000", "2009-12-31": "-8595.00000", "2009-09-30": "-9119.00000", "2009-06-30": "-9109.00000", "2009-03-31": "-9150.00000", "2008-12-31": "-9149.00000", "2008-09-30": "-1833.00000", "2008-06-30": "-1816.00000", "2008-03-31": "-1838.00000", "2007-12-31": "-1851.00000", "2007-09-30": "-3588.00000", "2007-06-30": "-3557.00000", "2007-03-31": "-3561.00000", "2006-12-31": "-3561.00000", "2006-09-30": "-1666.00000", "2006-06-30": "-1660.00000", "2006-03-31": "-1635.00000", "2005-12-31": "-1553.00000", "2005-09-30": "-1375.00000", "2005-06-30": "-1387.00000", "2005-03-31": "-1538.00000"}, "Other Share Holders Equity": {"2020-12-31": "", "2020-09-30": "", "2020-06-30": "", "2020-03-31": "", "2019-12-31": "", "2019-09-30": "", "2019-06-30": "", "2019-03-31": "", "2018-12-31": "", "2018-09-30": "", "2018-06-30": "", "2018-03-31": "", "2017-12-31": "", "2017-09-30": "", "2017-06-30": "", "2017-03-31": "", "2016-12-31": "", "2016-09-30": "", "2016-06-30": "", "2016-03-31": "", "2015-12-31": "", "2015-09-30": "", "2015-06-30": "", "2015-03-31": "", "2014-12-31": "", "2014-09-30": "", "2014-06-30": "", "2014-03-31": "", "2013-12-31": "", "2013-09-30": "", "2013-06-30": "", "2013-03-31": "", "2012-12-31": "", "2012-09-30": "", "2012-06-30": "", "2012-03-31": "", "2011-12-31": "", "2011-09-30": "", "2011-06-30": "", "2011-03-31": "", "2010-12-31": "", "2010-09-30": "", "2010-06-30": "", "2010-03-31": "", "2009-12-31": "", "2009-09-30": "", "2009-06-30": "", "2009-03-31": "", "2008-12-31": "", "2008-09-30": "", "2008-06-30": "", "2008-03-31": "", "2007-12-31": "", "2007-09-30": "", "2007-06-30": "", "2007-03-31": "", "2006-12-31": "", "2006-09-30": "", "2006-06-30": "", "2006-03-31": "", "2005-12-31": "-14.00000", "2005-09-30": "", "2005-06-30": "", "2005-03-31": ""}, "Share Holder Equity": {"2020-12-31": "6038.00000", "2020-09-30": "4986.00000", "2020-06-30": "3786.00000", "2020-03-31": "3487.00000", "2019-12-31": "3171.00000", "2019-09-30": "3937.00000", "2019-06-30": "2896.00000", "2019-03-31": "2522.00000", "2018-12-31": "1449.00000", "2018-09-30": "1002.00000", "2018-06-30": "479.00000", "2018-03-31": "-111.00000", "2017-12-31": "-776.00000", "2017-09-30": "2175.00000", "2017-06-30": "1349.00000", "2017-03-31": "1585.00000", "2016-12-31": "1606.00000", "2016-09-30": "2430.00000", "2016-06-30": "2997.00000", "2016-03-31": "3177.00000", "2015-12-31": "3097.00000", "2015-09-30": "2813.00000", "2015-06-30": "2982.00000", "2015-03-31": "3520.00000", "2014-12-31": "3400.00000", "2014-09-30": "4574.00000", "2014-06-30": "4319.00000", "2014-03-31": "4800.00000", "2013-12-31": "4918.00000", "2013-09-30": "1277.00000", "2013-06-30": "694.00000", "2013-03-31": "304.00000", "2012-12-31": "39.00000", "2012-09-30": "2442.00000", "2012-06-30": "2204.00000", "2012-03-31": "1573.00000", "2011-12-31": "1001.00000", "2011-09-30": "2943.00000", "2011-06-30": "3288.00000", "2011-03-31": "3791.00000", "2010-12-31": "3497.00000", "2010-09-30": "3918.00000", "2010-06-30": "3734.00000", "2010-03-31": "4028.00000", "2009-12-31": "4129.00000", "2009-09-30": "3140.00000", "2009-06-30": "2820.00000", "2009-03-31": "2819.00000", "2008-12-31": "2865.00000", "2008-09-30": "9808.00000", "2008-06-30": "9334.00000", "2008-03-31": "9367.00000", "2007-12-31": "9805.00000", "2007-09-30": "7428.00000", "2007-06-30": "7159.00000", "2007-03-31": "7028.00000", "2006-12-31": "6884.00000", "2006-09-30": "8083.00000", "2006-06-30": "7658.00000", "2006-03-31": "7936.00000", "2005-12-31": "7867.00000", "2005-09-30": "7733.00000", "2005-06-30": "7886.00000", "2005-03-31": "7441.00000"}, "Total Liabilities And Share Holders Equity": {"2020-12-31": "50710.00000", "2020-09-30": "50773.00000", "2020-06-30": "49603.00000", "2020-03-31": "49248.00000", "2019-12-31": "47528.00000", "2019-09-30": "49275.00000", "2019-06-30": "47840.00000", "2019-03-31": "47684.00000", "2018-12-31": "44876.00000", "2018-09-30": "45495.00000", "2018-06-30": "45125.00000", "2018-03-31": "46634.00000", "2017-12-31": "46620.00000", "2017-09-30": "48946.00000", "2017-06-30": "48711.00000", "2017-03-31": "48836.00000", "2016-12-31": "47806.00000", "2016-09-30": "48739.00000", "2016-06-30": "50408.00000", "2016-03-31": "50158.00000", "2015-12-31": "49304.00000", "2015-09-30": "39617.00000", "2015-06-30": "39848.00000", "2015-03-31": "39752.00000", "2014-12-31": "37046.00000", "2014-09-30": "36933.00000", "2014-06-30": "37250.00000", "2014-03-31": "36919.00000", "2013-12-31": "36188.00000", "2013-09-30": "38907.00000", "2013-06-30": "38947.00000", "2013-03-31": "39580.00000", "2012-12-31": "38657.00000", "2012-09-30": "39321.00000", "2012-06-30": "38386.00000", "2012-03-31": "38340.00000", "2011-12-31": "37908.00000", "2011-09-30": "36187.00000", "2011-06-30": "35718.00000", "2011-03-31": "36677.00000", "2010-12-31": "35113.00000", "2010-09-30": "35551.00000", "2010-06-30": "36239.00000", "2010-03-31": "36287.00000", "2009-12-31": "35111.00000", "2009-09-30": "35742.00000", "2009-06-30": "34788.00000", "2009-03-31": "34533.00000", "2008-12-31": "33439.00000", "2008-09-30": "29357.00000", "2008-06-30": "29461.00000", "2008-03-31": "29149.00000", "2007-12-31": "28926.00000", "2007-09-30": "29787.00000", "2007-06-30": "29814.00000", "2007-03-31": "28853.00000", "2006-12-31": "28231.00000", "2006-09-30": "29093.00000", "2006-06-30": "28436.00000", "2006-03-31": "28439.00000", "2005-12-31": "27744.00000", "2005-09-30": "27357.00000", "2005-06-30": "27393.00000", "2005-03-31": "26878.00000"}}, "cash flow statement": {"Net Income/Loss": {"2020-12-31": "6833.00000", "2019-12-31": "6230.00000", "2018-12-31": "5046.00000", "2017-12-31": "1963.00000", "2016-12-31": "5173.00000", "2015-12-31": "3605.00000", "2014-12-31": "3614.00000", "2013-12-31": "2981.00000", "2012-12-31": "2745.00000", "2011-12-31": "2655.00000", "2010-12-31": "2878.00000", "2009-12-31": "2973.00000", "2008-12-31": "3217.00000", "2007-12-31": "3033.00000", "2006-12-31": "2529.00000", "2005-12-31": "1825.00000"}, "Total Depreciation And Amortization - Cash Flow": {"2020-12-31": "1290.00000", "2019-12-31": "1189.00000", "2018-12-31": "1161.00000", "2017-12-31": "1195.00000", "2016-12-31": "1215.00000", "2015-12-31": "1026.00000", "2014-12-31": "994.00000", "2013-12-31": "990.00000", "2012-12-31": "988.00000", "2011-12-31": "1008.00000", "2010-12-31": "1052.00000", "2009-12-31": "1014.00000", "2008-12-31": "845.00000", "2007-12-31": "819.00000", "2006-12-31": "764.00000", "2005-12-31": "705.00000"}, "Other Non-Cash Items": {"2020-12-31": "436.00000", "2019-12-31": "360.00000", "2018-12-31": "25.00000", "2017-12-31": "3335.00000", "2016-12-31": "-1250.00000", "2015-12-31": "-205.00000", "2014-12-31": "-118.00000", "2013-12-31": "580.00000", "2012-12-31": "1145.00000", "2011-12-31": "202.00000", "2010-12-31": "669.00000", "2009-12-31": "652.00000", "2008-12-31": "313.00000", "2007-12-31": "-200.00000", "2006-12-31": "57.00000", "2005-12-31": "24.00000"}, "Total Non-Cash Items": {"2020-12-31": "1726.00000", "2019-12-31": "1549.00000", "2018-12-31": "1186.00000", "2017-12-31": "4530.00000", "2016-12-31": "-35.00000", "2015-12-31": "821.00000", "2014-12-31": "876.00000", "2013-12-31": "1570.00000", "2012-12-31": "2133.00000", "2011-12-31": "1210.00000", "2010-12-31": "1721.00000", "2009-12-31": "1666.00000", "2008-12-31": "1158.00000", "2007-12-31": "619.00000", "2006-12-31": "821.00000", "2005-12-31": "729.00000"}, "Change In Accounts Receivable": {"2020-12-31": "359.00000", "2019-12-31": "107.00000", "2018-12-31": "-179.00000", "2017-12-31": "-902.00000", "2016-12-31": "598.00000", "2015-12-31": "-256.00000", "2014-12-31": "28.00000", "2013-12-31": "767.00000", "2012-12-31": "-460.00000", "2011-12-31": "-363.00000", "2010-12-31": "3.00000", "2009-12-31": "-685.00000", "2008-12-31": "-333.00000", "2007-12-31": "-324.00000", "2006-12-31": "94.00000", "2005-12-31": "-390.00000"}, "Change In Inventories": {"2020-12-31": "74.00000", "2019-12-31": "-622.00000", "2018-12-31": "-119.00000", "2017-12-31": "-79.00000", "2016-12-31": "173.00000", "2015-12-31": "-398.00000", "2014-12-31": "77.00000", "2013-12-31": "-60.00000", "2012-12-31": "-422.00000", "2011-12-31": "-74.00000", "2010-12-31": "-207.00000", "2009-12-31": "-237.00000", "2008-12-31": "-183.00000", "2007-12-31": "-57.00000", "2006-12-31": "-530.00000", "2005-12-31": "-39.00000"}, "Change In Accounts Payable": {"2020-12-31": "-372.00000", "2019-12-31": "-1098.00000", "2018-12-31": "914.00000", "2017-12-31": "-189.00000", "2016-12-31": "-188.00000", "2015-12-31": "-160.00000", "2014-12-31": "95.00000", "2013-12-31": "-647.00000", "2012-12-31": "-236.00000", "2011-12-31": "609.00000", "2010-12-31": "-364.00000", "2009-12-31": "-21.00000", "2008-12-31": "-141.00000", "2007-12-31": "-66.00000", "2006-12-31": "217.00000", "2005-12-31": "239.00000"}, "Change In Assets/Liabilities": {"2020-12-31": "-418.00000", "2019-12-31": "1296.00000", "2018-12-31": "-4787.00000", "2017-12-31": "2363.00000", "2016-12-31": "-678.00000", "2015-12-31": "1537.00000", "2014-12-31": "-1175.00000", "2013-12-31": "-429.00000", "2012-12-31": "-1664.00000", "2011-12-31": "-88.00000", "2010-12-31": "-300.00000", "2009-12-31": "63.00000", "2008-12-31": "616.00000", "2007-12-31": "1033.00000", "2006-12-31": "634.00000", "2005-12-31": "830.00000"}, "Total Change In Assets/Liabilities": {"2020-12-31": "-376.00000", "2019-12-31": "-468.00000", "2018-12-31": "-3094.00000", "2017-12-31": "-17.00000", "2016-12-31": "51.00000", "2015-12-31": "675.00000", "2014-12-31": "-624.00000", "2013-12-31": "-5.00000", "2012-12-31": "-3317.00000", "2011-12-31": "388.00000", "2010-12-31": "-798.00000", "2009-12-31": "-1152.00000", "2008-12-31": "46.00000", "2007-12-31": "586.00000", "2006-12-31": "415.00000", "2005-12-31": "640.00000"}, "Cash Flow From Operating Activities": {"2020-12-31": "8183.00000", "2019-12-31": "7311.00000", "2018-12-31": "3138.00000", "2017-12-31": "6476.00000", "2016-12-31": "5189.00000", "2015-12-31": "5101.00000", "2014-12-31": "3866.00000", "2013-12-31": "4546.00000", "2012-12-31": "1561.00000", "2011-12-31": "4253.00000", "2010-12-31": "3801.00000", "2009-12-31": "3487.00000", "2008-12-31": "4421.00000", "2007-12-31": "4238.00000", "2006-12-31": "3765.00000", "2005-12-31": "3194.00000"}, "Net Change In Property, Plant, And Equipment": {"2020-12-31": "-1766.00000", "2019-12-31": "-1484.00000", "2018-12-31": "-1278.00000", "2017-12-31": "-1177.00000", "2016-12-31": "-1063.00000", "2015-12-31": "-939.00000", "2014-12-31": "-845.00000", "2013-12-31": "-836.00000", "2012-12-31": "-942.00000", "2011-12-31": "-987.00000", "2010-12-31": "-1074.00000", "2009-12-31": "-1166.00000", "2008-12-31": "-926.00000", "2007-12-31": "-940.00000", "2006-12-31": "-893.00000", "2005-12-31": "-865.00000"}, "Net Change In Intangible Assets": {"2020-12-31": "", "2019-12-31": "", "2018-12-31": "", "2017-12-31": "", "2016-12-31": "", "2015-12-31": "", "2014-12-31": "", "2013-12-31": "", "2012-12-31": "", "2011-12-31": "", "2010-12-31": "", "2009-12-31": "", "2008-12-31": "", "2007-12-31": "", "2006-12-31": "", "2005-12-31": ""}, "Net Acquisitions/Divestitures": {"2020-12-31": "-282.00000", "2019-12-31": "", "2018-12-31": "", "2017-12-31": "", "2016-12-31": "", "2015-12-31": "-9003.00000", "2014-12-31": "-898.00000", "2013-12-31": "-269.00000", "2012-12-31": "-259.00000", "2011-12-31": "-624.00000", "2010-12-31": "650.00000", "2009-12-31": "-435.00000", "2008-12-31": "-233.00000", "2007-12-31": "-337.00000", "2006-12-31": "-942.00000", "2005-12-31": "371.00000"}, "Net Change In Short-term Investments": {"2020-12-31": "", "2019-12-31": "", "2018-12-31": "", "2017-12-31": "", "2016-12-31": "", "2015-12-31": "", "2014-12-31": "", "2013-12-31": "", "2012-12-31": "", "2011-12-31": "510.00000", "2010-12-31": "-171.00000", "2009-12-31": "-279.00000", "2008-12-31": "272.00000", "2007-12-31": "48.00000", "2006-12-31": "48.00000", "2005-12-31": "-33.00000"}, "Net Change In Long-Term Investments": {"2020-12-31": "", "2019-12-31": "", "2018-12-31": "", "2017-12-31": "", "2016-12-31": "", "2015-12-31": "", "2014-12-31": "", "2013-12-31": "", "2012-12-31": "", "2011-12-31": "", "2010-12-31": "", "2009-12-31": "", "2008-12-31": "", "2007-12-31": "", "2006-12-31": "", "2005-12-31": ""}, "Net Change In Investments - Total": {"2020-12-31": "", "2019-12-31": "", "2018-12-31": "", "2017-12-31": "", "2016-12-31": "", "2015-12-31": "", "2014-12-31": "", "2013-12-31": "", "2012-12-31": "", "2011-12-31": "510.00000", "2010-12-31": "-171.00000", "2009-12-31": "-279.00000", "2008-12-31": "272.00000", "2007-12-31": "48.00000", "2006-12-31": "48.00000", "2005-12-31": "-33.00000"}, "Investing Activities - Other": {"2020-12-31": "38.00000", "2019-12-31": "243.00000", "2018-12-31": "203.00000", "2017-12-31": "30.00000", "2016-12-31": "78.00000", "2015-12-31": "208.00000", "2014-12-31": "20.00000", "2013-12-31": "-16.00000", "2012-12-31": "24.00000", "2011-12-31": "313.00000", "2010-12-31": "22.00000", "2009-12-31": "48.00000", "2008-12-31": "-20.00000", "2007-12-31": "24.00000", "2006-12-31": "132.00000", "2005-12-31": "28.00000"}, "Cash Flow From Investing Activities": {"2020-12-31": "-2010.00000", "2019-12-31": "-1241.00000", "2018-12-31": "-1075.00000", "2017-12-31": "-1147.00000", "2016-12-31": "-985.00000", "2015-12-31": "-9734.00000", "2014-12-31": "-1723.00000", "2013-12-31": "-1121.00000", "2012-12-31": "-1177.00000", "2011-12-31": "-788.00000", "2010-12-31": "-573.00000", "2009-12-31": "-1832.00000", "2008-12-31": "-907.00000", "2007-12-31": "-1205.00000", "2006-12-31": "-1655.00000", "2005-12-31": "-499.00000"}, "Net Long-Term Debt": {"2020-12-31": "-519.00000", "2019-12-31": "-900.00000", "2018-12-31": "-750.00000", "2017-12-31": "", "2016-12-31": "-952.00000", "2015-12-31": "9101.00000", "2014-12-31": "", "2013-12-31": "-150.00000", "2012-12-31": "", "2011-12-31": "1348.00000", "2010-12-31": "", "2009-12-31": "1222.00000", "2008-12-31": "-612.00000", "2007-12-31": "-32.00000", "2006-12-31": "-210.00000", "2005-12-31": "-145.00000"}, "Net Current Debt": {"2020-12-31": "", "2019-12-31": "-600.00000", "2018-12-31": "600.00000", "2017-12-31": "", "2016-12-31": "", "2015-12-31": "", "2014-12-31": "", "2013-12-31": "", "2012-12-31": "", "2011-12-31": "", "2010-12-31": "", "2009-12-31": "", "2008-12-31": "", "2007-12-31": "", "2006-12-31": "", "2005-12-31": ""}, "Debt Issuance/Retirement Net - Total": {"2020-12-31": "-519.00000", "2019-12-31": "-1500.00000", "2018-12-31": "-150.00000", "2017-12-31": "", "2016-12-31": "-952.00000", "2015-12-31": "9101.00000", "2014-12-31": "", "2013-12-31": "-150.00000", "2012-12-31": "", "2011-12-31": "1348.00000", "2010-12-31": "", "2009-12-31": "1222.00000", "2008-12-31": "-612.00000", "2007-12-31": "-32.00000", "2006-12-31": "-210.00000", "2005-12-31": "-145.00000"}, "Net Common Equity Issued/Repurchased": {"2020-12-31": "-1100.00000", "2019-12-31": "-1200.00000", "2018-12-31": "-1492.00000", "2017-12-31": "-2001.00000", "2016-12-31": "-2096.00000", "2015-12-31": "-2897.00000", "2014-12-31": "-1592.00000", "2013-12-31": "-935.00000", "2012-12-31": "-550.00000", "2011-12-31": "-2349.00000", "2010-12-31": "-2361.00000", "2009-12-31": "-1851.00000", "2008-12-31": "-2931.00000", "2007-12-31": "-1777.00000", "2006-12-31": "-1488.00000", "2005-12-31": "-904.00000"}, "Net Total Equity Issued/Repurchased": {"2020-12-31": "-1100.00000", "2019-12-31": "-1200.00000", "2018-12-31": "-1492.00000", "2017-12-31": "-2001.00000", "2016-12-31": "-2096.00000", "2015-12-31": "-2897.00000", "2014-12-31": "-1592.00000", "2013-12-31": "-935.00000", "2012-12-31": "-550.00000", "2011-12-31": "-2349.00000", "2010-12-31": "-2361.00000", "2009-12-31": "-1851.00000", "2008-12-31": "-2931.00000", "2007-12-31": "-1777.00000", "2006-12-31": "-1488.00000", "2005-12-31": "-904.00000"}, "Total Common And Preferred Stock Dividends Paid": {"2020-12-31": "-2764.00000", "2019-12-31": "-2556.00000", "2018-12-31": "-2347.00000", "2017-12-31": "-2163.00000", "2016-12-31": "-2048.00000", "2015-12-31": "-1932.00000", "2014-12-31": "-1760.00000", "2013-12-31": "-1540.00000", "2012-12-31": "-1352.00000", "2011-12-31": "-1095.00000", "2010-12-31": "-969.00000", "2009-12-31": "-908.00000", "2008-12-31": "-737.00000", "2007-12-31": "-615.00000", "2006-12-31": "-538.00000", "2005-12-31": "-462.00000"}, "Financial Activities - Other": {"2020-12-31": "-144.00000", "2019-12-31": "-72.00000", "2018-12-31": "-163.00000", "2017-12-31": "-141.00000", "2016-12-31": "1639.00000", "2015-12-31": "5.00000", "2014-12-31": "38.00000", "2013-12-31": "-81.00000", "2012-12-31": "-166.00000", "2011-12-31": "-48.00000", "2010-12-31": "-28.00000", "2009-12-31": "105.00000", "2008-12-31": "342.00000", "2007-12-31": "124.00000", "2006-12-31": "-224.00000", "2005-12-31": ""}, "Cash Flow From Financial Activities": {"2020-12-31": "-4527.00000", "2019-12-31": "-5328.00000", "2018-12-31": "-4152.00000", "2017-12-31": "-4305.00000", "2016-12-31": "-3457.00000", "2015-12-31": "4277.00000", "2014-12-31": "-3314.00000", "2013-12-31": "-2706.00000", "2012-12-31": "-2068.00000", "2011-12-31": "-2144.00000", "2010-12-31": "-3358.00000", "2009-12-31": "-1432.00000", "2008-12-31": "-3938.00000", "2007-12-31": "-2300.00000", "2006-12-31": "-2460.00000", "2005-12-31": "-1511.00000"}, "Net Cash Flow": {"2020-12-31": "1646.00000", "2019-12-31": "742.00000", "2018-12-31": "-2089.00000", "2017-12-31": "1024.00000", "2016-12-31": "747.00000", "2015-12-31": "-356.00000", "2014-12-31": "-1171.00000", "2013-12-31": "719.00000", "2012-12-31": "-1684.00000", "2011-12-31": "1321.00000", "2010-12-31": "-130.00000", "2009-12-31": "223.00000", "2008-12-31": "-480.00000", "2007-12-31": "736.00000", "2006-12-31": "-332.00000", "2005-12-31": "1184.00000"}, "Stock-Based Compensation": {"2020-12-31": "221.00000", "2019-12-31": "189.00000", "2018-12-31": "173.00000", "2017-12-31": "158.00000", "2016-12-31": "149.00000", "2015-12-31": "138.00000", "2014-12-31": "164.00000", "2013-12-31": "189.00000", "2012-12-31": "167.00000", "2011-12-31": "157.00000", "2010-12-31": "168.00000", "2009-12-31": "154.00000", "2008-12-31": "155.00000", "2007-12-31": "149.00000", "2006-12-31": "111.00000", "2005-12-31": ""}, "Common Stock Dividends Paid": {"2020-12-31": "-2764.00000", "2019-12-31": "-2556.00000", "2018-12-31": "-2347.00000", "2017-12-31": "-2163.00000", "2016-12-31": "-2048.00000", "2015-12-31": "-1932.00000", "2014-12-31": "-1760.00000", "2013-12-31": "-1540.00000", "2012-12-31": "-1352.00000", "2011-12-31": "-1095.00000", "2010-12-31": "-969.00000", "2009-12-31": "-908.00000", "2008-12-31": "-737.00000", "2007-12-31": "-615.00000", "2006-12-31": "-538.00000", "2005-12-31": "-462.00000"}}, "cash flow statement, quarterly": {"Net Income/Loss": {"2020-12-31": 1792, "2020-09-30": 1698, "2020-06-30": 1626, "2020-03-31": "1717.00000", "2019-12-31": 1498, "2019-09-30": 1608, "2019-06-30": 1420, "2019-03-31": "1704.00000", "2018-12-31": 1253, "2018-09-30": 1473, "2018-06-30": 1163, "2018-03-31": "1157.00000", "2017-12-31": -744, "2017-09-30": 963, "2017-06-30": 955, "2017-03-31": "789.00000", "2016-12-31": 859, "2016-09-30": 2395, "2016-06-30": 1021, "2016-03-31": "898.00000", "2015-12-31": 933, "2015-09-30": 865, "2015-06-30": 929, "2015-03-31": "878.00000", "2014-12-31": 904, "2014-09-30": 888, "2014-06-30": 889, "2014-03-31": "933.00000", "2013-12-31": 488, "2013-09-30": 873, "2013-06-30": 859, "2013-03-31": "761.00000", "2012-12-31": 569, "2012-09-30": 727, "2012-06-30": 781, "2012-03-31": "668.00000", "2011-12-31": 683, "2011-09-30": 700, "2011-06-30": 742, "2011-03-31": "530.00000", "2010-12-31": 961, "2010-09-30": 560, "2010-06-30": 824, "2010-03-31": "533.00000", "2009-12-31": 776, "2009-09-30": 797, "2009-06-30": 734, "2009-03-31": "666.00000", "2008-12-31": 823, "2008-09-30": 782, "2008-06-30": 882, "2008-03-31": "730.00000", "2007-12-31": 799, "2007-09-30": 766, "2007-06-30": 778, "2007-03-31": "690.00000", "2006-12-31": 729, "2006-09-30": 629, "2006-06-30": 580, "2006-03-31": "591.00000", "2005-12-31": 568, "2005-09-30": 427, "2005-06-30": 461, "2005-03-31": "369.00000"}, "Total Depreciation And Amortization - Cash Flow": {"2020-12-31": 363, "2020-09-30": 319, "2020-06-30": 307, "2020-03-31": "301.00000", "2019-12-31": 322, "2019-09-30": 302, "2019-06-30": 288, "2019-03-31": "277.00000", "2018-12-31": 304, "2018-09-30": 291, "2018-06-30": 287, "2018-03-31": "279.00000", "2017-12-31": 315, "2017-09-30": 299, "2017-06-30": 296, "2017-03-31": "285.00000", "2016-12-31": 327, "2016-09-30": 295, "2016-06-30": 297, "2016-03-31": "296.00000", "2015-12-31": 300, "2015-09-30": 236, "2015-06-30": 246, "2015-03-31": "244.00000", "2014-12-31": 268, "2014-09-30": 247, "2014-06-30": 242, "2014-03-31": "237.00000", "2013-12-31": 286, "2013-09-30": 232, "2013-06-30": 240, "2013-03-31": "232.00000", "2012-12-31": 277, "2012-09-30": 247, "2012-06-30": 233, "2012-03-31": "231.00000", "2011-12-31": 269, "2011-09-30": 247, "2011-06-30": 246, "2011-03-31": "246.00000", "2010-12-31": 439, "2010-09-30": 213, "2010-06-30": 201, "2010-03-31": "199.00000", "2009-12-31": 389, "2009-09-30": 215, "2009-06-30": 208, "2009-03-31": "202.00000", "2008-12-31": 233, "2008-09-30": 214, "2008-06-30": 202, "2008-03-31": "196.00000", "2007-12-31": 248, "2007-09-30": 202, "2007-06-30": 184, "2007-03-31": "185.00000", "2006-12-31": 217, "2006-09-30": 185, "2006-06-30": 188, "2006-03-31": "174.00000", "2005-12-31": 196, "2005-09-30": 176, "2005-06-30": 170, "2005-03-31": "163.00000"}, "Other Non-Cash Items": {"2020-12-31": 71, "2020-09-30": 122, "2020-06-30": 201, "2020-03-31": "42.00000", "2019-12-31": 253, "2019-09-30": 54, "2019-06-30": 67, "2019-03-31": "-14.00000", "2018-12-31": -219, "2018-09-30": 50, "2018-06-30": 156, "2018-03-31": "38.00000", "2017-12-31": 3202, "2017-09-30": 32, "2017-06-30": 57, "2017-03-31": "44.00000", "2016-12-31": -135, "2016-09-30": -1311, "2016-06-30": 53, "2016-03-31": "143.00000", "2015-12-31": -358, "2015-09-30": 64, "2015-06-30": 49, "2015-03-31": "40.00000", "2014-12-31": -246, "2014-09-30": 31, "2014-06-30": 49, "2014-03-31": "48.00000", "2013-12-31": 400, "2013-09-30": 38, "2013-06-30": 59, "2013-03-31": "83.00000", "2012-12-31": 993, "2012-09-30": 65, "2012-06-30": 46, "2012-03-31": "41.00000", "2011-12-31": 120, "2011-09-30": -5, "2011-06-30": 48, "2011-03-31": "39.00000", "2010-12-31": 37, "2010-09-30": 516, "2010-06-30": -46, "2010-03-31": "162.00000", "2009-12-31": 556, "2009-09-30": 37, "2009-06-30": 29, "2009-03-31": "30.00000", "2008-12-31": 288, "2008-09-30": -7, "2008-06-30": -3, "2008-03-31": "35.00000", "2007-12-31": -214, "2007-09-30": -7, "2007-06-30": -28, "2007-03-31": "49.00000", "2006-12-31": 57, "2006-09-30": 0, "2006-06-30": 0, "2006-03-31": "", "2005-12-31": 24, "2005-09-30": 0, "2005-06-30": 0, "2005-03-31": ""}, "Total Non-Cash Items": {"2020-12-31": 434, "2020-09-30": 441, "2020-06-30": 508, "2020-03-31": "343.00000", "2019-12-31": 575, "2019-09-30": 356, "2019-06-30": 355, "2019-03-31": "263.00000", "2018-12-31": 85, "2018-09-30": 341, "2018-06-30": 443, "2018-03-31": "317.00000", "2017-12-31": 3517, "2017-09-30": 331, "2017-06-30": 353, "2017-03-31": "329.00000", "2016-12-31": 192, "2016-09-30": -1016, "2016-06-30": 350, "2016-03-31": "439.00000", "2015-12-31": -58, "2015-09-30": 300, "2015-06-30": 295, "2015-03-31": "284.00000", "2014-12-31": 22, "2014-09-30": 278, "2014-06-30": 291, "2014-03-31": "285.00000", "2013-12-31": 686, "2013-09-30": 270, "2013-06-30": 299, "2013-03-31": "315.00000", "2012-12-31": 1270, "2012-09-30": 312, "2012-06-30": 279, "2012-03-31": "272.00000", "2011-12-31": 389, "2011-09-30": 242, "2011-06-30": 294, "2011-03-31": "285.00000", "2010-12-31": 476, "2010-09-30": 729, "2010-06-30": 155, "2010-03-31": "361.00000", "2009-12-31": 945, "2009-09-30": 252, "2009-06-30": 237, "2009-03-31": "232.00000", "2008-12-31": 521, "2008-09-30": 207, "2008-06-30": 199, "2008-03-31": "231.00000", "2007-12-31": 34, "2007-09-30": 195, "2007-06-30": 156, "2007-03-31": "234.00000", "2006-12-31": 274, "2006-09-30": 185, "2006-06-30": 188, "2006-03-31": "174.00000", "2005-12-31": 220, "2005-09-30": 176, "2005-06-30": 170, "2005-03-31": "163.00000"}, "Change In Accounts Receivable": {"2020-12-31": 502, "2020-09-30": 355, "2020-06-30": 57, "2020-03-31": "-555.00000", "2019-12-31": 47, "2019-09-30": 162, "2019-06-30": 287, "2019-03-31": "-389.00000", "2018-12-31": -28, "2018-09-30": 66, "2018-06-30": -109, "2018-03-31": "-108.00000", "2017-12-31": -68, "2017-09-30": -215, "2017-06-30": 180, "2017-03-31": "-799.00000", "2016-12-31": 2135, "2016-09-30": -323, "2016-06-30": -656, "2016-03-31": "-558.00000", "2015-12-31": 605, "2015-09-30": 322, "2015-06-30": -522, "2015-03-31": "-661.00000", "2014-12-31": 259, "2014-09-30": 367, "2014-06-30": -175, "2014-03-31": "-423.00000", "2013-12-31": 1077, "2013-09-30": -66, "2013-06-30": 140, "2013-03-31": "-384.00000", "2012-12-31": -95, "2012-09-30": 140, "2012-06-30": 149, "2012-03-31": "-654.00000", "2011-12-31": 490, "2011-09-30": 8, "2011-06-30": 39, "2011-03-31": "-900.00000", "2010-12-31": 486, "2010-09-30": 53, "2010-06-30": 73, "2010-03-31": "-609.00000", "2009-12-31": 35, "2009-09-30": 92, "2009-06-30": -33, "2009-03-31": "-779.00000", "2008-12-31": 93, "2008-09-30": -160, "2008-06-30": 217, "2008-03-31": "-483.00000", "2007-12-31": 8, "2007-09-30": 286, "2007-06-30": -337, "2007-03-31": "-281.00000", "2006-12-31": 181, "2006-09-30": -356, "2006-06-30": 486, "2006-03-31": "-217.00000", "2005-12-31": -107, "2005-09-30": -159, "2005-06-30": -66, "2005-03-31": "-58.00000"}, "Change In Inventories": {"2020-12-31": -252, "2020-09-30": 228, "2020-06-30": 18, "2020-03-31": "80.00000", "2019-12-31": -145, "2019-09-30": 125, "2019-06-30": -314, "2019-03-31": "-288.00000", "2018-12-31": 53, "2018-09-30": -12, "2018-06-30": 158, "2018-03-31": "-318.00000", "2017-12-31": -13, "2017-09-30": -28, "2017-06-30": 187, "2017-03-31": "-225.00000", "2016-12-31": 408, "2016-09-30": -2, "2016-06-30": 77, "2016-03-31": "-310.00000", "2015-12-31": -39, "2015-09-30": -205, "2015-06-30": 51, "2015-03-31": "-205.00000", "2014-12-31": 11, "2014-09-30": -241, "2014-06-30": 278, "2014-03-31": "29.00000", "2013-12-31": -78, "2013-09-30": -25, "2013-06-30": 0, "2013-03-31": "43.00000", "2012-12-31": -35, "2012-09-30": -349, "2012-06-30": -142, "2012-03-31": "104.00000", "2011-12-31": -649, "2011-09-30": 427, "2011-06-30": 55, "2011-03-31": "93.00000", "2010-12-31": -267, "2010-09-30": 259, "2010-06-30": 103, "2010-03-31": "-302.00000", "2009-12-31": -130, "2009-09-30": -208, "2009-06-30": 68, "2009-03-31": "33.00000", "2008-12-31": -165, "2008-09-30": -113, "2008-06-30": -4, "2008-03-31": "99.00000", "2007-12-31": -331, "2007-09-30": -8, "2007-06-30": -3, "2007-03-31": "285.00000", "2006-12-31": -421, "2006-09-30": -153, "2006-06-30": 39, "2006-03-31": "5.00000", "2005-12-31": -253, "2005-09-30": 107, "2005-06-30": 23, "2005-03-31": "84.00000"}, "Change In Accounts Payable": {"2020-12-31": -619, "2020-09-30": 56, "2020-06-30": -1703, "2020-03-31": "1894.00000", "2019-12-31": -1622, "2019-09-30": 287, "2019-06-30": -507, "2019-03-31": "744.00000", "2018-12-31": -323, "2018-09-30": 13, "2018-06-30": -66, "2018-03-31": "1290.00000", "2017-12-31": -1418, "2017-09-30": 289, "2017-06-30": -171, "2017-03-31": "1111.00000", "2016-12-31": -1221, "2016-09-30": 227, "2016-06-30": 55, "2016-03-31": "751.00000", "2015-12-31": -797, "2015-09-30": 184, "2015-06-30": 78, "2015-03-31": "375.00000", "2014-12-31": -501, "2014-09-30": 39, "2014-06-30": 12, "2014-03-31": "545.00000", "2013-12-31": -528, "2013-09-30": -124, "2013-06-30": -78, "2013-03-31": "83.00000", "2012-12-31": -150, "2012-09-30": -177, "2012-06-30": -25, "2012-03-31": "116.00000", "2011-12-31": -98, "2011-09-30": 115, "2011-06-30": -153, "2011-03-31": "745.00000", "2010-12-31": -718, "2010-09-30": 112, "2010-06-30": 25, "2010-03-31": "217.00000", "2009-12-31": -210, "2009-09-30": 71, "2009-06-30": -2, "2009-03-31": "120.00000", "2008-12-31": 0, "2008-09-30": 35, "2008-06-30": 81, "2008-03-31": "-257.00000", "2007-12-31": 198, "2007-09-30": -170, "2007-06-30": 37, "2007-03-31": "-131.00000", "2006-12-31": 312, "2006-09-30": -14, "2006-06-30": -69, "2006-03-31": "-12.00000", "2005-12-31": 124, "2005-09-30": -79, "2005-06-30": 119, "2005-03-31": "75.00000"}, "Change In Assets/Liabilities": {"2020-12-31": 27, "2020-09-30": -483, "2020-06-30": 1370, "2020-03-31": "-1332.00000", "2019-12-31": 1171, "2019-09-30": 181, "2019-06-30": 558, "2019-03-31": "-614.00000", "2018-12-31": 829, "2018-09-30": -1321, "2018-06-30": -1525, "2018-03-31": "-2770.00000", "2017-12-31": 1246, "2017-09-30": 619, "2017-06-30": 212, "2017-03-31": "286.00000", "2016-12-31": -1522, "2016-09-30": 8, "2016-06-30": 614, "2016-03-31": "222.00000", "2015-12-31": 894, "2015-09-30": 396, "2015-06-30": 356, "2015-03-31": "-109.00000", "2014-12-31": -977, "2014-09-30": -300, "2014-06-30": -45, "2014-03-31": "147.00000", "2013-12-31": -381, "2013-09-30": -149, "2013-06-30": -304, "2013-03-31": "405.00000", "2012-12-31": -2291, "2012-09-30": 767, "2012-06-30": 19, "2012-03-31": "-159.00000", "2011-12-31": -23, "2011-09-30": -752, "2011-06-30": 207, "2011-03-31": "480.00000", "2010-12-31": -433, "2010-09-30": -773, "2010-06-30": 25, "2010-03-31": "881.00000", "2009-12-31": -1435, "2009-09-30": 420, "2009-06-30": 132, "2009-03-31": "946.00000", "2008-12-31": -362, "2008-09-30": 305, "2008-06-30": 113, "2008-03-31": "560.00000", "2007-12-31": -291, "2007-09-30": -134, "2007-06-30": 773, "2007-03-31": "685.00000", "2006-12-31": -760, "2006-09-30": 361, "2006-06-30": 389, "2006-03-31": "644.00000", "2005-12-31": -496, "2005-09-30": 421, "2005-06-30": -10, "2005-03-31": "915.00000"}, "Total Change In Assets/Liabilities": {"2020-12-31": -419, "2020-09-30": -259, "2020-06-30": 48, "2020-03-31": "254.00000", "2019-12-31": -583, "2019-09-30": 526, "2019-06-30": -107, "2019-03-31": "-304.00000", "2018-12-31": 879, "2018-09-30": -1453, "2018-06-30": -1678, "2018-03-31": "-842.00000", "2017-12-31": -1261, "2017-09-30": 460, "2017-06-30": 236, "2017-03-31": "548.00000", "2016-12-31": -91, "2016-09-30": -290, "2016-06-30": 102, "2016-03-31": "330.00000", "2015-12-31": 489, "2015-09-30": 352, "2015-06-30": 39, "2015-03-31": "-205.00000", "2014-12-31": -1127, "2014-09-30": -176, "2014-06-30": -203, "2014-03-31": "882.00000", "2013-12-31": -236, "2013-09-30": -243, "2013-06-30": -535, "2013-03-31": "1009.00000", "2012-12-31": -3154, "2012-09-30": 534, "2012-06-30": -215, "2012-03-31": "-482.00000", "2011-12-31": 17, "2011-09-30": -391, "2011-06-30": -142, "2011-03-31": "904.00000", "2010-12-31": -1023, "2010-09-30": -776, "2010-06-30": 246, "2010-03-31": "755.00000", "2009-12-31": -2012, "2009-09-30": 375, "2009-06-30": 165, "2009-03-31": "320.00000", "2008-12-31": -347, "2008-09-30": 67, "2008-06-30": 407, "2008-03-31": "-81.00000", "2007-12-31": -416, "2007-09-30": -26, "2007-06-30": 470, "2007-03-31": "558.00000", "2006-12-31": -688, "2006-09-30": -162, "2006-06-30": 845, "2006-03-31": "420.00000", "2005-12-31": -732, "2005-09-30": 290, "2005-06-30": 66, "2005-03-31": "1016.00000"}, "Cash Flow From Operating Activities": {"2020-12-31": 1807, "2020-09-30": 1880, "2020-06-30": 2182, "2020-03-31": "2314.00000", "2019-12-31": 1490, "2019-09-30": 2490, "2019-06-30": 1668, "2019-03-31": "1663.00000", "2018-12-31": 2217, "2018-09-30": 361, "2018-06-30": -72, "2018-03-31": "632.00000", "2017-12-31": 1512, "2017-09-30": 1754, "2017-06-30": 1544, "2017-03-31": "1666.00000", "2016-12-31": 729, "2016-09-30": 1320, "2016-06-30": 1473, "2016-03-31": "1667.00000", "2015-12-31": 1364, "2015-09-30": 1517, "2015-06-30": 1263, "2015-03-31": "957.00000", "2014-12-31": -201, "2014-09-30": 990, "2014-06-30": 977, "2014-03-31": "2100.00000", "2013-12-31": 938, "2013-09-30": 900, "2013-06-30": 623, "2013-03-31": "2085.00000", "2012-12-31": -1315, "2012-09-30": 1573, "2012-06-30": 845, "2012-03-31": "458.00000", "2011-12-31": 1089, "2011-09-30": 551, "2011-06-30": 894, "2011-03-31": "1719.00000", "2010-12-31": 414, "2010-09-30": 513, "2010-06-30": 1225, "2010-03-31": "1649.00000", "2009-12-31": -291, "2009-09-30": 1424, "2009-06-30": 1136, "2009-03-31": "1218.00000", "2008-12-31": 997, "2008-09-30": 1056, "2008-06-30": 1488, "2008-03-31": "880.00000", "2007-12-31": 417, "2007-09-30": 935, "2007-06-30": 1404, "2007-03-31": "1482.00000", "2006-12-31": 315, "2006-09-30": 652, "2006-06-30": 1613, "2006-03-31": "1185.00000", "2005-12-31": 56, "2005-09-30": 893, "2005-06-30": 697, "2005-03-31": "1548.00000"}, "Net Change In Property, Plant, And Equipment": {"2020-12-31": -722, "2020-09-30": -408, "2020-06-30": -343, "2020-03-31": "-293.00000", "2019-12-31": -643, "2019-09-30": -308, "2019-06-30": -249, "2019-03-31": "-284.00000", "2018-12-31": -459, "2018-09-30": -339, "2018-06-30": -264, "2018-03-31": "-216.00000", "2017-12-31": -507, "2017-09-30": -222, "2017-06-30": -278, "2017-03-31": "-170.00000", "2016-12-31": -436, "2016-09-30": -241, "2016-06-30": -235, "2016-03-31": "-151.00000", "2015-12-31": -439, "2015-09-30": -191, "2015-06-30": -191, "2015-03-31": "-118.00000", "2014-12-31": -389, "2014-09-30": -203, "2014-06-30": -150, "2014-03-31": "-103.00000", "2013-12-31": -345, "2013-09-30": -209, "2013-06-30": -176, "2013-03-31": "-106.00000", "2012-12-31": -428, "2012-09-30": -208, "2012-06-30": -175, "2012-03-31": "-131.00000", "2011-12-31": -418, "2011-09-30": -241, "2011-06-30": -198, "2011-03-31": "-130.00000", "2010-12-31": -680, "2010-09-30": -171, "2010-06-30": -131, "2010-03-31": "-92.00000", "2009-12-31": -685, "2009-09-30": -182, "2009-06-30": -167, "2009-03-31": "-132.00000", "2008-12-31": -423, "2008-09-30": -229, "2008-06-30": -170, "2008-03-31": "-104.00000", "2007-12-31": -460, "2007-09-30": -226, "2007-06-30": -170, "2007-03-31": "-84.00000", "2006-12-31": -440, "2006-09-30": -190, "2006-06-30": -165, "2006-03-31": "-98.00000", "2005-12-31": -503, "2005-09-30": -154, "2005-06-30": -119, "2005-03-31": "-89.00000"}, "Net Change In Intangible Assets": {"2020-12-31": 0, "2020-09-30": 0, "2020-06-30": 0, "2020-03-31": "", "2019-12-31": 0, "2019-09-30": 0, "2019-06-30": 0, "2019-03-31": "", "2018-12-31": 0, "2018-09-30": 0, "2018-06-30": 0, "2018-03-31": "", "2017-12-31": 0, "2017-09-30": 0, "2017-06-30": 0, "2017-03-31": "", "2016-12-31": 0, "2016-09-30": 0, "2016-06-30": 0, "2016-03-31": "", "2015-12-31": 0, "2015-09-30": 0, "2015-06-30": 0, "2015-03-31": "", "2014-12-31": 0, "2014-09-30": 0, "2014-06-30": 0, "2014-03-31": "", "2013-12-31": 0, "2013-09-30": 0, "2013-06-30": 0, "2013-03-31": "", "2012-12-31": 0, "2012-09-30": 0, "2012-06-30": 0, "2012-03-31": "", "2011-12-31": 0, "2011-09-30": 0, "2011-06-30": 0, "2011-03-31": "", "2010-12-31": 0, "2010-09-30": 0, "2010-06-30": 0, "2010-03-31": "", "2009-12-31": 0, "2009-09-30": 0, "2009-06-30": 0, "2009-03-31": "", "2008-12-31": 0, "2008-09-30": 0, "2008-06-30": 0, "2008-03-31": "", "2007-12-31": 0, "2007-09-30": 0, "2007-06-30": 0, "2007-03-31": "", "2006-12-31": 0, "2006-09-30": 0, "2006-06-30": 0, "2006-03-31": "", "2005-12-31": 0, "2005-09-30": 0, "2005-06-30": 0, "2005-03-31": ""}, "Net Acquisitions/Divestitures": {"2020-12-31": -282, "2020-09-30": 0, "2020-06-30": 0, "2020-03-31": "", "2019-12-31": 0, "2019-09-30": 0, "2019-06-30": 0, "2019-03-31": "", "2018-12-31": 0, "2018-09-30": 0, "2018-06-30": 0, "2018-03-31": "", "2017-12-31": 0, "2017-09-30": 0, "2017-06-30": 0, "2017-03-31": "", "2016-12-31": 0, "2016-09-30": 0, "2016-06-30": 0, "2016-03-31": "", "2015-12-31": -9003, "2015-09-30": 0, "2015-06-30": 0, "2015-03-31": "", "2014-12-31": -276, "2014-09-30": -450, "2014-06-30": -172, "2014-03-31": "", "2013-12-31": -3, "2013-09-30": -203, "2013-06-30": -63, "2013-03-31": "", "2012-12-31": -230, "2012-09-30": -29, "2012-06-30": 0, "2012-03-31": "", "2011-12-31": -624, "2011-09-30": 0, "2011-06-30": 0, "2011-03-31": "", "2010-12-31": 650, "2010-09-30": 0, "2010-06-30": 0, "2010-03-31": "", "2009-12-31": -15, "2009-09-30": -233, "2009-06-30": -31, "2009-03-31": "-156.00000", "2008-12-31": -38, "2008-09-30": -107, "2008-06-30": -77, "2008-03-31": "-11.00000", "2007-12-31": -38, "2007-09-30": -189, "2007-06-30": -15, "2007-03-31": "-95.00000", "2006-12-31": -39, "2006-09-30": -585, "2006-06-30": -321, "2006-03-31": "3.00000", "2005-12-31": -19, "2005-09-30": 0, "2005-06-30": 41, "2005-03-31": "349.00000"}, "Net Change In Short-term Investments": {"2020-12-31": 0, "2020-09-30": 0, "2020-06-30": 0, "2020-03-31": "", "2019-12-31": 0, "2019-09-30": 0, "2019-06-30": 0, "2019-03-31": "", "2018-12-31": 0, "2018-09-30": 0, "2018-06-30": 0, "2018-03-31": "", "2017-12-31": 0, "2017-09-30": 0, "2017-06-30": 0, "2017-03-31": "", "2016-12-31": 0, "2016-09-30": 0, "2016-06-30": 0, "2016-03-31": "", "2015-12-31": 0, "2015-09-30": 0, "2015-06-30": 0, "2015-03-31": "", "2014-12-31": 0, "2014-09-30": 0, "2014-06-30": 0, "2014-03-31": "", "2013-12-31": 0, "2013-09-30": 0, "2013-06-30": 0, "2013-03-31": "", "2012-12-31": 0, "2012-09-30": 0, "2012-06-30": 0, "2012-03-31": "", "2011-12-31": 0, "2011-09-30": 250, "2011-06-30": 260, "2011-03-31": "", "2010-12-31": 250, "2010-09-30": 110, "2010-06-30": -638, "2010-03-31": "107.00000", "2009-12-31": 110, "2009-09-30": -389, "2009-06-30": 0, "2009-03-31": "", "2008-12-31": 10, "2008-09-30": 25, "2008-06-30": 52, "2008-03-31": "185.00000", "2007-12-31": 2, "2007-09-30": -6, "2007-06-30": -33, "2007-03-31": "85.00000", "2006-12-31": 14, "2006-09-30": 35, "2006-06-30": 27, "2006-03-31": "-28.00000", "2005-12-31": -3, "2005-09-30": -12, "2005-06-30": -8, "2005-03-31": "-10.00000"}, "Net Change In Long-Term Investments": {"2020-12-31": 0, "2020-09-30": 0, "2020-06-30": 0, "2020-03-31": "", "2019-12-31": 0, "2019-09-30": 0, "2019-06-30": 0, "2019-03-31": "", "2018-12-31": 0, "2018-09-30": 0, "2018-06-30": 0, "2018-03-31": "", "2017-12-31": 0, "2017-09-30": 0, "2017-06-30": 0, "2017-03-31": "", "2016-12-31": 0, "2016-09-30": 0, "2016-06-30": 0, "2016-03-31": "", "2015-12-31": 0, "2015-09-30": 0, "2015-06-30": 0, "2015-03-31": "", "2014-12-31": 0, "2014-09-30": 0, "2014-06-30": 0, "2014-03-31": "", "2013-12-31": 0, "2013-09-30": 0, "2013-06-30": 0, "2013-03-31": "", "2012-12-31": 0, "2012-09-30": 0, "2012-06-30": 0, "2012-03-31": "", "2011-12-31": 0, "2011-09-30": 0, "2011-06-30": 0, "2011-03-31": "", "2010-12-31": 0, "2010-09-30": 0, "2010-06-30": 0, "2010-03-31": "", "2009-12-31": 0, "2009-09-30": 0, "2009-06-30": 0, "2009-03-31": "", "2008-12-31": 0, "2008-09-30": 0, "2008-06-30": 0, "2008-03-31": "", "2007-12-31": 0, "2007-09-30": 0, "2007-06-30": 0, "2007-03-31": "", "2006-12-31": 0, "2006-09-30": 0, "2006-06-30": 0, "2006-03-31": "", "2005-12-31": 0, "2005-09-30": 0, "2005-06-30": 0, "2005-03-31": ""}, "Net Change In Investments - Total": {"2020-12-31": 0, "2020-09-30": 0, "2020-06-30": 0, "2020-03-31": "", "2019-12-31": 0, "2019-09-30": 0, "2019-06-30": 0, "2019-03-31": "", "2018-12-31": 0, "2018-09-30": 0, "2018-06-30": 0, "2018-03-31": "", "2017-12-31": 0, "2017-09-30": 0, "2017-06-30": 0, "2017-03-31": "", "2016-12-31": 0, "2016-09-30": 0, "2016-06-30": 0, "2016-03-31": "", "2015-12-31": 0, "2015-09-30": 0, "2015-06-30": 0, "2015-03-31": "", "2014-12-31": 0, "2014-09-30": 0, "2014-06-30": 0, "2014-03-31": "", "2013-12-31": 0, "2013-09-30": 0, "2013-06-30": 0, "2013-03-31": "", "2012-12-31": 0, "2012-09-30": 0, "2012-06-30": 0, "2012-03-31": "", "2011-12-31": 0, "2011-09-30": 250, "2011-06-30": 260, "2011-03-31": "", "2010-12-31": 250, "2010-09-30": 110, "2010-06-30": -638, "2010-03-31": "107.00000", "2009-12-31": 110, "2009-09-30": -389, "2009-06-30": 0, "2009-03-31": "", "2008-12-31": 10, "2008-09-30": 25, "2008-06-30": 52, "2008-03-31": "185.00000", "2007-12-31": 2, "2007-09-30": -6, "2007-06-30": -33, "2007-03-31": "85.00000", "2006-12-31": 14, "2006-09-30": 35, "2006-06-30": 27, "2006-03-31": "-28.00000", "2005-12-31": -3, "2005-09-30": -12, "2005-06-30": -8, "2005-03-31": "-10.00000"}, "Investing Activities - Other": {"2020-12-31": 11, "2020-09-30": 23, "2020-06-30": 6, "2020-03-31": "-2.00000", "2019-12-31": 205, "2019-09-30": 13, "2019-06-30": -2, "2019-03-31": "27.00000", "2018-12-31": 57, "2018-09-30": -5, "2018-06-30": 21, "2018-03-31": "130.00000", "2017-12-31": 15, "2017-09-30": 6, "2017-06-30": 5, "2017-03-31": "4.00000", "2016-12-31": 2, "2016-09-30": 17, "2016-06-30": 55, "2016-03-31": "4.00000", "2015-12-31": 119, "2015-09-30": -2, "2015-06-30": 65, "2015-03-31": "26.00000", "2014-12-31": 6, "2014-09-30": 15, "2014-06-30": 22, "2014-03-31": "-23.00000", "2013-12-31": 11, "2013-09-30": -33, "2013-06-30": 48, "2013-03-31": "-42.00000", "2012-12-31": 8, "2012-09-30": 8, "2012-06-30": 26, "2012-03-31": "-18.00000", "2011-12-31": 43, "2011-09-30": 34, "2011-06-30": 204, "2011-03-31": "32.00000", "2010-12-31": 74, "2010-09-30": -2, "2010-06-30": -27, "2010-03-31": "-23.00000", "2009-12-31": 37, "2009-09-30": 25, "2009-06-30": -10, "2009-03-31": "-4.00000", "2008-12-31": 7, "2008-09-30": -67, "2008-06-30": 39, "2008-03-31": "1.00000", "2007-12-31": 67, "2007-09-30": -32, "2007-06-30": -90, "2007-03-31": "79.00000", "2006-12-31": 44, "2006-09-30": 38, "2006-06-30": 44, "2006-03-31": "6.00000", "2005-12-31": 27, "2005-09-30": -2, "2005-06-30": 1, "2005-03-31": "2.00000"}, "Cash Flow From Investing Activities": {"2020-12-31": -993, "2020-09-30": -385, "2020-06-30": -337, "2020-03-31": "-295.00000", "2019-12-31": -438, "2019-09-30": -295, "2019-06-30": -251, "2019-03-31": "-257.00000", "2018-12-31": -402, "2018-09-30": -344, "2018-06-30": -243, "2018-03-31": "-86.00000", "2017-12-31": -492, "2017-09-30": -216, "2017-06-30": -273, "2017-03-31": "-166.00000", "2016-12-31": -434, "2016-09-30": -224, "2016-06-30": -180, "2016-03-31": "-147.00000", "2015-12-31": -9323, "2015-09-30": -193, "2015-06-30": -126, "2015-03-31": "-92.00000", "2014-12-31": -659, "2014-09-30": -638, "2014-06-30": -300, "2014-03-31": "-126.00000", "2013-12-31": -337, "2013-09-30": -445, "2013-06-30": -191, "2013-03-31": "-148.00000", "2012-12-31": -650, "2012-09-30": -229, "2012-06-30": -149, "2012-03-31": "-149.00000", "2011-12-31": -999, "2011-09-30": 43, "2011-06-30": 266, "2011-03-31": "-98.00000", "2010-12-31": 294, "2010-09-30": -63, "2010-06-30": -796, "2010-03-31": "-8.00000", "2009-12-31": -553, "2009-09-30": -779, "2009-06-30": -208, "2009-03-31": "-292.00000", "2008-12-31": -444, "2008-09-30": -378, "2008-06-30": -156, "2008-03-31": "71.00000", "2007-12-31": -429, "2007-09-30": -453, "2007-06-30": -308, "2007-03-31": "-15.00000", "2006-12-31": -421, "2006-09-30": -702, "2006-06-30": -415, "2006-03-31": "-117.00000", "2005-12-31": -498, "2005-09-30": -168, "2005-06-30": -85, "2005-03-31": "252.00000"}, "Net Long-Term Debt": {"2020-12-31": -500, "2020-09-30": 0, "2020-06-30": -19, "2020-03-31": "", "2019-12-31": -900, "2019-09-30": 0, "2019-06-30": 0, "2019-03-31": "", "2018-12-31": -750, "2018-09-30": 0, "2018-06-30": 0, "2018-03-31": "", "2017-12-31": 0, "2017-09-30": 0, "2017-06-30": 0, "2017-03-31": "", "2016-12-31": 0, "2016-09-30": -500, "2016-06-30": -452, "2016-03-31": "", "2015-12-31": 6888, "2015-09-30": 0, "2015-06-30": 0, "2015-03-31": "2213.00000", "2014-12-31": 0, "2014-09-30": 0, "2014-06-30": 0, "2014-03-31": "", "2013-12-31": 0, "2013-09-30": 0, "2013-06-30": -150, "2013-03-31": "", "2012-12-31": 0, "2012-09-30": 0, "2012-06-30": 0, "2012-03-31": "", "2011-12-31": -632, "2011-09-30": 1980, "2011-06-30": 0, "2011-03-31": "", "2010-12-31": 0, "2010-09-30": 0, "2010-06-30": 0, "2010-03-31": "", "2009-12-31": 1222, "2009-09-30": 0, "2009-06-30": 0, "2009-03-31": "", "2008-12-31": 0, "2008-09-30": -1000, "2008-06-30": -103, "2008-03-31": "491.00000", "2007-12-31": 0, "2007-09-30": 0, "2007-06-30": -15, "2007-03-31": "-17.00000", "2006-12-31": -10, "2006-09-30": 0, "2006-06-30": -194, "2006-03-31": "-6.00000", "2005-12-31": -106, "2005-09-30": 0, "2005-06-30": -39, "2005-03-31": ""}, "Net Current Debt": {"2020-12-31": 0, "2020-09-30": 0, "2020-06-30": 0, "2020-03-31": "", "2019-12-31": 0, "2019-09-30": 0, "2019-06-30": -400, "2019-03-31": "-200.00000", "2018-12-31": 110, "2018-09-30": 490, "2018-06-30": 0, "2018-03-31": "", "2017-12-31": 0, "2017-09-30": 0, "2017-06-30": 0, "2017-03-31": "", "2016-12-31": 0, "2016-09-30": 0, "2016-06-30": 0, "2016-03-31": "", "2015-12-31": 0, "2015-09-30": 0, "2015-06-30": 0, "2015-03-31": "", "2014-12-31": 0, "2014-09-30": 0, "2014-06-30": 0, "2014-03-31": "", "2013-12-31": 0, "2013-09-30": 0, "2013-06-30": 0, "2013-03-31": "", "2012-12-31": 0, "2012-09-30": 0, "2012-06-30": 0, "2012-03-31": "", "2011-12-31": 0, "2011-09-30": 0, "2011-06-30": 0, "2011-03-31": "", "2010-12-31": 0, "2010-09-30": 0, "2010-06-30": 0, "2010-03-31": "", "2009-12-31": 0, "2009-09-30": 0, "2009-06-30": 0, "2009-03-31": "", "2008-12-31": 0, "2008-09-30": 0, "2008-06-30": 0, "2008-03-31": "", "2007-12-31": 0, "2007-09-30": 0, "2007-06-30": 0, "2007-03-31": "", "2006-12-31": 0, "2006-09-30": 0, "2006-06-30": 0, "2006-03-31": "", "2005-12-31": 0, "2005-09-30": 0, "2005-06-30": 0, "2005-03-31": ""}, "Debt Issuance/Retirement Net - Total": {"2020-12-31": -500, "2020-09-30": 0, "2020-06-30": -19, "2020-03-31": "", "2019-12-31": -900, "2019-09-30": 0, "2019-06-30": -400, "2019-03-31": "-200.00000", "2018-12-31": -640, "2018-09-30": 490, "2018-06-30": 0, "2018-03-31": "", "2017-12-31": 0, "2017-09-30": 0, "2017-06-30": 0, "2017-03-31": "", "2016-12-31": 0, "2016-09-30": -500, "2016-06-30": -452, "2016-03-31": "", "2015-12-31": 6888, "2015-09-30": 0, "2015-06-30": 0, "2015-03-31": "2213.00000", "2014-12-31": 0, "2014-09-30": 0, "2014-06-30": 0, "2014-03-31": "", "2013-12-31": 0, "2013-09-30": 0, "2013-06-30": -150, "2013-03-31": "", "2012-12-31": 0, "2012-09-30": 0, "2012-06-30": 0, "2012-03-31": "", "2011-12-31": -632, "2011-09-30": 1980, "2011-06-30": 0, "2011-03-31": "", "2010-12-31": 0, "2010-09-30": 0, "2010-06-30": 0, "2010-03-31": "", "2009-12-31": 1222, "2009-09-30": 0, "2009-06-30": 0, "2009-03-31": "", "2008-12-31": 0, "2008-09-30": -1000, "2008-06-30": -103, "2008-03-31": "491.00000", "2007-12-31": 0, "2007-09-30": 0, "2007-06-30": -15, "2007-03-31": "-17.00000", "2006-12-31": -10, "2006-09-30": 0, "2006-06-30": -194, "2006-03-31": "-6.00000", "2005-12-31": -106, "2005-09-30": 0, "2005-06-30": -39, "2005-03-31": ""}, "Net Common Equity Issued/Repurchased": {"2020-12-31": 0, "2020-09-30": -85, "2020-06-30": -259, "2020-03-31": "-756.00000", "2019-12-31": -490, "2019-09-30": -210, "2019-06-30": -219, "2019-03-31": "-281.00000", "2018-12-31": -666, "2018-09-30": -216, "2018-06-30": -310, "2018-03-31": "-300.00000", "2017-12-31": -501, "2017-09-30": -500, "2017-06-30": -531, "2017-03-31": "-469.00000", "2016-12-31": -891, "2016-09-30": -256, "2016-06-30": -476, "2016-03-31": "-473.00000", "2015-12-31": -659, "2015-09-30": -781, "2015-06-30": -918, "2015-03-31": "-539.00000", "2014-12-31": -194, "2014-09-30": -391, "2014-06-30": -98, "2014-03-31": "-909.00000", "2013-12-31": -151, "2013-09-30": -247, "2013-06-30": -131, "2013-03-31": "-406.00000", "2012-12-31": -179, "2012-09-30": -183, "2012-06-30": -105, "2012-03-31": "-83.00000", "2011-12-31": -113, "2011-09-30": -983, "2011-06-30": -982, "2011-03-31": "-271.00000", "2010-12-31": -852, "2010-09-30": -307, "2010-06-30": -710, "2010-03-31": "-492.00000", "2009-12-31": -537, "2009-09-30": -368, "2009-06-30": -463, "2009-03-31": "-483.00000", "2008-12-31": -835, "2008-09-30": -283, "2008-06-30": -692, "2008-03-31": "-1121.00000", "2007-12-31": -284, "2007-09-30": -292, "2007-06-30": -617, "2007-03-31": "-584.00000", "2006-12-31": -258, "2006-09-30": -137, "2006-06-30": -601, "2006-03-31": "-492.00000", "2005-12-31": -218, "2005-09-30": -537, "2005-06-30": -126, "2005-03-31": "-23.00000"}, "Net Total Equity Issued/Repurchased": {"2020-12-31": 0, "2020-09-30": -85, "2020-06-30": -259, "2020-03-31": "-756.00000", "2019-12-31": -490, "2019-09-30": -210, "2019-06-30": -219, "2019-03-31": "-281.00000", "2018-12-31": -666, "2018-09-30": -216, "2018-06-30": -310, "2018-03-31": "-300.00000", "2017-12-31": -501, "2017-09-30": -500, "2017-06-30": -531, "2017-03-31": "-469.00000", "2016-12-31": -891, "2016-09-30": -256, "2016-06-30": -476, "2016-03-31": "-473.00000", "2015-12-31": -659, "2015-09-30": -781, "2015-06-30": -918, "2015-03-31": "-539.00000", "2014-12-31": -194, "2014-09-30": -391, "2014-06-30": -98, "2014-03-31": "-909.00000", "2013-12-31": -151, "2013-09-30": -247, "2013-06-30": -131, "2013-03-31": "-406.00000", "2012-12-31": -179, "2012-09-30": -183, "2012-06-30": -105, "2012-03-31": "-83.00000", "2011-12-31": -113, "2011-09-30": -983, "2011-06-30": -982, "2011-03-31": "-271.00000", "2010-12-31": -852, "2010-09-30": -307, "2010-06-30": -710, "2010-03-31": "-492.00000", "2009-12-31": -537, "2009-09-30": -368, "2009-06-30": -463, "2009-03-31": "-483.00000", "2008-12-31": -835, "2008-09-30": -283, "2008-06-30": -692, "2008-03-31": "-1121.00000", "2007-12-31": -284, "2007-09-30": -292, "2007-06-30": -617, "2007-03-31": "-584.00000", "2006-12-31": -258, "2006-09-30": -137, "2006-06-30": -601, "2006-03-31": "-492.00000", "2005-12-31": -218, "2005-09-30": -537, "2005-06-30": -126, "2005-03-31": "-23.00000"}, "Total Common And Preferred Stock Dividends Paid": {"2020-12-31": -728, "2020-09-30": -672, "2020-06-30": -671, "2020-03-31": "-693.00000", "2019-12-31": -675, "2019-09-30": -621, "2019-06-30": -622, "2019-03-31": "-638.00000", "2018-12-31": -622, "2018-09-30": -569, "2018-06-30": -570, "2018-03-31": "-586.00000", "2017-12-31": -572, "2017-09-30": -522, "2017-06-30": -525, "2017-03-31": "-544.00000", "2016-12-31": -530, "2016-09-30": -484, "2016-06-30": -501, "2016-03-31": "-533.00000", "2015-12-31": -505, "2015-09-30": -462, "2015-06-30": -467, "2015-03-31": "-498.00000", "2014-12-31": -474, "2014-09-30": -421, "2014-06-30": -421, "2014-03-31": "-444.00000", "2013-12-31": -428, "2013-09-30": -370, "2013-06-30": -371, "2013-03-31": "-371.00000", "2012-12-31": -373, "2012-09-30": -326, "2012-06-30": -326, "2012-03-31": "-327.00000", "2011-12-31": -325, "2011-09-30": -246, "2011-06-30": -258, "2011-03-31": "-266.00000", "2010-12-31": -269, "2010-09-30": -229, "2010-06-30": -233, "2010-03-31": "-238.00000", "2009-12-31": -240, "2009-09-30": -219, "2009-06-30": -222, "2009-03-31": "-227.00000", "2008-12-31": -227, "2008-09-30": -170, "2008-06-30": -168, "2008-03-31": "-172.00000", "2007-12-31": -175, "2007-09-30": -145, "2007-06-30": -295, "2007-03-31": "", "2006-12-31": -149, "2006-09-30": -128, "2006-06-30": -129, "2006-03-31": "-132.00000", "2005-12-31": -130, "2005-09-30": -110, "2005-06-30": -112, "2005-03-31": "-110.00000"}, "Financial Activities - Other": {"2020-12-31": -11, "2020-09-30": -8, "2020-06-30": -29, "2020-03-31": "-96.00000", "2019-12-31": -12, "2019-09-30": 8, "2019-06-30": 0, "2019-03-31": "-68.00000", "2018-12-31": -12, "2018-09-30": -6, "2018-06-30": -17, "2018-03-31": "-128.00000", "2017-12-31": -27, "2017-09-30": -27, "2017-06-30": 21, "2017-03-31": "-108.00000", "2016-12-31": 68, "2016-09-30": 1770, "2016-06-30": -47, "2016-03-31": "-152.00000", "2015-12-31": 25, "2015-09-30": 17, "2015-06-30": -36, "2015-03-31": "-1.00000", "2014-12-31": 11, "2014-09-30": -13, "2014-06-30": 14, "2014-03-31": "26.00000", "2013-12-31": -66, "2013-09-30": -22, "2013-06-30": 0, "2013-03-31": "7.00000", "2012-12-31": -237, "2012-09-30": 15, "2012-06-30": 19, "2012-03-31": "37.00000", "2011-12-31": -2, "2011-09-30": -49, "2011-06-30": -9, "2011-03-31": "12.00000", "2010-12-31": 19, "2010-09-30": 0, "2010-06-30": -47, "2010-03-31": "", "2009-12-31": 105, "2009-09-30": -13, "2009-06-30": 13, "2009-03-31": "", "2008-12-31": 252, "2008-09-30": 47, "2008-06-30": 43, "2008-03-31": "", "2007-12-31": 22, "2007-09-30": 41, "2007-06-30": 61, "2007-03-31": "", "2006-12-31": 129, "2006-09-30": -353, "2006-06-30": 0, "2006-03-31": "", "2005-12-31": 0, "2005-09-30": 0, "2005-06-30": 0, "2005-03-31": ""}, "Cash Flow From Financial Activities": {"2020-12-31": -1239, "2020-09-30": -765, "2020-06-30": -978, "2020-03-31": "-1545.00000", "2019-12-31": -2077, "2019-09-30": -823, "2019-06-30": -1241, "2019-03-31": "-1187.00000", "2018-12-31": -1940, "2018-09-30": -301, "2018-06-30": -897, "2018-03-31": "-1014.00000", "2017-12-31": -1100, "2017-09-30": -1049, "2017-06-30": -1035, "2017-03-31": "-1121.00000", "2016-12-31": -1353, "2016-09-30": 530, "2016-06-30": -1476, "2016-03-31": "-1158.00000", "2015-12-31": 5749, "2015-09-30": -1226, "2015-06-30": -1421, "2015-03-31": "1175.00000", "2014-12-31": -657, "2014-09-30": -825, "2014-06-30": -505, "2014-03-31": "-1327.00000", "2013-12-31": -645, "2013-09-30": -639, "2013-06-30": -652, "2013-03-31": "-770.00000", "2012-12-31": -789, "2012-09-30": -494, "2012-06-30": -412, "2012-03-31": "-373.00000", "2011-12-31": -1072, "2011-09-30": 702, "2011-06-30": -1249, "2011-03-31": "-525.00000", "2010-12-31": -1102, "2010-09-30": -536, "2010-06-30": -990, "2010-03-31": "-730.00000", "2009-12-31": 550, "2009-09-30": -600, "2009-06-30": -672, "2009-03-31": "-710.00000", "2008-12-31": -810, "2008-09-30": -1406, "2008-06-30": -920, "2008-03-31": "-802.00000", "2007-12-31": -437, "2007-09-30": -396, "2007-06-30": -866, "2007-03-31": "-601.00000", "2006-12-31": -288, "2006-09-30": -618, "2006-06-30": -924, "2006-03-31": "-630.00000", "2005-12-31": -454, "2005-09-30": -647, "2005-06-30": -277, "2005-03-31": "-133.00000"}, "Net Cash Flow": {"2020-12-31": -425, "2020-09-30": 730, "2020-06-30": 867, "2020-03-31": "474.00000", "2019-12-31": -1025, "2019-09-30": 1372, "2019-06-30": 176, "2019-03-31": "219.00000", "2018-12-31": -125, "2018-09-30": -284, "2018-06-30": -1212, "2018-03-31": "-468.00000", "2017-12-31": -80, "2017-09-30": 489, "2017-06-30": 236, "2017-03-31": "379.00000", "2016-12-31": -1058, "2016-09-30": 1626, "2016-06-30": -183, "2016-03-31": "362.00000", "2015-12-31": -2210, "2015-09-30": 98, "2015-06-30": -284, "2015-03-31": "2040.00000", "2014-12-31": -1517, "2014-09-30": -473, "2014-06-30": 172, "2014-03-31": "647.00000", "2013-12-31": -44, "2013-09-30": -184, "2013-06-30": -220, "2013-03-31": "1167.00000", "2012-12-31": -2754, "2012-09-30": 850, "2012-06-30": 284, "2012-03-31": "-64.00000", "2011-12-31": -982, "2011-09-30": 1296, "2011-06-30": -89, "2011-03-31": "1096.00000", "2010-12-31": -395, "2010-09-30": -66, "2010-06-30": -566, "2010-03-31": "897.00000", "2009-12-31": -318, "2009-09-30": 37, "2009-06-30": 288, "2009-03-31": "216.00000", "2008-12-31": -295, "2008-09-30": -751, "2008-06-30": 415, "2008-03-31": "151.00000", "2007-12-31": -446, "2007-09-30": 86, "2007-06-30": 230, "2007-03-31": "866.00000", "2006-12-31": -376, "2006-09-30": -668, "2006-06-30": 274, "2006-03-31": "438.00000", "2005-12-31": -896, "2005-09-30": 78, "2005-06-30": 335, "2005-03-31": "1667.00000"}, "Stock-Based Compensation": {"2020-12-31": 39, "2020-09-30": 67, "2020-06-30": 73, "2020-03-31": "42.00000", "2019-12-31": 31, "2019-09-30": 54, "2019-06-30": 67, "2019-03-31": "37.00000", "2018-12-31": 25, "2018-09-30": 50, "2018-06-30": 60, "2018-03-31": "38.00000", "2017-12-31": 25, "2017-09-30": 32, "2017-06-30": 57, "2017-03-31": "44.00000", "2016-12-31": 25, "2016-09-30": 27, "2016-06-30": 53, "2016-03-31": "44.00000", "2015-12-31": 20, "2015-09-30": 29, "2015-06-30": 49, "2015-03-31": "40.00000", "2014-12-31": 36, "2014-09-30": 31, "2014-06-30": 49, "2014-03-31": "48.00000", "2013-12-31": 39, "2013-09-30": 38, "2013-06-30": 59, "2013-03-31": "53.00000", "2012-12-31": 38, "2012-09-30": 42, "2012-06-30": 46, "2012-03-31": "41.00000", "2011-12-31": 41, "2011-09-30": 37, "2011-06-30": 40, "2011-03-31": "39.00000", "2010-12-31": 68, "2010-09-30": 18, "2010-06-30": 41, "2010-03-31": "41.00000", "2009-12-31": 58, "2009-09-30": 24, "2009-06-30": 42, "2009-03-31": "30.00000", "2008-12-31": 40, "2008-09-30": 40, "2008-06-30": 40, "2008-03-31": "35.00000", "2007-12-31": 33, "2007-09-30": 34, "2007-06-30": 33, "2007-03-31": "49.00000", "2006-12-31": 111, "2006-09-30": 0, "2006-06-30": 0, "2006-03-31": "", "2005-12-31": 0, "2005-09-30": 0, "2005-06-30": 0, "2005-03-31": ""}, "Common Stock Dividends Paid": {"2020-12-31": -728, "2020-09-30": -672, "2020-06-30": -671, "2020-03-31": "-693.00000", "2019-12-31": -675, "2019-09-30": -621, "2019-06-30": -622, "2019-03-31": "-638.00000", "2018-12-31": -622, "2018-09-30": -569, "2018-06-30": -570, "2018-03-31": "-586.00000", "2017-12-31": -572, "2017-09-30": -522, "2017-06-30": -525, "2017-03-31": "-544.00000", "2016-12-31": -530, "2016-09-30": -484, "2016-06-30": -501, "2016-03-31": "-533.00000", "2015-12-31": -505, "2015-09-30": -462, "2015-06-30": -467, "2015-03-31": "-498.00000", "2014-12-31": -474, "2014-09-30": -421, "2014-06-30": -421, "2014-03-31": "-444.00000", "2013-12-31": -428, "2013-09-30": -370, "2013-06-30": -371, "2013-03-31": "-371.00000", "2012-12-31": -373, "2012-09-30": -326, "2012-06-30": -326, "2012-03-31": "-327.00000", "2011-12-31": -325, "2011-09-30": -246, "2011-06-30": -258, "2011-03-31": "-266.00000", "2010-12-31": -269, "2010-09-30": -229, "2010-06-30": -233, "2010-03-31": "-238.00000", "2009-12-31": -240, "2009-09-30": -219, "2009-06-30": -222, "2009-03-31": "-227.00000", "2008-12-31": -227, "2008-09-30": -170, "2008-06-30": -168, "2008-03-31": "-172.00000", "2007-12-31": -175, "2007-09-30": -145, "2007-06-30": -295, "2007-03-31": "", "2006-12-31": -149, "2006-09-30": -128, "2006-06-30": -129, "2006-03-31": "-132.00000", "2005-12-31": -130, "2005-09-30": -110, "2005-06-30": -112, "2005-03-31": "-110.00000"}}, "financial ratios": {"Current Ratio": {"2020-12-31": "1.39080", "2019-12-31": "1.22350", "2018-12-31": "1.11840", "2017-12-31": "1.35560", "2016-12-31": "1.20460", "2015-12-31": "1.04710", "2014-12-31": "1.10890", "2013-12-31": "1.19870", "2012-12-31": "1.13990", "2011-12-31": "1.16190", "2010-12-31": "1.13090", "2009-12-31": "1.16570", "2008-12-31": "1.01340", "2007-12-31": "1.09000", "2006-12-31": "1.06400", "2005-12-31": "1.11680"}, "Long-term Debt / Capital": {"2020-12-31": "0.65900", "2019-12-31": "0.78240", "2018-12-31": "0.89690", "2017-12-31": "1.06090", "2016-12-31": "0.89890", "2015-12-31": "0.82200", "2014-12-31": "0.64370", "2013-12-31": "0.55570", "2012-12-31": "0.99370", "2011-12-31": "0.86580", "2010-12-31": "0.58940", "2009-12-31": "0.55030", "2008-12-31": "0.55430", "2007-12-31": "0.30500", "2006-12-31": "0.39020", "2005-12-31": "0.37820"}, "Debt/Equity Ratio": {"2020-12-31": "2.01540", "2019-12-31": "3.99050", "2018-12-31": "9.73360", "2017-12-31": "-18.38020", "2016-12-31": "8.89290", "2015-12-31": "4.92770", "2014-12-31": "1.80650", "2013-12-31": "1.25090", "2012-12-31": "161.74360", "2011-12-31": "6.45350", "2010-12-31": "1.43520", "2009-12-31": "1.22350", "2008-12-31": "1.32810", "2007-12-31": "0.44950", "2006-12-31": "0.64480", "2005-12-31": "0.63380"}, "Gross Margin": {"2020-12-31": "13.23280", "2019-12-31": "13.98880", "2018-12-31": "13.53000", "2017-12-31": "12.75220", "2016-12-31": "11.42100", "2015-12-31": "11.08150", "2014-12-31": "11.72330", "2013-12-31": "9.23100", "2012-12-31": "8.89320", "2011-12-31": "8.05180", "2010-12-31": "8.41670", "2009-12-31": "9.45360", "2008-12-31": "11.05580", "2007-12-31": "10.11420", "2006-12-31": "8.66730", "2005-12-31": "6.81750"}, "Operating Margin": {"2020-12-31": "13.21750", "2019-12-31": "14.28640", "2018-12-31": "13.64160", "2017-12-31": "13.49880", "2016-12-31": "12.45080", "2015-12-31": "11.62420", "2014-12-31": "12.54690", "2013-12-31": "9.93210", "2012-12-31": "9.39770", "2011-12-31": "8.64530", "2010-12-31": "8.98820", "2009-12-31": "9.95510", "2008-12-31": "12.20390", "2007-12-31": "10.81410", "2006-12-31": "9.51540", "2005-12-31": "7.66670"}, "EBIT Margin": {"2020-12-31": "13.21750", "2019-12-31": "14.28640", "2018-12-31": "13.64160", "2017-12-31": "13.49880", "2016-12-31": "12.45080", "2015-12-31": "11.62420", "2014-12-31": "12.54690", "2013-12-31": "9.93210", "2012-12-31": "9.39770", "2011-12-31": "8.64530", "2010-12-31": "8.98820", "2009-12-31": "9.95510", "2008-12-31": "12.20390", "2007-12-31": "10.81410", "2006-12-31": "9.51540", "2005-12-31": "7.66670"}, "EBITDA Margin": {"2020-12-31": "15.19010", "2019-12-31": "16.27430", "2018-12-31": "15.80110", "2017-12-31": "15.89070", "2016-12-31": "15.02010", "2015-12-31": "14.15530", "2014-12-31": "15.03530", "2013-12-31": "12.11470", "2012-12-31": "11.49170", "2011-12-31": "10.81310", "2010-12-31": "11.29160", "2009-12-31": "12.26660", "2008-12-31": "14.24640", "2007-12-31": "12.77050", "2006-12-31": "11.44370", "2005-12-31": "9.56120"}, "Pre-Tax Profit Margin": {"2020-12-31": "12.59210", "2019-12-31": "12.10630", "2018-12-31": "10.85900", "2017-12-31": "10.50040", "2016-12-31": "10.05290", "2015-12-31": "10.60540", "2014-12-31": "11.70830", "2013-12-31": "9.16050", "2012-12-31": "8.63040", "2011-12-31": "7.80880", "2010-12-31": "8.27220", "2009-12-31": "9.53340", "2008-12-31": "11.18150", "2007-12-31": "10.43430", "2006-12-31": "9.06610", "2005-12-31": "7.02980"}, "Net Profit Margin": {"2020-12-31": "10.44830", "2019-12-31": "10.41600", "2018-12-31": "9.38580", "2017-12-31": "3.92910", "2016-12-31": "10.93890", "2015-12-31": "8.89330", "2014-12-31": "9.04720", "2013-12-31": "6.57220", "2012-12-31": "5.81790", "2011-12-31": "5.70980", "2010-12-31": "6.30160", "2009-12-31": "6.77730", "2008-12-31": "7.77580", "2007-12-31": "7.24520", "2006-12-31": "6.38310", "2005-12-31": "4.90420"}, "Asset Turnover": {"2020-12-31": "1.28960", "2019-12-31": "1.25850", "2018-12-31": "1.19800", "2017-12-31": "1.07160", "2016-12-31": "0.98920", "2015-12-31": "0.82220", "2014-12-31": "1.07830", "2013-12-31": "1.25340", "2012-12-31": "1.22050", "2011-12-31": "1.22660", "2010-12-31": "1.30070", "2009-12-31": "1.24940", "2008-12-31": "1.23720", "2007-12-31": "1.44720", "2006-12-31": "1.40340", "2005-12-31": "1.34130"}, "Inventory Turnover Ratio": {"2020-12-31": "16.00680", "2019-12-31": "14.21530", "2018-12-31": "15.51150", "2017-12-31": "15.14560", "2016-12-31": "8.96980", "2015-12-31": "7.47960", "2014-12-31": "12.57600", "2013-12-31": "13.82970", "2012-12-31": "14.63600", "2011-12-31": "17.23300", "2010-12-31": "17.70080", "2009-12-31": "18.19510", "2008-12-31": "19.34700", "2007-12-31": "21.90220", "2006-12-31": "21.83830", "2005-12-31": "18.05100"}, "Receiveable Turnover": {"2020-12-31": "33.06270", "2019-12-31": "25.59350", "2018-12-31": "21.99760", "2017-12-31": "22.05740", "2016-12-31": "5.76570", "2015-12-31": "5.58810", "2014-12-31": "6.79700", "2013-12-31": "7.77480", "2012-12-31": "7.18910", "2011-12-31": "7.66800", "2010-12-31": "8.02370", "2009-12-31": "7.23760", "2008-12-31": "7.81190", "2007-12-31": "8.49990", "2006-12-31": "8.62240", "2005-12-31": "8.12690"}, "Days Sales In Receivables": {"2020-12-31": "11.03960", "2019-12-31": "14.26140", "2018-12-31": "16.59280", "2017-12-31": "16.54770", "2016-12-31": "63.30580", "2015-12-31": "65.31750", "2014-12-31": "53.70010", "2013-12-31": "46.94670", "2012-12-31": "50.77140", "2011-12-31": "47.60020", "2010-12-31": "45.49010", "2009-12-31": "50.43120", "2008-12-31": "46.72340", "2007-12-31": "42.94170", "2006-12-31": "42.33150", "2005-12-31": "44.91270"}, "ROE - Return On Equity": {"2020-12-31": "114.07750", "2019-12-31": "196.46800", "2018-12-31": "348.24020", "2017-12-31": "-243.55670", "2016-12-31": "227.95770", "2015-12-31": "100.93640", "2014-12-31": "95.67650", "2013-12-31": "59.98370", "2012-12-31": "7038.46100", "2011-12-31": "266.43360", "2010-12-31": "74.74980", "2009-12-31": "71.85760", "2008-12-31": "110.54100", "2007-12-31": "30.93320", "2006-12-31": "36.73740", "2005-12-31": "23.19820"}, "Return On Tangible Equity": {"2020-12-31": "-88.53470", "2019-12-31": "-58.51960", "2018-12-31": "-39.37880", "2017-12-31": "-12.28870", "2016-12-31": "-27.62810", "2015-12-31": "-26.90190", "2014-12-31": "-41.78010", "2013-12-31": "-54.32780", "2012-12-31": "-26.57050", "2011-12-31": "-29.15710", "2010-12-31": "-42.79630", "2009-12-31": "-50.98810", "2008-12-31": "-45.13970", "2007-12-31": "-6740.00000", "2006-12-31": "-85.12290", "2005-12-31": "-160.08770"}, "ROA - Return On Assets": {"2020-12-31": "13.58310", "2019-12-31": "13.10810", "2018-12-31": "11.24430", "2017-12-31": "4.05410", "2016-12-31": "7.65800", "2015-12-31": "6.34030", "2014-12-31": "8.78100", "2013-12-31": "8.15190", "2012-12-31": "7.10090", "2011-12-31": "7.03550", "2010-12-31": "7.44450", "2009-12-31": "8.45030", "2008-12-31": "9.47100", "2007-12-31": "10.48540", "2006-12-31": "8.95820", "2005-12-31": "6.57800"}, "ROI - Return On Investment": {"2020-12-31": "38.89990", "2019-12-31": "42.74440", "2018-12-31": "35.90690", "2017-12-31": "14.83870", "2016-12-31": "23.04260", "2015-12-31": "17.96350", "2014-12-31": "34.09140", "2013-12-31": "26.64860", "2012-12-31": "44.29560", "2011-12-31": "35.74590", "2010-12-31": "30.69520", "2009-12-31": "32.31670", "2008-12-31": "49.26880", "2007-12-31": "21.49840", "2006-12-31": "22.40230", "2005-12-31": "14.42570"}, "Book Value Per Share": {"2020-12-31": "21.64160", "2019-12-31": "11.32500", "2018-12-31": "5.15660", "2017-12-31": "-2.73240", "2016-12-31": "5.55710", "2015-12-31": "10.22110", "2014-12-31": "10.82800", "2013-12-31": "15.41690", "2012-12-31": "0.12150", "2011-12-31": "3.11840", "2010-12-31": "10.10690", "2009-12-31": "11.06970", "2008-12-31": "7.29010", "2007-12-31": "23.97310", "2006-12-31": "16.35150", "2005-12-31": "18.21070"}, "Operating Cash Flow Per Share": {"2020-12-31": 3.3392, "2019-12-31": 14.8197, "2018-12-31": -11.3435, "2017-12-31": 5.1651, "2016-12-31": 0.9107, "2015-12-31": 4.2178, "2014-12-31": -1.9321, "2013-12-31": 9.17, "2012-12-31": -7.7591, "2011-12-31": 2.1921, "2010-12-31": 1.3541, "2009-12-31": -1.8324, "2008-12-31": 0.876, "2007-12-31": 1.2953, "2006-12-31": 1.4611, "2005-12-31": 7.1663}, "Free Cash Flow Per Share": {"2020-12-31": 2.288, "2019-12-31": 14.0467, "2018-12-31": -11.7493, "2017-12-31": 4.622, "2016-12-31": 0.3874, "2015-12-31": 3.855, "2014-12-31": -1.9926, "2013-12-31": 9.478, "2012-12-31": -7.7238, "2011-12-31": 2.2044, "2010-12-31": 1.4362, "2009-12-31": -2.5688, "2008-12-31": 0.8151, "2007-12-31": 1.1407, "2006-12-31": 1.3556, "2005-12-31": 5.2255}}, "financial ratios, quarterly": {"Current Ratio": {"2020-12-31": "1.39080", "2020-09-30": "1.33480", "2020-06-30": "1.31450", "2020-03-31": "1.22810", "2019-12-31": "1.22350", "2019-09-30": "1.27640", "2019-06-30": "1.19610", "2019-03-31": "1.17060", "2018-12-31": "1.11840", "2018-09-30": "1.10890", "2018-06-30": "1.18900", "2018-03-31": "1.27490", "2017-12-31": "1.35560", "2017-09-30": "1.31520", "2017-06-30": "1.21440", "2017-03-31": "1.21980", "2016-12-31": "1.20460", "2016-09-30": "1.18610", "2016-06-30": "1.03070", "2016-03-31": "1.05730", "2015-12-31": "1.04710", "2015-09-30": "1.15990", "2015-06-30": "1.21090", "2015-03-31": "1.31560", "2014-12-31": "1.10890", "2014-09-30": "1.12780", "2014-06-30": "1.16600", "2014-03-31": "1.18670", "2013-12-31": "1.19870", "2013-09-30": "1.14850", "2013-06-30": "1.17350", "2013-03-31": "1.17800", "2012-12-31": "1.13990", "2012-09-30": "1.24650", "2012-06-30": "1.20640", "2012-03-31": "1.19240", "2011-12-31": "1.16190", "2011-09-30": "1.20790", "2011-06-30": "1.15740", "2011-03-31": "1.18610", "2010-12-31": "1.13090", "2010-09-30": "1.19770", "2010-06-30": "1.19840", "2010-03-31": "1.20280", "2009-12-31": "1.16570", "2009-09-30": "1.07420", "2009-06-30": "1.05550", "2009-03-31": "1.02690", "2008-12-31": "1.01340", "2008-09-30": "1.01680", "2008-06-30": "1.00460", "2008-03-31": "1.13230", "2007-12-31": "1.09000", "2007-09-30": "1.11960", "2007-06-30": "1.08840", "2007-03-31": "1.09480", "2006-12-31": "1.06400", "2006-09-30": "1.05520", "2006-06-30": "1.10700", "2006-03-31": "1.14960", "2005-12-31": "1.11680", "2005-09-30": "1.15760", "2005-06-30": "1.14640", "2005-03-31": "1.17390"}, "Long-term Debt / Capital": {"2020-12-31": "0.65900", "2020-09-30": "0.70070", "2020-06-30": "0.76280", "2020-03-31": "0.76640", "2019-12-31": "0.78240", "2019-09-30": "0.76270", "2019-06-30": "0.81360", "2019-03-31": "0.83350", "2018-12-31": "0.89690", "2018-09-30": "0.93080", "2018-06-30": "0.96570", "2018-03-31": "1.00830", "2017-12-31": "1.06090", "2017-09-30": "0.86770", "2017-06-30": "0.91370", "2017-03-31": "0.90010", "2016-12-31": "0.89890", "2016-09-30": "0.85480", "2016-06-30": "0.82680", "2016-03-31": "0.81840", "2015-12-31": "0.82200", "2015-09-30": "0.72620", "2015-06-30": "0.72720", "2015-03-31": "0.70480", "2014-12-31": "0.64370", "2014-09-30": "0.57410", "2014-06-30": "0.58820", "2014-03-31": "0.56170", "2013-12-31": "0.55570", "2013-09-30": "0.82820", "2013-06-30": "0.89840", "2013-03-31": "0.95290", "2012-12-31": "0.99370", "2012-09-30": "0.72300", "2012-06-30": "0.74210", "2012-03-31": "0.80450", "2011-12-31": "0.86580", "2011-09-30": "0.68960", "2011-06-30": "0.60480", "2011-03-31": "0.56990", "2010-12-31": "0.58940", "2010-09-30": "0.56160", "2010-06-30": "0.57340", "2010-03-31": "0.55640", "2009-12-31": "0.55030", "2009-09-30": "0.53160", "2009-06-30": "0.55820", "2009-03-31": "0.55830", "2008-12-31": "0.55430", "2008-09-30": "0.27950", "2008-06-30": "0.28950", "2008-03-31": "0.33900", "2007-12-31": "0.30500", "2007-09-30": "0.36680", "2007-06-30": "0.37540", "2007-03-31": "0.38530", "2006-12-31": "0.39020", "2006-09-30": "0.35260", "2006-06-30": "0.38260", "2006-03-31": "0.37500", "2005-12-31": "0.37820", "2005-09-30": "0.38660", "2005-06-30": "0.38200", "2005-03-31": "0.40690"}, "Debt/Equity Ratio": {"2020-12-31": "2.01540", "2020-09-30": "2.54210", "2020-06-30": "3.34760", "2020-03-31": "3.63890", "2019-12-31": "3.99050", "2019-09-30": "3.44220", "2019-06-30": "4.67440", "2019-03-31": "5.51980", "2018-12-31": "9.73360", "2018-09-30": "14.69660", "2018-06-30": "29.70560", "2018-03-31": "-128.13510", "2017-12-31": "-18.38020", "2017-09-30": "6.56000", "2017-06-30": "10.58780", "2017-03-31": "9.00690", "2016-12-31": "8.89290", "2016-09-30": "5.88640", "2016-06-30": "4.94130", "2016-03-31": "4.80830", "2015-12-31": "4.92770", "2015-09-30": "2.99040", "2015-06-30": "2.81760", "2015-03-31": "2.38750", "2014-12-31": "1.80650", "2014-09-30": "1.34780", "2014-06-30": "1.42830", "2014-03-31": "1.28170", "2013-12-31": "1.25090", "2013-09-30": "4.82070", "2013-06-30": "8.84730", "2013-03-31": "20.73680", "2012-12-31": "161.74360", "2012-09-30": "2.67160", "2012-06-30": "2.94600", "2012-03-31": "4.11440", "2011-12-31": "6.45350", "2011-09-30": "2.39140", "2011-06-30": "1.53010", "2011-03-31": "1.32500", "2010-12-31": "1.43520", "2010-09-30": "1.28100", "2010-06-30": "1.34410", "2010-03-31": "1.25450", "2009-12-31": "1.22350", "2009-09-30": "1.21180", "2009-06-30": "1.34930", "2009-03-31": "1.34980", "2008-12-31": "1.32810", "2008-09-30": "0.38790", "2008-06-30": "0.51470", "2008-03-31": "0.52390", "2007-12-31": "0.44950", "2007-09-30": "0.59330", "2007-06-30": "0.61560", "2007-03-31": "0.62920", "2006-12-31": "0.64480", "2006-09-30": "0.54980", "2006-06-30": "0.62510", "2006-03-31": "0.62760", "2005-12-31": "0.63380", "2005-09-30": "0.65720", "2005-06-30": "0.64440", "2005-03-31": "0.68790"}, "Gross Margin": {"2020-12-31": "12.99910", "2020-09-30": "12.94940", "2020-06-30": "13.64370", "2020-03-31": "13.36020", "2019-12-31": "13.37070", "2019-09-30": "13.59830", "2019-06-30": "13.81440", "2019-03-31": "15.26230", "2018-12-31": "13.47580", "2018-09-30": "13.41670", "2018-06-30": "13.08400", "2018-03-31": "14.25010", "2017-12-31": "12.34470", "2017-09-30": "12.96490", "2017-06-30": "13.18160", "2017-03-31": "12.54010", "2016-12-31": "12.26620", "2016-09-30": "11.98170", "2016-06-30": "10.62450", "2016-03-31": "10.56130", "2015-12-31": "8.72510", "2015-09-30": "10.90460", "2015-06-30": "11.77530", "2015-03-31": "12.49140", "2014-12-31": "10.12220", "2014-09-30": "11.47200", "2014-06-30": "11.86100", "2014-03-31": "12.87320", "2013-12-31": "6.39900", "2013-09-30": "10.43450", "2013-06-30": "10.72930", "2013-03-31": "9.40380", "2012-12-31": "8.22380", "2012-09-30": "8.59380", "2012-06-30": "9.83140", "2012-03-31": "8.93470", "2011-12-31": "8.41860", "2011-09-30": "8.21850", "2011-06-30": "7.84890", "2011-03-31": "7.66050", "2010-12-31": "8.78770", "2010-09-30": "6.95580", "2010-06-30": "9.23760", "2010-03-31": "8.66790", "2009-12-31": "9.81550", "2009-09-30": "9.15760", "2009-06-30": "9.14020", "2009-03-31": "9.68860", "2008-12-31": "12.19690", "2008-09-30": "10.60790", "2008-06-30": "10.78900", "2008-03-31": "10.70820", "2007-12-31": "10.36810", "2007-09-30": "10.32900", "2007-06-30": "9.89580", "2007-03-31": "9.81130", "2006-12-31": "9.51110", "2006-09-30": "8.36020", "2006-06-30": "8.43290", "2006-03-31": "8.24830", "2005-12-31": "7.04860", "2005-09-30": "6.69490", "2005-06-30": "7.07910", "2005-03-31": "6.38550"}, "Operating Margin": {"2020-12-31": "13.43940", "2020-09-30": "13.01610", "2020-06-30": "12.86070", "2020-03-31": "13.55820", "2019-12-31": "13.53450", "2019-09-30": "13.87520", "2019-06-30": "13.91840", "2019-03-31": "15.92490", "2018-12-31": "12.84440", "2018-09-30": "13.71000", "2018-06-30": "13.39750", "2018-03-31": "14.82600", "2017-12-31": "14.07830", "2017-09-30": "13.58890", "2017-06-30": "13.65920", "2017-03-31": "12.50450", "2016-12-31": "12.80990", "2016-09-30": "13.74770", "2016-06-30": "11.87700", "2016-03-31": "11.16900", "2015-12-31": "8.24350", "2015-09-30": "11.84890", "2015-06-30": "12.41090", "2015-03-31": "13.41110", "2014-12-31": "11.08200", "2014-09-30": "12.52470", "2014-06-30": "12.61280", "2014-03-31": "13.44600", "2013-12-31": "7.23140", "2013-09-30": "11.05140", "2013-06-30": "11.37800", "2013-03-31": "10.10840", "2012-12-31": "8.76930", "2012-09-30": "9.57960", "2012-06-30": "9.99920", "2012-03-31": "9.24470", "2011-12-31": "9.18840", "2011-09-30": "8.58980", "2011-06-30": "8.60260", "2011-03-31": "8.13100", "2010-12-31": "9.24400", "2010-09-30": "7.73160", "2010-06-30": "9.88480", "2010-03-31": "9.07420", "2009-12-31": "9.98710", "2009-09-30": "9.91920", "2009-06-30": "9.73630", "2009-03-31": "10.18990", "2008-12-31": "12.95410", "2008-09-30": "11.74250", "2008-06-30": "12.34710", "2008-03-31": "11.80010", "2007-12-31": "11.20750", "2007-09-30": "10.48220", "2007-06-30": "10.92860", "2007-03-31": "10.62000", "2006-12-31": "9.27120", "2006-09-30": "8.86000", "2006-06-30": "9.46690", "2006-03-31": "10.53830", "2005-12-31": "10.13780", "2005-09-30": "6.69490", "2005-06-30": "7.07910", "2005-03-31": "6.38550"}, "EBIT Margin": {"2020-12-31": "13.43940", "2020-09-30": "13.01610", "2020-06-30": "12.86070", "2020-03-31": "13.55820", "2019-12-31": "13.53450", "2019-09-30": "13.87520", "2019-06-30": "13.91840", "2019-03-31": "15.92490", "2018-12-31": "12.84440", "2018-09-30": "13.71000", "2018-06-30": "13.39750", "2018-03-31": "14.82600", "2017-12-31": "14.07830", "2017-09-30": "13.58890", "2017-06-30": "13.65920", "2017-03-31": "12.50450", "2016-12-31": "12.80990", "2016-09-30": "13.74770", "2016-06-30": "11.87700", "2016-03-31": "11.16900", "2015-12-31": "8.24350", "2015-09-30": "11.84890", "2015-06-30": "12.41090", "2015-03-31": "13.41110", "2014-12-31": "11.08200", "2014-09-30": "12.52470", "2014-06-30": "12.61280", "2014-03-31": "13.44600", "2013-12-31": "7.23140", "2013-09-30": "11.05140", "2013-06-30": "11.37800", "2013-03-31": "10.10840", "2012-12-31": "8.76930", "2012-09-30": "9.57960", "2012-06-30": "9.99920", "2012-03-31": "9.24470", "2011-12-31": "9.18840", "2011-09-30": "8.58980", "2011-06-30": "8.60260", "2011-03-31": "8.13100", "2010-12-31": "9.24400", "2010-09-30": "7.73160", "2010-06-30": "9.88480", "2010-03-31": "9.07420", "2009-12-31": "9.98710", "2009-09-30": "9.91920", "2009-06-30": "9.73630", "2009-03-31": "10.18990", "2008-12-31": "12.95410", "2008-09-30": "11.74250", "2008-06-30": "12.34710", "2008-03-31": "11.80010", "2007-12-31": "11.20750", "2007-09-30": "10.48220", "2007-06-30": "10.92860", "2007-03-31": "10.62000", "2006-12-31": "9.27120", "2006-09-30": "8.86000", "2006-06-30": "9.46690", "2006-03-31": "10.53830", "2005-12-31": "10.13780", "2005-09-30": "6.69490", "2005-06-30": "7.07910", "2005-03-31": "6.38550"}, "EBITDA Margin": {"2020-12-31": "", "2020-09-30": "", "2020-06-30": "", "2020-03-31": "", "2019-12-31": "", "2019-09-30": "", "2019-06-30": "", "2019-03-31": "", "2018-12-31": "", "2018-09-30": "", "2018-06-30": "", "2018-03-31": "", "2017-12-31": "", "2017-09-30": "", "2017-06-30": "", "2017-03-31": "", "2016-12-31": "", "2016-09-30": "", "2016-06-30": "", "2016-03-31": "", "2015-12-31": "", "2015-09-30": "", "2015-06-30": "", "2015-03-31": "", "2014-12-31": "", "2014-09-30": "", "2014-06-30": "", "2014-03-31": "", "2013-12-31": "", "2013-09-30": "", "2013-06-30": "", "2013-03-31": "", "2012-12-31": "", "2012-09-30": "", "2012-06-30": "", "2012-03-31": "", "2011-12-31": "", "2011-09-30": "", "2011-06-30": "", "2011-03-31": "", "2010-12-31": "", "2010-09-30": "", "2010-06-30": "", "2010-03-31": "", "2009-12-31": "", "2009-09-30": "", "2009-06-30": "", "2009-03-31": "", "2008-12-31": "", "2008-09-30": "", "2008-06-30": "", "2008-03-31": "", "2007-12-31": "", "2007-09-30": "", "2007-06-30": "", "2007-03-31": "", "2006-12-31": "", "2006-09-30": "", "2006-06-30": "", "2006-03-31": "", "2005-12-31": "", "2005-09-30": "", "2005-06-30": "", "2005-03-31": ""}, "Pre-Tax Profit Margin": {"2020-12-31": "12.84050", "2020-09-30": "12.46440", "2020-06-30": "12.09620", "2020-03-31": "12.97040", "2019-12-31": "11.53800", "2019-09-30": "11.73950", "2019-06-30": "11.66560", "2019-03-31": "13.56720", "2018-12-31": "10.29080", "2018-09-30": "11.00010", "2018-06-30": "10.59860", "2018-03-31": "11.68890", "2017-12-31": "11.35510", "2017-09-30": "10.50970", "2017-06-30": "10.68220", "2017-03-31": "9.23120", "2016-12-31": "8.14120", "2016-09-30": "12.35390", "2016-06-30": "10.45180", "2016-03-31": "9.58720", "2015-12-31": "6.89060", "2015-09-30": "10.82510", "2015-06-30": "11.53480", "2015-03-31": "12.52100", "2014-12-31": "9.84580", "2014-09-30": "11.79590", "2014-06-30": "11.86100", "2014-03-31": "12.65730", "2013-12-31": "6.46840", "2013-09-30": "10.33750", "2013-06-30": "10.61540", "2013-03-31": "9.25930", "2012-12-31": "7.91800", "2012-09-30": "8.81290", "2012-06-30": "9.37000", "2012-03-31": "8.42110", "2011-12-31": "7.91090", "2011-09-30": "7.83070", "2011-06-30": "7.95290", "2011-03-31": "7.50990", "2010-12-31": "8.33920", "2010-09-30": "7.30850", "2010-06-30": "8.95390", "2010-03-31": "8.50340", "2009-12-31": "9.48950", "2009-09-30": "9.73340", "2009-06-30": "9.48340", "2009-03-31": "9.42830", "2008-12-31": "11.18390", "2008-09-30": "10.81590", "2008-06-30": "11.82170", "2008-03-31": "10.85850", "2007-12-31": "10.90310", "2007-09-30": "10.08560", "2007-06-30": "10.68440", "2007-03-31": "10.01620", "2006-12-31": "9.67710", "2006-09-30": "8.48520", "2006-06-30": "8.54330", "2006-03-31": "9.51810", "2005-12-31": "7.75250", "2005-09-30": "6.66230", "2005-06-30": "7.20820", "2005-03-31": "6.36190"}, "Net Profit Margin": {"2020-12-31": "10.52140", "2020-09-30": "10.29400", "2020-06-30": "10.02470", "2020-03-31": "10.97050", "2019-12-31": "9.43440", "2019-09-30": "10.59920", "2019-06-30": "9.84270", "2019-03-31": "11.88620", "2018-12-31": "8.69470", "2018-09-30": "10.28780", "2018-06-30": "8.68040", "2018-03-31": "9.94410", "2017-12-31": "-5.37420", "2017-09-30": "7.80330", "2017-06-30": "7.60170", "2017-03-31": "7.03710", "2016-12-31": "6.22730", "2016-09-30": "20.73410", "2016-06-30": "8.81920", "2016-03-31": "8.66130", "2015-12-31": "10.69710", "2015-09-30": "8.59840", "2015-06-30": "7.97900", "2015-03-31": "8.68360", "2014-12-31": "13.14720", "2014-09-30": "7.98990", "2014-06-30": "7.86310", "2014-03-31": "8.76060", "2013-12-31": "4.23130", "2013-09-30": "7.69370", "2013-06-30": "7.52980", "2013-03-31": "6.87440", "2012-12-31": "4.70290", "2012-09-30": "6.12520", "2012-06-30": "6.55150", "2012-03-31": "5.91520", "2011-12-31": "5.59330", "2011-09-30": "5.77610", "2011-06-30": "6.42810", "2011-03-31": "4.98780", "2010-12-31": "7.56040", "2010-09-30": "4.93700", "2010-06-30": "7.30500", "2010-03-31": "5.15620", "2009-12-31": "6.65810", "2009-09-30": "7.40220", "2009-06-30": "6.62930", "2009-03-31": "6.42050", "2008-12-31": "8.42120", "2008-09-30": "7.39340", "2008-06-30": "7.98990", "2008-03-31": "7.31240", "2007-12-31": "7.37020", "2007-09-30": "6.90400", "2007-06-30": "7.30450", "2007-03-31": "7.43940", "2006-12-31": "6.72510", "2006-09-30": "6.54870", "2006-06-30": "5.82270", "2006-03-31": "6.41420", "2005-12-31": "5.55280", "2005-09-30": "4.64080", "2005-06-30": "4.95970", "2005-03-31": "4.34730"}, "Asset Turnover": {"2020-12-31": "0.33590", "2020-09-30": "0.32490", "2020-06-30": "0.32700", "2020-03-31": "0.31780", "2019-12-31": "0.33410", "2019-09-30": "0.30790", "2019-06-30": "0.30160", "2019-03-31": "0.30060", "2018-12-31": "0.32110", "2018-09-30": "0.31470", "2018-06-30": "0.29690", "2018-03-31": "0.24950", "2017-12-31": "0.29700", "2017-09-30": "0.25210", "2017-06-30": "0.25790", "2017-03-31": "0.22960", "2016-12-31": "0.28850", "2016-09-30": "0.23700", "2016-06-30": "0.22970", "2016-03-31": "0.20670", "2015-12-31": "0.17690", "2015-09-30": "0.25390", "2015-06-30": "0.29220", "2015-03-31": "0.25440", "2014-12-31": "0.18560", "2014-09-30": "0.30090", "2014-06-30": "0.30350", "2014-03-31": "0.28850", "2013-12-31": "0.31870", "2013-09-30": "0.29160", "2013-06-30": "0.29290", "2013-03-31": "0.27970", "2012-12-31": "0.31300", "2012-09-30": "0.30180", "2012-06-30": "0.31060", "2012-03-31": "0.29450", "2011-12-31": "0.32210", "2011-09-30": "0.33490", "2011-06-30": "0.32320", "2011-03-31": "0.28970", "2010-12-31": "0.36200", "2010-09-30": "0.31910", "2010-06-30": "0.31130", "2010-03-31": "0.28490", "2009-12-31": "0.33190", "2009-09-30": "0.30120", "2009-06-30": "0.31830", "2009-03-31": "0.30040", "2008-12-31": "0.29230", "2008-09-30": "0.36030", "2008-06-30": "0.37470", "2008-03-31": "0.34250", "2007-12-31": "0.37480", "2007-09-30": "0.37250", "2007-06-30": "0.35720", "2007-03-31": "0.32150", "2006-12-31": "0.38400", "2006-09-30": "0.33010", "2006-06-30": "0.35030", "2006-03-31": "0.32400", "2005-12-31": "0.36870", "2005-09-30": "0.33630", "2005-06-30": "0.33930", "2005-03-31": "0.31580"}, "Inventory Turnover Ratio": {"2020-12-31": "4.18000", "2020-09-30": "4.36050", "2020-06-30": "3.97810", "2020-03-31": "3.83160", "2019-12-31": "3.80080", "2019-09-30": "3.77320", "2019-06-30": "3.45480", "2019-03-31": "3.69800", "2018-12-31": "4.16050", "2018-09-30": "4.06460", "2018-06-30": "3.83310", "2018-03-31": "3.12170", "2017-12-31": "4.21650", "2017-09-30": "2.23630", "2017-06-30": "2.20740", "2017-03-31": "1.93260", "2016-12-31": "2.59140", "2016-09-30": "2.09540", "2016-06-30": "2.01460", "2016-03-31": "1.77540", "2015-12-31": "1.65200", "2015-09-30": "2.76890", "2015-06-30": "3.38790", "2015-03-31": "2.86620", "2014-12-31": "2.20400", "2014-09-30": "3.39510", "2014-06-30": "3.76610", "2014-03-31": "3.14650", "2013-12-31": "3.62610", "2013-09-30": "3.48050", "2013-06-30": "3.51780", "2013-03-31": "3.46420", "2012-12-31": "3.78070", "2012-09-30": "3.76960", "2012-06-30": "4.26380", "2012-03-31": "4.32100", "2011-12-31": "4.50750", "2011-09-30": "6.21740", "2011-06-30": "4.77850", "2011-03-31": "4.30920", "2010-12-31": "4.90650", "2010-09-30": "5.04250", "2010-06-30": "4.33810", "2010-03-31": "3.81300", "2009-12-31": "4.81490", "2009-09-30": "4.70470", "2009-06-30": "5.43200", "2009-03-31": "4.87660", "2008-12-31": "4.51160", "2008-09-30": "5.44640", "2008-06-30": "6.06780", "2008-03-31": "5.50590", "2007-12-31": "5.65600", "2007-09-30": "7.17300", "2007-06-30": "6.95940", "2007-03-31": "6.08360", "2006-12-31": "5.91970", "2006-09-30": "4.32740", "2006-06-30": "4.85160", "2006-03-31": "4.41230", "2005-12-31": "4.94950", "2005-09-30": "5.20930", "2005-06-30": "4.92140", "2005-03-31": "4.46150"}, "Receiveable Turnover": {"2020-12-31": "8.61070", "2020-09-30": "6.65120", "2020-06-30": "5.72130", "2020-03-31": "5.41180", "2019-12-31": "6.79420", "2019-09-30": "6.36370", "2019-06-30": "5.66650", "2019-03-31": "5.06040", "2018-12-31": "5.89650", "2018-09-30": "5.92630", "2018-06-30": "5.39810", "2018-03-31": "4.90310", "2017-12-31": "6.11210", "2017-09-30": "1.36800", "2017-06-30": "1.43380", "2017-03-31": "1.26420", "2016-12-31": "1.68180", "2016-09-30": "1.28990", "2016-06-30": "1.24820", "2016-03-31": "1.20280", "2015-12-31": "1.20240", "2015-09-30": "1.49260", "2015-06-30": "1.64820", "2015-03-31": "1.54480", "2014-12-31": "1.17000", "2014-09-30": "1.82770", "2014-06-30": "1.75720", "2014-03-31": "1.70260", "2013-12-31": "1.97690", "2013-09-30": "1.64000", "2013-06-30": "1.67130", "2013-03-31": "1.58870", "2012-12-31": "1.84350", "2012-09-30": "1.84650", "2012-06-30": "1.81470", "2012-03-31": "1.68050", "2011-12-31": "2.01370", "2011-09-30": "1.85790", "2011-06-30": "1.76310", "2011-03-31": "1.61420", "2010-12-31": "2.23310", "2010-09-30": "1.80760", "2010-06-30": "1.76720", "2010-03-31": "1.56380", "2009-12-31": "1.92300", "2009-09-30": "1.77470", "2009-06-30": "1.80590", "2009-03-31": "1.70130", "2008-12-31": "1.84540", "2008-09-30": "1.96200", "2008-06-30": "2.11560", "2008-03-31": "1.84430", "2007-12-31": "2.20120", "2007-09-30": "2.24730", "2007-06-30": "2.03300", "2007-03-31": "1.89210", "2006-12-31": "2.35910", "2006-09-30": "1.97430", "2006-06-30": "2.28100", "2006-03-31": "1.90690", "2005-12-31": "2.23390", "2005-09-30": "2.07230", "2005-06-30": "2.16820", "2005-03-31": "2.00190"}, "Days Sales In Receivables": {"2020-12-31": "10.45210", "2020-09-30": "13.53140", "2020-06-30": "15.73060", "2020-03-31": "16.63030", "2019-12-31": "13.24660", "2019-09-30": "14.14280", "2019-06-30": "15.88270", "2019-03-31": "17.78530", "2018-12-31": "15.26330", "2018-09-30": "15.18650", "2018-06-30": "16.67260", "2018-03-31": "18.35580", "2017-12-31": "14.72480", "2017-09-30": "65.78800", "2017-06-30": "62.77000", "2017-03-31": "71.19250", "2016-12-31": "53.51460", "2016-09-30": "69.77320", "2016-06-30": "72.10420", "2016-03-31": "74.82640", "2015-12-31": "74.85210", "2015-09-30": "60.29820", "2015-06-30": "54.60450", "2015-03-31": "58.25830", "2014-12-31": "76.92410", "2014-09-30": "49.24330", "2014-06-30": "51.21710", "2014-03-31": "52.85920", "2013-12-31": "45.52680", "2013-09-30": "54.87880", "2013-06-30": "53.85170", "2013-03-31": "56.65040", "2012-12-31": "48.81970", "2012-09-30": "48.74210", "2012-06-30": "49.59400", "2012-03-31": "53.55530", "2011-12-31": "44.69410", "2011-09-30": "48.44210", "2011-06-30": "51.04650", "2011-03-31": "55.75660", "2010-12-31": "40.30210", "2010-09-30": "49.78840", "2010-06-30": "50.92820", "2010-03-31": "57.55060", "2009-12-31": "46.80310", "2009-09-30": "50.71330", "2009-06-30": "49.83650", "2009-03-31": "52.89980", "2008-12-31": "48.77110", "2008-09-30": "45.87220", "2008-06-30": "42.54190", "2008-03-31": "48.80000", "2007-12-31": "40.88650", "2007-09-30": "40.04780", "2007-06-30": "44.26910", "2007-03-31": "47.56660", "2006-12-31": "38.15040", "2006-09-30": "45.58560", "2006-06-30": "39.45690", "2006-03-31": "47.19770", "2005-12-31": "40.28840", "2005-09-30": "43.43010", "2005-06-30": "41.50940", "2005-03-31": "44.95760"}, "ROE - Return On Equity": {"2020-12-31": "29.67870", "2020-09-30": "35.15840", "2020-06-30": "42.94770", "2020-03-31": "49.24000", "2019-12-31": "47.24060", "2019-09-30": "40.84330", "2019-06-30": "49.03320", "2019-03-31": "67.56540", "2018-12-31": "86.47340", "2018-09-30": "147.00600", "2018-06-30": "242.79750", "2018-03-31": "-1042.34200", "2017-12-31": "105.28350", "2017-09-30": "44.27590", "2017-06-30": "70.79320", "2017-03-31": "49.77920", "2016-12-31": "53.98510", "2016-09-30": "44.81480", "2016-06-30": "29.99670", "2016-03-31": "25.36990", "2015-12-31": "18.17890", "2015-09-30": "26.87520", "2015-06-30": "31.15360", "2015-03-31": "24.94320", "2014-12-31": "15.97060", "2014-09-30": "19.41410", "2014-06-30": "20.58350", "2014-03-31": "19.43750", "2013-12-31": "9.92270", "2013-09-30": "65.93580", "2013-06-30": "123.77520", "2013-03-31": "250.32890", "2012-12-31": "1458.97400", "2012-09-30": "29.77070", "2012-06-30": "35.43560", "2012-03-31": "42.46660", "2011-12-31": "69.73030", "2011-09-30": "22.59600", "2011-06-30": "22.74940", "2011-03-31": "14.66630", "2010-12-31": "23.56310", "2010-09-30": "14.21640", "2010-06-30": "19.12160", "2010-03-31": "12.88480", "2009-12-31": "18.98770", "2009-09-30": "25.03190", "2009-06-30": "25.92200", "2009-03-31": "23.62540", "2008-12-31": "26.98080", "2008-09-30": "7.97310", "2008-06-30": "9.44930", "2008-03-31": "7.79330", "2007-12-31": "8.14890", "2007-09-30": "10.31230", "2007-06-30": "10.86740", "2007-03-31": "9.81790", "2006-12-31": "10.58980", "2006-09-30": "7.78180", "2006-06-30": "7.57380", "2006-03-31": "7.44710", "2005-12-31": "7.22000", "2005-09-30": "5.52180", "2005-06-30": "5.84580", "2005-03-31": "4.95900"}, "Return On Tangible Equity": {"2020-12-31": "-23.03340", "2020-09-30": "-20.34590", "2020-06-30": "-16.47420", "2020-03-31": "-16.80040", "2019-12-31": "-14.07100", "2019-09-30": "-15.91610", "2019-06-30": "-12.64470", "2019-03-31": "-14.59900", "2018-12-31": "-9.77840", "2018-09-30": "-11.02880", "2018-06-30": "-8.33810", "2018-03-31": "-7.89920", "2017-12-31": "5.31210", "2017-09-30": "-7.69540", "2017-06-30": "-7.14020", "2017-03-31": "-5.97410", "2016-12-31": "-6.54290", "2016-09-30": "-8.66620", "2016-06-30": "-6.12610", "2016-03-31": "-5.54830", "2015-12-31": "-4.84510", "2015-09-30": "-9.42760", "2015-06-30": "-11.78190", "2015-03-31": "-11.99290", "2014-12-31": "-6.97410", "2014-09-30": "-14.32260", "2014-06-30": "-14.37120", "2014-03-31": "-16.75050", "2013-12-31": "-8.98710", "2013-09-30": "-9.09580", "2013-06-30": "-8.89420", "2013-03-31": "-7.57060", "2012-12-31": "-5.50770", "2012-09-30": "-9.39160", "2012-06-30": "-9.81900", "2012-03-31": "-7.77020", "2011-12-31": "-7.63090", "2011-09-30": "-9.98050", "2011-06-30": "-11.82240", "2011-03-31": "-9.55650", "2010-12-31": "-13.49050", "2010-09-30": "-9.55730", "2010-06-30": "-11.43860", "2010-03-31": "-8.38040", "2009-12-31": "-13.47310", "2009-09-30": "-11.00530", "2009-06-30": "-10.09110", "2009-03-31": "-9.22950", "2008-12-31": "-11.01770", "2008-09-30": "-550.70420", "2008-06-30": "-157.78180", "2008-03-31": "-158.69560", "2007-12-31": "-1775.55600", "2007-09-30": "-31.35490", "2007-06-30": "-28.19860", "2007-03-31": "-23.80130", "2006-12-31": "-24.53720", "2006-09-30": "-33.92660", "2006-06-30": "-34.23850", "2006-03-31": "-52.02470", "2005-12-31": "-49.82460", "2005-09-30": "-36.77860", "2005-06-30": "-44.07270", "2005-03-31": "-24.11770"}, "ROA - Return On Assets": {"2020-12-31": "3.53380", "2020-09-30": "3.45260", "2020-06-30": "3.27800", "2020-03-31": "3.48640", "2019-12-31": "3.15180", "2019-09-30": "3.26330", "2019-06-30": "2.96820", "2019-03-31": "3.57350", "2018-12-31": "2.79210", "2018-09-30": "3.23770", "2018-06-30": "2.57730", "2018-03-31": "2.48100", "2017-12-31": "-1.75250", "2017-09-30": "1.96750", "2017-06-30": "1.96050", "2017-03-31": "1.61560", "2016-12-31": "1.81360", "2016-09-30": "2.23440", "2016-06-30": "1.78340", "2016-03-31": "1.60690", "2015-12-31": "1.14190", "2015-09-30": "1.90830", "2015-06-30": "2.33140", "2015-03-31": "2.20870", "2014-12-31": "1.46570", "2014-09-30": "2.40440", "2014-06-30": "2.38660", "2014-03-31": "2.52720", "2013-12-31": "1.34850", "2013-09-30": "2.16410", "2013-06-30": "2.20560", "2013-03-31": "1.92270", "2012-12-31": "1.47190", "2012-09-30": "1.84890", "2012-06-30": "2.03460", "2012-03-31": "1.74230", "2011-12-31": "1.84130", "2011-09-30": "1.83770", "2011-06-30": "2.09420", "2011-03-31": "1.51590", "2010-12-31": "2.34670", "2010-09-30": "1.56680", "2010-06-30": "1.97030", "2010-03-31": "1.43030", "2009-12-31": "2.23290", "2009-09-30": "2.19910", "2009-06-30": "2.10130", "2009-03-31": "1.92860", "2008-12-31": "2.31170", "2008-09-30": "2.66380", "2008-06-30": "2.99380", "2008-03-31": "2.50440", "2007-12-31": "2.76220", "2007-09-30": "2.57160", "2007-06-30": "2.60950", "2007-03-31": "2.39140", "2006-12-31": "2.58230", "2006-09-30": "2.16200", "2006-06-30": "2.03970", "2006-03-31": "2.07810", "2005-12-31": "2.04730", "2005-09-30": "1.56080", "2005-06-30": "1.68290", "2005-03-31": "1.37290"}, "ROI - Return On Investment": {"2020-12-31": "10.12030", "2020-09-30": "10.52160", "2020-06-30": "10.18800", "2020-03-31": "11.50340", "2019-12-31": "10.27790", "2019-09-30": "9.69320", "2019-06-30": "9.14180", "2019-03-31": "11.25270", "2018-12-31": "8.91620", "2018-09-30": "10.16700", "2018-06-30": "8.33210", "2018-03-31": "8.65890", "2017-12-31": "-6.41440", "2017-09-30": "5.85660", "2017-06-30": "6.10930", "2017-03-31": "4.97450", "2016-12-31": "5.45690", "2016-09-30": "6.50770", "2016-06-30": "5.19530", "2016-03-31": "4.60650", "2015-12-31": "3.23530", "2015-09-30": "7.35910", "2015-06-30": "8.49800", "2015-03-31": "7.36330", "2014-12-31": "5.69060", "2014-09-30": "8.26890", "2014-06-30": "8.47640", "2014-03-31": "8.51900", "2013-12-31": "4.40830", "2013-09-30": "11.32790", "2013-06-30": "12.56950", "2013-03-31": "11.78380", "2012-12-31": "9.18190", "2012-09-30": "8.24640", "2012-06-30": "9.13770", "2012-03-31": "8.30330", "2011-12-31": "9.35530", "2011-09-30": "7.01400", "2011-06-30": "8.99150", "2011-03-31": "6.30810", "2010-12-31": "9.67590", "2010-09-30": "6.23250", "2010-06-30": "8.15720", "2010-03-31": "5.71520", "2009-12-31": "8.53940", "2009-09-30": "11.72610", "2009-06-30": "11.45230", "2009-03-31": "10.43560", "2008-12-31": "12.02550", "2008-09-30": "5.74490", "2008-06-30": "6.71390", "2008-03-31": "5.15170", "2007-12-31": "5.66350", "2007-09-30": "6.52970", "2007-06-30": "6.78820", "2007-03-31": "6.03520", "2006-12-31": "6.45760", "2006-09-30": "5.03760", "2006-06-30": "4.67590", "2006-03-31": "4.65430", "2005-12-31": "4.48980", "2005-09-30": "3.38700", "2005-06-30": "3.61290", "2005-03-31": "2.94140"}, "Book Value Per Share": {"2020-12-31": "21.64160", "2020-09-30": "17.82090", "2020-06-30": "13.54360", "2020-03-31": "12.43430", "2019-12-31": "11.32500", "2019-09-30": "13.95750", "2019-06-30": "10.25500", "2019-03-31": "8.92620", "2018-12-31": "5.15660", "2018-09-30": "3.52290", "2018-06-30": "1.68200", "2018-03-31": "-0.38880", "2017-12-31": "-2.73240", "2017-09-30": "7.58540", "2017-06-30": "4.68420", "2017-03-31": "5.47600", "2016-12-31": "5.55710", "2016-09-30": "8.29420", "2016-06-30": "9.89110", "2016-03-31": "10.45070", "2015-12-31": "10.22110", "2015-09-30": "9.16290", "2015-06-30": "9.60280", "2015-03-31": "11.18310", "2014-12-31": "10.82800", "2014-09-30": "14.47470", "2014-06-30": "13.60800", "2014-03-31": "15.12400", "2013-12-31": "15.41690", "2013-09-30": "3.98680", "2013-06-30": "2.16240", "2013-03-31": "0.94880", "2012-12-31": "0.12150", "2012-09-30": "7.54670", "2012-06-30": "6.79370", "2012-03-31": "4.84540", "2011-12-31": "3.11840", "2011-09-30": "9.09540", "2011-06-30": "9.79670", "2011-03-31": "10.91570", "2010-12-31": "10.10690", "2010-09-30": "10.87950", "2010-06-30": "10.30080", "2010-03-31": "10.85720", "2009-12-31": "11.06970", "2009-09-30": "8.24620", "2009-06-30": "7.33700", "2009-03-31": "7.24890", "2008-12-31": "7.29010", "2008-09-30": "24.48280", "2008-06-30": "23.54980", "2008-03-31": "23.29390", "2007-12-31": "23.97310", "2007-09-30": "17.97900", "2007-06-30": "17.31930", "2007-03-31": "16.74830", "2006-12-31": "16.35150", "2006-09-30": "19.06840", "2006-06-30": "18.06690", "2006-03-31": "18.37540", "2005-12-31": "18.21070", "2005-09-30": "17.73390", "2005-06-30": "17.77000", "2005-03-31": "16.75940"}, "Operating Cash Flow Per Share": {"2020-12-31": 6.3776, "2020-09-30": 6.7113, "2020-06-30": 7.8231, "2020-03-31": "8.18830", "2019-12-31": 5.2574, "2019-09-30": 8.7707, "2019-06-30": 5.8835, "2019-03-31": "5.84950", "2018-12-31": 7.729, "2018-09-30": 1.2619, "2018-06-30": -0.2447, "2018-03-31": "2.19520", "2017-12-31": 5.1677, "2017-09-30": 6.0938, "2017-06-30": 5.3335, "2017-03-31": "5.68990", "2016-12-31": 2.3565, "2016-09-30": 4.5386, "2016-06-30": 4.8246, "2016-03-31": "5.40010", "2015-12-31": 4.2583, "2015-09-30": 4.9277, "2015-06-30": 4.0343, "2015-03-31": "2.98880", "2014-12-31": -0.647, "2014-09-30": 3.0854, "2014-06-30": 3.0933, "2014-03-31": "6.45960", "2013-12-31": 2.9066, "2013-09-30": 2.7075, "2013-06-30": 1.9195, "2013-03-31": "6.38980", "2012-12-31": -4.0069, "2012-09-30": 4.7974, "2012-06-30": 2.5691, "2012-03-31": "1.39380", "2011-12-31": 3.0281, "2011-09-30": 1.9455, "2011-06-30": 2.6637, "2011-03-31": "4.87520", "2010-12-31": 1.0129, "2010-09-30": 1.5755, "2010-06-30": 3.3661, "2010-03-31": "4.36590", "2009-12-31": -0.834, "2009-09-30": 3.7783, "2009-06-30": 2.9259, "2009-03-31": "3.09610", "2008-12-31": 2.388, "2008-09-30": 2.628, "2008-06-30": 3.6714, "2008-03-31": "2.11130", "2007-12-31": 0.9215, "2007-09-30": 2.2345, "2007-06-30": 3.3369, "2007-03-31": "3.42980", "2006-12-31": 0.6394, "2006-09-30": 1.5365, "2006-06-30": 3.7663, "2006-03-31": "2.68520", "2005-12-31": 0.1273, "2005-09-30": 2.0645, "2005-06-30": 1.5075, "2005-03-31": "3.46700"}, "Free Cash Flow Per Share": {"2020-12-31": 3.818, "2020-09-30": 5.2557, "2020-06-30": 6.5949, "2020-03-31": "7.15150", "2019-12-31": 2.9907, "2019-09-30": 7.6858, "2019-06-30": 5.0051, "2019-03-31": "4.85050", "2018-12-31": 6.1296, "2018-09-30": 0.0772, "2018-06-30": -1.1663, "2018-03-31": "1.44490", "2017-12-31": 3.4278, "2017-09-30": 5.322, "2017-06-30": 4.3756, "2017-03-31": "5.10930", "2016-12-31": 0.9248, "2016-09-30": 3.7201, "2016-06-30": 4.0569, "2016-03-31": "4.91090", "2015-12-31": 2.8735, "2015-09-30": 4.3062, "2015-06-30": 3.4254, "2015-03-31": "2.62020", "2014-12-31": -1.851, "2014-09-30": 2.4538, "2014-06-30": 2.6248, "2014-03-31": "6.14270", "2013-12-31": 1.8453, "2013-09-30": 2.0736, "2013-06-30": 1.379, "2013-03-31": "6.06500", "2012-12-31": -5.3097, "2012-09-30": 4.1624, "2012-06-30": 2.0371, "2012-03-31": "0.99510", "2011-12-31": 1.8299, "2011-09-30": 1.1862, "2011-06-30": 2.0861, "2011-03-31": "4.50650", "2010-12-31": -0.8205, "2010-09-30": 1.0927, "2010-06-30": 3.0098, "2010-03-31": "4.12230", "2009-12-31": -2.5844, "2009-09-30": 3.2954, "2009-06-30": 2.4966, "2009-03-31": "2.76050", "2008-12-31": 1.3618, "2008-09-30": 2.0615, "2008-06-30": 3.2518, "2008-03-31": "1.86180", "2007-12-31": -0.1486, "2007-09-30": 1.6992, "2007-06-30": 2.9358, "2007-03-31": "3.23540", "2006-12-31": -0.358, "2006-09-30": 1.094, "2006-06-30": 3.3819, "2006-03-31": "2.46320", "2005-12-31": -1.0015, "2005-09-30": 1.7134, "2005-06-30": 1.246, "2005-03-31": "3.26760"}}, "revenue": {"Lockheed Martin Annual Revenue (Millions of US $)": {"2020": "$65,398", "2019": "$59,812", "2018": "$53,762", "2017": "$49,960", "2016": "$47,290", "2015": "$40,536", "2014": "$39,946", "2013": "$45,358", "2012": "$47,182", "2011": "$46,499", "2010": "$45,671", "2009": "$43,867", "2008": "$41,372", "2007": "$41,862", "2006": "$39,620", "2005": "$37,213"}, "Lockheed Martin Quarterly Revenue (Millions of US $)": {"2020-12-31": "$17,032", "2020-09-30": "$16,495", "2020-06-30": "$16,220", "2020-03-31": "$15,651", "2019-12-31": "$15,878", "2019-09-30": "$15,171", "2019-06-30": "$14,427", "2019-03-31": "$14,336", "2018-12-31": "$14,411", "2018-09-30": "$14,318", "2018-06-30": "$13,398", "2018-03-31": "$11,635", "2017-12-31": "$13,844", "2017-09-30": "$12,341", "2017-06-30": "$12,563", "2017-03-31": "$11,212", "2016-12-31": "$13,794", "2016-09-30": "$11,551", "2016-06-30": "$11,577", "2016-03-31": "$10,368", "2015-12-31": "$8,722", "2015-09-30": "$10,060", "2015-06-30": "$11,643", "2015-03-31": "$10,111", "2014-12-31": "$6,876", "2014-09-30": "$11,114", "2014-06-30": "$11,306", "2014-03-31": "$10,650", "2013-12-31": "$11,533", "2013-09-30": "$11,347", "2013-06-30": "$11,408", "2013-03-31": "$11,070", "2012-12-31": "$12,099", "2012-09-30": "$11,869", "2012-06-30": "$11,921", "2012-03-31": "$11,293", "2011-12-31": "$12,211", "2011-09-30": "$12,119", "2011-06-30": "$11,543", "2011-03-31": "$10,626", "2010-12-31": "$12,711", "2010-09-30": "$11,343", "2010-06-30": "$11,280", "2010-03-31": "$10,337", "2009-12-31": "$11,655", "2009-09-30": "$10,767", "2009-06-30": "$11,072", "2009-03-31": "$10,373", "2008-12-31": "$9,773", "2008-09-30": "$10,577", "2008-06-30": "$11,039", "2008-03-31": "$9,983", "2007-12-31": "$10,841", "2007-09-30": "$11,095", "2007-06-30": "$10,651", "2007-03-31": "$9,275", "2006-12-31": "$10,840", "2006-09-30": "$9,605", "2006-06-30": "$9,961", "2006-03-31": "$9,214", "2005-12-31": "$10,229", "2005-09-30": "$9,201", "2005-06-30": "$9,295", "2005-03-31": "$8,488"}}, "gross-profit": {"Lockheed Martin Annual Gross Profit (Millions of US $)": {"2020": "$8,654", "2019": "$8,367", "2018": "$7,274", "2017": "$6,371", "2016": "$5,401", "2015": "$4,492", "2014": "$4,683", "2013": "$4,187", "2012": "$4,196", "2011": "$3,744", "2010": "$3,844", "2009": "$4,147", "2008": "$4,574", "2007": "$4,234", "2006": "$3,434", "2005": "$2,537"}, "Lockheed Martin Quarterly Gross Profit (Millions of US $)": {"2020-12-31": "$2,214", "2020-09-30": "$2,136", "2020-06-30": "$2,213", "2020-03-31": "$2,091", "2019-12-31": "$2,123", "2019-09-30": "$2,063", "2019-06-30": "$1,993", "2019-03-31": "$2,188", "2018-12-31": "$1,942", "2018-09-30": "$1,921", "2018-06-30": "$1,753", "2018-03-31": "$1,658", "2017-12-31": "$1,709", "2017-09-30": "$1,600", "2017-06-30": "$1,656", "2017-03-31": "$1,406", "2016-12-31": "$1,692", "2016-09-30": "$1,384", "2016-06-30": "$1,230", "2016-03-31": "$1,095", "2015-12-31": "$761", "2015-09-30": "$1,097", "2015-06-30": "$1,371", "2015-03-31": "$1,263", "2014-12-31": "$696", "2014-09-30": "$1,275", "2014-06-30": "$1,341", "2014-03-31": "$1,371", "2013-12-31": "$738", "2013-09-30": "$1,184", "2013-06-30": "$1,224", "2013-03-31": "$1,041", "2012-12-31": "$995", "2012-09-30": "$1,020", "2012-06-30": "$1,172", "2012-03-31": "$1,009", "2011-12-31": "$1,028", "2011-09-30": "$996", "2011-06-30": "$906", "2011-03-31": "$814", "2010-12-31": "$1,117", "2010-09-30": "$789", "2010-06-30": "$1,042", "2010-03-31": "$896", "2009-12-31": "$1,144", "2009-09-30": "$986", "2009-06-30": "$1,012", "2009-03-31": "$1,005", "2008-12-31": "$1,192", "2008-09-30": "$1,122", "2008-06-30": "$1,191", "2008-03-31": "$1,069", "2007-12-31": "$1,124", "2007-09-30": "$1,146", "2007-06-30": "$1,054", "2007-03-31": "$910", "2006-12-31": "$1,031", "2006-09-30": "$803", "2006-06-30": "$840", "2006-03-31": "$760", "2005-12-31": "$721", "2005-09-30": "$616", "2005-06-30": "$658", "2005-03-31": "$542"}}, "operating-income": {"Lockheed Martin Annual Operating Income (Millions of US $)": {"2020": "$8,644", "2019": "$8,545", "2018": "$7,334", "2017": "$6,744", "2016": "$5,888", "2015": "$4,712", "2014": "$5,012", "2013": "$4,505", "2012": "$4,434", "2011": "$4,020", "2010": "$4,105", "2009": "$4,367", "2008": "$5,049", "2007": "$4,527", "2006": "$3,770", "2005": "$2,853"}, "Lockheed Martin Quarterly Operating Income (Millions of US $)": {"2020-12-31": "$2,289", "2020-09-30": "$2,147", "2020-06-30": "$2,086", "2020-03-31": "$2,122", "2019-12-31": "$2,149", "2019-09-30": "$2,105", "2019-06-30": "$2,008", "2019-03-31": "$2,283", "2018-12-31": "$1,851", "2018-09-30": "$1,963", "2018-06-30": "$1,795", "2018-03-31": "$1,725", "2017-12-31": "$1,949", "2017-09-30": "$1,677", "2017-06-30": "$1,716", "2017-03-31": "$1,402", "2016-12-31": "$1,767", "2016-09-30": "$1,588", "2016-06-30": "$1,375", "2016-03-31": "$1,158", "2015-12-31": "$719", "2015-09-30": "$1,192", "2015-06-30": "$1,445", "2015-03-31": "$1,356", "2014-12-31": "$762", "2014-09-30": "$1,392", "2014-06-30": "$1,426", "2014-03-31": "$1,432", "2013-12-31": "$834", "2013-09-30": "$1,254", "2013-06-30": "$1,298", "2013-03-31": "$1,119", "2012-12-31": "$1,061", "2012-09-30": "$1,137", "2012-06-30": "$1,192", "2012-03-31": "$1,044", "2011-12-31": "$1,122", "2011-09-30": "$1,041", "2011-06-30": "$993", "2011-03-31": "$864", "2010-12-31": "$1,175", "2010-09-30": "$877", "2010-06-30": "$1,115", "2010-03-31": "$938", "2009-12-31": "$1,164", "2009-09-30": "$1,068", "2009-06-30": "$1,078", "2009-03-31": "$1,057", "2008-12-31": "$1,266", "2008-09-30": "$1,242", "2008-06-30": "$1,363", "2008-03-31": "$1,178", "2007-12-31": "$1,215", "2007-09-30": "$1,163", "2007-06-30": "$1,164", "2007-03-31": "$985", "2006-12-31": "$1,005", "2006-09-30": "$851", "2006-06-30": "$943", "2006-03-31": "$971", "2005-12-31": "$1,037", "2005-09-30": "$616", "2005-06-30": "$658", "2005-03-31": "$542"}}, "ebitda": {"Lockheed Martin Annual EBITDA (Millions of US $)": {"2020": "$9,934", "2019": "$9,734", "2018": "$8,495", "2017": "$7,939", "2016": "$7,103", "2015": "$5,738", "2014": "$6,006", "2013": "$5,495", "2012": "$5,422", "2011": "$5,028", "2010": "$5,157", "2009": "$5,381", "2008": "$5,894", "2007": "$5,346", "2006": "$4,534", "2005": "$3,558"}, "Lockheed Martin Quarterly EBITDA (Millions of US $)": {"2020-12-31": "$2,652", "2020-09-30": "$2,466", "2020-06-30": "$2,393", "2020-03-31": "$2,423", "2019-12-31": "$2,471", "2019-09-30": "$2,407", "2019-06-30": "$2,296", "2019-03-31": "$2,560", "2018-12-31": "$2,155", "2018-09-30": "$2,254", "2018-06-30": "$2,082", "2018-03-31": "$2,004", "2017-12-31": "$2,264", "2017-09-30": "$1,976", "2017-06-30": "$2,012", "2017-03-31": "$1,687", "2016-12-31": "$2,094", "2016-09-30": "$1,883", "2016-06-30": "$1,672", "2016-03-31": "$1,454", "2015-12-31": "$1,019", "2015-09-30": "$1,428", "2015-06-30": "$1,691", "2015-03-31": "$1,600", "2014-12-31": "$1,030", "2014-09-30": "$1,639", "2014-06-30": "$1,668", "2014-03-31": "$1,669", "2013-12-31": "$1,120", "2013-09-30": "$1,486", "2013-06-30": "$1,538", "2013-03-31": "$1,351", "2012-12-31": "$1,338", "2012-09-30": "$1,384", "2012-06-30": "$1,425", "2012-03-31": "$1,275", "2011-12-31": "$1,391", "2011-09-30": "$1,288", "2011-06-30": "$1,239", "2011-03-31": "$1,110", "2010-12-31": "$1,614", "2010-09-30": "$1,090", "2010-06-30": "$1,316", "2010-03-31": "$1,137", "2009-12-31": "$1,553", "2009-09-30": "$1,283", "2009-06-30": "$1,286", "2009-03-31": "$1,259", "2008-12-31": "$1,499", "2008-09-30": "$1,456", "2008-06-30": "$1,565", "2008-03-31": "$1,374", "2007-12-31": "$1,463", "2007-09-30": "$1,365", "2007-06-30": "$1,348", "2007-03-31": "$1,170", "2006-12-31": "$1,222", "2006-09-30": "$1,036", "2006-06-30": "$1,131", "2006-03-31": "$1,145", "2005-12-31": "$1,233", "2005-09-30": "$792", "2005-06-30": "$828", "2005-03-31": "$705"}}, "net-income": {"Lockheed Martin Annual Net Income (Millions of US $)": {"2020": "$6,833", "2019": "$6,230", "2018": "$5,046", "2017": "$1,963", "2016": "$5,173", "2015": "$3,605", "2014": "$3,614", "2013": "$2,981", "2012": "$2,745", "2011": "$2,655", "2010": "$2,878", "2009": "$2,973", "2008": "$3,217", "2007": "$3,033", "2006": "$2,529", "2005": "$1,825"}, "Lockheed Martin Quarterly Net Income (Millions of US $)": {"2020-12-31": "$1,792", "2020-09-30": "$1,698", "2020-06-30": "$1,626", "2020-03-31": "$1,717", "2019-12-31": "$1,498", "2019-09-30": "$1,608", "2019-06-30": "$1,420", "2019-03-31": "$1,704", "2018-12-31": "$1,253", "2018-09-30": "$1,473", "2018-06-30": "$1,163", "2018-03-31": "$1,157", "2017-12-31": "$-744", "2017-09-30": "$963", "2017-06-30": "$955", "2017-03-31": "$789", "2016-12-31": "$859", "2016-09-30": "$2,395", "2016-06-30": "$1,021", "2016-03-31": "$898", "2015-12-31": "$933", "2015-09-30": "$865", "2015-06-30": "$929", "2015-03-31": "$878", "2014-12-31": "$904", "2014-09-30": "$888", "2014-06-30": "$889", "2014-03-31": "$933", "2013-12-31": "$488", "2013-09-30": "$873", "2013-06-30": "$859", "2013-03-31": "$761", "2012-12-31": "$569", "2012-09-30": "$727", "2012-06-30": "$781", "2012-03-31": "$668", "2011-12-31": "$683", "2011-09-30": "$700", "2011-06-30": "$742", "2011-03-31": "$530", "2010-12-31": "$961", "2010-09-30": "$560", "2010-06-30": "$824", "2010-03-31": "$533", "2009-12-31": "$776", "2009-09-30": "$797", "2009-06-30": "$734", "2009-03-31": "$666", "2008-12-31": "$823", "2008-09-30": "$782", "2008-06-30": "$882", "2008-03-31": "$730", "2007-12-31": "$799", "2007-09-30": "$766", "2007-06-30": "$778", "2007-03-31": "$690", "2006-12-31": "$729", "2006-09-30": "$629", "2006-06-30": "$580", "2006-03-31": "$591", "2005-12-31": "$568", "2005-09-30": "$427", "2005-06-30": "$461", "2005-03-31": "$369"}}, "eps-earnings-per-share-diluted": {"Lockheed Martin Annual EPS": {"2020": "$24.30", "2019": "$21.95", "2018": "$17.59", "2017": "$6.75", "2016": "$17.07", "2015": "$11.46", "2014": "$11.21", "2013": "$9.13", "2012": "$8.36", "2011": "$7.81", "2010": "$7.81", "2009": "$7.64", "2008": "$7.86", "2007": "$7.10", "2006": "$5.80", "2005": "$4.10"}, "Lockheed Martin Quarterly EPS": {"2020-12-31": "$6.38", "2020-09-30": "$6.05", "2020-06-30": "$5.79", "2020-03-31": "$6.08", "2019-12-31": "$5.30", "2019-09-30": "$5.66", "2019-06-30": "$5.00", "2019-03-31": "$5.99", "2018-12-31": "$4.38", "2018-09-30": "$5.14", "2018-06-30": "$4.05", "2018-03-31": "$4.02", "2017-12-31": "$-2.54", "2017-09-30": "$3.32", "2017-06-30": "$3.28", "2017-03-31": "$2.69", "2016-12-31": "$2.91", "2016-09-30": "$7.93", "2016-06-30": "$3.32", "2016-03-31": "$2.91", "2015-12-31": "$3.01", "2015-09-30": "$2.77", "2015-06-30": "$2.94", "2015-03-31": "$2.74", "2014-12-31": "$2.82", "2014-09-30": "$2.76", "2014-06-30": "$2.76", "2014-03-31": "$2.87", "2013-12-31": "$1.50", "2013-09-30": "$2.66", "2013-06-30": "$2.64", "2013-03-31": "$2.33", "2012-12-31": "$1.74", "2012-09-30": "$2.21", "2012-06-30": "$2.38", "2012-03-31": "$2.03", "2011-12-31": "$2.07", "2011-09-30": "$2.10", "2011-06-30": "$2.14", "2011-03-31": "$1.50", "2010-12-31": "$2.64", "2010-09-30": "$1.54", "2010-06-30": "$2.22", "2010-03-31": "$1.41", "2009-12-31": "$2.01", "2009-09-30": "$2.07", "2009-06-30": "$1.88", "2009-03-31": "$1.68", "2008-12-31": "$2.04", "2008-09-30": "$1.92", "2008-06-30": "$2.15", "2008-03-31": "$1.75", "2007-12-31": "$1.88", "2007-09-30": "$1.80", "2007-06-30": "$1.82", "2007-03-31": "$1.60", "2006-12-31": "$1.66", "2006-09-30": "$1.46", "2006-06-30": "$1.34", "2006-03-31": "$1.34", "2005-12-31": "$1.29", "2005-09-30": "$0.96", "2005-06-30": "$1.02", "2005-03-31": "$0.83"}}, "shares-outstanding": {"Lockheed Martin Annual Shares Outstanding (Millions of Shares)": {"2020": "281", "2019": "284", "2018": "287", "2017": "291", "2016": "303", "2015": "315", "2014": "322", "2013": "327", "2012": "328", "2011": "340", "2010": "368", "2009": "389", "2008": "409", "2007": "427", "2006": "436", "2005": "446"}, "Lockheed Martin Quarterly Shares Outstanding (Millions of Shares)": {"2020-12-31": "281", "2020-09-30": "281", "2020-06-30": "281", "2020-03-31": "283", "2019-12-31": "284", "2019-09-30": "284", "2019-06-30": "284", "2019-03-31": "284", "2018-12-31": "287", "2018-09-30": "287", "2018-06-30": "287", "2018-03-31": "288", "2017-12-31": "291", "2017-09-30": "290", "2017-06-30": "291", "2017-03-31": "293", "2016-12-31": "303", "2016-09-30": "302", "2016-06-30": "307", "2016-03-31": "309", "2015-12-31": "315", "2015-09-30": "313", "2015-06-30": "316", "2015-03-31": "320", "2014-12-31": "322", "2014-09-30": "322", "2014-06-30": "322", "2014-03-31": "325", "2013-12-31": "327", "2013-09-30": "328", "2013-06-30": "326", "2013-03-31": "326", "2012-12-31": "328", "2012-09-30": "328", "2012-06-30": "329", "2012-03-31": "329", "2011-12-31": "340", "2011-09-30": "334", "2011-06-30": "347", "2011-03-31": "353", "2010-12-31": "368", "2010-09-30": "364", "2010-06-30": "372", "2010-03-31": "378", "2009-12-31": "389", "2009-09-30": "386", "2009-06-30": "391", "2009-03-31": "393", "2008-12-31": "409", "2008-09-30": "407", "2008-06-30": "410", "2008-03-31": "417", "2007-12-31": "427", "2007-09-30": "425", "2007-06-30": "427", "2007-03-31": "432", "2006-12-31": "436", "2006-09-30": "432", "2006-06-30": "434", "2006-03-31": "441", "2005-12-31": "446", "2005-09-30": "446", "2005-06-30": "451", "2005-03-31": "447"}}, "total-assets": {"Lockheed Martin Annual Total Assets (Millions of US $)": {"2020": "$50,710", "2019": "$47,528", "2018": "$44,876", "2017": "$46,620", "2016": "$47,806", "2015": "$49,304", "2014": "$37,046", "2013": "$36,188", "2012": "$38,657", "2011": "$37,908", "2010": "$35,113", "2009": "$35,111", "2008": "$33,439", "2007": "$28,926", "2006": "$28,231", "2005": "$27,744"}, "Lockheed Martin Quarterly Total Assets (Millions of US $)": {"2020-12-31": "$50,710", "2020-09-30": "$50,773", "2020-06-30": "$49,603", "2020-03-31": "$49,248", "2019-12-31": "$47,528", "2019-09-30": "$49,275", "2019-06-30": "$47,840", "2019-03-31": "$47,684", "2018-12-31": "$44,876", "2018-09-30": "$45,495", "2018-06-30": "$45,125", "2018-03-31": "$46,634", "2017-12-31": "$46,620", "2017-09-30": "$48,946", "2017-06-30": "$48,711", "2017-03-31": "$48,836", "2016-12-31": "$47,806", "2016-09-30": "$48,739", "2016-06-30": "$50,408", "2016-03-31": "$50,158", "2015-12-31": "$49,304", "2015-09-30": "$39,617", "2015-06-30": "$39,848", "2015-03-31": "$39,752", "2014-12-31": "$37,046", "2014-09-30": "$36,933", "2014-06-30": "$37,250", "2014-03-31": "$36,919", "2013-12-31": "$36,188", "2013-09-30": "$38,907", "2013-06-30": "$38,947", "2013-03-31": "$39,580", "2012-12-31": "$38,657", "2012-09-30": "$39,321", "2012-06-30": "$38,386", "2012-03-31": "$38,340", "2011-12-31": "$37,908", "2011-09-30": "$36,187", "2011-06-30": "$35,718", "2011-03-31": "$36,677", "2010-12-31": "$35,113", "2010-09-30": "$35,551", "2010-06-30": "$36,239", "2010-03-31": "$36,287", "2009-12-31": "$35,111", "2009-09-30": "$35,742", "2009-06-30": "$34,788", "2009-03-31": "$34,533", "2008-12-31": "$33,439", "2008-09-30": "$29,357", "2008-06-30": "$29,461", "2008-03-31": "$29,149", "2007-12-31": "$28,926", "2007-09-30": "$29,787", "2007-06-30": "$29,814", "2007-03-31": "$28,853", "2006-12-31": "$28,231", "2006-09-30": "$29,093", "2006-06-30": "$28,436", "2006-03-31": "$28,439", "2005-12-31": "$27,744", "2005-09-30": "$27,357", "2005-06-30": "$27,393", "2005-03-31": "$26,878"}}, "cash-on-hand": {"Lockheed Martin Annual Cash on Hand (Millions of US $)": {"2020": "$3,160", "2019": "$1,514", "2018": "$772", "2017": "$2,861", "2016": "$1,837", "2015": "$1,090", "2014": "$1,446", "2013": "$2,617", "2012": "$1,898", "2011": "$3,582", "2010": "$2,777", "2009": "$2,737", "2008": "$2,168", "2007": "$2,981", "2006": "$2,293", "2005": "$2,673"}, "Lockheed Martin Quarterly Cash on Hand (Millions of US $)": {"2020-12-31": "$3,160", "2020-09-30": "$3,585", "2020-06-30": "$2,855", "2020-03-31": "$1,988", "2019-12-31": "$1,514", "2019-09-30": "$2,539", "2019-06-30": "$1,167", "2019-03-31": "$991", "2018-12-31": "$772", "2018-09-30": "$897", "2018-06-30": "$1,181", "2018-03-31": "$2,393", "2017-12-31": "$2,861", "2017-09-30": "$2,941", "2017-06-30": "$2,452", "2017-03-31": "$2,216", "2016-12-31": "$1,837", "2016-09-30": "$2,895", "2016-06-30": "$1,269", "2016-03-31": "$1,452", "2015-12-31": "$1,090", "2015-09-30": "$3,300", "2015-06-30": "$3,202", "2015-03-31": "$3,486", "2014-12-31": "$1,446", "2014-09-30": "$2,963", "2014-06-30": "$3,436", "2014-03-31": "$3,264", "2013-12-31": "$2,617", "2013-09-30": "$2,661", "2013-06-30": "$2,845", "2013-03-31": "$3,065", "2012-12-31": "$1,898", "2012-09-30": "$4,652", "2012-06-30": "$3,802", "2012-03-31": "$3,518", "2011-12-31": "$3,582", "2011-09-30": "$4,567", "2011-06-30": "$3,522", "2011-03-31": "$3,861", "2010-12-31": "$2,777", "2010-09-30": "$3,423", "2010-06-30": "$3,599", "2010-03-31": "$3,288", "2009-12-31": "$2,737", "2009-09-30": "$2,709", "2009-06-30": "$2,672", "2009-03-31": "$2,384", "2008-12-31": "$2,168", "2008-09-30": "$2,534", "2008-06-30": "$3,310", "2008-03-31": "$2,947", "2007-12-31": "$2,981", "2007-09-30": "$3,429", "2007-06-30": "$3,337", "2007-03-31": "$3,074", "2006-12-31": "$2,293", "2006-09-30": "$2,683", "2006-06-30": "$3,386", "2006-03-31": "$3,139", "2005-12-31": "$2,673", "2005-09-30": "$3,566", "2005-06-30": "$3,476", "2005-03-31": "$3,133"}}, "long-term-debt": {"Lockheed Martin Annual Long Term Debt (Millions of US $)": {"2020": "$11,669", "2019": "$11,404", "2018": "$12,604", "2017": "$13,513", "2016": "$14,282", "2015": "$14,305", "2014": "$6,142", "2013": "$6,152", "2012": "$6,158", "2011": "$6,460", "2010": "$5,019", "2009": "$5,052", "2008": "$3,563", "2007": "$4,303", "2006": "$4,405", "2005": "$4,784"}, "Lockheed Martin Quarterly Long Term Debt (Millions of US $)": {"2020-12-31": "$11,669", "2020-09-30": "$11,675", "2020-06-30": "$12,174", "2020-03-31": "$11,439", "2019-12-31": "$11,404", "2019-09-30": "$12,652", "2019-06-30": "$12,637", "2019-03-31": "$12,621", "2018-12-31": "$12,604", "2018-09-30": "$13,486", "2018-06-30": "$13,479", "2018-03-31": "$13,473", "2017-12-31": "$13,513", "2017-09-30": "$14,268", "2017-06-30": "$14,283", "2017-03-31": "$14,276", "2016-12-31": "$14,282", "2016-09-30": "$14,304", "2016-06-30": "$14,307", "2016-03-31": "$14,320", "2015-12-31": "$14,305", "2015-09-30": "$7,460", "2015-06-30": "$7,950", "2015-03-31": "$8,404", "2014-12-31": "$6,142", "2014-09-30": "$6,165", "2014-06-30": "$6,169", "2014-03-31": "$6,152", "2013-12-31": "$6,152", "2013-09-30": "$6,156", "2013-06-30": "$6,140", "2013-03-31": "$6,154", "2012-12-31": "$6,158", "2012-09-30": "$6,374", "2012-06-30": "$6,343", "2012-03-31": "$6,472", "2011-12-31": "$6,460", "2011-09-30": "$6,538", "2011-06-30": "$5,031", "2011-03-31": "$5,023", "2010-12-31": "$5,019", "2010-09-30": "$5,019", "2010-06-30": "$5,019", "2010-03-31": "$5,053", "2009-12-31": "$5,052", "2009-09-30": "$3,563", "2009-06-30": "$3,563", "2009-03-31": "$3,563", "2008-12-31": "$3,563", "2008-09-30": "$3,804", "2008-06-30": "$3,803", "2008-03-31": "$4,803", "2007-12-31": "$4,303", "2007-09-30": "$4,303", "2007-06-30": "$4,302", "2007-03-31": "$4,405", "2006-12-31": "$4,405", "2006-09-30": "$4,403", "2006-06-30": "$4,746", "2006-03-31": "$4,762", "2005-12-31": "$4,784", "2005-09-30": "$4,874", "2005-06-30": "$4,874", "2005-03-31": "$5,104"}}, "total-liabilities": {"Lockheed Martin Annual Total Liabilities (Millions of US $)": {"2020": "$44,672", "2019": "$44,357", "2018": "$43,427", "2017": "$47,396", "2016": "$46,200", "2015": "$46,207", "2014": "$33,646", "2013": "$31,270", "2012": "$38,618", "2011": "$36,907", "2010": "$31,616", "2009": "$30,982", "2008": "$30,574", "2007": "$19,121", "2006": "$21,347", "2005": "$19,877"}, "Lockheed Martin Quarterly Total Liabilities (Millions of US $)": {"2020-12-31": "$44,672", "2020-09-30": "$45,787", "2020-06-30": "$45,817", "2020-03-31": "$45,761", "2019-12-31": "$44,357", "2019-09-30": "$45,338", "2019-06-30": "$44,944", "2019-03-31": "$45,162", "2018-12-31": "$43,427", "2018-09-30": "$44,493", "2018-06-30": "$44,646", "2018-03-31": "$46,745", "2017-12-31": "$47,396", "2017-09-30": "$46,771", "2017-06-30": "$47,362", "2017-03-31": "$47,251", "2016-12-31": "$46,200", "2016-09-30": "$46,309", "2016-06-30": "$47,411", "2016-03-31": "$46,981", "2015-12-31": "$46,207", "2015-09-30": "$36,804", "2015-06-30": "$36,866", "2015-03-31": "$36,232", "2014-12-31": "$33,646", "2014-09-30": "$32,359", "2014-06-30": "$32,931", "2014-03-31": "$32,119", "2013-12-31": "$31,270", "2013-09-30": "$37,630", "2013-06-30": "$38,253", "2013-03-31": "$39,276", "2012-12-31": "$38,618", "2012-09-30": "$36,879", "2012-06-30": "$36,182", "2012-03-31": "$36,767", "2011-12-31": "$36,907", "2011-09-30": "$33,244", "2011-06-30": "$32,430", "2011-03-31": "$32,886", "2010-12-31": "$31,616", "2010-09-30": "$31,633", "2010-06-30": "$32,505", "2010-03-31": "$32,259", "2009-12-31": "$30,982", "2009-09-30": "$32,602", "2009-06-30": "$31,968", "2009-03-31": "$31,714", "2008-12-31": "$30,574", "2008-09-30": "$19,549", "2008-06-30": "$20,127", "2008-03-31": "$19,782", "2007-12-31": "$19,121", "2007-09-30": "$22,359", "2007-06-30": "$22,655", "2007-03-31": "$21,825", "2006-12-31": "$21,347", "2006-09-30": "$21,010", "2006-06-30": "$20,778", "2006-03-31": "$20,503", "2005-12-31": "$19,877", "2005-09-30": "$19,624", "2005-06-30": "$19,507", "2005-03-31": "$19,437"}}, "total-share-holder-equity": {"Lockheed Martin Annual Share Holder Equity (Millions of US $)": {"2020": "$6,038", "2019": "$3,171", "2018": "$1,449", "2017": "$-776", "2016": "$1,606", "2015": "$3,097", "2014": "$3,400", "2013": "$4,918", "2012": "$39", "2011": "$1,001", "2010": "$3,497", "2009": "$4,129", "2008": "$2,865", "2007": "$9,805", "2006": "$6,884", "2005": "$7,867"}, "Lockheed Martin Quarterly Share Holder Equity (Millions of US $)": {"2020-12-31": "$6,038", "2020-09-30": "$4,986", "2020-06-30": "$3,786", "2020-03-31": "$3,487", "2019-12-31": "$3,171", "2019-09-30": "$3,937", "2019-06-30": "$2,896", "2019-03-31": "$2,522", "2018-12-31": "$1,449", "2018-09-30": "$1,002", "2018-06-30": "$479", "2018-03-31": "$-111", "2017-12-31": "$-776", "2017-09-30": "$2,175", "2017-06-30": "$1,349", "2017-03-31": "$1,585", "2016-12-31": "$1,606", "2016-09-30": "$2,430", "2016-06-30": "$2,997", "2016-03-31": "$3,177", "2015-12-31": "$3,097", "2015-09-30": "$2,813", "2015-06-30": "$2,982", "2015-03-31": "$3,520", "2014-12-31": "$3,400", "2014-09-30": "$4,574", "2014-06-30": "$4,319", "2014-03-31": "$4,800", "2013-12-31": "$4,918", "2013-09-30": "$1,277", "2013-06-30": "$694", "2013-03-31": "$304", "2012-12-31": "$39", "2012-09-30": "$2,442", "2012-06-30": "$2,204", "2012-03-31": "$1,573", "2011-12-31": "$1,001", "2011-09-30": "$2,943", "2011-06-30": "$3,288", "2011-03-31": "$3,791", "2010-12-31": "$3,497", "2010-09-30": "$3,918", "2010-06-30": "$3,734", "2010-03-31": "$4,028", "2009-12-31": "$4,129", "2009-09-30": "$3,140", "2009-06-30": "$2,820", "2009-03-31": "$2,819", "2008-12-31": "$2,865", "2008-09-30": "$9,808", "2008-06-30": "$9,334", "2008-03-31": "$9,367", "2007-12-31": "$9,805", "2007-09-30": "$7,428", "2007-06-30": "$7,159", "2007-03-31": "$7,028", "2006-12-31": "$6,884", "2006-09-30": "$8,083", "2006-06-30": "$7,658", "2006-03-31": "$7,936", "2005-12-31": "$7,867", "2005-09-30": "$7,733", "2005-06-30": "$7,886", "2005-03-31": "$7,441"}}, "profit-margins": {"current": "10.45%"}, "gross margin": {"2020-12-31": "13.23%", "2020-09-30": "13.33%", "2020-06-30": "13.49%", "2020-03-31": "13.53%", "2019-12-31": "13.99%", "2019-09-30": "14.03%", "2019-06-30": "13.99%", "2019-03-31": "13.82%", "2018-12-31": "13.53%", "2018-09-30": "13.24%", "2018-06-30": "13.12%", "2018-03-31": "13.15%", "2017-12-31": "12.75%", "2017-09-30": "12.73%", "2017-06-30": "12.50%", "2017-03-31": "11.87%", "2016-12-31": "11.42%", "2016-09-30": "10.59%", "2016-06-30": "10.27%", "2016-03-31": "10.60%", "2015-12-31": "11.08%", "2015-09-30": "11.44%", "2015-06-30": "11.59%", "2015-03-31": "11.61%", "2014-12-31": "11.72%", "2014-09-30": "10.59%", "2014-06-30": "10.34%", "2014-03-31": "10.05%", "2013-12-31": "9.23%", "2013-09-30": "9.68%", "2013-06-30": "9.22%", "2013-03-31": "9.00%", "2012-12-31": "8.89%", "2012-09-30": "8.94%", "2012-06-30": "8.84%", "2012-03-31": "8.35%", "2011-12-31": "8.05%", "2011-09-30": "8.16%", "2011-06-30": "7.84%", "2011-03-31": "8.19%", "2010-12-31": "8.42%", "2010-09-30": "8.68%", "2010-06-30": "9.24%", "2010-03-31": "9.21%", "2009-12-31": "9.45%", "2009-09-30": "9.99%", "2009-06-30": "10.36%", "2009-03-31": "10.80%", "2008-12-31": "11.06%", "2008-09-30": "10.62%", "2008-06-30": "10.55%", "2008-03-31": "10.32%", "2007-12-31": "10.11%", "2007-09-30": "9.89%", "2007-06-30": "9.41%", "2007-03-31": "9.03%", "2006-12-31": "8.67%", "2006-09-30": "8.01%", "2006-06-30": "7.61%", "2006-03-31": "7.26%", "2005-12-31": "6.82%"}, "operating margin": {"2020-12-31": "13.22%", "2020-09-30": "13.24%", "2020-06-30": "13.45%", "2020-03-31": "13.72%", "2019-12-31": "14.29%", "2019-09-30": "14.13%", "2019-06-30": "14.10%", "2019-03-31": "13.98%", "2018-12-31": "13.64%", "2018-09-30": "13.97%", "2018-06-30": "13.95%", "2018-03-31": "14.03%", "2017-12-31": "13.50%", "2017-09-30": "13.15%", "2017-06-30": "13.18%", "2017-03-31": "12.74%", "2016-12-31": "12.45%", "2016-09-30": "11.46%", "2016-06-30": "10.91%", "2016-03-31": "11.07%", "2015-12-31": "11.62%", "2015-09-30": "12.29%", "2015-06-30": "12.47%", "2015-03-31": "12.53%", "2014-12-31": "12.55%", "2014-09-30": "11.40%", "2014-06-30": "11.03%", "2014-03-31": "10.72%", "2013-12-31": "9.93%", "2013-09-30": "10.30%", "2013-06-30": "9.94%", "2013-03-31": "9.60%", "2012-12-31": "9.40%", "2012-09-30": "9.50%", "2012-06-30": "9.25%", "2012-03-31": "8.90%", "2011-12-31": "8.65%", "2011-09-30": "8.67%", "2011-06-30": "8.46%", "2011-03-31": "8.77%", "2010-12-31": "8.99%", "2010-09-30": "9.18%", "2010-06-30": "9.73%", "2010-03-31": "9.69%", "2009-12-31": "9.96%", "2009-09-30": "10.64%", "2009-06-30": "11.11%", "2009-03-31": "11.80%", "2008-12-31": "12.20%", "2008-09-30": "11.78%", "2008-06-30": "11.45%", "2008-03-31": "11.09%", "2007-12-31": "10.81%", "2007-09-30": "10.31%", "2007-06-30": "9.92%", "2007-03-31": "9.54%", "2006-12-31": "9.52%", "2006-09-30": "9.75%", "2006-06-30": "9.24%", "2006-03-31": "8.65%", "2005-12-31": "7.67%"}, "ebitda margin": {"2020-12-31": "15.19%", "2020-09-30": "15.18%", "2020-06-30": "15.41%", "2020-03-31": "15.70%", "2019-12-31": "16.27%", "2019-09-30": "16.14%", "2019-06-30": "16.12%", "2019-03-31": "16.03%", "2018-12-31": "15.80%", "2018-09-30": "16.17%", "2018-06-30": "16.26%", "2018-03-31": "16.39%", "2017-12-31": "15.89%", "2017-09-30": "15.57%", "2017-06-30": "15.63%", "2017-03-31": "15.24%", "2016-12-31": "15.02%", "2016-09-30": "14.28%", "2016-06-30": "13.68%", "2016-03-31": "13.71%", "2015-12-31": "14.16%", "2015-09-30": "14.86%", "2015-06-30": "15.00%", "2015-03-31": "15.07%", "2014-12-31": "15.04%", "2014-09-30": "13.67%", "2014-06-30": "13.25%", "2014-03-31": "12.94%", "2013-12-31": "12.11%", "2013-09-30": "12.44%", "2013-06-30": "12.08%", "2013-03-31": "11.71%", "2012-12-31": "11.49%", "2012-09-30": "11.58%", "2012-06-30": "11.31%", "2012-03-31": "11.01%", "2011-12-31": "10.81%", "2011-09-30": "11.17%", "2011-06-30": "10.93%", "2011-03-31": "11.16%", "2010-12-31": "11.29%", "2010-09-30": "11.42%", "2010-06-30": "12.01%", "2010-03-31": "12.00%", "2009-12-31": "12.27%", "2009-09-30": "12.69%", "2009-06-30": "13.16%", "2009-03-31": "13.84%", "2008-12-31": "14.25%", "2008-09-30": "13.80%", "2008-06-30": "13.42%", "2008-03-31": "13.04%", "2007-12-31": "12.77%", "2007-09-30": "12.20%", "2007-06-30": "11.83%", "2007-03-31": "11.49%", "2006-12-31": "11.44%", "2006-09-30": "11.65%", "2006-06-30": "11.14%", "2006-03-31": "10.54%", "2005-12-31": "9.56%"}, "pre tax profit margin": {"2020-12-31": "12.59%", "2020-09-30": "12.27%", "2020-06-30": "12.09%", "2020-03-31": "11.98%", "2019-12-31": "12.11%", "2019-09-30": "11.81%", "2019-06-30": "11.63%", "2019-03-31": "11.38%", "2018-12-31": "10.86%", "2018-09-30": "11.14%", "2018-06-30": "11.03%", "2018-03-31": "11.06%", "2017-12-31": "10.50%", "2017-09-30": "9.61%", "2017-06-30": "10.03%", "2017-03-31": "9.96%", "2016-12-31": "10.05%", "2016-09-30": "10.02%", "2016-06-30": "9.56%", "2016-03-31": "9.87%", "2015-12-31": "10.61%", "2015-09-30": "11.31%", "2015-06-30": "11.57%", "2015-03-31": "11.66%", "2014-12-31": "11.71%", "2014-09-30": "10.64%", "2014-06-30": "10.28%", "2014-03-31": "9.96%", "2013-12-31": "9.16%", "2013-09-30": "9.51%", "2013-06-30": "9.13%", "2013-03-31": "8.83%", "2012-12-31": "8.63%", "2012-09-30": "8.63%", "2012-06-30": "8.38%", "2012-03-31": "8.02%", "2011-12-31": "7.81%", "2011-09-30": "7.93%", "2011-06-30": "7.80%", "2011-03-31": "8.04%", "2010-12-31": "8.27%", "2010-09-30": "8.57%", "2010-06-30": "9.18%", "2010-03-31": "9.32%", "2009-12-31": "9.53%", "2009-09-30": "9.93%", "2009-06-30": "10.20%", "2009-03-31": "10.82%", "2008-12-31": "11.18%", "2008-09-30": "11.11%", "2008-06-30": "10.92%", "2008-03-31": "10.62%", "2007-12-31": "10.43%", "2007-09-30": "10.12%", "2007-06-30": "9.74%", "2007-03-31": "9.18%", "2006-12-31": "9.07%", "2006-09-30": "8.55%", "2006-06-30": "8.12%", "2006-03-31": "7.78%", "2005-12-31": "7.03%"}, "net profit margin": {"2020-12-31": "10.45%", "2020-09-30": "10.18%", "2020-06-30": "10.25%", "2020-03-31": "10.21%", "2019-12-31": "10.42%", "2019-09-30": "10.26%", "2019-06-30": "10.18%", "2019-03-31": "9.91%", "2018-12-31": "9.39%", "2018-09-30": "5.73%", "2018-06-30": "4.96%", "2018-03-31": "4.63%", "2017-12-31": "3.93%", "2017-09-30": "7.14%", "2017-06-30": "10.18%", "2017-03-31": "10.52%", "2016-12-31": "10.94%", "2016-09-30": "12.43%", "2016-06-30": "9.13%", "2016-03-31": "8.89%", "2015-12-31": "8.89%", "2015-09-30": "9.24%", "2015-06-30": "9.06%", "2015-03-31": "9.03%", "2014-12-31": "9.05%", "2014-09-30": "7.17%", "2014-06-30": "7.10%", "2014-03-31": "7.02%", "2013-12-31": "6.57%", "2013-09-30": "6.67%", "2013-06-30": "6.28%", "2013-03-31": "6.04%", "2012-12-31": "5.82%", "2012-09-30": "6.05%", "2012-06-30": "5.96%", "2012-03-31": "5.92%", "2011-12-31": "5.71%", "2011-09-30": "6.24%", "2011-06-30": "6.04%", "2011-03-31": "6.26%", "2010-12-31": "6.30%", "2010-09-30": "6.04%", "2010-06-30": "6.65%", "2010-03-31": "6.48%", "2009-12-31": "6.78%", "2009-09-30": "7.19%", "2009-06-30": "7.19%", "2009-03-31": "7.55%", "2008-12-31": "7.78%", "2008-09-30": "7.52%", "2008-06-30": "7.40%", "2008-03-31": "7.22%", "2007-12-31": "7.25%", "2007-09-30": "7.08%", "2007-06-30": "7.00%", "2007-03-31": "6.62%", "2006-12-31": "6.38%", "2006-09-30": "6.07%", "2006-06-30": "5.61%", "2006-03-31": "5.40%", "2005-12-31": "4.90%"}, "pe ratio": {"current": "13.78", "2021-02-11": "18.93", "2020-12-31": "19.81", "2020-09-30": "16.40", "2020-06-30": "15.78", "2020-03-31": "15.09", "2019-12-31": "17.29", "2019-09-30": "17.96", "2019-06-30": "17.06", "2019-03-31": "14.68", "2018-12-31": "14.13", "2018-09-30": "29.77", "2018-06-30": "30.56", "2018-03-31": "38.20", "2017-12-31": "43.53", "2017-09-30": "22.97", "2017-06-30": "14.84", "2017-03-31": "14.13", "2016-12-31": "13.14", "2016-09-30": "12.77", "2016-06-30": "18.92", "2016-03-31": "17.34", "2015-12-31": "16.63", "2015-09-30": "16.03", "2015-06-30": "14.28", "2015-03-31": "15.72", "2014-12-31": "14.64", "2014-09-30": "15.62", "2014-06-30": "13.77", "2014-03-31": "14.05", "2013-12-31": "13.44", "2013-09-30": "11.14", "2013-06-30": "9.86", "2013-03-31": "8.94", "2012-12-31": "8.75", "2012-09-30": "8.38", "2012-06-30": "7.83", "2012-03-31": "8.21", "2011-12-31": "7.80", "2011-09-30": "6.39", "2011-06-30": "7.53", "2011-03-31": "7.33", "2010-12-31": "6.35", "2010-09-30": "6.89", "2010-06-30": "6.69", "2010-03-31": "7.74", "2009-12-31": "6.75", "2009-09-30": "7.05", "2009-06-30": "7.37", "2009-03-31": "6.05", "2008-12-31": "7.24", "2008-09-30": "9.56", "2008-06-30": "8.71", "2008-03-31": "9.13", "2007-12-31": "9.84", "2007-09-30": "10.41", "2007-06-30": "9.47", "2007-03-31": "10.49", "2006-12-31": "10.37"}, "price sales": {"2021-02-11": "1.46", "2020-12-31": "1.53", "2020-09-30": "1.67", "2020-06-30": "1.62", "2020-03-31": "1.54", "2019-12-31": "1.80", "2019-09-30": "1.84", "2019-06-30": "1.74", "2019-03-31": "1.46", "2018-12-31": "1.33", "2018-09-30": "1.77", "2018-06-30": "1.56", "2018-03-31": "1.81", "2017-12-31": "1.73", "2017-09-30": "1.68", "2017-06-30": "1.54", "2017-03-31": "1.52", "2016-12-31": "1.46", "2016-09-30": "1.57", "2016-06-30": "1.69", "2016-03-31": "1.50", "2015-12-31": "1.49", "2015-09-30": "1.48", "2015-06-30": "1.29", "2015-03-31": "1.42", "2014-12-31": "1.33", "2014-09-30": "1.12", "2014-06-30": "0.98", "2014-03-31": "0.99", "2013-12-31": "0.88", "2013-09-30": "0.74", "2013-06-30": "0.62", "2013-03-31": "0.54", "2012-12-31": "0.51", "2012-09-30": "0.51", "2012-06-30": "0.47", "2012-03-31": "0.49", "2011-12-31": "0.45", "2011-09-30": "0.40", "2011-06-30": "0.46", "2011-03-31": "0.47", "2010-12-31": "0.41", "2010-09-30": "0.43", "2010-06-30": "0.46", "2010-03-31": "0.52", "2009-12-31": "0.47", "2009-09-30": "0.51", "2009-06-30": "0.53", "2009-03-31": "0.46", "2008-12-31": "0.57", "2008-09-30": "0.72", "2008-06-30": "0.65", "2008-03-31": "0.66", "2007-12-31": "0.71", "2007-09-30": "0.74", "2007-06-30": "0.66", "2007-03-31": "0.70", "2006-12-31": "0.66"}, "price book": {"current": "15.88", "2021-02-11": "15.67", "2020-12-31": "16.40", "2020-09-30": "21.36", "2020-06-30": "26.59", "2020-03-31": "26.74", "2019-12-31": "33.50", "2019-09-30": "27.07", "2019-06-30": "34.14", "2019-03-31": "32.17", "2018-12-31": "48.24", "2018-09-30": "92.62", "2018-06-30": "164.63", "2018-03-31": "-809.50", "2017-12-31": "-108.82", "2017-09-30": "37.65", "2017-06-30": "54.22", "2017-03-31": "44.42", "2016-12-31": "40.61", "2016-09-30": "25.92", "2016-06-30": "22.35", "2016-03-31": "18.75", "2015-12-31": "18.65", "2015-09-30": "19.72", "2015-06-30": "16.75", "2015-03-31": "15.58", "2014-12-31": "15.15", "2014-09-30": "10.67", "2014-06-30": "9.91", "2014-03-31": "8.98", "2013-12-31": "7.96", "2013-09-30": "26.16", "2013-06-30": "40.64", "2013-03-31": "81.54", "2012-12-31": "601.03", "2012-09-30": "9.67", "2012-06-30": "9.91", "2012-03-31": "14.17", "2011-12-31": "19.60", "2011-09-30": "5.95", "2011-06-30": "6.10", "2011-03-31": "5.38", "2010-12-31": "5.01", "2010-09-30": "4.69", "2010-06-30": "5.14", "2010-03-31": "5.40", "2009-12-31": "4.76", "2009-09-30": "6.56", "2009-06-30": "7.56", "2009-03-31": "6.51", "2008-12-31": "7.81", "2008-09-30": "3.01", "2008-06-30": "2.81", "2008-03-31": "2.85", "2007-12-31": "2.92", "2007-09-30": "4.00", "2007-06-30": "3.59", "2007-03-31": "3.81", "2006-12-31": "3.69", "2006-09-30": "2.95", "2006-06-30": "2.58", "2006-03-31": "2.65"}, "price fcf": {"2021-02-11": "", "2020-12-31": "$22.82", "2020-09-30": "$21.99", "2020-06-30": "$24.42", "2020-03-31": "$22.83", "2019-12-31": "$20.53", "2019-09-30": "$23.67", "2019-06-30": "$16.06", "2019-03-31": "$9.89", "2018-12-31": "$6.49", "2018-09-30": "$3.78", "2018-06-30": "$9.03", "2018-03-31": "$14.57", "2017-12-31": "$18.23", "2017-09-30": "$15.73", "2017-06-30": "$14.13", "2017-03-31": "$13.81", "2016-12-31": "$13.61", "2016-09-30": "$15.56", "2016-06-30": "$16.15", "2016-03-31": "$15.52", "2015-12-31": "$13.23", "2015-09-30": "$8.50", "2015-06-30": "$6.65", "2015-03-31": "$5.85", "2014-12-31": "$9.37", "2014-09-30": "$13.07", "2014-06-30": "$12.69", "2014-03-31": "$11.44", "2013-12-31": "$11.36", "2013-09-30": "$4.21", "2013-06-30": "$6.30", "2013-03-31": "$6.95", "2012-12-31": "$1.88", "2012-09-30": "$9.02", "2012-06-30": "$6.05", "2012-03-31": "$6.10", "2011-12-31": "$9.61", "2011-09-30": "$6.96", "2011-06-30": "$6.86", "2011-03-31": "$7.79", "2010-12-31": "$7.40", "2010-09-30": "$5.64", "2010-06-30": "$7.84", "2010-03-31": "$7.33", "2009-12-31": "$5.97", "2009-09-30": "$9.91", "2009-06-30": "$8.68", "2009-03-31": "$9.44", "2008-12-31": "$8.54", "2008-09-30": "$7.03", "2008-06-30": "$6.66", "2008-03-31": "$6.35", "2007-12-31": "$7.72", "2007-09-30": "$7.51", "2007-06-30": "$6.91", "2007-03-31": "$7.35", "2006-12-31": "$6.58"}, "net worth": {"value": "$95.89B"}, "current ratio": {"current": "1.39", "2020-12-31": "1.39", "2020-09-30": "1.34", "2020-06-30": "1.31", "2020-03-31": "1.23", "2019-12-31": "1.22", "2019-09-30": "1.28", "2019-06-30": "1.20", "2019-03-31": "1.17", "2018-12-31": "1.12", "2018-09-30": "1.11", "2018-06-30": "1.19", "2018-03-31": "1.28", "2017-12-31": "1.36", "2017-09-30": "1.32", "2017-06-30": "1.21", "2017-03-31": "1.22", "2016-12-31": "1.21", "2016-09-30": "1.19", "2016-06-30": "1.03", "2016-03-31": "1.06", "2015-12-31": "1.05", "2015-09-30": "1.16", "2015-06-30": "1.21", "2015-03-31": "1.32", "2014-12-31": "1.11", "2014-09-30": "1.13", "2014-06-30": "1.17", "2014-03-31": "1.19", "2013-12-31": "1.20", "2013-09-30": "1.15", "2013-06-30": "1.17", "2013-03-31": "1.18", "2012-12-31": "1.14", "2012-09-30": "1.25", "2012-06-30": "1.21", "2012-03-31": "1.19", "2011-12-31": "1.16", "2011-09-30": "1.21", "2011-06-30": "1.16", "2011-03-31": "1.19", "2010-12-31": "1.13", "2010-09-30": "1.20", "2010-06-30": "1.20", "2010-03-31": "1.20", "2009-12-31": "1.17", "2009-09-30": "1.07", "2009-06-30": "1.06", "2009-03-31": "1.03", "2008-12-31": "1.01", "2008-09-30": "1.02", "2008-06-30": "1.01", "2008-03-31": "1.13", "2007-12-31": "1.09", "2007-09-30": "1.12", "2007-06-30": "1.09", "2007-03-31": "1.10", "2006-12-31": "1.06", "2006-09-30": "1.06", "2006-06-30": "1.11", "2006-03-31": "1.15", "2005-12-31": "1.12", "2005-09-30": "1.16", "2005-06-30": "1.15", "2005-03-31": "1.17"}, "quick ratio": {"2020-12-31": "1.14", "2020-09-30": "1.12", "2020-06-30": "1.08", "2020-03-31": "1.00", "2019-12-31": "0.97", "2019-09-30": "1.05", "2019-06-30": "0.96", "2019-03-31": "0.96", "2018-12-31": "0.91", "2018-09-30": "0.91", "2018-06-30": "0.97", "2018-03-31": "1.05", "2017-12-31": "1.13", "2017-09-30": "0.95", "2017-06-30": "0.85", "2017-03-31": "0.85", "2016-12-31": "0.83", "2016-09-30": "0.85", "2016-06-30": "0.70", "2016-03-31": "0.71", "2015-12-31": "0.70", "2015-09-30": "0.91", "2015-06-30": "0.97", "2015-03-31": "1.05", "2014-12-31": "0.86", "2014-09-30": "0.89", "2014-06-30": "0.95", "2014-03-31": "0.94", "2013-12-31": "0.93", "2013-09-30": "0.91", "2013-06-30": "0.94", "2013-03-31": "0.95", "2012-12-31": "0.90", "2012-09-30": "1.02", "2012-06-30": "1.00", "2012-03-31": "1.00", "2011-12-31": "0.96", "2011-09-30": "1.06", "2011-06-30": "0.97", "2011-03-31": "1.00", "2010-12-31": "0.92", "2010-09-30": "1.02", "2010-06-30": "1.00", "2010-03-31": "0.99", "2009-12-31": "0.96", "2009-09-30": "0.90", "2009-06-30": "0.89", "2009-03-31": "0.86", "2008-12-31": "0.83", "2008-09-30": "0.85", "2008-06-30": "0.86", "2008-03-31": "0.97", "2007-12-31": "0.92", "2007-09-30": "0.98", "2007-06-30": "0.96", "2007-03-31": "0.96", "2006-12-31": "0.89", "2006-09-30": "0.86", "2006-06-30": "0.92", "2006-03-31": "0.95", "2005-12-31": "0.91", "2005-09-30": "0.99", "2005-06-30": "0.97", "2005-03-31": "0.98"}, "debt equity ratio": {"current": "1.93", "2020-12-31": "7.40", "2020-09-30": "9.18", "2020-06-30": "12.10", "2020-03-31": "13.12", "2019-12-31": "13.99", "2019-09-30": "11.52", "2019-06-30": "15.52", "2019-03-31": "17.91", "2018-12-31": "29.97", "2018-09-30": "44.40", "2018-06-30": "93.21", "2018-03-31": "-421.13", "2017-12-31": "-61.08", "2017-09-30": "21.50", "2017-06-30": "35.11", "2017-03-31": "29.81", "2016-12-31": "28.77", "2016-09-30": "19.06", "2016-06-30": "15.82", "2016-03-31": "14.79", "2015-12-31": "14.92", "2015-09-30": "13.08", "2015-06-30": "12.36", "2015-03-31": "10.29", "2014-12-31": "9.90", "2014-09-30": "7.08", "2014-06-30": "7.63", "2014-03-31": "6.69", "2013-12-31": "6.36", "2013-09-30": "29.47", "2013-06-30": "55.12", "2013-03-31": "129.20", "2012-12-31": "990.21", "2012-09-30": "15.10", "2012-06-30": "16.42", "2012-03-31": "23.37", "2011-12-31": "36.87", "2011-09-30": "11.30", "2011-06-30": "9.86", "2011-03-31": "8.68", "2010-12-31": "9.04", "2010-09-30": "8.07", "2010-06-30": "8.71", "2010-03-31": "8.01", "2009-12-31": "7.50", "2009-09-30": "10.38", "2009-06-30": "11.34", "2009-03-31": "11.25", "2008-12-31": "10.67", "2008-09-30": "1.99", "2008-06-30": "2.16", "2008-03-31": "2.11", "2007-12-31": "1.95", "2007-09-30": "3.01", "2007-06-30": "3.17", "2007-03-31": "3.11", "2006-12-31": "3.10", "2006-09-30": "2.60", "2006-06-30": "2.71", "2006-03-31": "2.58", "2005-12-31": "2.53", "2005-09-30": "2.54", "2005-06-30": "2.47", "2005-03-31": "2.61"}, "return on equity": {"2020-12-31": "149.38%", "2020-09-30": "169.51%", "2020-06-30": "179.38%", "2020-03-31": "185.10%", "2019-12-31": "198.95%", "2019-09-30": "221.58%", "2019-06-30": "297.37%", "2019-03-31": "410.34%", "2018-12-31": "716.00%", "2018-09-30": "2053.20%", "2018-06-30": "574.76%", "2018-03-31": "353.58%", "2017-12-31": "181.21%", "2017-09-30": "212.42%", "2017-06-30": "286.83%", "2017-03-31": "235.04%", "2016-12-31": "202.66%", "2016-09-30": "179.37%", "2016-06-30": "123.04%", "2016-03-31": "120.14%", "2015-12-31": "116.18%", "2015-09-30": "112.50%", "2015-06-30": "99.45%", "2015-03-31": "90.03%", "2014-12-31": "84.57%", "2014-09-30": "68.73%", "2014-06-30": "83.14%", "2014-03-31": "107.90%", "2013-12-31": "165.77%", "2013-09-30": "529.30%", "2013-06-30": "335.27%", "2013-03-31": "227.54%", "2012-12-31": "175.46%", "2012-09-30": "158.39%", "2012-06-30": "146.72%", "2012-03-31": "126.88%", "2011-12-31": "96.34%", "2011-09-30": "86.78%", "2011-06-30": "77.08%", "2011-03-31": "76.97%", "2010-12-31": "75.85%", "2010-09-30": "68.14%", "2010-06-30": "77.97%", "2010-03-31": "80.47%", "2009-12-31": "92.13%", "2009-09-30": "103.74%", "2009-06-30": "65.64%", "2009-03-31": "50.80%", "2008-12-31": "41.01%", "2008-09-30": "33.34%", "2008-06-30": "35.36%", "2008-03-31": "36.41%", "2007-12-31": "38.61%", "2007-09-30": "41.59%", "2007-06-30": "38.77%", "2007-03-31": "35.45%", "2006-12-31": "33.10%", "2006-09-30": "30.03%", "2006-06-30": "27.77%", "2006-03-31": "26.06%", "2005-12-31": "23.60%"}, "return on assets": {"2020-12-31": "13.64%", "2020-09-30": "13.27%", "2020-06-30": "13.18%", "2020-03-31": "12.88%", "2019-12-31": "12.96%", "2019-09-30": "12.62%", "2019-06-30": "12.59%", "2019-03-31": "12.21%", "2018-12-31": "11.08%", "2018-09-30": "6.63%", "2018-06-30": "5.42%", "2018-03-31": "4.88%", "2017-12-31": "4.07%", "2017-09-30": "7.34%", "2017-06-30": "10.30%", "2017-03-31": "10.35%", "2016-12-31": "10.50%", "2016-09-30": "10.57%", "2016-06-30": "7.85%", "2016-03-31": "8.10%", "2015-12-31": "8.56%", "2015-09-30": "9.15%", "2015-06-30": "9.37%", "2015-03-31": "9.43%", "2014-12-31": "9.76%", "2014-09-30": "8.68%", "2014-06-30": "8.53%", "2014-03-31": "8.35%", "2013-12-31": "7.76%", "2013-09-30": "7.85%", "2013-06-30": "7.45%", "2013-03-31": "7.28%", "2012-12-31": "7.10%", "2012-09-30": "7.43%", "2012-06-30": "7.51%", "2012-03-31": "7.54%", "2011-12-31": "7.25%", "2011-09-30": "8.16%", "2011-06-30": "7.81%", "2011-03-31": "8.01%", "2010-12-31": "8.04%", "2010-09-30": "7.52%", "2010-06-30": "8.17%", "2010-03-31": "8.00%", "2009-12-31": "8.48%", "2009-09-30": "8.72%", "2009-06-30": "9.10%", "2009-03-31": "9.95%", "2008-12-31": "10.60%", "2008-09-30": "10.93%", "2008-06-30": "10.83%", "2008-03-31": "10.45%", "2007-12-31": "10.34%", "2007-09-30": "10.16%", "2007-06-30": "9.75%", "2007-03-31": "9.17%", "2006-12-31": "8.86%", "2006-09-30": "8.33%", "2006-06-30": "7.74%", "2006-03-31": "7.38%", "2005-12-31": "6.67%"}, "return on investments": {"2020-12-31": "52.99%", "2020-09-30": "54.76%", "2020-06-30": "54.55%", "2020-03-31": "54.42%", "2019-12-31": "55.27%", "2019-09-30": "53.80%", "2019-06-30": "54.75%", "2019-03-31": "54.77%", "2018-12-31": "52.52%", "2018-09-30": "54.50%", "2018-06-30": "50.59%", "2018-03-31": "48.59%", "2017-12-31": "44.46%", "2017-09-30": "41.13%", "2017-06-30": "40.38%", "2017-03-31": "37.28%", "2016-12-31": "34.93%", "2016-09-30": "28.08%", "2016-06-30": "28.45%", "2016-03-31": "32.18%", "2015-12-31": "37.30%", "2015-09-30": "44.57%", "2015-06-30": "45.95%", "2015-03-31": "46.25%", "2014-12-31": "48.05%", "2014-09-30": "47.02%", "2014-06-30": "49.53%", "2014-03-31": "53.11%", "2013-12-31": "56.68%", "2013-09-30": "70.31%", "2013-06-30": "65.22%", "2013-03-31": "60.08%", "2012-12-31": "56.12%", "2012-09-30": "54.70%", "2012-06-30": "52.47%", "2012-03-31": "50.44%", "2011-12-31": "47.19%", "2011-09-30": "46.38%", "2011-06-30": "45.21%", "2011-03-31": "46.04%", "2010-12-31": "46.53%", "2010-09-30": "45.55%", "2010-06-30": "50.83%", "2010-03-31": "54.20%", "2009-12-31": "60.97%", "2009-09-30": "69.03%", "2009-06-30": "56.61%", "2009-03-31": "49.83%", "2008-12-31": "42.66%", "2008-09-30": "36.33%", "2008-06-30": "37.02%", "2008-03-31": "36.68%", "2007-12-31": "37.16%", "2007-09-30": "37.61%", "2007-06-30": "34.33%", "2007-03-31": "31.79%", "2006-12-31": "30.85%", "2006-09-30": "30.27%", "2006-06-30": "28.33%", "2006-03-31": "25.89%", "2005-12-31": "22.57%"}, "return on tangible equity": {"2020-12-31": "-74.91%", "2020-09-30": "-66.47%", "2020-06-30": "-63.17%", "2020-03-31": "-59.18%", "2019-12-31": "-57.09%", "2019-09-30": "-52.25%", "2019-06-30": "-47.69%", "2019-03-31": "-43.20%", "2018-12-31": "-36.86%", "2018-09-30": "-21.27%", "2018-06-30": "-17.98%", "2018-03-31": "-16.68%", "2017-12-31": "-14.41%", "2017-09-30": "-27.25%", "2017-06-30": "-38.15%", "2017-03-31": "-37.72%", "2016-12-31": "-37.61%", "2016-09-30": "-39.31%", "2016-06-30": "-30.44%", "2016-03-31": "-34.48%", "2015-12-31": "-41.38%", "2015-09-30": "-46.13%", "2015-06-30": "-49.31%", "2015-03-31": "-51.78%", "2014-12-31": "-56.16%", "2014-09-30": "-54.70%", "2014-06-30": "-48.15%", "2014-03-31": "-42.16%", "2013-12-31": "-34.67%", "2013-09-30": "-31.17%", "2013-06-30": "-30.87%", "2013-03-31": "-31.47%", "2012-12-31": "-31.71%", "2012-09-30": "-34.20%", "2012-06-30": "-35.01%", "2012-03-31": "-36.35%", "2011-12-31": "-37.99%", "2011-09-30": "-47.09%", "2011-06-30": "-46.39%", "2011-03-31": "-47.92%", "2010-12-31": "-47.24%", "2010-09-30": "-44.73%", "2010-06-30": "-46.15%", "2010-03-31": "-43.03%", "2009-12-31": "-43.37%", "2009-09-30": "-42.21%", "2009-06-30": "-55.60%", "2009-03-31": "-84.46%", "2008-12-31": "-157.37%", "2008-09-30": "-1059.04%", "2008-06-30": "-362.36%", "2008-03-31": "-215.38%", "2007-12-31": "-148.93%", "2007-09-30": "-107.04%", "2007-06-30": "-107.83%", "2007-03-31": "-111.62%", "2006-12-31": "-132.15%", "2006-09-30": "-162.64%", "2006-06-30": "-168.86%", "2006-03-31": "-182.65%", "2005-12-31": "-149.68%"}, "dividend yield history": {"last payout": "$10.40", "last yield": "3.04%"}}