{"ticker": "LNC", "price": {"title": "Lincoln National Historical Annual Stock Price Data", "value": 51.8, "historical": {"2021": {"Average Stock Price": "50.4586", "Year Open": "48.8200", "Year High": "52.7500", "Year Low": "45.4900", "Year Close": "51.8000", "Annual % Change": "2.96%"}, "2020": {"Average Stock Price": "40.1709", "Year Open": "59.7500", "Year High": "61.1700", "Year Low": "17.0600", "Year Close": "50.3100", "Annual % Change": "-14.74%"}, "2019": {"Average Stock Price": "60.4477", "Year Open": "51.5300", "Year High": "67.1500", "Year Low": "50.8400", "Year Close": "59.0100", "Annual % Change": "15.01%"}, "2018": {"Average Stock Price": "68.3383", "Year Open": "77.9100", "Year High": "85.9100", "Year Low": "48.7900", "Year Close": "51.3100", "Annual % Change": "-33.25%"}, "2017": {"Average Stock Price": "70.1875", "Year Open": "66.9100", "Year High": "78.5400", "Year Low": "63.2300", "Year Close": "76.8700", "Annual % Change": "16.00%"}, "2016": {"Average Stock Price": "46.1391", "Year Open": "49.1000", "Year High": "68.4800", "Year Low": "30.7800", "Year Close": "66.2700", "Annual % Change": "31.85%"}, "2015": {"Average Stock Price": "55.0661", "Year Open": "57.4200", "Year High": "61.6500", "Year Low": "46.0700", "Year Close": "50.2600", "Annual % Change": "-12.85%"}, "2014": {"Average Stock Price": "51.8478", "Year Open": "50.5300", "Year High": "58.8000", "Year Low": "45.6700", "Year Close": "57.6700", "Annual % Change": "11.72%"}, "2013": {"Average Stock Price": "38.6781", "Year Open": "27.4100", "Year High": "51.9500", "Year Low": "27.3400", "Year Close": "51.6200", "Annual % Change": "99.31%"}, "2012": {"Average Stock Price": "23.4794", "Year Open": "20.2200", "Year High": "27.2900", "Year Low": "19.2900", "Year Close": "25.9000", "Annual % Change": "33.37%"}, "2011": {"Average Stock Price": "24.9569", "Year Open": "29.2800", "Year High": "32.4900", "Year Low": "14.3200", "Year Close": "19.4200", "Annual % Change": "-30.17%"}, "2010": {"Average Stock Price": "26.2256", "Year Open": "25.8800", "Year High": "32.9000", "Year Low": "20.9700", "Year Close": "27.8100", "Annual % Change": "11.78%"}, "2009": {"Average Stock Price": "18.4827", "Year Open": "19.9500", "Year High": "27.8400", "Year Low": "5.0100", "Year Close": "24.8800", "Annual % Change": "32.06%"}, "2008": {"Average Stock Price": "42.8803", "Year Open": "56.2500", "Year High": "56.3500", "Year Low": "5.0700", "Year Close": "18.8400", "Annual % Change": "-67.64%"}, "2007": {"Average Stock Price": "66.0304", "Year Open": "66.5000", "Year High": "74.4600", "Year Low": "56.1600", "Year Close": "58.2200", "Annual % Change": "-12.32%"}, "2006": {"Average Stock Price": "58.5825", "Year Open": "53.5300", "Year High": "66.4600", "Year Low": "52.2000", "Year Close": "66.4000", "Annual % Change": "25.21%"}, "2005": {"Average Stock Price": "47.9796", "Year Open": "46.1100", "Year High": "53.8900", "Year Low": "41.9500", "Year Close": "53.0300", "Annual % Change": "13.60%"}, "2004": {"Average Stock Price": "45.4999", "Year Open": "40.1700", "Year High": "49.9500", "Year Low": "40.1700", "Year Close": "46.6800", "Annual % Change": "15.63%"}, "2003": {"Average Stock Price": "34.6845", "Year Open": "32.8900", "Year High": "41.3200", "Year Low": "25.1700", "Year Close": "40.3700", "Annual % Change": "27.83%"}, "2002": {"Average Stock Price": "40.8278", "Year Open": "48.3000", "Year High": "53.5000", "Year Low": "25.1700", "Year Close": "31.5800", "Annual % Change": "-34.98%"}, "2001": {"Average Stock Price": "46.4180", "Year Open": "45.4400", "Year High": "52.5500", "Year Low": "39.1000", "Year Close": "48.5700", "Annual % Change": "2.66%"}, "2000": {"Average Stock Price": "40.4049", "Year Open": "39.0600", "Year High": "56.1300", "Year Low": "23.1900", "Year Close": "47.3100", "Annual % Change": "18.28%"}, "1999": {"Average Stock Price": "46.2269", "Year Open": "40.9050", "Year High": "57.3100", "Year Low": "36.5000", "Year Close": "40.0000", "Annual % Change": "-2.21%"}, "1998": {"Average Stock Price": "42.6060", "Year Open": "39.0650", "Year High": "48.7800", "Year Low": "34.3750", "Year Close": "40.9050", "Annual % Change": "4.71%"}, "1997": {"Average Stock Price": "31.9177", "Year Open": "25.8750", "Year High": "39.0650", "Year Low": "24.7500", "Year Close": "39.0650", "Annual % Change": "48.82%"}, "1996": {"Average Stock Price": "24.3622", "Year Open": "27.3750", "Year High": "28.1250", "Year Low": "21.0000", "Year Close": "26.2500", "Annual % Change": "-2.33%"}, "1995": {"Average Stock Price": "21.4319", "Year Open": "17.7500", "Year High": "26.8750", "Year Low": "17.3750", "Year Close": "26.8750", "Annual % Change": "53.57%"}, "1994": {"Average Stock Price": "19.5659", "Year Open": "22.1250", "Year High": "22.1250", "Year Low": "17.3150", "Year Close": "17.5000", "Annual % Change": "-19.54%"}, "1993": {"Average Stock Price": "20.5926", "Year Open": "18.0000", "Year High": "24.0000", "Year Low": "17.3750", "Year Close": "21.7500", "Annual % Change": "17.57%"}, "1992": {"Average Stock Price": "15.4195", "Year Open": "13.5000", "Year High": "18.8750", "Year Low": "12.6250", "Year Close": "18.5000", "Annual % Change": "35.16%"}, "1991": {"Average Stock Price": "12.1583", "Year Open": "10.2500", "Year High": "13.7500", "Year Low": "9.6250", "Year Close": "13.6875", "Annual % Change": "27.33%"}, "1990": {"Average Stock Price": "12.2356", "Year Open": "15.2500", "Year High": "15.3125", "Year Low": "7.8125", "Year Close": "10.7500", "Annual % Change": "-29.37%"}, "1989": {"Average Stock Price": "13.1449", "Year Open": "10.8125", "Year High": "15.6550", "Year Low": "10.8125", "Year Close": "15.2200", "Annual % Change": "39.95%"}, "1988": {"Average Stock Price": "11.7397", "Year Open": "10.6875", "Year High": "13.3450", "Year Low": "10.4375", "Year Close": "10.8750", "Annual % Change": "8.42%"}, "1987": {"Average Stock Price": "12.2330", "Year Open": "12.0300", "Year High": "15.0000", "Year Low": "8.9375", "Year Close": "10.0300", "Annual % Change": "-13.50%"}, "1986": {"Average Stock Price": "13.3928", "Year Open": "12.4700", "Year High": "15.6875", "Year Low": "11.4700", "Year Close": "11.5950", "Annual % Change": "-7.46%"}, "1985": {"Average Stock Price": "10.8353", "Year Open": "9.8450", "Year High": "13.4700", "Year Low": "9.4050", "Year Close": "12.5300", "Annual % Change": "28.51%"}}}, "market cap": {"value": "$9.93B"}, "income statement": {"Revenue": {"2020-12-31": "17439.00000", "2019-12-31": "17258.00000", "2018-12-31": "16424.00000", "2017-12-31": "14257.00000", "2016-12-31": "13330.00000", "2015-12-31": "13572.00000", "2014-12-31": "13554.00000", "2013-12-31": "11969.00000", "2012-12-31": "11535.00000", "2011-12-31": "10641.00000", "2010-12-31": "10415.00000", "2009-12-31": "8499.00000", "2008-12-31": "9224.00000", "2007-12-31": "9614.00000", "2006-12-31": "8879.00000", "2005-12-31": "5475.00000"}, "Cost Of Goods Sold": {"2020-12-31": "16664.00000", "2019-12-31": "15947.00000", "2018-12-31": "14166.00000", "2017-12-31": "11926.00000", "2016-12-31": "11533.00000", "2015-12-31": "11870.00000", "2014-12-31": "11290.00000", "2013-12-31": "10073.00000", "2012-12-31": "9694.00000", "2011-12-31": "9097.00000", "2010-12-31": "8989.00000", "2009-12-31": "8093.00000", "2008-12-31": "8699.00000", "2007-12-31": "5220.00000", "2006-12-31": "4682.00000", "2005-12-31": "2787.00000"}, "Gross Profit": {"2020-12-31": "775.00000", "2019-12-31": "1311.00000", "2018-12-31": "2258.00000", "2017-12-31": "2331.00000", "2016-12-31": "1797.00000", "2015-12-31": "1702.00000", "2014-12-31": "2264.00000", "2013-12-31": "1896.00000", "2012-12-31": "1841.00000", "2011-12-31": "1544.00000", "2010-12-31": "1426.00000", "2009-12-31": "406.00000", "2008-12-31": "525.00000", "2007-12-31": "4394.00000", "2006-12-31": "4197.00000", "2005-12-31": "2688.00000"}, "Research And Development Expenses": {"2020-12-31": "", "2019-12-31": "", "2018-12-31": "", "2017-12-31": "", "2016-12-31": "", "2015-12-31": "", "2014-12-31": "", "2013-12-31": "", "2012-12-31": "", "2011-12-31": "", "2010-12-31": "", "2009-12-31": "", "2008-12-31": "", "2007-12-31": "", "2006-12-31": "", "2005-12-31": ""}, "SG&A Expenses": {"2020-12-31": "", "2019-12-31": "", "2018-12-31": "", "2017-12-31": "", "2016-12-31": "", "2015-12-31": "", "2014-12-31": "", "2013-12-31": "", "2012-12-31": "", "2011-12-31": "", "2010-12-31": "", "2009-12-31": "", "2008-12-31": "", "2007-12-31": "", "2006-12-31": "", "2005-12-31": ""}, "Other Operating Income Or Expenses": {"2020-12-31": "-68.00000", "2019-12-31": "-66.00000", "2018-12-31": "-76.00000", "2017-12-31": "-43.00000", "2016-12-31": "-8.00000", "2015-12-31": "", "2014-12-31": "", "2013-12-31": "", "2012-12-31": "", "2011-12-31": "", "2010-12-31": "", "2009-12-31": "", "2008-12-31": "", "2007-12-31": "", "2006-12-31": "", "2005-12-31": ""}, "Operating Expenses": {"2020-12-31": "16732.00000", "2019-12-31": "16013.00000", "2018-12-31": "14242.00000", "2017-12-31": "12874.00000", "2016-12-31": "11541.00000", "2015-12-31": "11870.00000", "2014-12-31": "11290.00000", "2013-12-31": "10073.00000", "2012-12-31": "9694.00000", "2011-12-31": "9844.00000", "2010-12-31": "8989.00000", "2009-12-31": "8823.00000", "2008-12-31": "9080.00000", "2007-12-31": "5220.00000", "2006-12-31": "4682.00000", "2005-12-31": "2787.00000"}, "Operating Income": {"2020-12-31": "707.00000", "2019-12-31": "1245.00000", "2018-12-31": "2182.00000", "2017-12-31": "1383.00000", "2016-12-31": "1789.00000", "2015-12-31": "1702.00000", "2014-12-31": "2264.00000", "2013-12-31": "1896.00000", "2012-12-31": "1841.00000", "2011-12-31": "797.00000", "2010-12-31": "1426.00000", "2009-12-31": "-324.00000", "2008-12-31": "144.00000", "2007-12-31": "4394.00000", "2006-12-31": "4197.00000", "2005-12-31": "2688.00000"}, "Total Non-Operating Income/Expense": {"2020-12-31": "-284.00000", "2019-12-31": "-326.00000", "2018-12-31": "-297.00000", "2017-12-31": "-253.00000", "2016-12-31": "-331.00000", "2015-12-31": "-272.00000", "2014-12-31": "-267.00000", "2013-12-31": "-265.00000", "2012-12-31": "-273.00000", "2011-12-31": "-294.00000", "2010-12-31": "-291.00000", "2009-12-31": "-197.00000", "2008-12-31": "-281.00000", "2007-12-31": "-2719.00000", "2006-12-31": "-2419.00000", "2005-12-31": "-1613.00000"}, "Pre-Tax Income": {"2020-12-31": "423.00000", "2019-12-31": "919.00000", "2018-12-31": "1885.00000", "2017-12-31": "1130.00000", "2016-12-31": "1458.00000", "2015-12-31": "1430.00000", "2014-12-31": "1997.00000", "2013-12-31": "1631.00000", "2012-12-31": "1568.00000", "2011-12-31": "503.00000", "2010-12-31": "1135.00000", "2009-12-31": "-521.00000", "2008-12-31": "-137.00000", "2007-12-31": "1675.00000", "2006-12-31": "1778.00000", "2005-12-31": "1075.00000"}, "Income Taxes": {"2020-12-31": "-76.00000", "2019-12-31": "33.00000", "2018-12-31": "244.00000", "2017-12-31": "-949.00000", "2016-12-31": "266.00000", "2015-12-31": "276.00000", "2014-12-31": "483.00000", "2013-12-31": "387.00000", "2012-12-31": "282.00000", "2011-12-31": "274.00000", "2010-12-31": "262.00000", "2009-12-31": "-106.00000", "2008-12-31": "-127.00000", "2007-12-31": "476.00000", "2006-12-31": "483.00000", "2005-12-31": "244.00000"}, "Income After Taxes": {"2020-12-31": "499.00000", "2019-12-31": "886.00000", "2018-12-31": "1641.00000", "2017-12-31": "2079.00000", "2016-12-31": "1192.00000", "2015-12-31": "1154.00000", "2014-12-31": "1514.00000", "2013-12-31": "1244.00000", "2012-12-31": "1286.00000", "2011-12-31": "229.00000", "2010-12-31": "873.00000", "2009-12-31": "-415.00000", "2008-12-31": "-10.00000", "2007-12-31": "1199.00000", "2006-12-31": "1295.00000", "2005-12-31": "831.00000"}, "Other Income": {"2020-12-31": "", "2019-12-31": "", "2018-12-31": "", "2017-12-31": "", "2016-12-31": "", "2015-12-31": "", "2014-12-31": "", "2013-12-31": "", "2012-12-31": "", "2011-12-31": "", "2010-12-31": "", "2009-12-31": "", "2008-12-31": "", "2007-12-31": "", "2006-12-31": "", "2005-12-31": ""}, "Income From Continuous Operations": {"2020-12-31": "499.00000", "2019-12-31": "886.00000", "2018-12-31": "1641.00000", "2017-12-31": "2079.00000", "2016-12-31": "1192.00000", "2015-12-31": "1154.00000", "2014-12-31": "1514.00000", "2013-12-31": "1244.00000", "2012-12-31": "1286.00000", "2011-12-31": "229.00000", "2010-12-31": "873.00000", "2009-12-31": "-415.00000", "2008-12-31": "-10.00000", "2007-12-31": "1199.00000", "2006-12-31": "1295.00000", "2005-12-31": "831.00000"}, "Income From Discontinued Operations": {"2020-12-31": "", "2019-12-31": "", "2018-12-31": "", "2017-12-31": "", "2016-12-31": "", "2015-12-31": "", "2014-12-31": "1.00000", "2013-12-31": "0.00000", "2012-12-31": "27.00000", "2011-12-31": "-8.00000", "2010-12-31": "29.00000", "2009-12-31": "-70.00000", "2008-12-31": "67.00000", "2007-12-31": "16.00000", "2006-12-31": "21.00000", "2005-12-31": ""}, "Net Income": {"2020-12-31": "499.00000", "2019-12-31": "886.00000", "2018-12-31": "1641.00000", "2017-12-31": "2079.00000", "2016-12-31": "1192.00000", "2015-12-31": "1154.00000", "2014-12-31": "1515.00000", "2013-12-31": "1244.00000", "2012-12-31": "1313.00000", "2011-12-31": "221.00000", "2010-12-31": "735.00000", "2009-12-31": "-520.00000", "2008-12-31": "57.00000", "2007-12-31": "1215.00000", "2006-12-31": "1316.00000", "2005-12-31": "831.00000"}, "EBITDA": {"2020-12-31": "707.00000", "2019-12-31": "1214.00000", "2018-12-31": "2173.00000", "2017-12-31": "1360.00000", "2016-12-31": "1716.00000", "2015-12-31": "1628.00000", "2014-12-31": "2190.00000", "2013-12-31": "1822.00000", "2012-12-31": "1767.00000", "2011-12-31": "722.00000", "2010-12-31": "1351.00000", "2009-12-31": "-400.00000", "2008-12-31": "68.00000", "2007-12-31": "4310.00000", "2006-12-31": "4121.00000", "2005-12-31": "2689.00000"}, "EBIT": {"2020-12-31": "707.00000", "2019-12-31": "1245.00000", "2018-12-31": "2182.00000", "2017-12-31": "1383.00000", "2016-12-31": "1789.00000", "2015-12-31": "1702.00000", "2014-12-31": "2264.00000", "2013-12-31": "1896.00000", "2012-12-31": "1841.00000", "2011-12-31": "797.00000", "2010-12-31": "1426.00000", "2009-12-31": "-324.00000", "2008-12-31": "144.00000", "2007-12-31": "4394.00000", "2006-12-31": "4197.00000", "2005-12-31": "2688.00000"}, "Basic Shares Outstanding": {"2020-12-31": "", "2019-12-31": "200.60900", "2018-12-31": "215.93600", "2017-12-31": "222.12900", "2016-12-31": "234.18200", "2015-12-31": "250.62900", "2014-12-31": "260.87800", "2013-12-31": "265.63100", "2012-12-31": "280.64800", "2011-12-31": "307.21600", "2010-12-31": "310.00500", "2009-12-31": "280.03100", "2008-12-31": "257.49900", "2007-12-31": "270.29900", "2006-12-31": "252.36300", "2005-12-31": "173.06900"}, "Shares Outstanding": {"2020-12-31": "202.10000", "2019-12-31": "202.10500", "2018-12-31": "219.55200", "2017-12-31": "226.22000", "2016-12-31": "236.83000", "2015-12-31": "254.93800", "2014-12-31": "267.96400", "2013-12-31": "275.14900", "2012-12-31": "287.59100", "2011-12-31": "314.95000", "2010-12-31": "319.21400", "2009-12-31": "285.63600", "2008-12-31": "259.39100", "2007-12-31": "273.90500", "2006-12-31": "256.16900", "2005-12-31": "176.14400"}, "Basic EPS": {"2020-12-31": "", "2019-12-31": "4.41000", "2018-12-31": "7.60000", "2017-12-31": "9.36000", "2016-12-31": "5.09000", "2015-12-31": "4.60000", "2014-12-31": "5.81000", "2013-12-31": "4.68000", "2012-12-31": "4.68000", "2011-12-31": "0.72000", "2010-12-31": "2.37000", "2009-12-31": "-1.85000", "2008-12-31": "0.22000", "2007-12-31": "4.50000", "2006-12-31": "5.21000", "2005-12-31": "4.80000"}, "EPS - Earnings Per Share": {"2020-12-31": "2.56000", "2019-12-31": "4.38000", "2018-12-31": "7.40000", "2017-12-31": "9.22000", "2016-12-31": "5.03000", "2015-12-31": "4.51000", "2014-12-31": "5.67000", "2013-12-31": "4.52000", "2012-12-31": "4.56000", "2011-12-31": "0.69000", "2010-12-31": "2.30000", "2009-12-31": "-1.85000", "2008-12-31": "0.22000", "2007-12-31": "4.43000", "2006-12-31": "5.13000", "2005-12-31": "4.72000"}}, "income statement, quarterly": {"Revenue": {"2020-12-31": "4135.00000", "2020-09-30": "5361.00000", "2020-06-30": "3517.00000", "2020-03-31": "4425.00000", "2019-12-31": "4345.00000", "2019-09-30": "4638.00000", "2019-06-30": "4310.00000", "2019-03-31": "3965.00000", "2018-12-31": "4531.00000", "2018-09-30": "4264.00000", "2018-06-30": "4020.00000", "2018-03-31": "3609.00000", "2017-12-31": "3669.00000", "2017-09-30": "3511.00000", "2017-06-30": "3577.00000", "2017-03-31": "3500.00000", "2016-12-31": "3255.00000", "2016-09-30": "3525.00000", "2016-06-30": "3307.00000", "2016-03-31": "3243.00000", "2015-12-31": "3171.00000", "2015-09-30": "3716.00000", "2015-06-30": "3381.00000", "2015-03-31": "3304.00000", "2014-12-31": "3685.00000", "2014-09-30": "3411.00000", "2014-06-30": "3282.00000", "2014-03-31": "3176.00000", "2013-12-31": "3122.00000", "2013-09-30": "3009.00000", "2013-06-30": "2999.00000", "2013-03-31": "2839.00000", "2012-12-31": "2973.00000", "2012-09-30": "2954.00000", "2012-06-30": "2898.00000", "2012-03-31": "2710.00000", "2011-12-31": "2569.00000", "2011-09-30": "2547.00000", "2011-06-30": "2807.00000", "2011-03-31": "2718.00000", "2010-12-31": "2670.00000", "2010-09-30": "2613.00000", "2010-06-30": "2605.00000", "2010-03-31": "2527.00000", "2009-12-31": "2402.00000", "2009-09-30": "2082.00000", "2009-06-30": "1883.00000", "2009-03-31": "2132.00000", "2008-12-31": "1867.00000", "2008-09-30": "2270.00000", "2008-06-30": "2493.00000", "2008-03-31": "2594.00000", "2007-12-31": "1714.00000", "2007-09-30": "2601.00000", "2007-06-30": "2671.00000", "2007-03-31": "2628.00000", "2006-12-31": "2474.00000", "2006-09-30": "2487.00000", "2006-06-30": "2496.00000", "2006-03-31": "1422.00000", "2005-12-31": "1392.00000", "2005-09-30": "1395.00000", "2005-06-30": "1375.00000", "2005-03-31": "1313.00000"}, "Cost Of Goods Sold": {"2020-12-31": "3958.00000", "2020-09-30": "3216.00000", "2020-06-30": "3580.00000", "2020-03-31": "4311.00000", "2019-12-31": "5325.00000", "2019-09-30": "3207.00000", "2019-06-30": "3804.00000", "2019-03-31": "3611.00000", "2018-12-31": "3968.00000", "2018-09-30": "3645.00000", "2018-06-30": "3485.00000", "2018-03-31": "3068.00000", "2017-12-31": "3079.00000", "2017-09-30": "2928.00000", "2017-06-30": "2967.00000", "2017-03-31": "2952.00000", "2016-12-31": "2921.00000", "2016-09-30": "2847.00000", "2016-06-30": "2825.00000", "2016-03-31": "2940.00000", "2015-12-31": "2752.00000", "2015-09-30": "3381.00000", "2015-06-30": "2863.00000", "2015-03-31": "2874.00000", "2014-12-31": "3187.00000", "2014-09-30": "2743.00000", "2014-06-30": "2678.00000", "2014-03-31": "2682.00000", "2013-12-31": "2587.00000", "2013-09-30": "2500.00000", "2013-06-30": "2516.00000", "2013-03-31": "2470.00000", "2012-12-31": "2504.00000", "2012-09-30": "2468.00000", "2012-06-30": "2388.00000", "2012-03-31": "2334.00000", "2011-12-31": "2241.00000", "2011-09-30": "2313.00000", "2011-06-30": "2326.00000", "2011-03-31": "2217.00000", "2010-12-31": "2436.00000", "2010-09-30": "2236.00000", "2010-06-30": "2206.00000", "2010-03-31": "2111.00000", "2009-12-31": "2073.00000", "2009-09-30": "1953.00000", "2009-06-30": "1876.00000", "2009-03-31": "2191.00000", "2008-12-31": "2446.00000", "2008-09-30": "2080.00000", "2008-06-30": "2073.00000", "2008-03-31": "2100.00000", "2007-12-31": "876.00000", "2007-09-30": "2084.00000", "2007-06-30": "2073.00000", "2007-03-31": "2009.00000", "2006-12-31": "-228.00000", "2006-09-30": "1929.00000", "2006-06-30": "1896.00000", "2006-03-31": "1085.00000", "2005-12-31": "-452.00000", "2005-09-30": "1071.00000", "2005-06-30": "1115.00000", "2005-03-31": "1053.00000"}, "Gross Profit": {"2020-12-31": "177.00000", "2020-09-30": "2145.00000", "2020-06-30": "-63.00000", "2020-03-31": "114.00000", "2019-12-31": "-980.00000", "2019-09-30": "1431.00000", "2019-06-30": "506.00000", "2019-03-31": "354.00000", "2018-12-31": "563.00000", "2018-09-30": "619.00000", "2018-06-30": "535.00000", "2018-03-31": "541.00000", "2017-12-31": "590.00000", "2017-09-30": "583.00000", "2017-06-30": "610.00000", "2017-03-31": "548.00000", "2016-12-31": "334.00000", "2016-09-30": "678.00000", "2016-06-30": "482.00000", "2016-03-31": "303.00000", "2015-12-31": "419.00000", "2015-09-30": "335.00000", "2015-06-30": "518.00000", "2015-03-31": "430.00000", "2014-12-31": "498.00000", "2014-09-30": "668.00000", "2014-06-30": "604.00000", "2014-03-31": "494.00000", "2013-12-31": "535.00000", "2013-09-30": "509.00000", "2013-06-30": "483.00000", "2013-03-31": "369.00000", "2012-12-31": "469.00000", "2012-09-30": "486.00000", "2012-06-30": "510.00000", "2012-03-31": "376.00000", "2011-12-31": "328.00000", "2011-09-30": "234.00000", "2011-06-30": "481.00000", "2011-03-31": "501.00000", "2010-12-31": "234.00000", "2010-09-30": "377.00000", "2010-06-30": "399.00000", "2010-03-31": "416.00000", "2009-12-31": "329.00000", "2009-09-30": "129.00000", "2009-06-30": "7.00000", "2009-03-31": "-59.00000", "2008-12-31": "-579.00000", "2008-09-30": "190.00000", "2008-06-30": "420.00000", "2008-03-31": "494.00000", "2007-12-31": "838.00000", "2007-09-30": "517.00000", "2007-06-30": "598.00000", "2007-03-31": "619.00000", "2006-12-31": "2702.00000", "2006-09-30": "558.00000", "2006-06-30": "600.00000", "2006-03-31": "337.00000", "2005-12-31": "1844.00000", "2005-09-30": "324.00000", "2005-06-30": "260.00000", "2005-03-31": "260.00000"}, "Research And Development Expenses": {"2020-12-31": "", "2020-09-30": "", "2020-06-30": "", "2020-03-31": "", "2019-12-31": "", "2019-09-30": "", "2019-06-30": "", "2019-03-31": "", "2018-12-31": "", "2018-09-30": "", "2018-06-30": "", "2018-03-31": "", "2017-12-31": "", "2017-09-30": "", "2017-06-30": "", "2017-03-31": "", "2016-12-31": "", "2016-09-30": "", "2016-06-30": "", "2016-03-31": "", "2015-12-31": "", "2015-09-30": "", "2015-06-30": "", "2015-03-31": "", "2014-12-31": "", "2014-09-30": "", "2014-06-30": "", "2014-03-31": "", "2013-12-31": "", "2013-09-30": "", "2013-06-30": "", "2013-03-31": "", "2012-12-31": "", "2012-09-30": "", "2012-06-30": "", "2012-03-31": "", "2011-12-31": "", "2011-09-30": "", "2011-06-30": "", "2011-03-31": "", "2010-12-31": "", "2010-09-30": "", "2010-06-30": "", "2010-03-31": "", "2009-12-31": "", "2009-09-30": "", "2009-06-30": "", "2009-03-31": "", "2008-12-31": "", "2008-09-30": "", "2008-06-30": "", "2008-03-31": "", "2007-12-31": "", "2007-09-30": "", "2007-06-30": "", "2007-03-31": "", "2006-12-31": "", "2006-09-30": "", "2006-06-30": "", "2006-03-31": "", "2005-12-31": "", "2005-09-30": "", "2005-06-30": "", "2005-03-31": ""}, "SG&A Expenses": {"2020-12-31": "", "2020-09-30": "", "2020-06-30": "", "2020-03-31": "", "2019-12-31": "", "2019-09-30": "", "2019-06-30": "", "2019-03-31": "", "2018-12-31": "", "2018-09-30": "", "2018-06-30": "", "2018-03-31": "", "2017-12-31": "", "2017-09-30": "", "2017-06-30": "", "2017-03-31": "", "2016-12-31": "", "2016-09-30": "", "2016-06-30": "", "2016-03-31": "", "2015-12-31": "", "2015-09-30": "", "2015-06-30": "", "2015-03-31": "", "2014-12-31": "", "2014-09-30": "", "2014-06-30": "", "2014-03-31": "", "2013-12-31": "", "2013-09-30": "", "2013-06-30": "", "2013-03-31": "", "2012-12-31": "", "2012-09-30": "", "2012-06-30": "", "2012-03-31": "", "2011-12-31": "", "2011-09-30": "", "2011-06-30": "", "2011-03-31": "", "2010-12-31": "", "2010-09-30": "", "2010-06-30": "", "2010-03-31": "", "2009-12-31": "", "2009-09-30": "", "2009-06-30": "", "2009-03-31": "", "2008-12-31": "", "2008-09-30": "", "2008-06-30": "", "2008-03-31": "", "2007-12-31": "", "2007-09-30": "", "2007-06-30": "", "2007-03-31": "", "2006-12-31": "", "2006-09-30": "", "2006-06-30": "", "2006-03-31": "", "2005-12-31": "", "2005-09-30": "", "2005-06-30": "", "2005-03-31": ""}, "Other Operating Income Or Expenses": {"2020-12-31": "-23.00000", "2020-09-30": "-20.00000", "2020-06-30": "-14.00000", "2020-03-31": "-12.00000", "2019-12-31": "-20.00000", "2019-09-30": "-16.00000", "2019-06-30": "-15.00000", "2019-03-31": "-15.00000", "2018-12-31": "-27.00000", "2018-09-30": "-18.00000", "2018-06-30": "-16.00000", "2018-03-31": "-15.00000", "2017-12-31": "-10.00000", "2017-09-30": "-10.00000", "2017-06-30": "-14.00000", "2017-03-31": "-9.00000", "2016-12-31": "", "2016-09-30": "", "2016-06-30": "", "2016-03-31": "", "2015-12-31": "", "2015-09-30": "", "2015-06-30": "", "2015-03-31": "", "2014-12-31": "", "2014-09-30": "", "2014-06-30": "", "2014-03-31": "", "2013-12-31": "", "2013-09-30": "", "2013-06-30": "", "2013-03-31": "", "2012-12-31": "", "2012-09-30": "", "2012-06-30": "", "2012-03-31": "", "2011-12-31": "", "2011-09-30": "", "2011-06-30": "", "2011-03-31": "", "2010-12-31": "", "2010-09-30": "", "2010-06-30": "", "2010-03-31": "", "2009-12-31": "", "2009-09-30": "", "2009-06-30": "", "2009-03-31": "", "2008-12-31": "", "2008-09-30": "", "2008-06-30": "", "2008-03-31": "", "2007-12-31": "", "2007-09-30": "", "2007-06-30": "", "2007-03-31": "", "2006-12-31": "", "2006-09-30": "", "2006-06-30": "", "2006-03-31": "", "2005-12-31": "", "2005-09-30": "", "2005-06-30": "", "2005-03-31": ""}, "Operating Expenses": {"2020-12-31": "3981.00000", "2020-09-30": "3236.00000", "2020-06-30": "3594.00000", "2020-03-31": "4323.00000", "2019-12-31": "5345.00000", "2019-09-30": "3223.00000", "2019-06-30": "3819.00000", "2019-03-31": "3626.00000", "2018-12-31": "3995.00000", "2018-09-30": "3663.00000", "2018-06-30": "3501.00000", "2018-03-31": "3083.00000", "2017-12-31": "3994.00000", "2017-09-30": "2938.00000", "2017-06-30": "2981.00000", "2017-03-31": "2961.00000", "2016-12-31": "2929.00000", "2016-09-30": "2847.00000", "2016-06-30": "2825.00000", "2016-03-31": "2940.00000", "2015-12-31": "2752.00000", "2015-09-30": "3381.00000", "2015-06-30": "2863.00000", "2015-03-31": "2874.00000", "2014-12-31": "3187.00000", "2014-09-30": "2743.00000", "2014-06-30": "2678.00000", "2014-03-31": "2682.00000", "2013-12-31": "2587.00000", "2013-09-30": "2500.00000", "2013-06-30": "2516.00000", "2013-03-31": "2470.00000", "2012-12-31": "2504.00000", "2012-09-30": "2468.00000", "2012-06-30": "2388.00000", "2012-03-31": "2334.00000", "2011-12-31": "2988.00000", "2011-09-30": "2313.00000", "2011-06-30": "2326.00000", "2011-03-31": "2217.00000", "2010-12-31": "2436.00000", "2010-09-30": "2236.00000", "2010-06-30": "2206.00000", "2010-03-31": "2111.00000", "2009-12-31": "2201.00000", "2009-09-30": "1952.00000", "2009-06-30": "1875.00000", "2009-03-31": "2795.00000", "2008-12-31": "2652.00000", "2008-09-30": "2080.00000", "2008-06-30": "2248.00000", "2008-03-31": "2100.00000", "2007-12-31": "-946.00000", "2007-09-30": "2084.00000", "2007-06-30": "2073.00000", "2007-03-31": "2009.00000", "2006-12-31": "-228.00000", "2006-09-30": "1929.00000", "2006-06-30": "1896.00000", "2006-03-31": "1085.00000", "2005-12-31": "-452.00000", "2005-09-30": "1071.00000", "2005-06-30": "1115.00000", "2005-03-31": "1053.00000"}, "Operating Income": {"2020-12-31": "154.00000", "2020-09-30": "2125.00000", "2020-06-30": "-77.00000", "2020-03-31": "102.00000", "2019-12-31": "-1000.00000", "2019-09-30": "1415.00000", "2019-06-30": "491.00000", "2019-03-31": "339.00000", "2018-12-31": "536.00000", "2018-09-30": "601.00000", "2018-06-30": "519.00000", "2018-03-31": "526.00000", "2017-12-31": "-325.00000", "2017-09-30": "573.00000", "2017-06-30": "596.00000", "2017-03-31": "539.00000", "2016-12-31": "326.00000", "2016-09-30": "678.00000", "2016-06-30": "482.00000", "2016-03-31": "303.00000", "2015-12-31": "419.00000", "2015-09-30": "335.00000", "2015-06-30": "518.00000", "2015-03-31": "430.00000", "2014-12-31": "498.00000", "2014-09-30": "668.00000", "2014-06-30": "604.00000", "2014-03-31": "494.00000", "2013-12-31": "535.00000", "2013-09-30": "509.00000", "2013-06-30": "483.00000", "2013-03-31": "369.00000", "2012-12-31": "469.00000", "2012-09-30": "486.00000", "2012-06-30": "510.00000", "2012-03-31": "376.00000", "2011-12-31": "-419.00000", "2011-09-30": "234.00000", "2011-06-30": "481.00000", "2011-03-31": "501.00000", "2010-12-31": "234.00000", "2010-09-30": "377.00000", "2010-06-30": "399.00000", "2010-03-31": "416.00000", "2009-12-31": "201.00000", "2009-09-30": "130.00000", "2009-06-30": "8.00000", "2009-03-31": "-663.00000", "2008-12-31": "-785.00000", "2008-09-30": "190.00000", "2008-06-30": "245.00000", "2008-03-31": "494.00000", "2007-12-31": "2660.00000", "2007-09-30": "517.00000", "2007-06-30": "598.00000", "2007-03-31": "619.00000", "2006-12-31": "2702.00000", "2006-09-30": "558.00000", "2006-06-30": "600.00000", "2006-03-31": "337.00000", "2005-12-31": "1844.00000", "2005-09-30": "324.00000", "2005-06-30": "260.00000", "2005-03-31": "260.00000"}, "Total Non-Operating Income/Expense": {"2020-12-31": "-65.00000", "2020-09-30": "-1665.00000", "2020-06-30": "-84.00000", "2020-03-31": "-68.00000", "2019-12-31": "1480.00000", "2019-09-30": "-1665.00000", "2019-06-30": "-70.00000", "2019-03-31": "-71.00000", "2018-12-31": "-69.00000", "2018-09-30": "-69.00000", "2018-06-30": "-68.00000", "2018-03-31": "-91.00000", "2017-12-31": "-63.00000", "2017-09-30": "-63.00000", "2017-06-30": "-63.00000", "2017-03-31": "-64.00000", "2016-12-31": "-129.00000", "2016-09-30": "-66.00000", "2016-06-30": "-68.00000", "2016-03-31": "-68.00000", "2015-12-31": "-68.00000", "2015-09-30": "-67.00000", "2015-06-30": "-69.00000", "2015-03-31": "-68.00000", "2014-12-31": "-66.00000", "2014-09-30": "-67.00000", "2014-06-30": "-67.00000", "2014-03-31": "-67.00000", "2013-12-31": "-69.00000", "2013-09-30": "-67.00000", "2013-06-30": "-65.00000", "2013-03-31": "-64.00000", "2012-12-31": "-69.00000", "2012-09-30": "-68.00000", "2012-06-30": "-68.00000", "2012-03-31": "-68.00000", "2011-12-31": "-71.00000", "2011-09-30": "-79.00000", "2011-06-30": "-72.00000", "2011-03-31": "-72.00000", "2010-12-31": "-80.00000", "2010-09-30": "-74.00000", "2010-06-30": "-69.00000", "2010-03-31": "-68.00000", "2009-12-31": "-68.00000", "2009-09-30": "-68.00000", "2009-06-30": "-61.00000", "2009-03-31": "", "2008-12-31": "-71.00000", "2008-09-30": "-69.00000", "2008-06-30": "-65.00000", "2008-03-31": "-76.00000", "2007-12-31": "-2516.00000", "2007-09-30": "-69.00000", "2007-06-30": "-73.00000", "2007-03-31": "-61.00000", "2006-12-31": "-2204.00000", "2006-09-30": "-98.00000", "2006-06-30": "-95.00000", "2006-03-31": "-22.00000", "2005-12-31": "-1548.00000", "2005-09-30": "-21.00000", "2005-06-30": "-22.00000", "2005-03-31": "-22.00000"}, "Pre-Tax Income": {"2020-12-31": "89.00000", "2020-09-30": "460.00000", "2020-06-30": "-161.00000", "2020-03-31": "34.00000", "2019-12-31": "480.00000", "2019-09-30": "-250.00000", "2019-06-30": "421.00000", "2019-03-31": "268.00000", "2018-12-31": "467.00000", "2018-09-30": "532.00000", "2018-06-30": "451.00000", "2018-03-31": "435.00000", "2017-12-31": "-388.00000", "2017-09-30": "510.00000", "2017-06-30": "533.00000", "2017-03-31": "475.00000", "2016-12-31": "197.00000", "2016-09-30": "612.00000", "2016-06-30": "414.00000", "2016-03-31": "235.00000", "2015-12-31": "351.00000", "2015-09-30": "268.00000", "2015-06-30": "449.00000", "2015-03-31": "362.00000", "2014-12-31": "432.00000", "2014-09-30": "601.00000", "2014-06-30": "537.00000", "2014-03-31": "427.00000", "2013-12-31": "466.00000", "2013-09-30": "442.00000", "2013-06-30": "418.00000", "2013-03-31": "305.00000", "2012-12-31": "400.00000", "2012-09-30": "418.00000", "2012-06-30": "442.00000", "2012-03-31": "308.00000", "2011-12-31": "-490.00000", "2011-09-30": "155.00000", "2011-06-30": "409.00000", "2011-03-31": "429.00000", "2010-12-31": "154.00000", "2010-09-30": "303.00000", "2010-06-30": "330.00000", "2010-03-31": "348.00000", "2009-12-31": "133.00000", "2009-09-30": "62.00000", "2009-06-30": "-53.00000", "2009-03-31": "-663.00000", "2008-12-31": "-856.00000", "2008-09-30": "121.00000", "2008-06-30": "180.00000", "2008-03-31": "418.00000", "2007-12-31": "144.00000", "2007-09-30": "448.00000", "2007-06-30": "525.00000", "2007-03-31": "558.00000", "2006-12-31": "498.00000", "2006-09-30": "460.00000", "2006-06-30": "505.00000", "2006-03-31": "315.00000", "2005-12-31": "296.00000", "2005-09-30": "303.00000", "2005-06-30": "238.00000", "2005-03-31": "238.00000"}, "Income Taxes": {"2020-12-31": "-54.00000", "2020-09-30": "62.00000", "2020-06-30": "-67.00000", "2020-03-31": "-18.00000", "2019-12-31": "48.00000", "2019-09-30": "-89.00000", "2019-06-30": "58.00000", "2019-03-31": "16.00000", "2018-12-31": "68.00000", "2018-09-30": "42.00000", "2018-06-30": "66.00000", "2018-03-31": "68.00000", "2017-12-31": "-1203.00000", "2017-09-30": "92.00000", "2017-06-30": "122.00000", "2017-03-31": "40.00000", "2016-12-31": "8.00000", "2016-09-30": "145.00000", "2016-06-30": "89.00000", "2016-03-31": "24.00000", "2015-12-31": "68.00000", "2015-09-30": "41.00000", "2015-06-30": "105.00000", "2015-03-31": "62.00000", "2014-12-31": "84.00000", "2014-09-30": "162.00000", "2014-06-30": "139.00000", "2014-03-31": "98.00000", "2013-12-31": "115.00000", "2013-09-30": "105.00000", "2013-06-30": "101.00000", "2013-03-31": "66.00000", "2012-12-31": "79.00000", "2012-09-30": "18.00000", "2012-06-30": "121.00000", "2012-03-31": "64.00000", "2011-12-31": "60.00000", "2011-09-30": "-6.00000", "2011-06-30": "105.00000", "2011-03-31": "115.00000", "2010-12-31": "36.00000", "2010-09-30": "55.00000", "2010-06-30": "78.00000", "2010-03-31": "93.00000", "2009-12-31": "35.00000", "2009-09-30": "-19.00000", "2009-06-30": "-46.00000", "2009-03-31": "-76.00000", "2008-12-31": "-312.00000", "2008-09-30": "-8.00000", "2008-06-30": "68.00000", "2008-03-31": "125.00000", "2007-12-31": "26.00000", "2007-09-30": "125.00000", "2007-06-30": "155.00000", "2007-03-31": "170.00000", "2006-12-31": "137.00000", "2006-09-30": "96.00000", "2006-06-30": "156.00000", "2006-03-31": "94.00000", "2005-12-31": "71.00000", "2005-09-30": "74.00000", "2005-06-30": "40.00000", "2005-03-31": "59.00000"}, "Income After Taxes": {"2020-12-31": "143.00000", "2020-09-30": "398.00000", "2020-06-30": "-94.00000", "2020-03-31": "52.00000", "2019-12-31": "432.00000", "2019-09-30": "-161.00000", "2019-06-30": "363.00000", "2019-03-31": "252.00000", "2018-12-31": "399.00000", "2018-09-30": "490.00000", "2018-06-30": "385.00000", "2018-03-31": "367.00000", "2017-12-31": "815.00000", "2017-09-30": "418.00000", "2017-06-30": "411.00000", "2017-03-31": "435.00000", "2016-12-31": "189.00000", "2016-09-30": "467.00000", "2016-06-30": "325.00000", "2016-03-31": "211.00000", "2015-12-31": "283.00000", "2015-09-30": "227.00000", "2015-06-30": "344.00000", "2015-03-31": "300.00000", "2014-12-31": "348.00000", "2014-09-30": "439.00000", "2014-06-30": "398.00000", "2014-03-31": "329.00000", "2013-12-31": "351.00000", "2013-09-30": "337.00000", "2013-06-30": "317.00000", "2013-03-31": "239.00000", "2012-12-31": "321.00000", "2012-09-30": "400.00000", "2012-06-30": "321.00000", "2012-03-31": "244.00000", "2011-12-31": "-550.00000", "2011-09-30": "161.00000", "2011-06-30": "304.00000", "2011-03-31": "314.00000", "2010-12-31": "118.00000", "2010-09-30": "248.00000", "2010-06-30": "252.00000", "2010-03-31": "255.00000", "2009-12-31": "98.00000", "2009-09-30": "81.00000", "2009-06-30": "-7.00000", "2009-03-31": "-587.00000", "2008-12-31": "-544.00000", "2008-09-30": "129.00000", "2008-06-30": "112.00000", "2008-03-31": "293.00000", "2007-12-31": "118.00000", "2007-09-30": "323.00000", "2007-06-30": "370.00000", "2007-03-31": "388.00000", "2006-12-31": "361.00000", "2006-09-30": "364.00000", "2006-06-30": "349.00000", "2006-03-31": "221.00000", "2005-12-31": "225.00000", "2005-09-30": "229.00000", "2005-06-30": "198.00000", "2005-03-31": "179.00000"}, "Other Income": {"2020-12-31": "", "2020-09-30": "", "2020-06-30": "", "2020-03-31": "", "2019-12-31": "", "2019-09-30": "", "2019-06-30": "", "2019-03-31": "", "2018-12-31": "", "2018-09-30": "", "2018-06-30": "", "2018-03-31": "", "2017-12-31": "", "2017-09-30": "", "2017-06-30": "", "2017-03-31": "", "2016-12-31": "", "2016-09-30": "", "2016-06-30": "", "2016-03-31": "", "2015-12-31": "", "2015-09-30": "", "2015-06-30": "", "2015-03-31": "", "2014-12-31": "", "2014-09-30": "", "2014-06-30": "", "2014-03-31": "", "2013-12-31": "", "2013-09-30": "", "2013-06-30": "", "2013-03-31": "", "2012-12-31": "", "2012-09-30": "", "2012-06-30": "", "2012-03-31": "", "2011-12-31": "", "2011-09-30": "", "2011-06-30": "", "2011-03-31": "", "2010-12-31": "", "2010-09-30": "", "2010-06-30": "", "2010-03-31": "", "2009-12-31": "", "2009-09-30": "", "2009-06-30": "", "2009-03-31": "", "2008-12-31": "", "2008-09-30": "", "2008-06-30": "", "2008-03-31": "", "2007-12-31": "", "2007-09-30": "", "2007-06-30": "", "2007-03-31": "", "2006-12-31": "", "2006-09-30": "", "2006-06-30": "", "2006-03-31": "", "2005-12-31": "", "2005-09-30": "", "2005-06-30": "", "2005-03-31": ""}, "Income From Continuous Operations": {"2020-12-31": "143.00000", "2020-09-30": "398.00000", "2020-06-30": "-94.00000", "2020-03-31": "52.00000", "2019-12-31": "432.00000", "2019-09-30": "-161.00000", "2019-06-30": "363.00000", "2019-03-31": "252.00000", "2018-12-31": "399.00000", "2018-09-30": "490.00000", "2018-06-30": "385.00000", "2018-03-31": "367.00000", "2017-12-31": "815.00000", "2017-09-30": "418.00000", "2017-06-30": "411.00000", "2017-03-31": "435.00000", "2016-12-31": "189.00000", "2016-09-30": "467.00000", "2016-06-30": "325.00000", "2016-03-31": "211.00000", "2015-12-31": "283.00000", "2015-09-30": "227.00000", "2015-06-30": "344.00000", "2015-03-31": "300.00000", "2014-12-31": "348.00000", "2014-09-30": "439.00000", "2014-06-30": "398.00000", "2014-03-31": "329.00000", "2013-12-31": "351.00000", "2013-09-30": "337.00000", "2013-06-30": "317.00000", "2013-03-31": "239.00000", "2012-12-31": "321.00000", "2012-09-30": "400.00000", "2012-06-30": "321.00000", "2012-03-31": "244.00000", "2011-12-31": "-550.00000", "2011-09-30": "161.00000", "2011-06-30": "304.00000", "2011-03-31": "314.00000", "2010-12-31": "118.00000", "2010-09-30": "248.00000", "2010-06-30": "252.00000", "2010-03-31": "255.00000", "2009-12-31": "98.00000", "2009-09-30": "81.00000", "2009-06-30": "-7.00000", "2009-03-31": "-587.00000", "2008-12-31": "-544.00000", "2008-09-30": "129.00000", "2008-06-30": "112.00000", "2008-03-31": "293.00000", "2007-12-31": "118.00000", "2007-09-30": "323.00000", "2007-06-30": "370.00000", "2007-03-31": "388.00000", "2006-12-31": "361.00000", "2006-09-30": "364.00000", "2006-06-30": "349.00000", "2006-03-31": "221.00000", "2005-12-31": "225.00000", "2005-09-30": "229.00000", "2005-06-30": "198.00000", "2005-03-31": "179.00000"}, "Income From Discontinued Operations": {"2020-12-31": "", "2020-09-30": "", "2020-06-30": "", "2020-03-31": "", "2019-12-31": "", "2019-09-30": "", "2019-06-30": "", "2019-03-31": "", "2018-12-31": "", "2018-09-30": "", "2018-06-30": "", "2018-03-31": "", "2017-12-31": "", "2017-09-30": "", "2017-06-30": "", "2017-03-31": "", "2016-12-31": "", "2016-09-30": "", "2016-06-30": "", "2016-03-31": "", "2015-12-31": "", "2015-09-30": "", "2015-06-30": "", "2015-03-31": "", "2014-12-31": "", "2014-09-30": "", "2014-06-30": "", "2014-03-31": "", "2013-12-31": "", "2013-09-30": "", "2013-06-30": "", "2013-03-31": "", "2012-12-31": "", "2012-09-30": "28.00000", "2012-06-30": "", "2012-03-31": "-1.00000", "2011-12-31": "", "2011-09-30": "-8.00000", "2011-06-30": "0.00000", "2011-03-31": "", "2010-12-31": "", "2010-09-30": "-2.00000", "2010-06-30": "3.00000", "2010-03-31": "28.00000", "2009-12-31": "4.00000", "2009-09-30": "72.00000", "2009-06-30": "-154.00000", "2009-03-31": "8.00000", "2008-12-31": "39.00000", "2008-09-30": "19.00000", "2008-06-30": "13.00000", "2008-03-31": "-4.00000", "2007-12-31": "3.00000", "2007-09-30": "7.00000", "2007-06-30": "6.00000", "2007-03-31": "", "2006-12-31": "", "2006-09-30": "", "2006-06-30": "", "2006-03-31": "", "2005-12-31": "", "2005-09-30": "", "2005-06-30": "", "2005-03-31": ""}, "Net Income": {"2020-12-31": "143.00000", "2020-09-30": "398.00000", "2020-06-30": "-94.00000", "2020-03-31": "52.00000", "2019-12-31": "432.00000", "2019-09-30": "-161.00000", "2019-06-30": "363.00000", "2019-03-31": "252.00000", "2018-12-31": "399.00000", "2018-09-30": "490.00000", "2018-06-30": "385.00000", "2018-03-31": "367.00000", "2017-12-31": "815.00000", "2017-09-30": "418.00000", "2017-06-30": "411.00000", "2017-03-31": "435.00000", "2016-12-31": "189.00000", "2016-09-30": "467.00000", "2016-06-30": "325.00000", "2016-03-31": "211.00000", "2015-12-31": "283.00000", "2015-09-30": "227.00000", "2015-06-30": "344.00000", "2015-03-31": "300.00000", "2014-12-31": "349.00000", "2014-09-30": "439.00000", "2014-06-30": "398.00000", "2014-03-31": "329.00000", "2013-12-31": "351.00000", "2013-09-30": "337.00000", "2013-06-30": "317.00000", "2013-03-31": "239.00000", "2012-12-31": "321.00000", "2012-09-30": "428.00000", "2012-06-30": "321.00000", "2012-03-31": "243.00000", "2011-12-31": "-550.00000", "2011-09-30": "153.00000", "2011-06-30": "304.00000", "2011-03-31": "314.00000", "2010-12-31": "118.00000", "2010-09-30": "246.00000", "2010-06-30": "106.00000", "2010-03-31": "265.00000", "2009-12-31": "83.00000", "2009-09-30": "137.00000", "2009-06-30": "-161.00000", "2009-03-31": "-579.00000", "2008-12-31": "-505.00000", "2008-09-30": "148.00000", "2008-06-30": "125.00000", "2008-03-31": "289.00000", "2007-12-31": "113.00000", "2007-09-30": "330.00000", "2007-06-30": "376.00000", "2007-03-31": "396.00000", "2006-12-31": "382.00000", "2006-09-30": "364.00000", "2006-06-30": "349.00000", "2006-03-31": "221.00000", "2005-12-31": "225.00000", "2005-09-30": "229.00000", "2005-06-30": "198.00000", "2005-03-31": "179.00000"}, "EBITDA": {"2020-12-31": "", "2020-09-30": "2115.00000", "2020-06-30": "-88.00000", "2020-03-31": "91.00000", "2019-12-31": "-1008.00000", "2019-09-30": "1407.00000", "2019-06-30": "484.00000", "2019-03-31": "331.00000", "2018-12-31": "528.00000", "2018-09-30": "601.00000", "2018-06-30": "519.00000", "2018-03-31": "526.00000", "2017-12-31": "-326.00000", "2017-09-30": "573.00000", "2017-06-30": "592.00000", "2017-03-31": "521.00000", "2016-12-31": "308.00000", "2016-09-30": "660.00000", "2016-06-30": "463.00000", "2016-03-31": "285.00000", "2015-12-31": "400.00000", "2015-09-30": "317.00000", "2015-06-30": "499.00000", "2015-03-31": "412.00000", "2014-12-31": "479.00000", "2014-09-30": "650.00000", "2014-06-30": "586.00000", "2014-03-31": "475.00000", "2013-12-31": "517.00000", "2013-09-30": "490.00000", "2013-06-30": "465.00000", "2013-03-31": "350.00000", "2012-12-31": "451.00000", "2012-09-30": "467.00000", "2012-06-30": "492.00000", "2012-03-31": "357.00000", "2011-12-31": "-438.00000", "2011-09-30": "215.00000", "2011-06-30": "463.00000", "2011-03-31": "482.00000", "2010-12-31": "215.00000", "2010-09-30": "359.00000", "2010-06-30": "380.00000", "2010-03-31": "397.00000", "2009-12-31": "181.00000", "2009-09-30": "111.00000", "2009-06-30": "-10.00000", "2009-03-31": "-682.00000", "2008-12-31": "-804.00000", "2008-09-30": "171.00000", "2008-06-30": "226.00000", "2008-03-31": "475.00000", "2007-12-31": "2641.00000", "2007-09-30": "482.00000", "2007-06-30": "574.00000", "2007-03-31": "613.00000", "2006-12-31": "2639.00000", "2006-09-30": "553.00000", "2006-06-30": "597.00000", "2006-03-31": "332.00000", "2005-12-31": "1843.00000", "2005-09-30": "318.00000", "2005-06-30": "254.00000", "2005-03-31": "274.00000"}, "EBIT": {"2020-12-31": "154.00000", "2020-09-30": "2125.00000", "2020-06-30": "-77.00000", "2020-03-31": "102.00000", "2019-12-31": "-1000.00000", "2019-09-30": "1415.00000", "2019-06-30": "491.00000", "2019-03-31": "339.00000", "2018-12-31": "536.00000", "2018-09-30": "601.00000", "2018-06-30": "519.00000", "2018-03-31": "526.00000", "2017-12-31": "-325.00000", "2017-09-30": "573.00000", "2017-06-30": "596.00000", "2017-03-31": "539.00000", "2016-12-31": "326.00000", "2016-09-30": "678.00000", "2016-06-30": "482.00000", "2016-03-31": "303.00000", "2015-12-31": "419.00000", "2015-09-30": "335.00000", "2015-06-30": "518.00000", "2015-03-31": "430.00000", "2014-12-31": "498.00000", "2014-09-30": "668.00000", "2014-06-30": "604.00000", "2014-03-31": "494.00000", "2013-12-31": "535.00000", "2013-09-30": "509.00000", "2013-06-30": "483.00000", "2013-03-31": "369.00000", "2012-12-31": "469.00000", "2012-09-30": "486.00000", "2012-06-30": "510.00000", "2012-03-31": "376.00000", "2011-12-31": "-419.00000", "2011-09-30": "234.00000", "2011-06-30": "481.00000", "2011-03-31": "501.00000", "2010-12-31": "234.00000", "2010-09-30": "377.00000", "2010-06-30": "399.00000", "2010-03-31": "416.00000", "2009-12-31": "201.00000", "2009-09-30": "130.00000", "2009-06-30": "8.00000", "2009-03-31": "-663.00000", "2008-12-31": "-785.00000", "2008-09-30": "190.00000", "2008-06-30": "245.00000", "2008-03-31": "494.00000", "2007-12-31": "2660.00000", "2007-09-30": "517.00000", "2007-06-30": "598.00000", "2007-03-31": "619.00000", "2006-12-31": "2702.00000", "2006-09-30": "558.00000", "2006-06-30": "600.00000", "2006-03-31": "337.00000", "2005-12-31": "1844.00000", "2005-09-30": "324.00000", "2005-06-30": "260.00000", "2005-03-31": "260.00000"}, "Basic Shares Outstanding": {"2020-12-31": "", "2020-09-30": "193.25100", "2020-06-30": "193.22900", "2020-03-31": "195.07700", "2019-12-31": "200.60900", "2019-09-30": "199.20100", "2019-06-30": "201.49800", "2019-03-31": "204.29100", "2018-12-31": "215.93600", "2018-09-30": "215.90100", "2018-06-30": "217.99700", "2018-03-31": "218.36900", "2017-12-31": "222.12900", "2017-09-30": "220.81400", "2017-06-30": "223.55500", "2017-03-31": "225.62000", "2016-12-31": "234.18200", "2016-09-30": "231.04100", "2016-06-30": "236.46300", "2016-03-31": "241.67600", "2015-12-31": "250.62900", "2015-09-30": "249.22800", "2015-06-30": "251.84900", "2015-03-31": "255.49600", "2014-12-31": "260.87800", "2014-09-30": "260.37200", "2014-06-30": "262.27200", "2014-03-31": "262.73900", "2013-12-31": "265.63100", "2013-09-30": "263.54600", "2013-06-30": "266.36700", "2013-03-31": "270.26600", "2012-12-31": "280.64800", "2012-09-30": "277.88400", "2012-06-30": "282.08600", "2012-03-31": "289.05600", "2011-12-31": "307.21600", "2011-09-30": "304.78000", "2011-06-30": "311.39100", "2011-03-31": "315.01400", "2010-12-31": "310.00500", "2010-09-30": "316.72600", "2010-06-30": "304.48300", "2010-03-31": "302.22200", "2009-12-31": "280.03100", "2009-09-30": "301.80300", "2009-06-30": "260.08500", "2009-03-31": "255.55900", "2008-12-31": "257.49900", "2008-09-30": "255.86500", "2008-06-30": "257.78500", "2008-03-31": "260.95200", "2007-12-31": "270.29900", "2007-09-30": "269.39600", "2007-06-30": "270.56700", "2007-03-31": "274.89000", "2006-12-31": "252.36300", "2006-09-30": "278.47300", "2006-06-30": "279.11800", "2006-03-31": "174.57700", "2005-12-31": "173.06900", "2005-09-30": "172.61440", "2005-06-30": "172.75800", "2005-03-31": "173.69500"}, "Shares Outstanding": {"2020-12-31": "193.90000", "2020-09-30": "195.35600", "2020-06-30": "193.77600", "2020-03-31": "197.26500", "2019-12-31": "202.10500", "2019-09-30": "201.56100", "2019-06-30": "202.90600", "2019-03-31": "205.96200", "2018-12-31": "219.55200", "2018-09-30": "218.46900", "2018-06-30": "221.60500", "2018-03-31": "222.28800", "2017-12-31": "226.22000", "2017-09-30": "223.87200", "2017-06-30": "227.31400", "2017-03-31": "230.10400", "2016-12-31": "236.83000", "2016-09-30": "233.66200", "2016-06-30": "239.89700", "2016-03-31": "245.09600", "2015-12-31": "254.93800", "2015-09-30": "253.21100", "2015-06-30": "255.14000", "2015-03-31": "260.56200", "2014-12-31": "267.96400", "2014-09-30": "266.78500", "2014-06-30": "268.93600", "2014-03-31": "272.11500", "2013-12-31": "275.14900", "2013-09-30": "273.69400", "2013-06-30": "275.65800", "2013-03-31": "278.59200", "2012-12-31": "287.59100", "2012-09-30": "284.65000", "2012-06-30": "289.96100", "2012-03-31": "295.91000", "2011-12-31": "314.95000", "2011-09-30": "311.99800", "2011-06-30": "319.91500", "2011-03-31": "322.86400", "2010-12-31": "319.21400", "2010-09-30": "325.68400", "2010-06-30": "314.61200", "2010-03-31": "312.08800", "2009-12-31": "285.63600", "2009-09-30": "310.04000", "2009-06-30": "262.41400", "2009-03-31": "257.78900", "2008-12-31": "259.39100", "2008-09-30": "257.64500", "2008-06-30": "259.61700", "2008-03-31": "262.76500", "2007-12-31": "273.90500", "2007-09-30": "272.48800", "2007-06-30": "274.40400", "2007-03-31": "279.47700", "2006-12-31": "256.16900", "2006-09-30": "282.41700", "2006-06-30": "282.62000", "2006-03-31": "177.93000", "2005-12-31": "176.14400", "2005-09-30": "175.83520", "2005-06-30": "175.35300", "2005-03-31": "176.62900"}, "Basic EPS": {"2020-12-31": "", "2020-09-30": "2.06000", "2020-06-30": "-0.49000", "2020-03-31": "0.27000", "2019-12-31": "2.19000", "2019-09-30": "-0.81000", "2019-06-30": "1.80000", "2019-03-31": "1.23000", "2018-12-31": "1.89000", "2018-09-30": "2.27000", "2018-06-30": "1.76000", "2018-03-31": "1.68000", "2017-12-31": "3.70000", "2017-09-30": "1.89000", "2017-06-30": "1.84000", "2017-03-31": "1.93000", "2016-12-31": "0.83000", "2016-09-30": "2.02000", "2016-06-30": "1.37000", "2016-03-31": "0.87000", "2015-12-31": "1.15000", "2015-09-30": "0.91000", "2015-06-30": "1.37000", "2015-03-31": "1.17000", "2014-12-31": "1.35000", "2014-09-30": "1.69000", "2014-06-30": "1.52000", "2014-03-31": "1.25000", "2013-12-31": "1.32000", "2013-09-30": "1.28000", "2013-06-30": "1.19000", "2013-03-31": "0.89000", "2012-12-31": "1.16000", "2012-09-30": "1.54000", "2012-06-30": "1.14000", "2012-03-31": "0.84000", "2011-12-31": "-1.76000", "2011-09-30": "0.50000", "2011-06-30": "0.98000", "2011-03-31": "1.00000", "2010-12-31": "0.36000", "2010-09-30": "0.78000", "2010-06-30": "0.35000", "2010-03-31": "0.88000", "2009-12-31": "0.59000", "2009-09-30": "0.45000", "2009-06-30": "-0.62000", "2009-03-31": "-2.27000", "2008-12-31": "-1.95000", "2008-09-30": "0.58000", "2008-06-30": "0.48000", "2008-03-31": "1.11000", "2007-12-31": "0.45000", "2007-09-30": "1.22000", "2007-06-30": "1.39000", "2007-03-31": "1.44000", "2006-12-31": "1.38000", "2006-09-30": "1.31000", "2006-06-30": "1.25000", "2006-03-31": "1.27000", "2005-12-31": "1.29000", "2005-09-30": "1.33000", "2005-06-30": "1.15000", "2005-03-31": "1.03000"}, "EPS - Earnings Per Share": {"2020-12-31": "0.74000", "2020-09-30": "2.01000", "2020-06-30": "-0.49000", "2020-03-31": "0.15000", "2019-12-31": "2.20000", "2019-09-30": "-0.83000", "2019-06-30": "1.79000", "2019-03-31": "1.22000", "2018-12-31": "1.82000", "2018-09-30": "2.24000", "2018-06-30": "1.70000", "2018-03-31": "1.64000", "2017-12-31": "3.65000", "2017-09-30": "1.87000", "2017-06-30": "1.81000", "2017-03-31": "1.89000", "2016-12-31": "0.85000", "2016-09-30": "2.00000", "2016-06-30": "1.35000", "2016-03-31": "0.83000", "2015-12-31": "1.14000", "2015-09-30": "0.87000", "2015-06-30": "1.35000", "2015-03-31": "1.15000", "2014-12-31": "1.33000", "2014-09-30": "1.65000", "2014-06-30": "1.48000", "2014-03-31": "1.21000", "2013-12-31": "1.28000", "2013-09-30": "1.23000", "2013-06-30": "1.15000", "2013-03-31": "0.86000", "2012-12-31": "1.14000", "2012-09-30": "1.51000", "2012-06-30": "1.09000", "2012-03-31": "0.82000", "2011-12-31": "-1.70000", "2011-09-30": "0.47000", "2011-06-30": "0.95000", "2011-03-31": "0.97000", "2010-12-31": "0.37000", "2010-09-30": "0.75000", "2010-06-30": "0.33000", "2010-03-31": "0.85000", "2009-12-31": "0.60000", "2009-09-30": "0.44000", "2009-06-30": "-0.62000", "2009-03-31": "-2.27000", "2008-12-31": "-1.94000", "2008-09-30": "0.58000", "2008-06-30": "0.48000", "2008-03-31": "1.10000", "2007-12-31": "0.43000", "2007-09-30": "1.21000", "2007-06-30": "1.37000", "2007-03-31": "1.42000", "2006-12-31": "1.37000", "2006-09-30": "1.29000", "2006-06-30": "1.23000", "2006-03-31": "1.24000", "2005-12-31": "1.28000", "2005-09-30": "1.30000", "2005-06-30": "1.13000", "2005-03-31": "1.01000"}}, "balance sheet": {"Cash On Hand": {"2020-12-31": "1708.00000", "2019-12-31": "2563.00000", "2018-12-31": "2345.00000", "2017-12-31": "1628.00000", "2016-12-31": "2722.00000", "2015-12-31": "3146.00000", "2014-12-31": "3919.00000", "2013-12-31": "2364.00000", "2012-12-31": "4230.00000", "2011-12-31": "4510.00000", "2010-12-31": "2741.00000", "2009-12-31": "4025.00000", "2008-12-31": "5588.00000", "2007-12-31": "1665.00000", "2006-12-31": "1622.00000", "2005-12-31": "2312.00000"}, "Receivables": {"2020-12-31": "16982.00000", "2019-12-31": "18145.00000", "2018-12-31": "18875.00000", "2017-12-31": "5896.00000", "2016-12-31": "6312.00000", "2015-12-31": "6628.00000", "2014-12-31": "6852.00000", "2013-12-31": "7237.00000", "2012-12-31": "7666.00000", "2011-12-31": "6934.00000", "2010-12-31": "6862.00000", "2009-12-31": "6747.00000", "2008-12-31": "8876.00000", "2007-12-31": "8588.00000", "2006-12-31": "8295.00000", "2005-12-31": "7269.00000"}, "Inventory": {"2020-12-31": "", "2019-12-31": "", "2018-12-31": "", "2017-12-31": "", "2016-12-31": "", "2015-12-31": "", "2014-12-31": "", "2013-12-31": "", "2012-12-31": "", "2011-12-31": "", "2010-12-31": "", "2009-12-31": "", "2008-12-31": "", "2007-12-31": "", "2006-12-31": "", "2005-12-31": ""}, "Pre-Paid Expenses": {"2020-12-31": "", "2019-12-31": "", "2018-12-31": "", "2017-12-31": "", "2016-12-31": "", "2015-12-31": "", "2014-12-31": "", "2013-12-31": "", "2012-12-31": "", "2011-12-31": "", "2010-12-31": "", "2009-12-31": "", "2008-12-31": "", "2007-12-31": "", "2006-12-31": "", "2005-12-31": ""}, "Other Current Assets": {"2020-12-31": "", "2019-12-31": "", "2018-12-31": "", "2017-12-31": "", "2016-12-31": "", "2015-12-31": "", "2014-12-31": "", "2013-12-31": "", "2012-12-31": "", "2011-12-31": "", "2010-12-31": "", "2009-12-31": "", "2008-12-31": "", "2007-12-31": "", "2006-12-31": "", "2005-12-31": ""}, "Total Current Assets": {"2020-12-31": "18690.00000", "2019-12-31": "20708.00000", "2018-12-31": "21220.00000", "2017-12-31": "7524.00000", "2016-12-31": "9034.00000", "2015-12-31": "9774.00000", "2014-12-31": "10771.00000", "2013-12-31": "9601.00000", "2012-12-31": "11896.00000", "2011-12-31": "11444.00000", "2010-12-31": "9603.00000", "2009-12-31": "10772.00000", "2008-12-31": "14464.00000", "2007-12-31": "10253.00000", "2006-12-31": "9917.00000", "2005-12-31": "9581.00000"}, "Property, Plant, And Equipment": {"2020-12-31": "", "2019-12-31": "", "2018-12-31": "", "2017-12-31": "", "2016-12-31": "", "2015-12-31": "", "2014-12-31": "", "2013-12-31": "", "2012-12-31": "", "2011-12-31": "", "2010-12-31": "", "2009-12-31": "", "2008-12-31": "", "2007-12-31": "", "2006-12-31": "", "2005-12-31": ""}, "Long-Term Investments": {"2020-12-31": "155213.00000", "2019-12-31": "134845.00000", "2018-12-31": "116335.00000", "2017-12-31": "114167.00000", "2016-12-31": "107783.00000", "2015-12-31": "103278.00000", "2014-12-31": "104016.00000", "2013-12-31": "96320.00000", "2012-12-31": "100080.00000", "2011-12-31": "94111.00000", "2010-12-31": "84273.00000", "2009-12-31": "76807.00000", "2008-12-31": "67324.00000", "2007-12-31": "72815.00000", "2006-12-31": "72317.00000", "2005-12-31": "43695.00000"}, "Goodwill And Intangible Assets": {"2020-12-31": "1778.00000", "2019-12-31": "1778.00000", "2018-12-31": "1782.00000", "2017-12-31": "1368.00000", "2016-12-31": "2273.00000", "2015-12-31": "2273.00000", "2014-12-31": "2273.00000", "2013-12-31": "2273.00000", "2012-12-31": "2273.00000", "2011-12-31": "2273.00000", "2010-12-31": "3019.00000", "2009-12-31": "3013.00000", "2008-12-31": "3696.00000", "2007-12-31": "4144.00000", "2006-12-31": "4137.00000", "2005-12-31": "1194.00000"}, "Other Long-Term Assets": {"2020-12-31": "184451.00000", "2019-12-31": "169736.00000", "2018-12-31": "148546.00000", "2017-12-31": "150301.00000", "2016-12-31": "133403.00000", "2015-12-31": "127073.00000", "2014-12-31": "128110.00000", "2013-12-31": "119865.00000", "2012-12-31": "97953.00000", "2011-12-31": "86887.00000", "2010-12-31": "87999.00000", "2009-12-31": "77331.00000", "2008-12-31": "66250.00000", "2007-12-31": "94643.00000", "2006-12-31": "83704.00000", "2005-12-31": "65227.00000"}, "Total Long-Term Assets": {"2020-12-31": "347254.00000", "2019-12-31": "314053.00000", "2018-12-31": "276927.00000", "2017-12-31": "274239.00000", "2016-12-31": "252593.00000", "2015-12-31": "242134.00000", "2014-12-31": "242606.00000", "2013-12-31": "227344.00000", "2012-12-31": "206973.00000", "2011-12-31": "190047.00000", "2010-12-31": "184221.00000", "2009-12-31": "166661.00000", "2008-12-31": "148672.00000", "2007-12-31": "181182.00000", "2006-12-31": "168578.00000", "2005-12-31": "115279.00000"}, "Total Assets": {"2020-12-31": "365944.00000", "2019-12-31": "334761.00000", "2018-12-31": "298147.00000", "2017-12-31": "281763.00000", "2016-12-31": "261627.00000", "2015-12-31": "251908.00000", "2014-12-31": "253377.00000", "2013-12-31": "236945.00000", "2012-12-31": "218869.00000", "2011-12-31": "201491.00000", "2010-12-31": "193824.00000", "2009-12-31": "177433.00000", "2008-12-31": "163136.00000", "2007-12-31": "191435.00000", "2006-12-31": "178495.00000", "2005-12-31": "124860.00000"}, "Total Current Liabilities": {"2020-12-31": "152833.00000", "2019-12-31": "140147.00000", "2018-12-31": "130689.00000", "2017-12-31": "108020.00000", "2016-12-31": "105527.00000", "2015-12-31": "102814.00000", "2014-12-31": "100378.00000", "2013-12-31": "95646.00000", "2012-12-31": "96594.00000", "2011-12-31": "93480.00000", "2010-12-31": "86046.00000", "2009-12-31": "82393.00000", "2008-12-31": "83522.00000", "2007-12-31": "77551.00000", "2006-12-31": "76307.00000", "2005-12-31": "47707.00000"}, "Long Term Debt": {"2020-12-31": "6682.00000", "2019-12-31": "6067.00000", "2018-12-31": "5839.00000", "2017-12-31": "4894.00000", "2016-12-31": "5345.00000", "2015-12-31": "5553.00000", "2014-12-31": "5270.00000", "2013-12-31": "5320.00000", "2012-12-31": "5439.00000", "2011-12-31": "5391.00000", "2010-12-31": "5399.00000", "2009-12-31": "5050.00000", "2008-12-31": "4731.00000", "2007-12-31": "4618.00000", "2006-12-31": "3458.00000", "2005-12-31": "1333.00000"}, "Other Non-Current Liabilities": {"2020-12-31": "183730.00000", "2019-12-31": "168858.00000", "2018-12-31": "147269.00000", "2017-12-31": "151527.00000", "2016-12-31": "136277.00000", "2015-12-31": "129924.00000", "2014-12-31": "131989.00000", "2013-12-31": "122527.00000", "2012-12-31": "101863.00000", "2011-12-31": "89519.00000", "2010-12-31": "89573.00000", "2009-12-31": "78290.00000", "2008-12-31": "66906.00000", "2007-12-31": "97548.00000", "2006-12-31": "86529.00000", "2005-12-31": "69436.00000"}, "Total Long Term Liabilities": {"2020-12-31": "190412.00000", "2019-12-31": "174925.00000", "2018-12-31": "153108.00000", "2017-12-31": "156421.00000", "2016-12-31": "141622.00000", "2015-12-31": "135477.00000", "2014-12-31": "137259.00000", "2013-12-31": "127847.00000", "2012-12-31": "107302.00000", "2011-12-31": "94910.00000", "2010-12-31": "94972.00000", "2009-12-31": "83340.00000", "2008-12-31": "71637.00000", "2007-12-31": "102166.00000", "2006-12-31": "89987.00000", "2005-12-31": "70769.00000"}, "Total Liabilities": {"2020-12-31": "343245.00000", "2019-12-31": "315072.00000", "2018-12-31": "283797.00000", "2017-12-31": "264441.00000", "2016-12-31": "247149.00000", "2015-12-31": "238291.00000", "2014-12-31": "237637.00000", "2013-12-31": "223493.00000", "2012-12-31": "203896.00000", "2011-12-31": "188390.00000", "2010-12-31": "181018.00000", "2009-12-31": "165733.00000", "2008-12-31": "155159.00000", "2007-12-31": "179717.00000", "2006-12-31": "166294.00000", "2005-12-31": "118476.00000"}, "Common Stock Net": {"2020-12-31": "5082.00000", "2019-12-31": "5162.00000", "2018-12-31": "5392.00000", "2017-12-31": "5693.00000", "2016-12-31": "5869.00000", "2015-12-31": "6298.00000", "2014-12-31": "6622.00000", "2013-12-31": "6876.00000", "2012-12-31": "7121.00000", "2011-12-31": "7590.00000", "2010-12-31": "8124.00000", "2009-12-31": "7840.00000", "2008-12-31": "7035.00000", "2007-12-31": "7200.00000", "2006-12-31": "7449.00000", "2005-12-31": "1775.00000"}, "Retained Earnings (Accumulated Deficit)": {"2020-12-31": "8686.00000", "2019-12-31": "8854.00000", "2018-12-31": "8551.00000", "2017-12-31": "8399.00000", "2016-12-31": "7043.00000", "2015-12-31": "6474.00000", "2014-12-31": "6022.00000", "2013-12-31": "5013.00000", "2012-12-31": "4044.00000", "2011-12-31": "2831.00000", "2010-12-31": "3934.00000", "2009-12-31": "3316.00000", "2008-12-31": "3745.00000", "2007-12-31": "4293.00000", "2006-12-31": "4138.00000", "2005-12-31": "4081.00000"}, "Comprehensive Income": {"2020-12-31": "8931.00000", "2019-12-31": "5673.00000", "2018-12-31": "407.00000", "2017-12-31": "3230.00000", "2016-12-31": "1566.00000", "2015-12-31": "845.00000", "2014-12-31": "3096.00000", "2013-12-31": "1563.00000", "2012-12-31": "3808.00000", "2011-12-31": "2680.00000", "2010-12-31": "748.00000", "2009-12-31": "-262.00000", "2008-12-31": "-2803.00000", "2007-12-31": "225.00000", "2006-12-31": "613.00000", "2005-12-31": "527.00000"}, "Other Share Holders Equity": {"2020-12-31": "", "2019-12-31": "", "2018-12-31": "", "2017-12-31": "", "2016-12-31": "", "2015-12-31": "", "2014-12-31": "", "2013-12-31": "", "2012-12-31": "", "2011-12-31": "", "2010-12-31": "", "2009-12-31": "", "2008-12-31": "", "2007-12-31": "", "2006-12-31": "", "2005-12-31": ""}, "Share Holder Equity": {"2020-12-31": "22699.00000", "2019-12-31": "19689.00000", "2018-12-31": "14350.00000", "2017-12-31": "17322.00000", "2016-12-31": "14478.00000", "2015-12-31": "13617.00000", "2014-12-31": "15740.00000", "2013-12-31": "13452.00000", "2012-12-31": "14973.00000", "2011-12-31": "13101.00000", "2010-12-31": "12806.00000", "2009-12-31": "11700.00000", "2008-12-31": "7977.00000", "2007-12-31": "11718.00000", "2006-12-31": "12201.00000", "2005-12-31": "6384.00000"}, "Total Liabilities And Share Holders Equity": {"2020-12-31": "365944.00000", "2019-12-31": "334761.00000", "2018-12-31": "298147.00000", "2017-12-31": "281763.00000", "2016-12-31": "261627.00000", "2015-12-31": "251908.00000", "2014-12-31": "253377.00000", "2013-12-31": "236945.00000", "2012-12-31": "218869.00000", "2011-12-31": "201491.00000", "2010-12-31": "193824.00000", "2009-12-31": "177433.00000", "2008-12-31": "163136.00000", "2007-12-31": "191435.00000", "2006-12-31": "178495.00000", "2005-12-31": "124860.00000"}}, "balance sheet, quarterly": {"Cash On Hand": {"2020-12-31": "1708.00000", "2020-09-30": "2595.00000", "2020-06-30": "4201.00000", "2020-03-31": "6202.00000", "2019-12-31": "2563.00000", "2019-09-30": "2939.00000", "2019-06-30": "3314.00000", "2019-03-31": "1593.00000", "2018-12-31": "2345.00000", "2018-09-30": "1460.00000", "2018-06-30": "1775.00000", "2018-03-31": "2257.00000", "2017-12-31": "1628.00000", "2017-09-30": "1965.00000", "2017-06-30": "1978.00000", "2017-03-31": "1923.00000", "2016-12-31": "2722.00000", "2016-09-30": "3444.00000", "2016-06-30": "4113.00000", "2016-03-31": "3177.00000", "2015-12-31": "3146.00000", "2015-09-30": "3772.00000", "2015-06-30": "2327.00000", "2015-03-31": "3487.00000", "2014-12-31": "3919.00000", "2014-09-30": "1821.00000", "2014-06-30": "1509.00000", "2014-03-31": "1849.00000", "2013-12-31": "2364.00000", "2013-09-30": "2650.00000", "2013-06-30": "2574.00000", "2013-03-31": "3107.00000", "2012-12-31": "4230.00000", "2012-09-30": "4373.00000", "2012-06-30": "5257.00000", "2012-03-31": "3516.00000", "2011-12-31": "4510.00000", "2011-09-30": "4833.00000", "2011-06-30": "2912.00000", "2011-03-31": "2216.00000", "2010-12-31": "2741.00000", "2010-09-30": "3547.00000", "2010-06-30": "3700.00000", "2010-03-31": "3445.00000", "2009-12-31": "4025.00000", "2009-09-30": "3161.00000", "2009-06-30": "2539.00000", "2009-03-31": "5613.00000", "2008-12-31": "5588.00000", "2008-09-30": "2160.00000", "2008-06-30": "1921.00000", "2008-03-31": "2447.00000", "2007-12-31": "1665.00000", "2007-09-30": "1326.00000", "2007-06-30": "989.00000", "2007-03-31": "900.00000", "2006-12-31": "1622.00000", "2006-09-30": "1108.00000", "2006-06-30": "1500.00000", "2006-03-31": "1974.00000", "2005-12-31": "2312.00000", "2005-09-30": "1601.91600", "2005-06-30": "1658.85100", "2005-03-31": "1499.07200"}, "Receivables": {"2020-12-31": "16982.00000", "2020-09-30": "17647.00000", "2020-06-30": "17891.00000", "2020-03-31": "18157.00000", "2019-12-31": "18145.00000", "2019-09-30": "18336.00000", "2019-06-30": "18034.00000", "2019-03-31": "18816.00000", "2018-12-31": "18875.00000", "2018-09-30": "19429.00000", "2018-06-30": "19125.00000", "2018-03-31": "6065.00000", "2017-12-31": "5896.00000", "2017-09-30": "6034.00000", "2017-06-30": "6200.00000", "2017-03-31": "6408.00000", "2016-12-31": "6312.00000", "2016-09-30": "6415.00000", "2016-06-30": "6538.00000", "2016-03-31": "6628.00000", "2015-12-31": "6628.00000", "2015-09-30": "6581.00000", "2015-06-30": "6665.00000", "2015-03-31": "6696.00000", "2014-12-31": "6852.00000", "2014-09-30": "7115.00000", "2014-06-30": "7236.00000", "2014-03-31": "7260.00000", "2013-12-31": "7237.00000", "2013-09-30": "7737.00000", "2013-06-30": "7603.00000", "2013-03-31": "7727.00000", "2012-12-31": "7666.00000", "2012-09-30": "6790.00000", "2012-06-30": "6989.00000", "2012-03-31": "6971.00000", "2011-12-31": "6934.00000", "2011-09-30": "7042.00000", "2011-06-30": "6926.00000", "2011-03-31": "6981.00000", "2010-12-31": "6862.00000", "2010-09-30": "6976.00000", "2010-06-30": "6977.00000", "2010-03-31": "6917.00000", "2009-12-31": "6747.00000", "2009-09-30": "7987.00000", "2009-06-30": "8204.00000", "2009-03-31": "8629.00000", "2008-12-31": "8876.00000", "2008-09-30": "8685.00000", "2008-06-30": "8619.00000", "2008-03-31": "8875.00000", "2007-12-31": "8588.00000", "2007-09-30": "8628.00000", "2007-06-30": "8611.00000", "2007-03-31": "8507.00000", "2006-12-31": "8295.00000", "2006-09-30": "8353.00000", "2006-06-30": "8311.00000", "2006-03-31": "7263.00000", "2005-12-31": "7269.00000", "2005-09-30": "7543.58100", "2005-06-30": "7464.38200", "2005-03-31": "7635.82700"}, "Inventory": {"2020-12-31": "", "2020-09-30": "", "2020-06-30": "", "2020-03-31": "", "2019-12-31": "", "2019-09-30": "", "2019-06-30": "", "2019-03-31": "", "2018-12-31": "", "2018-09-30": "", "2018-06-30": "", "2018-03-31": "", "2017-12-31": "", "2017-09-30": "", "2017-06-30": "", "2017-03-31": "", "2016-12-31": "", "2016-09-30": "", "2016-06-30": "", "2016-03-31": "", "2015-12-31": "", "2015-09-30": "", "2015-06-30": "", "2015-03-31": "", "2014-12-31": "", "2014-09-30": "", "2014-06-30": "", "2014-03-31": "", "2013-12-31": "", "2013-09-30": "", "2013-06-30": "", "2013-03-31": "", "2012-12-31": "", "2012-09-30": "", "2012-06-30": "", "2012-03-31": "", "2011-12-31": "", "2011-09-30": "", "2011-06-30": "", "2011-03-31": "", "2010-12-31": "", "2010-09-30": "", "2010-06-30": "", "2010-03-31": "", "2009-12-31": "", "2009-09-30": "", "2009-06-30": "", "2009-03-31": "", "2008-12-31": "", "2008-09-30": "", "2008-06-30": "", "2008-03-31": "", "2007-12-31": "", "2007-09-30": "", "2007-06-30": "", "2007-03-31": "", "2006-12-31": "", "2006-09-30": "", "2006-06-30": "", "2006-03-31": "", "2005-12-31": "", "2005-09-30": "", "2005-06-30": "", "2005-03-31": ""}, "Pre-Paid Expenses": {"2020-12-31": "", "2020-09-30": "", "2020-06-30": "", "2020-03-31": "", "2019-12-31": "", "2019-09-30": "", "2019-06-30": "", "2019-03-31": "", "2018-12-31": "", "2018-09-30": "", "2018-06-30": "", "2018-03-31": "", "2017-12-31": "", "2017-09-30": "", "2017-06-30": "", "2017-03-31": "", "2016-12-31": "", "2016-09-30": "", "2016-06-30": "", "2016-03-31": "", "2015-12-31": "", "2015-09-30": "", "2015-06-30": "", "2015-03-31": "", "2014-12-31": "", "2014-09-30": "", "2014-06-30": "", "2014-03-31": "", "2013-12-31": "", "2013-09-30": "", "2013-06-30": "", "2013-03-31": "", "2012-12-31": "", "2012-09-30": "", "2012-06-30": "", "2012-03-31": "", "2011-12-31": "", "2011-09-30": "", "2011-06-30": "", "2011-03-31": "", "2010-12-31": "", "2010-09-30": "", "2010-06-30": "", "2010-03-31": "", "2009-12-31": "", "2009-09-30": "", "2009-06-30": "", "2009-03-31": "", "2008-12-31": "", "2008-09-30": "", "2008-06-30": "", "2008-03-31": "", "2007-12-31": "", "2007-09-30": "", "2007-06-30": "", "2007-03-31": "", "2006-12-31": "", "2006-09-30": "", "2006-06-30": "", "2006-03-31": "", "2005-12-31": "", "2005-09-30": "", "2005-06-30": "", "2005-03-31": ""}, "Other Current Assets": {"2020-12-31": "", "2020-09-30": "", "2020-06-30": "", "2020-03-31": "", "2019-12-31": "", "2019-09-30": "", "2019-06-30": "", "2019-03-31": "", "2018-12-31": "", "2018-09-30": "", "2018-06-30": "", "2018-03-31": "", "2017-12-31": "", "2017-09-30": "", "2017-06-30": "", "2017-03-31": "", "2016-12-31": "", "2016-09-30": "", "2016-06-30": "", "2016-03-31": "", "2015-12-31": "", "2015-09-30": "", "2015-06-30": "", "2015-03-31": "", "2014-12-31": "", "2014-09-30": "", "2014-06-30": "", "2014-03-31": "", "2013-12-31": "", "2013-09-30": "", "2013-06-30": "", "2013-03-31": "", "2012-12-31": "", "2012-09-30": "", "2012-06-30": "", "2012-03-31": "", "2011-12-31": "", "2011-09-30": "", "2011-06-30": "", "2011-03-31": "", "2010-12-31": "", "2010-09-30": "", "2010-06-30": "", "2010-03-31": "", "2009-12-31": "", "2009-09-30": "", "2009-06-30": "", "2009-03-31": "", "2008-12-31": "", "2008-09-30": "", "2008-06-30": "", "2008-03-31": "", "2007-12-31": "", "2007-09-30": "", "2007-06-30": "", "2007-03-31": "", "2006-12-31": "", "2006-09-30": "", "2006-06-30": "", "2006-03-31": "", "2005-12-31": "", "2005-09-30": "", "2005-06-30": "", "2005-03-31": ""}, "Total Current Assets": {"2020-12-31": "18690.00000", "2020-09-30": "20242.00000", "2020-06-30": "22092.00000", "2020-03-31": "24359.00000", "2019-12-31": "20708.00000", "2019-09-30": "21275.00000", "2019-06-30": "21348.00000", "2019-03-31": "20409.00000", "2018-12-31": "21220.00000", "2018-09-30": "20889.00000", "2018-06-30": "20900.00000", "2018-03-31": "8322.00000", "2017-12-31": "7524.00000", "2017-09-30": "7999.00000", "2017-06-30": "8178.00000", "2017-03-31": "8331.00000", "2016-12-31": "9034.00000", "2016-09-30": "9859.00000", "2016-06-30": "10651.00000", "2016-03-31": "9805.00000", "2015-12-31": "9774.00000", "2015-09-30": "10353.00000", "2015-06-30": "8992.00000", "2015-03-31": "10183.00000", "2014-12-31": "10771.00000", "2014-09-30": "8936.00000", "2014-06-30": "8745.00000", "2014-03-31": "9109.00000", "2013-12-31": "9601.00000", "2013-09-30": "10387.00000", "2013-06-30": "10177.00000", "2013-03-31": "10834.00000", "2012-12-31": "11896.00000", "2012-09-30": "11163.00000", "2012-06-30": "12246.00000", "2012-03-31": "10487.00000", "2011-12-31": "11444.00000", "2011-09-30": "11875.00000", "2011-06-30": "9838.00000", "2011-03-31": "9197.00000", "2010-12-31": "9603.00000", "2010-09-30": "10523.00000", "2010-06-30": "10677.00000", "2010-03-31": "10362.00000", "2009-12-31": "10772.00000", "2009-09-30": "11148.00000", "2009-06-30": "10743.00000", "2009-03-31": "14242.00000", "2008-12-31": "14464.00000", "2008-09-30": "10845.00000", "2008-06-30": "10540.00000", "2008-03-31": "11322.00000", "2007-12-31": "10253.00000", "2007-09-30": "9954.00000", "2007-06-30": "9600.00000", "2007-03-31": "9407.00000", "2006-12-31": "9917.00000", "2006-09-30": "9461.00000", "2006-06-30": "9811.00000", "2006-03-31": "9237.00000", "2005-12-31": "9581.00000", "2005-09-30": "9145.49600", "2005-06-30": "9123.23300", "2005-03-31": "9134.89900"}, "Property, Plant, And Equipment": {"2020-12-31": "", "2020-09-30": "", "2020-06-30": "", "2020-03-31": "", "2019-12-31": "", "2019-09-30": "", "2019-06-30": "", "2019-03-31": "", "2018-12-31": "", "2018-09-30": "", "2018-06-30": "", "2018-03-31": "", "2017-12-31": "", "2017-09-30": "", "2017-06-30": "", "2017-03-31": "", "2016-12-31": "", "2016-09-30": "", "2016-06-30": "", "2016-03-31": "", "2015-12-31": "", "2015-09-30": "", "2015-06-30": "", "2015-03-31": "", "2014-12-31": "", "2014-09-30": "", "2014-06-30": "", "2014-03-31": "", "2013-12-31": "", "2013-09-30": "", "2013-06-30": "", "2013-03-31": "", "2012-12-31": "", "2012-09-30": "", "2012-06-30": "", "2012-03-31": "", "2011-12-31": "", "2011-09-30": "", "2011-06-30": "", "2011-03-31": "", "2010-12-31": "", "2010-09-30": "", "2010-06-30": "", "2010-03-31": "", "2009-12-31": "", "2009-09-30": "", "2009-06-30": "", "2009-03-31": "", "2008-12-31": "", "2008-09-30": "", "2008-06-30": "", "2008-03-31": "", "2007-12-31": "", "2007-09-30": "", "2007-06-30": "", "2007-03-31": "", "2006-12-31": "", "2006-09-30": "", "2006-06-30": "", "2006-03-31": "", "2005-12-31": "", "2005-09-30": "185.62200", "2005-06-30": "187.91900", "2005-03-31": "203.94100"}, "Long-Term Investments": {"2020-12-31": "155213.00000", "2020-09-30": "150835.00000", "2020-06-30": "146085.00000", "2020-03-31": "136437.00000", "2019-12-31": "134845.00000", "2019-09-30": "133702.00000", "2019-06-30": "127526.00000", "2019-03-31": "122929.00000", "2018-12-31": "116335.00000", "2018-09-30": "113854.00000", "2018-06-30": "113126.00000", "2018-03-31": "111184.00000", "2017-12-31": "114167.00000", "2017-09-30": "112851.00000", "2017-06-30": "111721.00000", "2017-03-31": "109757.00000", "2016-12-31": "107783.00000", "2016-09-30": "112708.00000", "2016-06-30": "111657.00000", "2016-03-31": "107479.00000", "2015-12-31": "103278.00000", "2015-09-30": "104315.00000", "2015-06-30": "103073.00000", "2015-03-31": "107144.00000", "2014-12-31": "104016.00000", "2014-09-30": "102514.00000", "2014-06-30": "102039.00000", "2014-03-31": "99323.00000", "2013-12-31": "96320.00000", "2013-09-30": "96679.00000", "2013-06-30": "97219.00000", "2013-03-31": "100363.00000", "2012-12-31": "100080.00000", "2012-09-30": "99535.00000", "2012-06-30": "97909.00000", "2012-03-31": "93938.00000", "2011-12-31": "94111.00000", "2011-09-30": "93214.00000", "2011-06-30": "87272.00000", "2011-03-31": "85300.00000", "2010-12-31": "84273.00000", "2010-09-30": "87103.00000", "2010-06-30": "83898.00000", "2010-03-31": "79398.00000", "2009-12-31": "76807.00000", "2009-09-30": "77126.00000", "2009-06-30": "71429.00000", "2009-03-31": "67036.00000", "2008-12-31": "67324.00000", "2008-09-30": "68878.00000", "2008-06-30": "71077.00000", "2008-03-31": "72472.00000", "2007-12-31": "72815.00000", "2007-09-30": "72464.00000", "2007-06-30": "71729.00000", "2007-03-31": "72768.00000", "2006-12-31": "72317.00000", "2006-09-30": "72535.00000", "2006-06-30": "70593.00000", "2006-03-31": "43105.00000", "2005-12-31": "43695.00000", "2005-09-30": "44650.15000", "2005-06-30": "45400.85000", "2005-03-31": "44539.76000"}, "Goodwill And Intangible Assets": {"2020-12-31": "1778.00000", "2020-09-30": "1778.00000", "2020-06-30": "1778.00000", "2020-03-31": "1778.00000", "2019-12-31": "1778.00000", "2019-09-30": "1778.00000", "2019-06-30": "1778.00000", "2019-03-31": "1778.00000", "2018-12-31": "1782.00000", "2018-09-30": "1757.00000", "2018-06-30": "1750.00000", "2018-03-31": "1368.00000", "2017-12-31": "1368.00000", "2017-09-30": "2273.00000", "2017-06-30": "2273.00000", "2017-03-31": "2273.00000", "2016-12-31": "2273.00000", "2016-09-30": "2273.00000", "2016-06-30": "2273.00000", "2016-03-31": "2273.00000", "2015-12-31": "2273.00000", "2015-09-30": "2273.00000", "2015-06-30": "2273.00000", "2015-03-31": "2273.00000", "2014-12-31": "2273.00000", "2014-09-30": "2273.00000", "2014-06-30": "2273.00000", "2014-03-31": "2273.00000", "2013-12-31": "2273.00000", "2013-09-30": "2273.00000", "2013-06-30": "2273.00000", "2013-03-31": "2273.00000", "2012-12-31": "2273.00000", "2012-09-30": "2273.00000", "2012-06-30": "2273.00000", "2012-03-31": "2273.00000", "2011-12-31": "2273.00000", "2011-09-30": "3019.00000", "2011-06-30": "3019.00000", "2011-03-31": "3019.00000", "2010-12-31": "3019.00000", "2010-09-30": "3019.00000", "2010-06-30": "6175.00000", "2010-03-31": "3013.00000", "2009-12-31": "3013.00000", "2009-09-30": "3096.00000", "2009-06-30": "3344.00000", "2009-03-31": "3344.00000", "2008-12-31": "3696.00000", "2008-09-30": "4041.00000", "2008-06-30": "4045.00000", "2008-03-31": "4128.00000", "2007-12-31": "4144.00000", "2007-09-30": "4522.00000", "2007-06-30": "4521.00000", "2007-03-31": "4521.00000", "2006-12-31": "4137.00000", "2006-09-30": "4498.00000", "2006-06-30": "4503.00000", "2006-03-31": "2190.00000", "2005-12-31": "1194.00000", "2005-09-30": "2229.80400", "2005-06-30": "2254.34300", "2005-03-31": "2287.70200"}, "Other Long-Term Assets": {"2020-12-31": "184451.00000", "2020-09-30": "168642.00000", "2020-06-30": "162692.00000", "2020-03-31": "146863.00000", "2019-12-31": "169736.00000", "2019-09-30": "161031.00000", "2019-06-30": "163019.00000", "2019-03-31": "159742.00000", "2018-12-31": "148546.00000", "2018-09-30": "157336.00000", "2018-06-30": "153152.00000", "2018-03-31": "149074.00000", "2017-12-31": "150301.00000", "2017-09-30": "145119.00000", "2017-06-30": "140924.00000", "2017-03-31": "138077.00000", "2016-12-31": "133403.00000", "2016-09-30": "133745.00000", "2016-06-30": "130167.00000", "2016-03-31": "127177.00000", "2015-12-31": "127073.00000", "2015-09-30": "123725.00000", "2015-06-30": "131726.00000", "2015-03-31": "130729.00000", "2014-12-31": "128110.00000", "2014-09-30": "126351.00000", "2014-06-30": "127919.00000", "2014-03-31": "122790.00000", "2013-12-31": "119865.00000", "2013-09-30": "112085.00000", "2013-06-30": "105438.00000", "2013-03-31": "103935.00000", "2012-12-31": "97953.00000", "2012-09-30": "96674.00000", "2012-06-30": "92177.00000", "2012-03-31": "94440.00000", "2011-12-31": "86887.00000", "2011-09-30": "81509.00000", "2011-06-30": "92154.00000", "2011-03-31": "91529.00000", "2010-12-31": "87999.00000", "2010-09-30": "81927.00000", "2010-06-30": "70844.00000", "2010-03-31": "79653.00000", "2009-12-31": "77331.00000", "2009-09-30": "80938.00000", "2009-06-30": "71073.00000", "2009-03-31": "60883.00000", "2008-12-31": "66250.00000", "2008-09-30": "77855.00000", "2008-06-30": "88011.00000", "2008-03-31": "87431.00000", "2007-12-31": "94643.00000", "2007-09-30": "95940.00000", "2007-06-30": "92699.00000", "2007-03-31": "86095.00000", "2006-12-31": "83704.00000", "2006-09-30": "77060.00000", "2006-06-30": "74145.00000", "2006-03-31": "69491.00000", "2005-12-31": "65227.00000", "2005-09-30": "61989.56000", "2005-06-30": "58432.55000", "2005-03-31": "56473.16000"}, "Total Long-Term Assets": {"2020-12-31": "347254.00000", "2020-09-30": "327562.00000", "2020-06-30": "317567.00000", "2020-03-31": "294290.00000", "2019-12-31": "314053.00000", "2019-09-30": "304003.00000", "2019-06-30": "300911.00000", "2019-03-31": "293890.00000", "2018-12-31": "276927.00000", "2018-09-30": "282961.00000", "2018-06-30": "277932.00000", "2018-03-31": "270915.00000", "2017-12-31": "274239.00000", "2017-09-30": "268786.00000", "2017-06-30": "263473.00000", "2017-03-31": "259137.00000", "2016-12-31": "252593.00000", "2016-09-30": "256746.00000", "2016-06-30": "252377.00000", "2016-03-31": "245913.00000", "2015-12-31": "242134.00000", "2015-09-30": "239179.00000", "2015-06-30": "246222.00000", "2015-03-31": "248302.00000", "2014-12-31": "242606.00000", "2014-09-30": "239510.00000", "2014-06-30": "240380.00000", "2014-03-31": "232840.00000", "2013-12-31": "227344.00000", "2013-09-30": "219537.00000", "2013-06-30": "213144.00000", "2013-03-31": "213507.00000", "2012-12-31": "206973.00000", "2012-09-30": "204295.00000", "2012-06-30": "198864.00000", "2012-03-31": "197531.00000", "2011-12-31": "190047.00000", "2011-09-30": "185872.00000", "2011-06-30": "191716.00000", "2011-03-31": "189120.00000", "2010-12-31": "184221.00000", "2010-09-30": "179967.00000", "2010-06-30": "169452.00000", "2010-03-31": "171259.00000", "2009-12-31": "166661.00000", "2009-09-30": "170342.00000", "2009-06-30": "156302.00000", "2009-03-31": "143185.00000", "2008-12-31": "148672.00000", "2008-09-30": "162426.00000", "2008-06-30": "173741.00000", "2008-03-31": "174027.00000", "2007-12-31": "181182.00000", "2007-09-30": "182263.00000", "2007-06-30": "178050.00000", "2007-03-31": "171919.00000", "2006-12-31": "168578.00000", "2006-09-30": "162265.00000", "2006-06-30": "157569.00000", "2006-03-31": "119157.00000", "2005-12-31": "115279.00000", "2005-09-30": "112959.10000", "2005-06-30": "109830.20000", "2005-03-31": "107217.30000"}, "Total Assets": {"2020-12-31": "365944.00000", "2020-09-30": "347804.00000", "2020-06-30": "339659.00000", "2020-03-31": "318649.00000", "2019-12-31": "334761.00000", "2019-09-30": "325278.00000", "2019-06-30": "322259.00000", "2019-03-31": "314299.00000", "2018-12-31": "298147.00000", "2018-09-30": "303850.00000", "2018-06-30": "298832.00000", "2018-03-31": "279237.00000", "2017-12-31": "281763.00000", "2017-09-30": "276785.00000", "2017-06-30": "271651.00000", "2017-03-31": "267468.00000", "2016-12-31": "261627.00000", "2016-09-30": "266605.00000", "2016-06-30": "263028.00000", "2016-03-31": "255718.00000", "2015-12-31": "251908.00000", "2015-09-30": "249532.00000", "2015-06-30": "255214.00000", "2015-03-31": "258485.00000", "2014-12-31": "253377.00000", "2014-09-30": "248446.00000", "2014-06-30": "249125.00000", "2014-03-31": "241949.00000", "2013-12-31": "236945.00000", "2013-09-30": "229924.00000", "2013-06-30": "223321.00000", "2013-03-31": "224341.00000", "2012-12-31": "218869.00000", "2012-09-30": "215458.00000", "2012-06-30": "211110.00000", "2012-03-31": "208018.00000", "2011-12-31": "201491.00000", "2011-09-30": "197747.00000", "2011-06-30": "201554.00000", "2011-03-31": "198317.00000", "2010-12-31": "193824.00000", "2010-09-30": "190490.00000", "2010-06-30": "180129.00000", "2010-03-31": "181621.00000", "2009-12-31": "177433.00000", "2009-09-30": "181490.00000", "2009-06-30": "167045.00000", "2009-03-31": "157427.00000", "2008-12-31": "163136.00000", "2008-09-30": "173271.00000", "2008-06-30": "184281.00000", "2008-03-31": "185349.00000", "2007-12-31": "191435.00000", "2007-09-30": "192217.00000", "2007-06-30": "187650.00000", "2007-03-31": "181326.00000", "2006-12-31": "178495.00000", "2006-09-30": "171726.00000", "2006-06-30": "167380.00000", "2006-03-31": "128394.00000", "2005-12-31": "124860.00000", "2005-09-30": "122104.60000", "2005-06-30": "118953.40000", "2005-03-31": "116352.20000"}, "Total Current Liabilities": {"2020-12-31": "152833.00000", "2020-09-30": "149426.00000", "2020-06-30": "146417.00000", "2020-03-31": "145042.00000", "2019-12-31": "140147.00000", "2019-09-30": "137558.00000", "2019-06-30": "136079.00000", "2019-03-31": "133807.00000", "2018-12-31": "130689.00000", "2018-09-30": "128126.00000", "2018-06-30": "127140.00000", "2018-03-31": "108182.00000", "2017-12-31": "108020.00000", "2017-09-30": "107651.00000", "2017-06-30": "106964.00000", "2017-03-31": "106616.00000", "2016-12-31": "105527.00000", "2016-09-30": "106124.00000", "2016-06-30": "106286.00000", "2016-03-31": "104041.00000", "2015-12-31": "102814.00000", "2015-09-30": "102387.00000", "2015-06-30": "101116.00000", "2015-03-31": "101592.00000", "2014-12-31": "100378.00000", "2014-09-30": "98690.00000", "2014-06-30": "98171.00000", "2014-03-31": "97158.00000", "2013-12-31": "95646.00000", "2013-09-30": "96421.00000", "2013-06-30": "96933.00000", "2013-03-31": "96921.00000", "2012-12-31": "96594.00000", "2012-09-30": "94919.00000", "2012-06-30": "95907.00000", "2012-03-31": "92144.00000", "2011-12-31": "93480.00000", "2011-09-30": "93132.00000", "2011-06-30": "87894.00000", "2011-03-31": "86434.00000", "2010-12-31": "86046.00000", "2010-09-30": "86998.00000", "2010-06-30": "85507.00000", "2010-03-31": "82698.00000", "2009-12-31": "82393.00000", "2009-09-30": "82605.00000", "2009-06-30": "80722.00000", "2009-03-31": "84183.00000", "2008-12-31": "83522.00000", "2008-09-30": "79253.00000", "2008-06-30": "79083.00000", "2008-03-31": "79089.00000", "2007-12-31": "77551.00000", "2007-09-30": "75408.00000", "2007-06-30": "74556.00000", "2007-03-31": "74566.00000", "2006-12-31": "76307.00000", "2006-09-30": "74029.00000", "2006-06-30": "74040.00000", "2006-03-31": "47204.00000", "2005-12-31": "47707.00000", "2005-09-30": "48004.54000", "2005-06-30": "48254.34000", "2005-03-31": "48043.84000"}, "Long Term Debt": {"2020-12-31": "6682.00000", "2020-09-30": "6714.00000", "2020-06-30": "6736.00000", "2020-03-31": "6748.00000", "2019-12-31": "6067.00000", "2019-09-30": "6070.00000", "2019-06-30": "5621.00000", "2019-03-31": "5572.00000", "2018-12-31": "5839.00000", "2018-09-30": "5804.00000", "2018-06-30": "5826.00000", "2018-03-31": "5648.00000", "2017-12-31": "4894.00000", "2017-09-30": "4900.00000", "2017-06-30": "4901.00000", "2017-03-31": "5133.00000", "2016-12-31": "5345.00000", "2016-09-30": "5457.00000", "2016-06-30": "5460.00000", "2016-03-31": "5650.00000", "2015-12-31": "5553.00000", "2015-09-30": "5604.00000", "2015-06-30": "5529.00000", "2015-03-31": "5627.00000", "2014-12-31": "5270.00000", "2014-09-30": "5186.00000", "2014-06-30": "5170.00000", "2014-03-31": "5380.00000", "2013-12-31": "5320.00000", "2013-09-30": "5365.00000", "2013-06-30": "5050.00000", "2013-03-31": "4889.00000", "2012-12-31": "5439.00000", "2012-09-30": "5494.00000", "2012-06-30": "5719.00000", "2012-03-31": "5606.00000", "2011-12-31": "5391.00000", "2011-09-30": "5348.00000", "2011-06-30": "5729.00000", "2011-03-31": "5370.00000", "2010-12-31": "5399.00000", "2010-09-30": "5943.00000", "2010-06-30": "5865.00000", "2010-03-31": "5060.00000", "2009-12-31": "5050.00000", "2009-09-30": "4789.00000", "2009-06-30": "4775.00000", "2009-03-31": "4345.00000", "2008-12-31": "4731.00000", "2008-09-30": "4569.00000", "2008-06-30": "4102.00000", "2008-03-31": "4627.00000", "2007-12-31": "4618.00000", "2007-09-30": "4408.00000", "2007-06-30": "4108.00000", "2007-03-31": "4109.00000", "2006-12-31": "3458.00000", "2006-09-30": "3735.00000", "2006-06-30": "3732.00000", "2006-03-31": "1331.00000", "2005-12-31": "1333.00000", "2005-09-30": "1335.40100", "2005-06-30": "1339.28700", "2005-03-31": "1383.13600"}, "Other Non-Current Liabilities": {"2020-12-31": "183730.00000", "2020-09-30": "170115.00000", "2020-06-30": "165775.00000", "2020-03-31": "150284.00000", "2019-12-31": "168858.00000", "2019-09-30": "161651.00000", "2019-06-30": "162104.00000", "2019-03-31": "158503.00000", "2018-12-31": "147269.00000", "2018-09-30": "154850.00000", "2018-06-30": "150689.00000", "2018-03-31": "149422.00000", "2017-12-31": "151527.00000", "2017-09-30": "147920.00000", "2017-06-30": "143790.00000", "2017-03-31": "140746.00000", "2016-12-31": "136277.00000", "2016-09-30": "138701.00000", "2016-06-30": "135362.00000", "2016-03-31": "131369.00000", "2015-12-31": "129924.00000", "2015-09-30": "127140.00000", "2015-06-30": "133870.00000", "2015-03-31": "135043.00000", "2014-12-31": "131989.00000", "2014-09-30": "129118.00000", "2014-06-30": "130333.00000", "2014-03-31": "124925.00000", "2013-12-31": "122527.00000", "2013-09-30": "114749.00000", "2013-06-30": "108021.00000", "2013-03-31": "107669.00000", "2012-12-31": "101863.00000", "2012-09-30": "99808.00000", "2012-06-30": "95302.00000", "2012-03-31": "97007.00000", "2011-12-31": "89519.00000", "2011-09-30": "84348.00000", "2011-06-30": "94345.00000", "2011-03-31": "93423.00000", "2010-12-31": "89573.00000", "2010-09-30": "83990.00000", "2010-06-30": "76119.00000", "2010-03-31": "81495.00000", "2009-12-31": "78290.00000", "2009-09-30": "82440.00000", "2009-06-30": "72473.00000", "2009-03-31": "61576.00000", "2008-12-31": "66906.00000", "2008-09-30": "79949.00000", "2008-06-30": "90598.00000", "2008-03-31": "90547.00000", "2007-12-31": "97548.00000", "2007-09-30": "100438.00000", "2007-06-30": "97150.00000", "2007-03-31": "90619.00000", "2006-12-31": "86529.00000", "2006-09-30": "81919.00000", "2006-06-30": "78204.00000", "2006-03-31": "73521.00000", "2005-12-31": "69436.00000", "2005-09-30": "66448.84000", "2005-06-30": "62835.51000", "2005-03-31": "60882.28000"}, "Total Long Term Liabilities": {"2020-12-31": "190412.00000", "2020-09-30": "176829.00000", "2020-06-30": "172511.00000", "2020-03-31": "157032.00000", "2019-12-31": "174925.00000", "2019-09-30": "167721.00000", "2019-06-30": "167725.00000", "2019-03-31": "164075.00000", "2018-12-31": "153108.00000", "2018-09-30": "160654.00000", "2018-06-30": "156515.00000", "2018-03-31": "155070.00000", "2017-12-31": "156421.00000", "2017-09-30": "152820.00000", "2017-06-30": "148691.00000", "2017-03-31": "145879.00000", "2016-12-31": "141622.00000", "2016-09-30": "144158.00000", "2016-06-30": "140822.00000", "2016-03-31": "137019.00000", "2015-12-31": "135477.00000", "2015-09-30": "132744.00000", "2015-06-30": "139399.00000", "2015-03-31": "140670.00000", "2014-12-31": "137259.00000", "2014-09-30": "134304.00000", "2014-06-30": "135503.00000", "2014-03-31": "130305.00000", "2013-12-31": "127847.00000", "2013-09-30": "120114.00000", "2013-06-30": "113071.00000", "2013-03-31": "112558.00000", "2012-12-31": "107302.00000", "2012-09-30": "105302.00000", "2012-06-30": "101021.00000", "2012-03-31": "102613.00000", "2011-12-31": "94910.00000", "2011-09-30": "89696.00000", "2011-06-30": "100074.00000", "2011-03-31": "98793.00000", "2010-12-31": "94972.00000", "2010-09-30": "89933.00000", "2010-06-30": "81984.00000", "2010-03-31": "86555.00000", "2009-12-31": "83340.00000", "2009-09-30": "87229.00000", "2009-06-30": "77248.00000", "2009-03-31": "65921.00000", "2008-12-31": "71637.00000", "2008-09-30": "84518.00000", "2008-06-30": "94700.00000", "2008-03-31": "95174.00000", "2007-12-31": "102166.00000", "2007-09-30": "104846.00000", "2007-06-30": "101258.00000", "2007-03-31": "94728.00000", "2006-12-31": "89987.00000", "2006-09-30": "85654.00000", "2006-06-30": "81936.00000", "2006-03-31": "74852.00000", "2005-12-31": "70769.00000", "2005-09-30": "67815.70000", "2005-06-30": "64335.61000", "2005-03-31": "62265.42000"}, "Total Liabilities": {"2020-12-31": "343245.00000", "2020-09-30": "326255.00000", "2020-06-30": "318928.00000", "2020-03-31": "302074.00000", "2019-12-31": "315072.00000", "2019-09-30": "305279.00000", "2019-06-30": "303804.00000", "2019-03-31": "297882.00000", "2018-12-31": "283797.00000", "2018-09-30": "288780.00000", "2018-06-30": "283655.00000", "2018-03-31": "263252.00000", "2017-12-31": "264441.00000", "2017-09-30": "260471.00000", "2017-06-30": "255655.00000", "2017-03-31": "252495.00000", "2016-12-31": "247149.00000", "2016-09-30": "250282.00000", "2016-06-30": "247108.00000", "2016-03-31": "241060.00000", "2015-12-31": "238291.00000", "2015-09-30": "235131.00000", "2015-06-30": "240515.00000", "2015-03-31": "242262.00000", "2014-12-31": "237637.00000", "2014-09-30": "232994.00000", "2014-06-30": "233674.00000", "2014-03-31": "227463.00000", "2013-12-31": "223493.00000", "2013-09-30": "216535.00000", "2013-06-30": "210004.00000", "2013-03-31": "209479.00000", "2012-12-31": "203896.00000", "2012-09-30": "200221.00000", "2012-06-30": "196928.00000", "2012-03-31": "194757.00000", "2011-12-31": "188390.00000", "2011-09-30": "182828.00000", "2011-06-30": "187968.00000", "2011-03-31": "185227.00000", "2010-12-31": "181018.00000", "2010-09-30": "176931.00000", "2010-06-30": "167491.00000", "2010-03-31": "169253.00000", "2009-12-31": "165733.00000", "2009-09-30": "169834.00000", "2009-06-30": "157970.00000", "2009-03-31": "150104.00000", "2008-12-31": "155159.00000", "2008-09-30": "163771.00000", "2008-06-30": "173783.00000", "2008-03-31": "174263.00000", "2007-12-31": "179717.00000", "2007-09-30": "180254.00000", "2007-06-30": "175814.00000", "2007-03-31": "169294.00000", "2006-12-31": "166294.00000", "2006-09-30": "159683.00000", "2006-06-30": "155976.00000", "2006-03-31": "122056.00000", "2005-12-31": "118476.00000", "2005-09-30": "115820.30000", "2005-06-30": "112590.00000", "2005-03-31": "110309.30000"}, "Common Stock Net": {"2020-12-31": "5082.00000", "2020-09-30": "5093.00000", "2020-06-30": "5081.00000", "2020-03-31": "5071.00000", "2019-12-31": "5162.00000", "2019-09-30": "5192.00000", "2019-06-30": "5241.00000", "2019-03-31": "5285.00000", "2018-12-31": "5392.00000", "2018-09-30": "5619.00000", "2018-06-30": "5674.00000", "2018-03-31": "5700.00000", "2017-12-31": "5693.00000", "2017-09-30": "5717.00000", "2017-06-30": "5774.00000", "2017-03-31": "5839.00000", "2016-12-31": "5869.00000", "2016-09-30": "5909.00000", "2016-06-30": "6009.00000", "2016-03-31": "6162.00000", "2015-12-31": "6298.00000", "2015-09-30": "6380.00000", "2015-06-30": "6469.00000", "2015-03-31": "6493.00000", "2014-12-31": "6622.00000", "2014-09-30": "6696.00000", "2014-06-30": "6739.00000", "2014-03-31": "6805.00000", "2013-12-31": "6876.00000", "2013-09-30": "6886.00000", "2013-06-30": "6937.00000", "2013-03-31": "7043.00000", "2012-12-31": "7121.00000", "2012-09-30": "7214.00000", "2012-06-30": "7310.00000", "2012-03-31": "7448.00000", "2011-12-31": "7590.00000", "2011-09-30": "7792.00000", "2011-06-30": "7938.00000", "2011-03-31": "8064.00000", "2010-12-31": "8124.00000", "2010-09-30": "8142.00000", "2010-06-30": "8188.00000", "2010-03-31": "7845.00000", "2009-12-31": "7840.00000", "2009-09-30": "7842.00000", "2009-06-30": "7681.00000", "2009-03-31": "7033.00000", "2008-12-31": "7035.00000", "2008-09-30": "7006.00000", "2008-06-30": "7023.00000", "2008-03-31": "7075.00000", "2007-12-31": "7200.00000", "2007-09-30": "7309.00000", "2007-06-30": "7363.00000", "2007-03-31": "7318.00000", "2006-12-31": "7449.00000", "2006-09-30": "7448.00000", "2006-06-30": "7426.00000", "2006-03-31": "1818.00000", "2005-12-31": "1775.00000", "2005-09-30": "1740.22100", "2005-06-30": "1690.19600", "2005-03-31": "1688.00000"}, "Retained Earnings (Accumulated Deficit)": {"2020-12-31": "8686.00000", "2020-09-30": "8647.00000", "2020-06-30": "8327.00000", "2020-03-31": "8500.00000", "2019-12-31": "8854.00000", "2019-09-30": "8559.00000", "2019-06-30": "8878.00000", "2019-03-31": "8679.00000", "2018-12-31": "8551.00000", "2018-09-30": "8615.00000", "2018-06-30": "8302.00000", "2018-03-31": "8052.00000", "2017-12-31": "8399.00000", "2017-09-30": "7738.00000", "2017-06-30": "7511.00000", "2017-03-31": "7287.00000", "2016-12-31": "7043.00000", "2016-09-30": "7037.00000", "2016-06-30": "6716.00000", "2016-03-31": "6565.00000", "2015-12-31": "6474.00000", "2015-09-30": "6358.00000", "2015-06-30": "6286.00000", "2015-03-31": "6077.00000", "2014-12-31": "6022.00000", "2014-09-30": "5834.00000", "2014-06-30": "5513.00000", "2014-03-31": "5228.00000", "2013-12-31": "5013.00000", "2013-09-30": "4753.00000", "2013-06-30": "4487.00000", "2013-03-31": "4238.00000", "2012-12-31": "4044.00000", "2012-09-30": "3873.00000", "2012-06-30": "3493.00000", "2012-03-31": "3191.00000", "2011-12-31": "2831.00000", "2011-09-30": "4664.00000", "2011-06-30": "4536.00000", "2011-03-31": "4243.00000", "2010-12-31": "3934.00000", "2010-09-30": "3755.00000", "2010-06-30": "3512.00000", "2010-03-31": "3409.00000", "2009-12-31": "3316.00000", "2009-09-30": "3234.00000", "2009-06-30": "3101.00000", "2009-03-31": "3265.00000", "2008-12-31": "3745.00000", "2008-09-30": "4304.00000", "2008-06-30": "4283.00000", "2008-03-31": "4333.00000", "2007-12-31": "4293.00000", "2007-09-30": "4456.00000", "2007-06-30": "4323.00000", "2007-03-31": "4054.00000", "2006-12-31": "4138.00000", "2006-09-30": "3986.00000", "2006-06-30": "4013.00000", "2006-03-31": "4236.00000", "2005-12-31": "4081.00000", "2005-09-30": "3922.80800", "2005-06-30": "3757.61700", "2005-03-31": "3677.29200"}, "Comprehensive Income": {"2020-12-31": "8931.00000", "2020-09-30": "7809.00000", "2020-06-30": "7323.00000", "2020-03-31": "3004.00000", "2019-12-31": "5673.00000", "2019-09-30": "6248.00000", "2019-06-30": "4336.00000", "2019-03-31": "2453.00000", "2018-12-31": "407.00000", "2018-09-30": "836.00000", "2018-06-30": "1201.00000", "2018-03-31": "2233.00000", "2017-12-31": "3230.00000", "2017-09-30": "2859.00000", "2017-06-30": "2711.00000", "2017-03-31": "1847.00000", "2016-12-31": "1566.00000", "2016-09-30": "3377.00000", "2016-06-30": "3195.00000", "2016-03-31": "1931.00000", "2015-12-31": "845.00000", "2015-09-30": "1663.00000", "2015-06-30": "1944.00000", "2015-03-31": "3653.00000", "2014-12-31": "3096.00000", "2014-09-30": "2922.00000", "2014-06-30": "3199.00000", "2014-03-31": "2453.00000", "2013-12-31": "1563.00000", "2013-09-30": "1750.00000", "2013-06-30": "1893.00000", "2013-03-31": "3581.00000", "2012-12-31": "3808.00000", "2012-09-30": "4150.00000", "2012-06-30": "3379.00000", "2012-03-31": "2622.00000", "2011-12-31": "2680.00000", "2011-09-30": "2463.00000", "2011-06-30": "1112.00000", "2011-03-31": "783.00000", "2010-12-31": "748.00000", "2010-09-30": "1662.00000", "2010-06-30": "938.00000", "2010-03-31": "302.00000", "2009-12-31": "-262.00000", "2009-09-30": "-220.00000", "2009-06-30": "-1707.00000", "2009-03-31": "-2975.00000", "2008-12-31": "-2803.00000", "2008-09-30": "-1810.00000", "2008-06-30": "-808.00000", "2008-03-31": "-322.00000", "2007-12-31": "225.00000", "2007-09-30": "197.00000", "2007-06-30": "149.00000", "2007-03-31": "659.00000", "2006-12-31": "613.00000", "2006-09-30": "608.00000", "2006-06-30": "-36.00000", "2006-03-31": "283.00000", "2005-12-31": "527.00000", "2005-09-30": "620.79500", "2005-06-30": "915.12800", "2005-03-31": "677.08600"}, "Other Share Holders Equity": {"2020-12-31": "", "2020-09-30": "", "2020-06-30": "", "2020-03-31": "", "2019-12-31": "", "2019-09-30": "", "2019-06-30": "", "2019-03-31": "", "2018-12-31": "", "2018-09-30": "", "2018-06-30": "", "2018-03-31": "", "2017-12-31": "", "2017-09-30": "", "2017-06-30": "", "2017-03-31": "", "2016-12-31": "", "2016-09-30": "", "2016-06-30": "", "2016-03-31": "", "2015-12-31": "", "2015-09-30": "", "2015-06-30": "", "2015-03-31": "", "2014-12-31": "", "2014-09-30": "", "2014-06-30": "", "2014-03-31": "", "2013-12-31": "", "2013-09-30": "", "2013-06-30": "", "2013-03-31": "", "2012-12-31": "", "2012-09-30": "", "2012-06-30": "", "2012-03-31": "", "2011-12-31": "", "2011-09-30": "", "2011-06-30": "", "2011-03-31": "", "2010-12-31": "", "2010-09-30": "", "2010-06-30": "", "2010-03-31": "", "2009-12-31": "", "2009-09-30": "", "2009-06-30": "", "2009-03-31": "", "2008-12-31": "", "2008-09-30": "", "2008-06-30": "", "2008-03-31": "", "2007-12-31": "", "2007-09-30": "", "2007-06-30": "", "2007-03-31": "", "2006-12-31": "", "2006-09-30": "", "2006-06-30": "", "2006-03-31": "", "2005-12-31": "", "2005-09-30": "", "2005-06-30": "", "2005-03-31": ""}, "Share Holder Equity": {"2020-12-31": "22699.00000", "2020-09-30": "21549.00000", "2020-06-30": "20731.00000", "2020-03-31": "16575.00000", "2019-12-31": "19689.00000", "2019-09-30": "19999.00000", "2019-06-30": "18455.00000", "2019-03-31": "16417.00000", "2018-12-31": "14350.00000", "2018-09-30": "15070.00000", "2018-06-30": "15177.00000", "2018-03-31": "15985.00000", "2017-12-31": "17322.00000", "2017-09-30": "16314.00000", "2017-06-30": "15996.00000", "2017-03-31": "14973.00000", "2016-12-31": "14478.00000", "2016-09-30": "16323.00000", "2016-06-30": "15920.00000", "2016-03-31": "14658.00000", "2015-12-31": "13617.00000", "2015-09-30": "14401.00000", "2015-06-30": "14699.00000", "2015-03-31": "16223.00000", "2014-12-31": "15740.00000", "2014-09-30": "15452.00000", "2014-06-30": "15451.00000", "2014-03-31": "14486.00000", "2013-12-31": "13452.00000", "2013-09-30": "13389.00000", "2013-06-30": "13317.00000", "2013-03-31": "14862.00000", "2012-12-31": "14973.00000", "2012-09-30": "15237.00000", "2012-06-30": "14182.00000", "2012-03-31": "13261.00000", "2011-12-31": "13101.00000", "2011-09-30": "14919.00000", "2011-06-30": "13586.00000", "2011-03-31": "13090.00000", "2010-12-31": "12806.00000", "2010-09-30": "13559.00000", "2010-06-30": "12638.00000", "2010-03-31": "12368.00000", "2009-12-31": "11700.00000", "2009-09-30": "11656.00000", "2009-06-30": "9075.00000", "2009-03-31": "7323.00000", "2008-12-31": "7977.00000", "2008-09-30": "9500.00000", "2008-06-30": "10498.00000", "2008-03-31": "11086.00000", "2007-12-31": "11718.00000", "2007-09-30": "11963.00000", "2007-06-30": "11836.00000", "2007-03-31": "12032.00000", "2006-12-31": "12201.00000", "2006-09-30": "12043.00000", "2006-06-30": "11404.00000", "2006-03-31": "6338.00000", "2005-12-31": "6384.00000", "2005-09-30": "6284.36000", "2005-06-30": "6363.48900", "2005-03-31": "6042.92800"}, "Total Liabilities And Share Holders Equity": {"2020-12-31": "365944.00000", "2020-09-30": "347804.00000", "2020-06-30": "339659.00000", "2020-03-31": "318649.00000", "2019-12-31": "334761.00000", "2019-09-30": "325278.00000", "2019-06-30": "322259.00000", "2019-03-31": "314299.00000", "2018-12-31": "298147.00000", "2018-09-30": "303850.00000", "2018-06-30": "298832.00000", "2018-03-31": "279237.00000", "2017-12-31": "281763.00000", "2017-09-30": "276785.00000", "2017-06-30": "271651.00000", "2017-03-31": "267468.00000", "2016-12-31": "261627.00000", "2016-09-30": "266605.00000", "2016-06-30": "263028.00000", "2016-03-31": "255718.00000", "2015-12-31": "251908.00000", "2015-09-30": "249532.00000", "2015-06-30": "255214.00000", "2015-03-31": "258485.00000", "2014-12-31": "253377.00000", "2014-09-30": "248446.00000", "2014-06-30": "249125.00000", "2014-03-31": "241949.00000", "2013-12-31": "236945.00000", "2013-09-30": "229924.00000", "2013-06-30": "223321.00000", "2013-03-31": "224341.00000", "2012-12-31": "218869.00000", "2012-09-30": "215458.00000", "2012-06-30": "211110.00000", "2012-03-31": "208018.00000", "2011-12-31": "201491.00000", "2011-09-30": "197747.00000", "2011-06-30": "201554.00000", "2011-03-31": "198317.00000", "2010-12-31": "193824.00000", "2010-09-30": "190490.00000", "2010-06-30": "180129.00000", "2010-03-31": "181621.00000", "2009-12-31": "177433.00000", "2009-09-30": "181490.00000", "2009-06-30": "167045.00000", "2009-03-31": "157427.00000", "2008-12-31": "163136.00000", "2008-09-30": "173271.00000", "2008-06-30": "184281.00000", "2008-03-31": "185349.00000", "2007-12-31": "191435.00000", "2007-09-30": "192217.00000", "2007-06-30": "187650.00000", "2007-03-31": "181326.00000", "2006-12-31": "178495.00000", "2006-09-30": "171726.00000", "2006-06-30": "167380.00000", "2006-03-31": "128394.00000", "2005-12-31": "124860.00000", "2005-09-30": "122104.60000", "2005-06-30": "118953.40000", "2005-03-31": "116352.20000"}}, "cash flow statement": {"Net Income/Loss": {"2020-12-31": "0.00000", "2019-12-31": "886.00000", "2018-12-31": "1641.00000", "2017-12-31": "2079.00000", "2016-12-31": "1192.00000", "2015-12-31": "1154.00000", "2014-12-31": "1515.00000", "2013-12-31": "1244.00000", "2012-12-31": "1313.00000", "2011-12-31": "221.00000", "2010-12-31": "902.00000", "2009-12-31": "-485.00000", "2008-12-31": "57.00000", "2007-12-31": "1215.00000", "2006-12-31": "1316.00000", "2005-12-31": "831.00000"}, "Total Depreciation And Amortization - Cash Flow": {"2020-12-31": "", "2019-12-31": "-31.00000", "2018-12-31": "-9.00000", "2017-12-31": "-23.00000", "2016-12-31": "-73.00000", "2015-12-31": "-74.00000", "2014-12-31": "-74.00000", "2013-12-31": "-74.00000", "2012-12-31": "-74.00000", "2011-12-31": "-75.00000", "2010-12-31": "-75.00000", "2009-12-31": "-76.00000", "2008-12-31": "-76.00000", "2007-12-31": "-84.00000", "2006-12-31": "-76.00000", "2005-12-31": "1.00000"}, "Other Non-Cash Items": {"2020-12-31": "", "2019-12-31": "626.00000", "2018-12-31": "-133.00000", "2017-12-31": "1191.00000", "2016-12-31": "787.00000", "2015-12-31": "141.00000", "2014-12-31": "105.00000", "2013-12-31": "-511.00000", "2012-12-31": "-256.00000", "2011-12-31": "786.00000", "2010-12-31": "-155.00000", "2009-12-31": "1834.00000", "2008-12-31": "268.00000", "2007-12-31": "-828.00000", "2006-12-31": "-426.00000", "2005-12-31": "-765.00000"}, "Total Non-Cash Items": {"2020-12-31": "", "2019-12-31": "595.00000", "2018-12-31": "-142.00000", "2017-12-31": "1168.00000", "2016-12-31": "714.00000", "2015-12-31": "67.00000", "2014-12-31": "31.00000", "2013-12-31": "-585.00000", "2012-12-31": "-330.00000", "2011-12-31": "711.00000", "2010-12-31": "-230.00000", "2009-12-31": "1758.00000", "2008-12-31": "192.00000", "2007-12-31": "-912.00000", "2006-12-31": "-502.00000", "2005-12-31": "-764.00000"}, "Change In Accounts Receivable": {"2020-12-31": "", "2019-12-31": "105.00000", "2018-12-31": "-87.00000", "2017-12-31": "34.00000", "2016-12-31": "-54.00000", "2015-12-31": "97.00000", "2014-12-31": "-53.00000", "2013-12-31": "-40.00000", "2012-12-31": "28.00000", "2011-12-31": "-73.00000", "2010-12-31": "-14.00000", "2009-12-31": "128.00000", "2008-12-31": "69.00000", "2007-12-31": "21.00000", "2006-12-31": "87.00000", "2005-12-31": "127.00000"}, "Change In Inventories": {"2020-12-31": "", "2019-12-31": "-2510.00000", "2018-12-31": "-118.00000", "2017-12-31": "121.00000", "2016-12-31": "168.00000", "2015-12-31": "146.00000", "2014-12-31": "309.00000", "2013-12-31": "151.00000", "2012-12-31": "222.00000", "2011-12-31": "88.00000", "2010-12-31": "47.00000", "2009-12-31": "-3.00000", "2008-12-31": "205.00000", "2007-12-31": "352.00000", "2006-12-31": "259.00000", "2005-12-31": "-107.00000"}, "Change In Accounts Payable": {"2020-12-31": "", "2019-12-31": "107.00000", "2018-12-31": "-101.00000", "2017-12-31": "113.00000", "2016-12-31": "-27.00000", "2015-12-31": "", "2014-12-31": "", "2013-12-31": "", "2012-12-31": "", "2011-12-31": "", "2010-12-31": "", "2009-12-31": "", "2008-12-31": "", "2007-12-31": "", "2006-12-31": "", "2005-12-31": "-942.00000"}, "Change In Assets/Liabilities": {"2020-12-31": "", "2019-12-31": "-1642.00000", "2018-12-31": "596.00000", "2017-12-31": "-1608.00000", "2016-12-31": "-790.00000", "2015-12-31": "718.00000", "2014-12-31": "495.00000", "2013-12-31": "-348.00000", "2012-12-31": "-156.00000", "2011-12-31": "11.00000", "2010-12-31": "621.00000", "2009-12-31": "-461.00000", "2008-12-31": "736.00000", "2007-12-31": "694.00000", "2006-12-31": "1350.00000", "2005-12-31": "1809.00000"}, "Total Change In Assets/Liabilities": {"2020-12-31": "", "2019-12-31": "-4167.00000", "2018-12-31": "444.00000", "2017-12-31": "-2459.00000", "2016-12-31": "-634.00000", "2015-12-31": "1022.00000", "2014-12-31": "980.00000", "2013-12-31": "140.00000", "2012-12-31": "286.00000", "2011-12-31": "344.00000", "2010-12-31": "1048.00000", "2009-12-31": "-336.00000", "2008-12-31": "1010.00000", "2007-12-31": "1652.00000", "2006-12-31": "1871.00000", "2005-12-31": "1024.00000"}, "Cash Flow From Operating Activities": {"2020-12-31": "", "2019-12-31": "-2686.00000", "2018-12-31": "1943.00000", "2017-12-31": "788.00000", "2016-12-31": "1272.00000", "2015-12-31": "2243.00000", "2014-12-31": "2526.00000", "2013-12-31": "799.00000", "2012-12-31": "1269.00000", "2011-12-31": "1276.00000", "2010-12-31": "1720.00000", "2009-12-31": "937.00000", "2008-12-31": "1259.00000", "2007-12-31": "1955.00000", "2006-12-31": "3050.00000", "2005-12-31": "1208.00000"}, "Net Change In Property, Plant, And Equipment": {"2020-12-31": "", "2019-12-31": "", "2018-12-31": "", "2017-12-31": "", "2016-12-31": "", "2015-12-31": "", "2014-12-31": "", "2013-12-31": "", "2012-12-31": "", "2011-12-31": "", "2010-12-31": "", "2009-12-31": "", "2008-12-31": "", "2007-12-31": "", "2006-12-31": "", "2005-12-31": ""}, "Net Change In Intangible Assets": {"2020-12-31": "", "2019-12-31": "", "2018-12-31": "", "2017-12-31": "", "2016-12-31": "", "2015-12-31": "", "2014-12-31": "", "2013-12-31": "", "2012-12-31": "", "2011-12-31": "", "2010-12-31": "", "2009-12-31": "", "2008-12-31": "", "2007-12-31": "", "2006-12-31": "", "2005-12-31": ""}, "Net Acquisitions/Divestitures": {"2020-12-31": "", "2019-12-31": "", "2018-12-31": "-12.00000", "2017-12-31": "", "2016-12-31": "", "2015-12-31": "75.00000", "2014-12-31": "", "2013-12-31": "", "2012-12-31": "", "2011-12-31": "", "2010-12-31": "321.00000", "2009-12-31": "327.00000", "2008-12-31": "648.00000", "2007-12-31": "64.00000", "2006-12-31": "-1826.00000", "2005-12-31": "14.00000"}, "Net Change In Short-term Investments": {"2020-12-31": "", "2019-12-31": "", "2018-12-31": "", "2017-12-31": "", "2016-12-31": "", "2015-12-31": "", "2014-12-31": "", "2013-12-31": "-943.00000", "2012-12-31": "448.00000", "2011-12-31": "2074.00000", "2010-12-31": "-248.00000", "2009-12-31": "-1799.00000", "2008-12-31": "2571.00000", "2007-12-31": "-369.00000", "2006-12-31": "58.00000", "2005-12-31": "45.00000"}, "Net Change In Long-Term Investments": {"2020-12-31": "", "2019-12-31": "-2171.00000", "2018-12-31": "-3789.00000", "2017-12-31": "-3252.00000", "2016-12-31": "-2439.00000", "2015-12-31": "-3239.00000", "2014-12-31": "-1386.00000", "2013-12-31": "-3667.00000", "2012-12-31": "-4122.00000", "2011-12-31": "-4069.00000", "2010-12-31": "-5629.00000", "2009-12-31": "-6305.00000", "2008-12-31": "-531.00000", "2007-12-31": "-1730.00000", "2006-12-31": "-525.00000", "2005-12-31": "670.00000"}, "Net Change In Investments - Total": {"2020-12-31": "", "2019-12-31": "-2171.00000", "2018-12-31": "-3789.00000", "2017-12-31": "-3252.00000", "2016-12-31": "-2439.00000", "2015-12-31": "-3239.00000", "2014-12-31": "-1386.00000", "2013-12-31": "-4610.00000", "2012-12-31": "-3674.00000", "2011-12-31": "-1995.00000", "2010-12-31": "-5877.00000", "2009-12-31": "-8104.00000", "2008-12-31": "2040.00000", "2007-12-31": "-2099.00000", "2006-12-31": "-467.00000", "2005-12-31": "715.00000"}, "Investing Activities - Other": {"2020-12-31": "", "2019-12-31": "-3328.00000", "2018-12-31": "-2014.00000", "2017-12-31": "-936.00000", "2016-12-31": "-1227.00000", "2015-12-31": "-1059.00000", "2014-12-31": "-419.00000", "2013-12-31": "-100.00000", "2012-12-31": "-183.00000", "2011-12-31": "-130.00000", "2010-12-31": "-74.00000", "2009-12-31": "-75.00000", "2008-12-31": "-117.00000", "2007-12-31": "74.00000", "2006-12-31": "28.00000", "2005-12-31": "-94.00000"}, "Cash Flow From Investing Activities": {"2020-12-31": "", "2019-12-31": "-5499.00000", "2018-12-31": "-5815.00000", "2017-12-31": "-4188.00000", "2016-12-31": "-3666.00000", "2015-12-31": "-4223.00000", "2014-12-31": "-1805.00000", "2013-12-31": "-4710.00000", "2012-12-31": "-3857.00000", "2011-12-31": "-2125.00000", "2010-12-31": "-5630.00000", "2009-12-31": "-7852.00000", "2008-12-31": "2571.00000", "2007-12-31": "-1961.00000", "2006-12-31": "-2265.00000", "2005-12-31": "635.00000"}, "Net Long-Term Debt": {"2020-12-31": "", "2019-12-31": "501.00000", "2018-12-31": "534.00000", "2017-12-31": "", "2016-12-31": "-264.00000", "2015-12-31": "48.00000", "2014-12-31": "-500.00000", "2013-12-31": "393.00000", "2012-12-31": "-20.00000", "2011-12-31": "-227.00000", "2010-12-31": "344.00000", "2009-12-31": "266.00000", "2008-12-31": "-400.00000", "2007-12-31": "764.00000", "2006-12-31": "1867.00000", "2005-12-31": "-241.00000"}, "Net Current Debt": {"2020-12-31": "", "2019-12-31": "", "2018-12-31": "", "2017-12-31": "", "2016-12-31": "", "2015-12-31": "", "2014-12-31": "", "2013-12-31": "", "2012-12-31": "", "2011-12-31": "-100.00000", "2010-12-31": "1.00000", "2009-12-31": "-216.00000", "2008-12-31": "50.00000", "2007-12-31": "265.00000", "2006-12-31": "-564.00000", "2005-12-31": "98.00000"}, "Debt Issuance/Retirement Net - Total": {"2020-12-31": "", "2019-12-31": "501.00000", "2018-12-31": "534.00000", "2017-12-31": "", "2016-12-31": "-264.00000", "2015-12-31": "48.00000", "2014-12-31": "-500.00000", "2013-12-31": "393.00000", "2012-12-31": "-20.00000", "2011-12-31": "-327.00000", "2010-12-31": "345.00000", "2009-12-31": "50.00000", "2008-12-31": "-350.00000", "2007-12-31": "1029.00000", "2006-12-31": "1303.00000", "2005-12-31": "-143.00000"}, "Net Common Equity Issued/Repurchased": {"2020-12-31": "", "2019-12-31": "-570.00000", "2018-12-31": "-906.00000", "2017-12-31": "-679.00000", "2016-12-31": "-853.00000", "2015-12-31": "-853.00000", "2014-12-31": "-618.00000", "2013-12-31": "-415.00000", "2012-12-31": "-493.00000", "2011-12-31": "-572.00000", "2010-12-31": "344.00000", "2009-12-31": "652.00000", "2008-12-31": "-427.00000", "2007-12-31": "-888.00000", "2006-12-31": "-836.00000", "2005-12-31": "-12.00000"}, "Net Total Equity Issued/Repurchased": {"2020-12-31": "", "2019-12-31": "-570.00000", "2018-12-31": "-906.00000", "2017-12-31": "-679.00000", "2016-12-31": "-853.00000", "2015-12-31": "-853.00000", "2014-12-31": "-618.00000", "2013-12-31": "-415.00000", "2012-12-31": "-493.00000", "2011-12-31": "-572.00000", "2010-12-31": "-654.00000", "2009-12-31": "1602.00000", "2008-12-31": "-427.00000", "2007-12-31": "-888.00000", "2006-12-31": "-836.00000", "2005-12-31": "-12.00000"}, "Total Common And Preferred Stock Dividends Paid": {"2020-12-31": "", "2019-12-31": "-303.00000", "2018-12-31": "-289.00000", "2017-12-31": "-262.00000", "2016-12-31": "-238.00000", "2015-12-31": "-204.00000", "2014-12-31": "-170.00000", "2013-12-31": "-128.00000", "2012-12-31": "-91.00000", "2011-12-31": "-61.00000", "2010-12-31": "-42.00000", "2009-12-31": "-79.00000", "2008-12-31": "-430.00000", "2007-12-31": "-430.00000", "2006-12-31": "-385.00000", "2005-12-31": "-255.00000"}, "Financial Activities - Other": {"2020-12-31": "", "2019-12-31": "8775.00000", "2018-12-31": "5250.00000", "2017-12-31": "3247.00000", "2016-12-31": "3325.00000", "2015-12-31": "2216.00000", "2014-12-31": "2122.00000", "2013-12-31": "2195.00000", "2012-12-31": "2912.00000", "2011-12-31": "3578.00000", "2010-12-31": "2818.00000", "2009-12-31": "3600.00000", "2008-12-31": "1638.00000", "2007-12-31": "338.00000", "2006-12-31": "-1557.00000", "2005-12-31": "-783.00000"}, "Cash Flow From Financial Activities": {"2020-12-31": "", "2019-12-31": "8403.00000", "2018-12-31": "4589.00000", "2017-12-31": "2306.00000", "2016-12-31": "1970.00000", "2015-12-31": "1207.00000", "2014-12-31": "834.00000", "2013-12-31": "2045.00000", "2012-12-31": "2308.00000", "2011-12-31": "2618.00000", "2010-12-31": "2467.00000", "2009-12-31": "5173.00000", "2008-12-31": "431.00000", "2007-12-31": "49.00000", "2006-12-31": "-1475.00000", "2005-12-31": "-1193.00000"}, "Net Cash Flow": {"2020-12-31": "", "2019-12-31": "218.00000", "2018-12-31": "717.00000", "2017-12-31": "-1094.00000", "2016-12-31": "-424.00000", "2015-12-31": "-773.00000", "2014-12-31": "1555.00000", "2013-12-31": "-1866.00000", "2012-12-31": "-280.00000", "2011-12-31": "1769.00000", "2010-12-31": "-1443.00000", "2009-12-31": "-1742.00000", "2008-12-31": "4261.00000", "2007-12-31": "43.00000", "2006-12-31": "-690.00000", "2005-12-31": "650.00000"}, "Stock-Based Compensation": {"2020-12-31": "", "2019-12-31": "", "2018-12-31": "", "2017-12-31": "", "2016-12-31": "", "2015-12-31": "", "2014-12-31": "", "2013-12-31": "", "2012-12-31": "", "2011-12-31": "", "2010-12-31": "", "2009-12-31": "", "2008-12-31": "", "2007-12-31": "", "2006-12-31": "53.00000", "2005-12-31": "52.00000"}, "Common Stock Dividends Paid": {"2020-12-31": "", "2019-12-31": "-303.00000", "2018-12-31": "-289.00000", "2017-12-31": "-262.00000", "2016-12-31": "-238.00000", "2015-12-31": "-204.00000", "2014-12-31": "-170.00000", "2013-12-31": "-128.00000", "2012-12-31": "-91.00000", "2011-12-31": "-61.00000", "2010-12-31": "-42.00000", "2009-12-31": "-79.00000", "2008-12-31": "-430.00000", "2007-12-31": "-430.00000", "2006-12-31": "-385.00000", "2005-12-31": "-255.00000"}}, "cash flow statement, quarterly": {"Net Income/Loss": {"2020-12-31": -356, "2020-09-30": 398, "2020-06-30": -94, "2020-03-31": "52.00000", "2019-12-31": 432, "2019-09-30": -162, "2019-06-30": 364, "2019-03-31": "252.00000", "2018-12-31": 399, "2018-09-30": 490, "2018-06-30": 385, "2018-03-31": "367.00000", "2017-12-31": 815, "2017-09-30": 418, "2017-06-30": 411, "2017-03-31": "435.00000", "2016-12-31": 190, "2016-09-30": 466, "2016-06-30": 325, "2016-03-31": "211.00000", "2015-12-31": 283, "2015-09-30": 227, "2015-06-30": 344, "2015-03-31": "300.00000", "2014-12-31": 349, "2014-09-30": 439, "2014-06-30": 398, "2014-03-31": "329.00000", "2013-12-31": 351, "2013-09-30": 337, "2013-06-30": 317, "2013-03-31": "239.00000", "2012-12-31": 321, "2012-09-30": 428, "2012-06-30": 321, "2012-03-31": "243.00000", "2011-12-31": -549, "2011-09-30": 153, "2011-06-30": 303, "2011-03-31": "314.00000", "2010-12-31": 117, "2010-09-30": 246, "2010-06-30": 256, "2010-03-31": "283.00000", "2009-12-31": 102, "2009-09-30": 153, "2009-06-30": -161, "2009-03-31": "-579.00000", "2008-12-31": -505, "2008-09-30": 148, "2008-06-30": 125, "2008-03-31": "289.00000", "2007-12-31": 113, "2007-09-30": 330, "2007-06-30": 376, "2007-03-31": "396.00000", "2006-12-31": 382, "2006-09-30": 364, "2006-06-30": 349, "2006-03-31": "221.00000", "2005-12-31": 225, "2005-09-30": 229, "2005-06-30": 198, "2005-03-31": "179.00000"}, "Total Depreciation And Amortization - Cash Flow": {"2020-12-31": 32, "2020-09-30": -10, "2020-06-30": -11, "2020-03-31": "-11.00000", "2019-12-31": -8, "2019-09-30": -8, "2019-06-30": -7, "2019-03-31": "-8.00000", "2018-12-31": -8, "2018-09-30": -1, "2018-06-30": 0, "2018-03-31": "", "2017-12-31": -1, "2017-09-30": 0, "2017-06-30": -4, "2017-03-31": "-18.00000", "2016-12-31": -18, "2016-09-30": -18, "2016-06-30": -19, "2016-03-31": "-18.00000", "2015-12-31": -19, "2015-09-30": -18, "2015-06-30": -19, "2015-03-31": "-18.00000", "2014-12-31": -19, "2014-09-30": -18, "2014-06-30": -18, "2014-03-31": "-19.00000", "2013-12-31": -18, "2013-09-30": -19, "2013-06-30": -18, "2013-03-31": "-19.00000", "2012-12-31": -18, "2012-09-30": -19, "2012-06-30": -18, "2012-03-31": "-19.00000", "2011-12-31": -19, "2011-09-30": -19, "2011-06-30": -18, "2011-03-31": "-19.00000", "2010-12-31": -19, "2010-09-30": -18, "2010-06-30": -19, "2010-03-31": "-19.00000", "2009-12-31": -20, "2009-09-30": -19, "2009-06-30": -18, "2009-03-31": "-19.00000", "2008-12-31": -19, "2008-09-30": -19, "2008-06-30": -19, "2008-03-31": "-19.00000", "2007-12-31": -19, "2007-09-30": -35, "2007-06-30": -24, "2007-03-31": "-6.00000", "2006-12-31": -63, "2006-09-30": -5, "2006-06-30": -3, "2006-03-31": "-5.00000", "2005-12-31": -1, "2005-09-30": -6, "2005-06-30": -6, "2005-03-31": "14.00000"}, "Other Non-Cash Items": {"2020-12-31": -157, "2020-09-30": -617, "2020-06-30": 862, "2020-03-31": "-88.00000", "2019-12-31": 113, "2019-09-30": 90, "2019-06-30": 0, "2019-03-31": "423.00000", "2018-12-31": -351, "2018-09-30": 133, "2018-06-30": 18, "2018-03-31": "67.00000", "2017-12-31": 953, "2017-09-30": 75, "2017-06-30": 143, "2017-03-31": "20.00000", "2016-12-31": 92, "2016-09-30": 252, "2016-06-30": 241, "2016-03-31": "202.00000", "2015-12-31": 35, "2015-09-30": 91, "2015-06-30": -90, "2015-03-31": "105.00000", "2014-12-31": 648, "2014-09-30": -213, "2014-06-30": -141, "2014-03-31": "-189.00000", "2013-12-31": -158, "2013-09-30": -108, "2013-06-30": -139, "2013-03-31": "-106.00000", "2012-12-31": -76, "2012-09-30": -168, "2012-06-30": -3, "2012-03-31": "-9.00000", "2011-12-31": 647, "2011-09-30": 70, "2011-06-30": 95, "2011-03-31": "-26.00000", "2010-12-31": 171, "2010-09-30": -166, "2010-06-30": -17, "2010-03-31": "-143.00000", "2009-12-31": 356, "2009-09-30": 293, "2009-06-30": 783, "2009-03-31": "402.00000", "2008-12-31": 148, "2008-09-30": 392, "2008-06-30": -286, "2008-03-31": "14.00000", "2007-12-31": -272, "2007-09-30": 259, "2007-06-30": -363, "2007-03-31": "-452.00000", "2006-12-31": -343, "2006-09-30": 222, "2006-06-30": -153, "2006-03-31": "-152.00000", "2005-12-31": -327, "2005-09-30": -65, "2005-06-30": -162, "2005-03-31": "-211.00000"}, "Total Non-Cash Items": {"2020-12-31": -125, "2020-09-30": -627, "2020-06-30": 851, "2020-03-31": "-99.00000", "2019-12-31": 105, "2019-09-30": 82, "2019-06-30": -7, "2019-03-31": "415.00000", "2018-12-31": -359, "2018-09-30": 132, "2018-06-30": 18, "2018-03-31": "67.00000", "2017-12-31": 952, "2017-09-30": 75, "2017-06-30": 139, "2017-03-31": "2.00000", "2016-12-31": 74, "2016-09-30": 234, "2016-06-30": 222, "2016-03-31": "184.00000", "2015-12-31": 16, "2015-09-30": 73, "2015-06-30": -109, "2015-03-31": "87.00000", "2014-12-31": 629, "2014-09-30": -231, "2014-06-30": -159, "2014-03-31": "-208.00000", "2013-12-31": -176, "2013-09-30": -127, "2013-06-30": -157, "2013-03-31": "-125.00000", "2012-12-31": -94, "2012-09-30": -187, "2012-06-30": -21, "2012-03-31": "-28.00000", "2011-12-31": 628, "2011-09-30": 51, "2011-06-30": 77, "2011-03-31": "-45.00000", "2010-12-31": 152, "2010-09-30": -184, "2010-06-30": -36, "2010-03-31": "-162.00000", "2009-12-31": 336, "2009-09-30": 274, "2009-06-30": 765, "2009-03-31": "383.00000", "2008-12-31": 129, "2008-09-30": 373, "2008-06-30": -305, "2008-03-31": "-5.00000", "2007-12-31": -291, "2007-09-30": 224, "2007-06-30": -387, "2007-03-31": "-458.00000", "2006-12-31": -406, "2006-09-30": 217, "2006-06-30": -156, "2006-03-31": "-157.00000", "2005-12-31": -328, "2005-09-30": -71, "2005-06-30": -168, "2005-03-31": "-197.00000"}, "Change In Accounts Receivable": {"2020-12-31": 33, "2020-09-30": -8, "2020-06-30": 72, "2020-03-31": "-97.00000", "2019-12-31": -25, "2019-09-30": 113, "2019-06-30": 54, "2019-03-31": "-37.00000", "2018-12-31": 22, "2018-09-30": -18, "2018-06-30": -7, "2018-03-31": "-84.00000", "2017-12-31": -26, "2017-09-30": -5, "2017-06-30": 100, "2017-03-31": "-35.00000", "2016-12-31": -75, "2016-09-30": 15, "2016-06-30": 31, "2016-03-31": "-25.00000", "2015-12-31": 7, "2015-09-30": 32, "2015-06-30": 37, "2015-03-31": "21.00000", "2014-12-31": -25, "2014-09-30": 17, "2014-06-30": 39, "2014-03-31": "-84.00000", "2013-12-31": 7, "2013-09-30": 3, "2013-06-30": 10, "2013-03-31": "-60.00000", "2012-12-31": -14, "2012-09-30": 22, "2012-06-30": 49, "2012-03-31": "-29.00000", "2011-12-31": -25, "2011-09-30": -13, "2011-06-30": 31, "2011-03-31": "-66.00000", "2010-12-31": -27, "2010-09-30": 9, "2010-06-30": 31, "2010-03-31": "-27.00000", "2009-12-31": 2, "2009-09-30": 80, "2009-06-30": 9, "2009-03-31": "37.00000", "2008-12-31": 22, "2008-09-30": -24, "2008-06-30": 275, "2008-03-31": "-204.00000", "2007-12-31": 20, "2007-09-30": 197, "2007-06-30": 16, "2007-03-31": "-212.00000", "2006-12-31": -187, "2006-09-30": -42, "2006-06-30": 309, "2006-03-31": "7.00000", "2005-12-31": 274, "2005-09-30": 17, "2005-06-30": 171, "2005-03-31": "-335.00000"}, "Change In Inventories": {"2020-12-31": -37, "2020-09-30": 70, "2020-06-30": -268, "2020-03-31": "235.00000", "2019-12-31": 29, "2019-09-30": -424, "2019-06-30": -906, "2019-03-31": "-1209.00000", "2018-12-31": -280, "2018-09-30": 29, "2018-06-30": 94, "2018-03-31": "39.00000", "2017-12-31": 38, "2017-09-30": 23, "2017-06-30": 37, "2017-03-31": "23.00000", "2016-12-31": 40, "2016-09-30": 15, "2016-06-30": 85, "2016-03-31": "28.00000", "2015-12-31": 25, "2015-09-30": 35, "2015-06-30": 74, "2015-03-31": "12.00000", "2014-12-31": 86, "2014-09-30": 198, "2014-06-30": 14, "2014-03-31": "11.00000", "2013-12-31": 61, "2013-09-30": 27, "2013-06-30": 51, "2013-03-31": "12.00000", "2012-12-31": 98, "2012-09-30": 57, "2012-06-30": 52, "2012-03-31": "15.00000", "2011-12-31": 55, "2011-09-30": 7, "2011-06-30": 21, "2011-03-31": "5.00000", "2010-12-31": 32, "2010-09-30": -16, "2010-06-30": 29, "2010-03-31": "2.00000", "2009-12-31": 33, "2009-09-30": -71, "2009-06-30": -2, "2009-03-31": "37.00000", "2008-12-31": 64, "2008-09-30": 45, "2008-06-30": 84, "2008-03-31": "12.00000", "2007-12-31": 33, "2007-09-30": 101, "2007-06-30": 92, "2007-03-31": "126.00000", "2006-12-31": 203, "2006-09-30": 76, "2006-06-30": 25, "2006-03-31": "-45.00000", "2005-12-31": 14, "2005-09-30": -47, "2005-06-30": -52, "2005-03-31": "-22.00000"}, "Change In Accounts Payable": {"2020-12-31": 201, "2020-09-30": 95, "2020-06-30": 21, "2020-03-31": "-317.00000", "2019-12-31": 117, "2019-09-30": 83, "2019-06-30": -37, "2019-03-31": "-56.00000", "2018-12-31": -174, "2018-09-30": 163, "2018-06-30": -49, "2018-03-31": "-41.00000", "2017-12-31": 134, "2017-09-30": 75, "2017-06-30": -96, "2017-03-31": "", "2016-12-31": 97, "2016-09-30": 56, "2016-06-30": -180, "2016-03-31": "", "2015-12-31": 0, "2015-09-30": 118, "2015-06-30": -118, "2015-03-31": "", "2014-12-31": 0, "2014-09-30": 158, "2014-06-30": -158, "2014-03-31": "", "2013-12-31": 0, "2013-09-30": 0, "2013-06-30": 0, "2013-03-31": "", "2012-12-31": 0, "2012-09-30": 0, "2012-06-30": 0, "2012-03-31": "", "2011-12-31": 0, "2011-09-30": 0, "2011-06-30": 0, "2011-03-31": "", "2010-12-31": 0, "2010-09-30": 0, "2010-06-30": 0, "2010-03-31": "", "2009-12-31": 0, "2009-09-30": 0, "2009-06-30": 0, "2009-03-31": "", "2008-12-31": 0, "2008-09-30": 0, "2008-06-30": 0, "2008-03-31": "", "2007-12-31": 0, "2007-09-30": 0, "2007-06-30": -216, "2007-03-31": "216.00000", "2006-12-31": 315, "2006-09-30": -38, "2006-06-30": -268, "2006-03-31": "-9.00000", "2005-12-31": -644, "2005-09-30": -196, "2005-06-30": -443, "2005-03-31": "341.00000"}, "Change In Assets/Liabilities": {"2020-12-31": -99, "2020-09-30": -601, "2020-06-30": 1, "2020-03-31": "699.00000", "2019-12-31": -491, "2019-09-30": 197, "2019-06-30": -636, "2019-03-31": "-712.00000", "2018-12-31": 1233, "2018-09-30": -436, "2018-06-30": 75, "2018-03-31": "-276.00000", "2017-12-31": -461, "2017-09-30": -171, "2017-06-30": -620, "2017-03-31": "-356.00000", "2016-12-31": 340, "2016-09-30": -788, "2016-06-30": -280, "2016-03-31": "-62.00000", "2015-12-31": 350, "2015-09-30": 380, "2015-06-30": 84, "2015-03-31": "-96.00000", "2014-12-31": 361, "2014-09-30": 31, "2014-06-30": -64, "2014-03-31": "167.00000", "2013-12-31": -63, "2013-09-30": 104, "2013-06-30": -6, "2013-03-31": "-383.00000", "2012-12-31": 123, "2012-09-30": -291, "2012-06-30": 118, "2012-03-31": "-106.00000", "2011-12-31": 170, "2011-09-30": -397, "2011-06-30": 237, "2011-03-31": "1.00000", "2010-12-31": 169, "2010-09-30": 157, "2010-06-30": 141, "2010-03-31": "154.00000", "2009-12-31": -115, "2009-09-30": -194, "2009-06-30": 106, "2009-03-31": "-258.00000", "2008-12-31": 510, "2008-09-30": -215, "2008-06-30": 361, "2008-03-31": "80.00000", "2007-12-31": -402, "2007-09-30": 12, "2007-06-30": 710, "2007-03-31": "374.00000", "2006-12-31": 405, "2006-09-30": 410, "2006-06-30": 340, "2006-03-31": "195.00000", "2005-12-31": 773, "2005-09-30": 323, "2005-06-30": 523, "2005-03-31": "190.00000"}, "Total Change In Assets/Liabilities": {"2020-12-31": 140, "2020-09-30": -401, "2020-06-30": -241, "2020-03-31": "502.00000", "2019-12-31": -366, "2019-09-30": -215, "2019-06-30": -1588, "2019-03-31": "-1998.00000", "2018-12-31": 869, "2018-09-30": -220, "2018-06-30": 89, "2018-03-31": "-294.00000", "2017-12-31": -1588, "2017-09-30": -86, "2017-06-30": -457, "2017-03-31": "-328.00000", "2016-12-31": 328, "2016-09-30": -556, "2016-06-30": -309, "2016-03-31": "-97.00000", "2015-12-31": 457, "2015-09-30": 605, "2015-06-30": 51, "2015-03-31": "-91.00000", "2014-12-31": 453, "2014-09-30": 516, "2014-06-30": -131, "2014-03-31": "142.00000", "2013-12-31": 120, "2013-09-30": 239, "2013-06-30": 146, "2013-03-31": "-365.00000", "2012-12-31": 376, "2012-09-30": -189, "2012-06-30": 32, "2012-03-31": "67.00000", "2011-12-31": 263, "2011-09-30": -148, "2011-06-30": 158, "2011-03-31": "71.00000", "2010-12-31": 307, "2010-09-30": 209, "2010-06-30": 88, "2010-03-31": "444.00000", "2009-12-31": -53, "2009-09-30": -322, "2009-06-30": 187, "2009-03-31": "-148.00000", "2008-12-31": 824, "2008-09-30": -192, "2008-06-30": 564, "2008-03-31": "-186.00000", "2007-12-31": -122, "2007-09-30": 373, "2007-06-30": 897, "2007-03-31": "504.00000", "2006-12-31": 838, "2006-09-30": 427, "2006-06-30": 390, "2006-03-31": "216.00000", "2005-12-31": 454, "2005-09-30": 131, "2005-06-30": 213, "2005-03-31": "226.00000"}, "Cash Flow From Operating Activities": {"2020-12-31": -341, "2020-09-30": -630, "2020-06-30": 516, "2020-03-31": "455.00000", "2019-12-31": 171, "2019-09-30": -295, "2019-06-30": -1231, "2019-03-31": "-1331.00000", "2018-12-31": 909, "2018-09-30": 402, "2018-06-30": 492, "2018-03-31": "140.00000", "2017-12-31": 179, "2017-09-30": 407, "2017-06-30": 93, "2017-03-31": "109.00000", "2016-12-31": 592, "2016-09-30": 144, "2016-06-30": 238, "2016-03-31": "298.00000", "2015-12-31": 756, "2015-09-30": 905, "2015-06-30": 286, "2015-03-31": "296.00000", "2014-12-31": 1431, "2014-09-30": 724, "2014-06-30": 108, "2014-03-31": "263.00000", "2013-12-31": 295, "2013-09-30": 449, "2013-06-30": 306, "2013-03-31": "-251.00000", "2012-12-31": 603, "2012-09-30": 52, "2012-06-30": 332, "2012-03-31": "282.00000", "2011-12-31": 342, "2011-09-30": 56, "2011-06-30": 538, "2011-03-31": "340.00000", "2010-12-31": 576, "2010-09-30": 271, "2010-06-30": 308, "2010-03-31": "565.00000", "2009-12-31": 385, "2009-09-30": 105, "2009-06-30": 791, "2009-03-31": "-344.00000", "2008-12-31": 448, "2008-09-30": 360, "2008-06-30": 353, "2008-03-31": "98.00000", "2007-12-31": -175, "2007-09-30": 741, "2007-06-30": 920, "2007-03-31": "469.00000", "2006-12-31": 1106, "2006-09-30": 1022, "2006-06-30": 597, "2006-03-31": "325.00000", "2005-12-31": 340, "2005-09-30": 347, "2005-06-30": 317, "2005-03-31": "204.00000"}, "Net Change In Property, Plant, And Equipment": {"2020-12-31": 0, "2020-09-30": 0, "2020-06-30": 0, "2020-03-31": "", "2019-12-31": 0, "2019-09-30": 0, "2019-06-30": 0, "2019-03-31": "", "2018-12-31": 0, "2018-09-30": 0, "2018-06-30": 0, "2018-03-31": "", "2017-12-31": 0, "2017-09-30": 0, "2017-06-30": 0, "2017-03-31": "", "2016-12-31": 0, "2016-09-30": 0, "2016-06-30": 0, "2016-03-31": "", "2015-12-31": 0, "2015-09-30": 0, "2015-06-30": 0, "2015-03-31": "", "2014-12-31": 0, "2014-09-30": 0, "2014-06-30": 0, "2014-03-31": "", "2013-12-31": 0, "2013-09-30": 0, "2013-06-30": 0, "2013-03-31": "", "2012-12-31": 0, "2012-09-30": 0, "2012-06-30": 0, "2012-03-31": "", "2011-12-31": 0, "2011-09-30": 0, "2011-06-30": 0, "2011-03-31": "", "2010-12-31": 0, "2010-09-30": 0, "2010-06-30": 0, "2010-03-31": "", "2009-12-31": 0, "2009-09-30": 0, "2009-06-30": 0, "2009-03-31": "", "2008-12-31": 0, "2008-09-30": 0, "2008-06-30": 0, "2008-03-31": "", "2007-12-31": 0, "2007-09-30": 0, "2007-06-30": 0, "2007-03-31": "", "2006-12-31": 0, "2006-09-30": 0, "2006-06-30": 0, "2006-03-31": "", "2005-12-31": 0, "2005-09-30": 0, "2005-06-30": 0, "2005-03-31": ""}, "Net Change In Intangible Assets": {"2020-12-31": 0, "2020-09-30": 0, "2020-06-30": 0, "2020-03-31": "", "2019-12-31": 0, "2019-09-30": 0, "2019-06-30": 0, "2019-03-31": "", "2018-12-31": 0, "2018-09-30": 0, "2018-06-30": 0, "2018-03-31": "", "2017-12-31": 0, "2017-09-30": 0, "2017-06-30": 0, "2017-03-31": "", "2016-12-31": 0, "2016-09-30": 0, "2016-06-30": 0, "2016-03-31": "", "2015-12-31": 0, "2015-09-30": 0, "2015-06-30": 0, "2015-03-31": "", "2014-12-31": 0, "2014-09-30": 0, "2014-06-30": 0, "2014-03-31": "", "2013-12-31": 0, "2013-09-30": 0, "2013-06-30": 0, "2013-03-31": "", "2012-12-31": 0, "2012-09-30": 0, "2012-06-30": 0, "2012-03-31": "", "2011-12-31": 0, "2011-09-30": 0, "2011-06-30": 0, "2011-03-31": "", "2010-12-31": 0, "2010-09-30": 0, "2010-06-30": 0, "2010-03-31": "", "2009-12-31": 0, "2009-09-30": 0, "2009-06-30": 0, "2009-03-31": "", "2008-12-31": 0, "2008-09-30": 0, "2008-06-30": 0, "2008-03-31": "", "2007-12-31": 0, "2007-09-30": 0, "2007-06-30": 0, "2007-03-31": "", "2006-12-31": 0, "2006-09-30": 0, "2006-06-30": 0, "2006-03-31": "", "2005-12-31": 0, "2005-09-30": 0, "2005-06-30": 0, "2005-03-31": ""}, "Net Acquisitions/Divestitures": {"2020-12-31": 0, "2020-09-30": 0, "2020-06-30": 0, "2020-03-31": "", "2019-12-31": 0, "2019-09-30": 0, "2019-06-30": 0, "2019-03-31": "", "2018-12-31": 0, "2018-09-30": 0, "2018-06-30": -12, "2018-03-31": "", "2017-12-31": 0, "2017-09-30": 0, "2017-06-30": 0, "2017-03-31": "", "2016-12-31": 0, "2016-09-30": 0, "2016-06-30": 0, "2016-03-31": "", "2015-12-31": 0, "2015-09-30": 75, "2015-06-30": 0, "2015-03-31": "", "2014-12-31": 0, "2014-09-30": 0, "2014-06-30": 0, "2014-03-31": "", "2013-12-31": 0, "2013-09-30": 0, "2013-06-30": 0, "2013-03-31": "", "2012-12-31": 0, "2012-09-30": 0, "2012-06-30": 0, "2012-03-31": "", "2011-12-31": 0, "2011-09-30": 0, "2011-06-30": 0, "2011-03-31": "", "2010-12-31": 0, "2010-09-30": 0, "2010-06-30": 28, "2010-03-31": "293.00000", "2009-12-31": 314, "2009-09-30": 9, "2009-06-30": 2, "2009-03-31": "2.00000", "2008-12-31": 3, "2008-09-30": 1, "2008-06-30": 2, "2008-03-31": "642.00000", "2007-12-31": 64, "2007-09-30": 0, "2007-06-30": 0, "2007-03-31": "", "2006-12-31": 0, "2006-09-30": 21, "2006-06-30": -1847, "2006-03-31": "", "2005-12-31": 0, "2005-09-30": 0, "2005-06-30": 0, "2005-03-31": "14.00000"}, "Net Change In Short-term Investments": {"2020-12-31": 0, "2020-09-30": 0, "2020-06-30": 0, "2020-03-31": "", "2019-12-31": 0, "2019-09-30": 0, "2019-06-30": 0, "2019-03-31": "", "2018-12-31": 0, "2018-09-30": 0, "2018-06-30": 0, "2018-03-31": "", "2017-12-31": 0, "2017-09-30": 0, "2017-06-30": 0, "2017-03-31": "", "2016-12-31": 0, "2016-09-30": 0, "2016-06-30": 0, "2016-03-31": "", "2015-12-31": -889, "2015-09-30": 713, "2015-06-30": -458, "2015-03-31": "634.00000", "2014-12-31": -615, "2014-09-30": 282, "2014-06-30": 52, "2014-03-31": "281.00000", "2013-12-31": -315, "2013-09-30": -699, "2013-06-30": 145, "2013-03-31": "-74.00000", "2012-12-31": -385, "2012-09-30": -504, "2012-06-30": 2195, "2012-03-31": "-858.00000", "2011-12-31": -122, "2011-09-30": 2050, "2011-06-30": 251, "2011-03-31": "-105.00000", "2010-12-31": -908, "2010-09-30": 191, "2010-06-30": 548, "2010-03-31": "-79.00000", "2009-12-31": -333, "2009-09-30": 528, "2009-06-30": -674, "2009-03-31": "-1320.00000", "2008-12-31": 2038, "2008-09-30": 178, "2008-06-30": -306, "2008-03-31": "661.00000", "2007-12-31": -185, "2007-09-30": -52, "2007-06-30": 156, "2007-03-31": "-288.00000", "2006-12-31": 113, "2006-09-30": -188, "2006-06-30": 168, "2006-03-31": "-35.00000", "2005-12-31": -44, "2005-09-30": -9, "2005-06-30": 98, "2005-03-31": ""}, "Net Change In Long-Term Investments": {"2020-12-31": 5904, "2020-09-30": -3176, "2020-06-30": -4237, "2020-03-31": "1509.00000", "2019-12-31": -2746, "2019-09-30": -1344, "2019-06-30": 2140, "2019-03-31": "-221.00000", "2018-12-31": -858, "2018-09-30": -1423, "2018-06-30": -1219, "2018-03-31": "-289.00000", "2017-12-31": -993, "2017-09-30": -392, "2017-06-30": -478, "2017-03-31": "-1389.00000", "2016-12-31": -1588, "2016-09-30": -1211, "2016-06-30": 813, "2016-03-31": "-453.00000", "2015-12-31": -201, "2015-09-30": -780, "2015-06-30": -621, "2015-03-31": "-1637.00000", "2014-12-31": 882, "2014-09-30": -861, "2014-06-30": -771, "2014-03-31": "-636.00000", "2013-12-31": -554, "2013-09-30": -298, "2013-06-30": -1636, "2013-03-31": "-1179.00000", "2012-12-31": -1325, "2012-09-30": -485, "2012-06-30": -1291, "2012-03-31": "-1021.00000", "2011-12-31": -925, "2011-09-30": -968, "2011-06-30": -937, "2011-03-31": "-1239.00000", "2010-12-31": -785, "2010-09-30": -1550, "2010-06-30": -1601, "2010-03-31": "-1693.00000", "2009-12-31": -509, "2009-09-30": -2210, "2009-06-30": -4050, "2009-03-31": "464.00000", "2008-12-31": 731, "2008-09-30": -286, "2008-06-30": -448, "2008-03-31": "-528.00000", "2007-12-31": -376, "2007-09-30": -596, "2007-06-30": -329, "2007-03-31": "-429.00000", "2006-12-31": 122, "2006-09-30": -594, "2006-06-30": -36, "2006-03-31": "-17.00000", "2005-12-31": 747, "2005-09-30": 69, "2005-06-30": -65, "2005-03-31": "-81.00000"}, "Net Change In Investments - Total": {"2020-12-31": 5904, "2020-09-30": -3176, "2020-06-30": -4237, "2020-03-31": "1509.00000", "2019-12-31": -2746, "2019-09-30": -1344, "2019-06-30": 2140, "2019-03-31": "-221.00000", "2018-12-31": -858, "2018-09-30": -1423, "2018-06-30": -1219, "2018-03-31": "-289.00000", "2017-12-31": -993, "2017-09-30": -392, "2017-06-30": -478, "2017-03-31": "-1389.00000", "2016-12-31": -1588, "2016-09-30": -1211, "2016-06-30": 813, "2016-03-31": "-453.00000", "2015-12-31": -1090, "2015-09-30": -67, "2015-06-30": -1079, "2015-03-31": "-1003.00000", "2014-12-31": 267, "2014-09-30": -579, "2014-06-30": -719, "2014-03-31": "-355.00000", "2013-12-31": -869, "2013-09-30": -997, "2013-06-30": -1491, "2013-03-31": "-1253.00000", "2012-12-31": -1710, "2012-09-30": -989, "2012-06-30": 904, "2012-03-31": "-1879.00000", "2011-12-31": -1047, "2011-09-30": 1082, "2011-06-30": -686, "2011-03-31": "-1344.00000", "2010-12-31": -1693, "2010-09-30": -1359, "2010-06-30": -1053, "2010-03-31": "-1772.00000", "2009-12-31": -842, "2009-09-30": -1682, "2009-06-30": -4724, "2009-03-31": "-856.00000", "2008-12-31": 2769, "2008-09-30": -108, "2008-06-30": -754, "2008-03-31": "133.00000", "2007-12-31": -561, "2007-09-30": -648, "2007-06-30": -173, "2007-03-31": "-717.00000", "2006-12-31": 235, "2006-09-30": -782, "2006-06-30": 132, "2006-03-31": "-52.00000", "2005-12-31": 703, "2005-09-30": 60, "2005-06-30": 33, "2005-03-31": "-81.00000"}, "Investing Activities - Other": {"2020-12-31": 541, "2020-09-30": 95, "2020-06-30": 131, "2020-03-31": "-767.00000", "2019-12-31": -468, "2019-09-30": -882, "2019-06-30": -1066, "2019-03-31": "-912.00000", "2018-12-31": -717, "2018-09-30": -444, "2018-06-30": -547, "2018-03-31": "-306.00000", "2017-12-31": -411, "2017-09-30": -388, "2017-06-30": -27, "2017-03-31": "-110.00000", "2016-12-31": -466, "2016-09-30": -161, "2016-06-30": -346, "2016-03-31": "-254.00000", "2015-12-31": -986, "2015-09-30": -21, "2015-06-30": -20, "2015-03-31": "-32.00000", "2014-12-31": -350, "2014-09-30": -38, "2014-06-30": -9, "2014-03-31": "-22.00000", "2013-12-31": -27, "2013-09-30": -14, "2013-06-30": -23, "2013-03-31": "-36.00000", "2012-12-31": -80, "2012-09-30": -56, "2012-06-30": -13, "2012-03-31": "-34.00000", "2011-12-31": -67, "2011-09-30": -21, "2011-06-30": -19, "2011-03-31": "-23.00000", "2010-12-31": -25, "2010-09-30": -20, "2010-06-30": -19, "2010-03-31": "-10.00000", "2009-12-31": -24, "2009-09-30": -23, "2009-06-30": -12, "2009-03-31": "-16.00000", "2008-12-31": -27, "2008-09-30": -37, "2008-06-30": -40, "2008-03-31": "-13.00000", "2007-12-31": 149, "2007-09-30": -85, "2007-06-30": 134, "2007-03-31": "-124.00000", "2006-12-31": -106, "2006-09-30": 257, "2006-06-30": -54, "2006-03-31": "-69.00000", "2005-12-31": -127, "2005-09-30": -153, "2005-06-30": 146, "2005-03-31": "40.00000"}, "Cash Flow From Investing Activities": {"2020-12-31": 6445, "2020-09-30": -3081, "2020-06-30": -4106, "2020-03-31": "742.00000", "2019-12-31": -3214, "2019-09-30": -2226, "2019-06-30": 1074, "2019-03-31": "-1133.00000", "2018-12-31": -1575, "2018-09-30": -1867, "2018-06-30": -1778, "2018-03-31": "-595.00000", "2017-12-31": -1404, "2017-09-30": -780, "2017-06-30": -505, "2017-03-31": "-1499.00000", "2016-12-31": -2054, "2016-09-30": -1372, "2016-06-30": 467, "2016-03-31": "-707.00000", "2015-12-31": -2076, "2015-09-30": -13, "2015-06-30": -1099, "2015-03-31": "-1035.00000", "2014-12-31": -83, "2014-09-30": -617, "2014-06-30": -728, "2014-03-31": "-377.00000", "2013-12-31": -896, "2013-09-30": -1011, "2013-06-30": -1514, "2013-03-31": "-1289.00000", "2012-12-31": -1790, "2012-09-30": -1045, "2012-06-30": 891, "2012-03-31": "-1913.00000", "2011-12-31": -1114, "2011-09-30": 1061, "2011-06-30": -705, "2011-03-31": "-1367.00000", "2010-12-31": -1718, "2010-09-30": -1379, "2010-06-30": -1044, "2010-03-31": "-1489.00000", "2009-12-31": -552, "2009-09-30": -1696, "2009-06-30": -4734, "2009-03-31": "-870.00000", "2008-12-31": 2745, "2008-09-30": -144, "2008-06-30": -792, "2008-03-31": "762.00000", "2007-12-31": -348, "2007-09-30": -733, "2007-06-30": -39, "2007-03-31": "-841.00000", "2006-12-31": 129, "2006-09-30": -504, "2006-06-30": -1769, "2006-03-31": "-121.00000", "2005-12-31": 576, "2005-09-30": -93, "2005-06-30": 179, "2005-03-31": "-27.00000"}, "Net Long-Term Debt": {"2020-12-31": -249, "2020-09-30": 0, "2020-06-30": 50, "2020-03-31": "199.00000", "2019-12-31": 106, "2019-09-30": 345, "2019-06-30": 50, "2019-03-31": "", "2018-12-31": 0, "2018-09-30": 0, "2018-06-30": -50, "2018-03-31": "584.00000", "2017-12-31": 0, "2017-09-30": 0, "2017-06-30": 0, "2017-03-31": "", "2016-12-31": -264, "2016-09-30": 0, "2016-06-30": 0, "2016-03-31": "", "2015-12-31": 0, "2015-09-30": 0, "2015-06-30": -250, "2015-03-31": "298.00000", "2014-12-31": 0, "2014-09-30": 0, "2014-06-30": 0, "2014-03-31": "-500.00000", "2013-12-31": -4, "2013-09-30": 347, "2013-06-30": 50, "2013-03-31": "", "2012-12-31": -20, "2012-09-30": -298, "2012-06-30": 0, "2012-03-31": "298.00000", "2011-12-31": -250, "2011-09-30": -275, "2011-06-30": 298, "2011-03-31": "", "2010-12-31": -155, "2010-09-30": 0, "2010-06-30": 749, "2010-03-31": "-250.00000", "2009-12-31": 297, "2009-09-30": -4, "2009-06-30": -5, "2009-03-31": "-22.00000", "2008-12-31": -15, "2008-09-30": 15, "2008-06-30": -300, "2008-03-31": "-100.00000", "2007-12-31": 367, "2007-09-30": 200, "2007-06-30": -238, "2007-03-31": "435.00000", "2006-12-31": -178, "2006-09-30": 0, "2006-06-30": 2045, "2006-03-31": "", "2005-12-31": 0, "2005-09-30": 0, "2005-06-30": -241, "2005-03-31": ""}, "Net Current Debt": {"2020-12-31": 0, "2020-09-30": 0, "2020-06-30": 0, "2020-03-31": "", "2019-12-31": 0, "2019-09-30": 0, "2019-06-30": 0, "2019-03-31": "", "2018-12-31": 0, "2018-09-30": 0, "2018-06-30": 0, "2018-03-31": "", "2017-12-31": 0, "2017-09-30": 0, "2017-06-30": 0, "2017-03-31": "", "2016-12-31": 0, "2016-09-30": 0, "2016-06-30": 0, "2016-03-31": "", "2015-12-31": 0, "2015-09-30": 0, "2015-06-30": 0, "2015-03-31": "", "2014-12-31": 0, "2014-09-30": 0, "2014-06-30": 0, "2014-03-31": "", "2013-12-31": 0, "2013-09-30": 0, "2013-06-30": 0, "2013-03-31": "", "2012-12-31": 0, "2012-09-30": 0, "2012-06-30": 0, "2012-03-31": "", "2011-12-31": 0, "2011-09-30": 0, "2011-06-30": -100, "2011-03-31": "", "2010-12-31": 0, "2010-09-30": 2, "2010-06-30": -2, "2010-03-31": "1.00000", "2009-12-31": -50, "2009-09-30": -54, "2009-06-30": -483, "2009-03-31": "371.00000", "2008-12-31": 195, "2008-09-30": -80, "2008-06-30": -11, "2008-03-31": "-54.00000", "2007-12-31": 39, "2007-09-30": 196, "2007-06-30": -120, "2007-03-31": "150.00000", "2006-12-31": 0, "2006-09-30": -7, "2006-06-30": -448, "2006-03-31": "-109.00000", "2005-12-31": -46, "2005-09-30": -57, "2005-06-30": 221, "2005-03-31": "-20.00000"}, "Debt Issuance/Retirement Net - Total": {"2020-12-31": -249, "2020-09-30": 0, "2020-06-30": 50, "2020-03-31": "199.00000", "2019-12-31": 106, "2019-09-30": 345, "2019-06-30": 50, "2019-03-31": "", "2018-12-31": 0, "2018-09-30": 0, "2018-06-30": -50, "2018-03-31": "584.00000", "2017-12-31": 0, "2017-09-30": 0, "2017-06-30": 0, "2017-03-31": "", "2016-12-31": -264, "2016-09-30": 0, "2016-06-30": 0, "2016-03-31": "", "2015-12-31": 0, "2015-09-30": 0, "2015-06-30": -250, "2015-03-31": "298.00000", "2014-12-31": 0, "2014-09-30": 0, "2014-06-30": 0, "2014-03-31": "-500.00000", "2013-12-31": -4, "2013-09-30": 347, "2013-06-30": 50, "2013-03-31": "", "2012-12-31": -20, "2012-09-30": -298, "2012-06-30": 0, "2012-03-31": "298.00000", "2011-12-31": -250, "2011-09-30": -275, "2011-06-30": 198, "2011-03-31": "", "2010-12-31": -155, "2010-09-30": 2, "2010-06-30": 747, "2010-03-31": "-249.00000", "2009-12-31": 247, "2009-09-30": -58, "2009-06-30": -488, "2009-03-31": "349.00000", "2008-12-31": 180, "2008-09-30": -65, "2008-06-30": -311, "2008-03-31": "-154.00000", "2007-12-31": 406, "2007-09-30": 396, "2007-06-30": -358, "2007-03-31": "585.00000", "2006-12-31": -178, "2006-09-30": -7, "2006-06-30": 1597, "2006-03-31": "-109.00000", "2005-12-31": -46, "2005-09-30": -57, "2005-06-30": -20, "2005-03-31": "-20.00000"}, "Net Common Equity Issued/Repurchased": {"2020-12-31": 236, "2020-09-30": -1, "2020-06-30": -1, "2020-03-31": "-234.00000", "2019-12-31": -100, "2019-09-30": -146, "2019-06-30": -148, "2019-03-31": "-176.00000", "2018-12-31": -624, "2018-09-30": -174, "2018-06-30": -99, "2018-03-31": "-9.00000", "2017-12-31": -117, "2017-09-30": -195, "2017-06-30": -196, "2017-03-31": "-171.00000", "2016-12-31": -169, "2016-09-30": -198, "2016-06-30": -276, "2016-03-31": "-210.00000", "2015-12-31": -197, "2015-09-30": -200, "2015-06-30": -118, "2015-03-31": "-338.00000", "2014-12-31": -191, "2014-09-30": -127, "2014-06-30": -146, "2014-03-31": "-154.00000", "2013-12-31": -66, "2013-09-30": -99, "2013-06-30": -148, "2013-03-31": "-102.00000", "2012-12-31": -90, "2012-09-30": -98, "2012-06-30": -152, "2012-03-31": "-153.00000", "2011-12-31": -191, "2011-09-30": -150, "2011-06-30": -151, "2011-03-31": "-80.00000", "2010-12-31": -22, "2010-09-30": -2, "2010-06-30": 368, "2010-03-31": "", "2009-12-31": 0, "2009-09-30": 20, "2009-06-30": 640, "2009-03-31": "-8.00000", "2008-12-31": 17, "2008-09-30": -68, "2008-06-30": -102, "2008-03-31": "-274.00000", "2007-12-31": -283, "2007-09-30": -155, "2007-06-30": 10, "2007-03-31": "-460.00000", "2006-12-31": -137, "2006-09-30": -267, "2006-06-30": -458, "2006-03-31": "26.00000", "2005-12-31": 22, "2005-09-30": 36, "2005-06-30": -69, "2005-03-31": "-1.00000"}, "Net Total Equity Issued/Repurchased": {"2020-12-31": 236, "2020-09-30": -1, "2020-06-30": -1, "2020-03-31": "-234.00000", "2019-12-31": -100, "2019-09-30": -146, "2019-06-30": -148, "2019-03-31": "-176.00000", "2018-12-31": -624, "2018-09-30": -174, "2018-06-30": -99, "2018-03-31": "-9.00000", "2017-12-31": -117, "2017-09-30": -195, "2017-06-30": -196, "2017-03-31": "-171.00000", "2016-12-31": -169, "2016-09-30": -198, "2016-06-30": -276, "2016-03-31": "-210.00000", "2015-12-31": -197, "2015-09-30": -200, "2015-06-30": -118, "2015-03-31": "-338.00000", "2014-12-31": -191, "2014-09-30": -127, "2014-06-30": -146, "2014-03-31": "-154.00000", "2013-12-31": -66, "2013-09-30": -99, "2013-06-30": -148, "2013-03-31": "-102.00000", "2012-12-31": -90, "2012-09-30": -98, "2012-06-30": -152, "2012-03-31": "-153.00000", "2011-12-31": -191, "2011-09-30": -150, "2011-06-30": -151, "2011-03-31": "-80.00000", "2010-12-31": -22, "2010-09-30": -50, "2010-06-30": -582, "2010-03-31": "", "2009-12-31": 0, "2009-09-30": 970, "2009-06-30": 640, "2009-03-31": "-8.00000", "2008-12-31": 17, "2008-09-30": -68, "2008-06-30": -102, "2008-03-31": "-274.00000", "2007-12-31": -283, "2007-09-30": -155, "2007-06-30": 10, "2007-03-31": "-460.00000", "2006-12-31": -137, "2006-09-30": -267, "2006-06-30": -458, "2006-03-31": "26.00000", "2005-12-31": 22, "2005-09-30": 36, "2005-06-30": -69, "2005-03-31": "-1.00000"}, "Total Common And Preferred Stock Dividends Paid": {"2020-12-31": 233, "2020-09-30": -77, "2020-06-30": -77, "2020-03-31": "-79.00000", "2019-12-31": -76, "2019-09-30": -74, "2019-06-30": -76, "2019-03-31": "-77.00000", "2018-12-31": -72, "2018-09-30": -72, "2018-06-30": -73, "2018-03-31": "-72.00000", "2017-12-31": -64, "2017-09-30": -66, "2017-06-30": -67, "2017-03-31": "-65.00000", "2016-12-31": -58, "2016-09-30": -58, "2016-06-30": -62, "2016-03-31": "-60.00000", "2015-12-31": -51, "2015-09-30": -51, "2015-06-30": -50, "2015-03-31": "-52.00000", "2014-12-31": -44, "2014-09-30": -42, "2014-06-30": -42, "2014-03-31": "-42.00000", "2013-12-31": -31, "2013-09-30": -32, "2013-06-30": -32, "2013-03-31": "-33.00000", "2012-12-31": -24, "2012-09-30": -21, "2012-06-30": -23, "2012-03-31": "-23.00000", "2011-12-31": -13, "2011-09-30": -17, "2011-06-30": -15, "2011-03-31": "-16.00000", "2010-12-31": -3, "2010-09-30": -3, "2010-06-30": -21, "2010-03-31": "-15.00000", "2009-12-31": -15, "2009-09-30": -8, "2009-06-30": -2, "2009-03-31": "-54.00000", "2008-12-31": -107, "2008-09-30": -106, "2008-06-30": -107, "2008-03-31": "-110.00000", "2007-12-31": -107, "2007-09-30": -107, "2007-06-30": -107, "2007-03-31": "-109.00000", "2006-12-31": -105, "2006-09-30": -65, "2006-06-30": -148, "2006-03-31": "-67.00000", "2005-12-31": -64, "2005-09-30": -63, "2005-06-30": -64, "2005-03-31": "-64.00000"}, "Financial Activities - Other": {"2020-12-31": -6356, "2020-09-30": 2183, "2020-06-30": 1617, "2020-03-31": "2556.00000", "2019-12-31": 2737, "2019-09-30": 2021, "2019-06-30": 2052, "2019-03-31": "1965.00000", "2018-12-31": 2247, "2018-09-30": 1396, "2018-06-30": 1026, "2018-03-31": "581.00000", "2017-12-31": 1069, "2017-09-30": 621, "2017-06-30": 730, "2017-03-31": "827.00000", "2016-12-31": 1231, "2016-09-30": 815, "2016-06-30": 569, "2016-03-31": "710.00000", "2015-12-31": 942, "2015-09-30": 804, "2015-06-30": 71, "2015-03-31": "399.00000", "2014-12-31": 985, "2014-09-30": 374, "2014-06-30": 468, "2014-03-31": "295.00000", "2013-12-31": 416, "2013-09-30": 422, "2013-06-30": 805, "2013-03-31": "552.00000", "2012-12-31": 1178, "2012-09-30": 526, "2012-06-30": 693, "2012-03-31": "515.00000", "2011-12-31": 904, "2011-09-30": 1245, "2011-06-30": 831, "2011-03-31": "598.00000", "2010-12-31": 516, "2010-09-30": 1006, "2010-06-30": 847, "2010-03-31": "449.00000", "2009-12-31": 643, "2009-09-30": 1475, "2009-06-30": 868, "2009-03-31": "614.00000", "2008-12-31": 483, "2008-09-30": 262, "2008-06-30": 433, "2008-03-31": "460.00000", "2007-12-31": 845, "2007-09-30": 195, "2007-06-30": -337, "2007-03-31": "-365.00000", "2006-12-31": -301, "2006-09-30": -571, "2006-06-30": -293, "2006-03-31": "-392.00000", "2005-12-31": -118, "2005-09-30": -227, "2005-06-30": -183, "2005-03-31": "-255.00000"}, "Cash Flow From Financial Activities": {"2020-12-31": -6136, "2020-09-30": 2105, "2020-06-30": 1589, "2020-03-31": "2442.00000", "2019-12-31": 2667, "2019-09-30": 2146, "2019-06-30": 1878, "2019-03-31": "1712.00000", "2018-12-31": 1551, "2018-09-30": 1150, "2018-06-30": 804, "2018-03-31": "1084.00000", "2017-12-31": 888, "2017-09-30": 360, "2017-06-30": 467, "2017-03-31": "591.00000", "2016-12-31": 740, "2016-09-30": 559, "2016-06-30": 231, "2016-03-31": "440.00000", "2015-12-31": 694, "2015-09-30": 553, "2015-06-30": -347, "2015-03-31": "307.00000", "2014-12-31": 750, "2014-09-30": 205, "2014-06-30": 280, "2014-03-31": "-401.00000", "2013-12-31": 315, "2013-09-30": 638, "2013-06-30": 675, "2013-03-31": "417.00000", "2012-12-31": 1044, "2012-09-30": 109, "2012-06-30": 518, "2012-03-31": "637.00000", "2011-12-31": 450, "2011-09-30": 803, "2011-06-30": 863, "2011-03-31": "502.00000", "2010-12-31": 336, "2010-09-30": 955, "2010-06-30": 991, "2010-03-31": "185.00000", "2009-12-31": 875, "2009-09-30": 2379, "2009-06-30": 1018, "2009-03-31": "901.00000", "2008-12-31": 573, "2008-09-30": 23, "2008-06-30": -87, "2008-03-31": "-78.00000", "2007-12-31": 861, "2007-09-30": 329, "2007-06-30": -792, "2007-03-31": "-349.00000", "2006-12-31": -721, "2006-09-30": -910, "2006-06-30": 698, "2006-03-31": "-542.00000", "2005-12-31": -206, "2005-09-30": -311, "2005-06-30": -336, "2005-03-31": "-340.00000"}, "Net Cash Flow": {"2020-12-31": -32, "2020-09-30": -1606, "2020-06-30": -2001, "2020-03-31": "3639.00000", "2019-12-31": -376, "2019-09-30": -375, "2019-06-30": 1721, "2019-03-31": "-752.00000", "2018-12-31": 885, "2018-09-30": -315, "2018-06-30": -482, "2018-03-31": "629.00000", "2017-12-31": -337, "2017-09-30": -13, "2017-06-30": 55, "2017-03-31": "-799.00000", "2016-12-31": -722, "2016-09-30": -669, "2016-06-30": 936, "2016-03-31": "31.00000", "2015-12-31": -626, "2015-09-30": 1445, "2015-06-30": -1160, "2015-03-31": "-432.00000", "2014-12-31": 2098, "2014-09-30": 312, "2014-06-30": -340, "2014-03-31": "-515.00000", "2013-12-31": -286, "2013-09-30": 76, "2013-06-30": -533, "2013-03-31": "-1123.00000", "2012-12-31": -143, "2012-09-30": -884, "2012-06-30": 1741, "2012-03-31": "-994.00000", "2011-12-31": -322, "2011-09-30": 1920, "2011-06-30": 696, "2011-03-31": "-525.00000", "2010-12-31": -806, "2010-09-30": -153, "2010-06-30": 255, "2010-03-31": "-739.00000", "2009-12-31": 708, "2009-09-30": 788, "2009-06-30": -2925, "2009-03-31": "-313.00000", "2008-12-31": 3766, "2008-09-30": 239, "2008-06-30": -526, "2008-03-31": "782.00000", "2007-12-31": 338, "2007-09-30": 337, "2007-06-30": 89, "2007-03-31": "-721.00000", "2006-12-31": 514, "2006-09-30": -392, "2006-06-30": -474, "2006-03-31": "-338.00000", "2005-12-31": 710, "2005-09-30": -57, "2005-06-30": 160, "2005-03-31": "-163.00000"}, "Stock-Based Compensation": {"2020-12-31": 0, "2020-09-30": 0, "2020-06-30": 0, "2020-03-31": "", "2019-12-31": 0, "2019-09-30": 0, "2019-06-30": 0, "2019-03-31": "", "2018-12-31": 0, "2018-09-30": 0, "2018-06-30": 0, "2018-03-31": "", "2017-12-31": 0, "2017-09-30": 0, "2017-06-30": 0, "2017-03-31": "", "2016-12-31": 0, "2016-09-30": 0, "2016-06-30": 0, "2016-03-31": "", "2015-12-31": 0, "2015-09-30": 0, "2015-06-30": 0, "2015-03-31": "", "2014-12-31": 0, "2014-09-30": 0, "2014-06-30": 0, "2014-03-31": "", "2013-12-31": 0, "2013-09-30": 0, "2013-06-30": 0, "2013-03-31": "", "2012-12-31": 0, "2012-09-30": 0, "2012-06-30": 0, "2012-03-31": "", "2011-12-31": 0, "2011-09-30": 0, "2011-06-30": 0, "2011-03-31": "", "2010-12-31": 0, "2010-09-30": 0, "2010-06-30": 0, "2010-03-31": "", "2009-12-31": 0, "2009-09-30": 0, "2009-06-30": 0, "2009-03-31": "", "2008-12-31": 0, "2008-09-30": -19, "2008-06-30": 7, "2008-03-31": "12.00000", "2007-12-31": -39, "2007-09-30": 10, "2007-06-30": 14, "2007-03-31": "15.00000", "2006-12-31": 18, "2006-09-30": 5, "2006-06-30": 21, "2006-03-31": "9.00000", "2005-12-31": 15, "2005-09-30": 10, "2005-06-30": 15, "2005-03-31": "12.00000"}, "Common Stock Dividends Paid": {"2020-12-31": 233, "2020-09-30": -77, "2020-06-30": -77, "2020-03-31": "-79.00000", "2019-12-31": -76, "2019-09-30": -74, "2019-06-30": -76, "2019-03-31": "-77.00000", "2018-12-31": -72, "2018-09-30": -72, "2018-06-30": -73, "2018-03-31": "-72.00000", "2017-12-31": -64, "2017-09-30": -66, "2017-06-30": -67, "2017-03-31": "-65.00000", "2016-12-31": -58, "2016-09-30": -58, "2016-06-30": -62, "2016-03-31": "-60.00000", "2015-12-31": -51, "2015-09-30": -51, "2015-06-30": -50, "2015-03-31": "-52.00000", "2014-12-31": -44, "2014-09-30": -42, "2014-06-30": -42, "2014-03-31": "-42.00000", "2013-12-31": -31, "2013-09-30": -32, "2013-06-30": -32, "2013-03-31": "-33.00000", "2012-12-31": -24, "2012-09-30": -21, "2012-06-30": -23, "2012-03-31": "-23.00000", "2011-12-31": -13, "2011-09-30": -17, "2011-06-30": -15, "2011-03-31": "-16.00000", "2010-12-31": -3, "2010-09-30": -3, "2010-06-30": -21, "2010-03-31": "-15.00000", "2009-12-31": -15, "2009-09-30": -8, "2009-06-30": -2, "2009-03-31": "-54.00000", "2008-12-31": -107, "2008-09-30": -106, "2008-06-30": -107, "2008-03-31": "-110.00000", "2007-12-31": -107, "2007-09-30": -107, "2007-06-30": -107, "2007-03-31": "-109.00000", "2006-12-31": -105, "2006-09-30": -65, "2006-06-30": -148, "2006-03-31": "-67.00000", "2005-12-31": -64, "2005-09-30": -63, "2005-06-30": -64, "2005-03-31": "-64.00000"}}, "financial ratios": {"Current Ratio": {"2019-12-31": "", "2018-12-31": "", "2017-12-31": "", "2016-12-31": "", "2015-12-31": "", "2014-12-31": "", "2013-12-31": "", "2012-12-31": "", "2011-12-31": "", "2010-12-31": "", "2009-12-31": "", "2008-12-31": "", "2007-12-31": "", "2006-12-31": "", "2005-12-31": ""}, "Long-term Debt / Capital": {"2019-12-31": "0.23560", "2018-12-31": "0.28920", "2017-12-31": "0.22030", "2016-12-31": "0.26960", "2015-12-31": "0.28970", "2014-12-31": "0.25080", "2013-12-31": "0.28340", "2012-12-31": "0.26650", "2011-12-31": "0.29150", "2010-12-31": "0.29660", "2009-12-31": "0.30150", "2008-12-31": "0.37230", "2007-12-31": "0.28270", "2006-12-31": "0.22080", "2005-12-31": "0.17270"}, "Debt/Equity Ratio": {"2019-12-31": "0.32340", "2018-12-31": "0.40690", "2017-12-31": "0.30850", "2016-12-31": "0.36920", "2015-12-31": "0.40780", "2014-12-31": "0.35070", "2013-12-31": "0.43270", "2012-12-31": "0.37660", "2011-12-31": "0.43440", "2010-12-31": "0.44900", "2009-12-31": "0.46150", "2008-12-31": "0.69520", "2007-12-31": "0.44100", "2006-12-31": "0.33730", "2005-12-31": "0.22760"}, "Gross Margin": {"2019-12-31": "", "2018-12-31": "", "2017-12-31": "", "2016-12-31": "", "2015-12-31": "", "2014-12-31": "", "2013-12-31": "", "2012-12-31": "", "2011-12-31": "", "2010-12-31": "", "2009-12-31": "", "2008-12-31": "", "2007-12-31": "", "2006-12-31": "", "2005-12-31": ""}, "Operating Margin": {"2019-12-31": "7.21400", "2018-12-31": "13.28540", "2017-12-31": "9.70050", "2016-12-31": "13.42090", "2015-12-31": "12.54050", "2014-12-31": "16.70360", "2013-12-31": "15.84090", "2012-12-31": "15.96010", "2011-12-31": "7.48990", "2010-12-31": "13.69180", "2009-12-31": "-3.81220", "2008-12-31": "1.56110", "2007-12-31": "45.70420", "2006-12-31": "47.26880", "2005-12-31": "49.09590"}, "EBIT Margin": {"2019-12-31": "7.21400", "2018-12-31": "13.28540", "2017-12-31": "9.70050", "2016-12-31": "13.42090", "2015-12-31": "12.54050", "2014-12-31": "16.70360", "2013-12-31": "15.84090", "2012-12-31": "15.96010", "2011-12-31": "7.48990", "2010-12-31": "13.69180", "2009-12-31": "-3.81220", "2008-12-31": "1.56110", "2007-12-31": "45.70420", "2006-12-31": "47.26880", "2005-12-31": "49.09590"}, "EBITDA Margin": {"2019-12-31": "7.03440", "2018-12-31": "13.23060", "2017-12-31": "9.53920", "2016-12-31": "12.87320", "2015-12-31": "11.99530", "2014-12-31": "16.15760", "2013-12-31": "15.22270", "2012-12-31": "15.31860", "2011-12-31": "6.78510", "2010-12-31": "12.97170", "2009-12-31": "-4.70640", "2008-12-31": "0.73720", "2007-12-31": "44.83050", "2006-12-31": "46.41290", "2005-12-31": "49.11420"}, "Pre-Tax Profit Margin": {"2019-12-31": "5.32510", "2018-12-31": "11.47710", "2017-12-31": "7.92590", "2016-12-31": "10.93770", "2015-12-31": "10.53640", "2014-12-31": "14.73370", "2013-12-31": "13.62690", "2012-12-31": "13.59340", "2011-12-31": "4.72700", "2010-12-31": "10.89770", "2009-12-31": "-6.13010", "2008-12-31": "-1.48530", "2007-12-31": "17.42250", "2006-12-31": "20.02480", "2005-12-31": "19.63470"}, "Net Profit Margin": {"2019-12-31": "5.13390", "2018-12-31": "9.99150", "2017-12-31": "14.58230", "2016-12-31": "8.94220", "2015-12-31": "8.50280", "2014-12-31": "11.17750", "2013-12-31": "10.39350", "2012-12-31": "11.38280", "2011-12-31": "2.07690", "2010-12-31": "7.05710", "2009-12-31": "-6.11840", "2008-12-31": "0.61800", "2007-12-31": "12.63780", "2006-12-31": "14.82150", "2005-12-31": "15.17810"}, "Asset Turnover": {"2019-12-31": "0.05160", "2018-12-31": "0.05510", "2017-12-31": "0.05060", "2016-12-31": "0.05100", "2015-12-31": "0.05390", "2014-12-31": "0.05350", "2013-12-31": "0.05050", "2012-12-31": "0.05270", "2011-12-31": "0.05280", "2010-12-31": "0.05370", "2009-12-31": "0.04790", "2008-12-31": "0.05650", "2007-12-31": "0.05020", "2006-12-31": "0.04970", "2005-12-31": "0.04380"}, "Inventory Turnover Ratio": {"2019-12-31": "", "2018-12-31": "", "2017-12-31": "", "2016-12-31": "", "2015-12-31": "", "2014-12-31": "", "2013-12-31": "", "2012-12-31": "", "2011-12-31": "", "2010-12-31": "", "2009-12-31": "", "2008-12-31": "", "2007-12-31": "", "2006-12-31": "", "2005-12-31": ""}, "Receiveable Turnover": {"2019-12-31": "", "2018-12-31": "", "2017-12-31": "", "2016-12-31": "", "2015-12-31": "", "2014-12-31": "", "2013-12-31": "", "2012-12-31": "", "2011-12-31": "", "2010-12-31": "", "2009-12-31": "", "2008-12-31": "", "2007-12-31": "", "2006-12-31": "", "2005-12-31": ""}, "Days Sales In Receivables": {"2019-12-31": "", "2018-12-31": "", "2017-12-31": "", "2016-12-31": "", "2015-12-31": "", "2014-12-31": "", "2013-12-31": "", "2012-12-31": "", "2011-12-31": "", "2010-12-31": "", "2009-12-31": "", "2008-12-31": "", "2007-12-31": "", "2006-12-31": "", "2005-12-31": ""}, "ROE - Return On Equity": {"2019-12-31": "4.50000", "2018-12-31": "11.43550", "2017-12-31": "12.00210", "2016-12-31": "8.23320", "2015-12-31": "8.47470", "2014-12-31": "9.61880", "2013-12-31": "9.24770", "2012-12-31": "8.58880", "2011-12-31": "1.74800", "2010-12-31": "6.81710", "2009-12-31": "-3.80940", "2008-12-31": "-0.12540", "2007-12-31": "10.23210", "2006-12-31": "10.61480", "2005-12-31": "13.01900"}, "Return On Tangible Equity": {"2019-12-31": "4.94670", "2018-12-31": "13.05700", "2017-12-31": "13.03120", "2016-12-31": "9.76650", "2015-12-31": "10.17280", "2014-12-31": "11.24230", "2013-12-31": "11.12800", "2012-12-31": "10.12600", "2011-12-31": "2.11490", "2010-12-31": "8.92000", "2009-12-31": "-4.77730", "2008-12-31": "-0.23360", "2007-12-31": "15.83050", "2006-12-31": "16.05900", "2005-12-31": "16.01160"}, "ROA - Return On Assets": {"2019-12-31": "0.26470", "2018-12-31": "0.55040", "2017-12-31": "0.73790", "2016-12-31": "0.45560", "2015-12-31": "0.45810", "2014-12-31": "0.59750", "2013-12-31": "0.52500", "2012-12-31": "0.58760", "2011-12-31": "0.11370", "2010-12-31": "0.45040", "2009-12-31": "-0.23390", "2008-12-31": "-0.00610", "2007-12-31": "0.62630", "2006-12-31": "0.72550", "2005-12-31": "0.66550"}, "ROI - Return On Investment": {"2019-12-31": "3.44000", "2018-12-31": "8.12820", "2017-12-31": "9.35810", "2016-12-31": "6.01320", "2015-12-31": "6.01980", "2014-12-31": "7.20610", "2013-12-31": "6.62690", "2012-12-31": "6.30020", "2011-12-31": "1.23840", "2010-12-31": "4.79540", "2009-12-31": "-2.47760", "2008-12-31": "-0.07870", "2007-12-31": "7.33960", "2006-12-31": "8.27000", "2005-12-31": "10.76840"}, "Book Value Per Share": {"2019-12-31": "100.11240", "2018-12-31": "69.70660", "2017-12-31": "79.42590", "2016-12-31": "63.96710", "2015-12-31": "55.84490", "2014-12-31": "61.35230", "2013-12-31": "51.16830", "2012-12-31": "55.16890", "2011-12-31": "44.97130", "2010-12-31": "40.56140", "2009-12-31": "38.71310", "2008-12-31": "31.17600", "2007-12-31": "44.34720", "2006-12-31": "44.24610", "2005-12-31": "36.73860"}, "Operating Cash Flow Per Share": {"2019-12-31": -22.1399, "2018-12-31": 5.3665, "2017-12-31": -1.8876, "2016-12-31": -3.4273, "2015-12-31": -0.6284, "2014-12-31": 6.5227, "2013-12-31": -1.5086, "2012-12-31": 0.3611, "2011-12-31": -1.3368, "2010-12-31": 2.1078, "2009-12-31": -1.5733, "2008-12-31": -2.2838, "2007-12-31": -4.7687, "2006-12-31": 5.0482, "2005-12-31": 6.858}, "Free Cash Flow Per Share": {"2019-12-31": -22.1399, "2018-12-31": 5.3665, "2017-12-31": -1.8876, "2016-12-31": -3.4273, "2015-12-31": -0.6284, "2014-12-31": 6.5227, "2013-12-31": -1.5086, "2012-12-31": 0.3611, "2011-12-31": -1.3368, "2010-12-31": 2.1078, "2009-12-31": -1.5733, "2008-12-31": -2.2838, "2007-12-31": -4.7687, "2006-12-31": 5.0482, "2005-12-31": 6.858}}, "financial ratios, quarterly": {"Current Ratio": {"2020-09-30": "", "2020-06-30": "", "2020-03-31": "", "2019-12-31": "", "2019-09-30": "", "2019-06-30": "", "2019-03-31": "", "2018-12-31": "", "2018-09-30": "", "2018-06-30": "", "2018-03-31": "", "2017-12-31": "", "2017-09-30": "", "2017-06-30": "", "2017-03-31": "", "2016-12-31": "", "2016-09-30": "", "2016-06-30": "", "2016-03-31": "", "2015-12-31": "", "2015-09-30": "", "2015-06-30": "", "2015-03-31": "", "2014-12-31": "", "2014-09-30": "", "2014-06-30": "", "2014-03-31": "", "2013-12-31": "", "2013-09-30": "", "2013-06-30": "", "2013-03-31": "", "2012-12-31": "", "2012-09-30": "", "2012-06-30": "", "2012-03-31": "", "2011-12-31": "", "2011-09-30": "", "2011-06-30": "", "2011-03-31": "", "2010-12-31": "", "2010-09-30": "", "2010-06-30": "", "2010-03-31": "", "2009-12-31": "", "2009-09-30": "", "2009-06-30": "", "2009-03-31": "", "2008-12-31": "", "2008-09-30": "", "2008-06-30": "", "2008-03-31": "", "2007-12-31": "", "2007-09-30": "", "2007-06-30": "", "2007-03-31": "", "2006-12-31": "", "2006-09-30": "", "2006-06-30": "", "2006-03-31": "", "2005-12-31": "", "2005-09-30": "", "2005-06-30": "", "2005-03-31": ""}, "Long-term Debt / Capital": {"2020-09-30": "0.23760", "2020-06-30": "0.24520", "2020-03-31": "0.28930", "2019-12-31": "0.23560", "2019-09-30": "0.23280", "2019-06-30": "0.23350", "2019-03-31": "0.25340", "2018-12-31": "0.28920", "2018-09-30": "0.27800", "2018-06-30": "0.27740", "2018-03-31": "0.26110", "2017-12-31": "0.22030", "2017-09-30": "0.23100", "2017-06-30": "0.23450", "2017-03-31": "0.25530", "2016-12-31": "0.26960", "2016-09-30": "0.25060", "2016-06-30": "0.25540", "2016-03-31": "0.27820", "2015-12-31": "0.28970", "2015-09-30": "0.28010", "2015-06-30": "0.27330", "2015-03-31": "0.25750", "2014-12-31": "0.25080", "2014-09-30": "0.25130", "2014-06-30": "0.25070", "2014-03-31": "0.27080", "2013-12-31": "0.28340", "2013-09-30": "0.28610", "2013-06-30": "0.27490", "2013-03-31": "0.24750", "2012-12-31": "0.26650", "2012-09-30": "0.26500", "2012-06-30": "0.28740", "2012-03-31": "0.29710", "2011-12-31": "0.29150", "2011-09-30": "0.26390", "2011-06-30": "0.29660", "2011-03-31": "0.29090", "2010-12-31": "0.29660", "2010-09-30": "0.30470", "2010-06-30": "0.31700", "2010-03-31": "0.29030", "2009-12-31": "0.30150", "2009-09-30": "0.29120", "2009-06-30": "0.34480", "2009-03-31": "0.37240", "2008-12-31": "0.37230", "2008-09-30": "0.32480", "2008-06-30": "0.28100", "2008-03-31": "0.29450", "2007-12-31": "0.28270", "2007-09-30": "0.26930", "2007-06-30": "0.25770", "2007-03-31": "0.25460", "2006-12-31": "0.22080", "2006-09-30": "0.23670", "2006-06-30": "0.24660", "2006-03-31": "0.17360", "2005-12-31": "0.17270", "2005-09-30": "0.17530", "2005-06-30": "0.17390", "2005-03-31": "0.18630"}, "Debt/Equity Ratio": {"2020-09-30": "0.31160", "2020-06-30": "0.32490", "2020-03-31": "0.40710", "2019-12-31": "0.32340", "2019-09-30": "0.31850", "2019-06-30": "0.32080", "2019-03-31": "0.35770", "2018-12-31": "0.40690", "2018-09-30": "0.38510", "2018-06-30": "0.38390", "2018-03-31": "0.36900", "2017-12-31": "0.30850", "2017-09-30": "0.32790", "2017-06-30": "0.33450", "2017-03-31": "0.35620", "2016-12-31": "0.36920", "2016-09-30": "0.34960", "2016-06-30": "0.35870", "2016-03-31": "0.38550", "2015-12-31": "0.40780", "2015-09-30": "0.38910", "2015-06-30": "0.37610", "2015-03-31": "0.36230", "2014-12-31": "0.35070", "2014-09-30": "0.35180", "2014-06-30": "0.35080", "2014-03-31": "0.37140", "2013-12-31": "0.43270", "2013-09-30": "0.43830", "2013-06-30": "0.41720", "2013-03-31": "0.37650", "2012-12-31": "0.37660", "2012-09-30": "0.37370", "2012-06-30": "0.42440", "2012-03-31": "0.44540", "2011-12-31": "0.43440", "2011-09-30": "0.39530", "2011-06-30": "0.44020", "2011-03-31": "0.43710", "2010-12-31": "0.44900", "2010-09-30": "0.44580", "2010-06-30": "0.47190", "2010-03-31": "0.41730", "2009-12-31": "0.46150", "2009-09-30": "0.44520", "2009-06-30": "0.57630", "2009-03-31": "0.78940", "2008-12-31": "0.69520", "2008-09-30": "0.54780", "2008-06-30": "0.47650", "2008-03-31": "0.45440", "2007-12-31": "0.44100", "2007-09-30": "0.39570", "2007-06-30": "0.36650", "2007-03-31": "0.39080", "2006-12-31": "0.33730", "2006-09-30": "0.35660", "2006-06-30": "0.37640", "2006-03-31": "0.21170", "2005-12-31": "0.22760", "2005-09-30": "0.23880", "2005-06-30": "0.24540", "2005-03-31": "0.26100"}, "Gross Margin": {"2020-09-30": "", "2020-06-30": "", "2020-03-31": "", "2019-12-31": "", "2019-09-30": "", "2019-06-30": "", "2019-03-31": "", "2018-12-31": "", "2018-09-30": "", "2018-06-30": "", "2018-03-31": "", "2017-12-31": "", "2017-09-30": "", "2017-06-30": "", "2017-03-31": "", "2016-12-31": "", "2016-09-30": "", "2016-06-30": "", "2016-03-31": "", "2015-12-31": "", "2015-09-30": "", "2015-06-30": "", "2015-03-31": "", "2014-12-31": "", "2014-09-30": "", "2014-06-30": "", "2014-03-31": "", "2013-12-31": "", "2013-09-30": "", "2013-06-30": "", "2013-03-31": "", "2012-12-31": "", "2012-09-30": "", "2012-06-30": "", "2012-03-31": "", "2011-12-31": "", "2011-09-30": "", "2011-06-30": "", "2011-03-31": "", "2010-12-31": "", "2010-09-30": "", "2010-06-30": "", "2010-03-31": "", "2009-12-31": "", "2009-09-30": "", "2009-06-30": "", "2009-03-31": "", "2008-12-31": "", "2008-09-30": "", "2008-06-30": "", "2008-03-31": "", "2007-12-31": "", "2007-09-30": "", "2007-06-30": "", "2007-03-31": "", "2006-12-31": "", "2006-09-30": "", "2006-06-30": "", "2006-03-31": "", "2005-12-31": "", "2005-09-30": "", "2005-06-30": "", "2005-03-31": ""}, "Operating Margin": {"2020-09-30": "39.63810", "2020-06-30": "-2.18940", "2020-03-31": "2.30510", "2019-12-31": "-23.01500", "2019-09-30": "30.50880", "2019-06-30": "11.39210", "2019-03-31": "8.54980", "2018-12-31": "11.82960", "2018-09-30": "14.09480", "2018-06-30": "12.91050", "2018-03-31": "14.57470", "2017-12-31": "-8.85800", "2017-09-30": "16.32010", "2017-06-30": "16.66200", "2017-03-31": "15.40000", "2016-12-31": "10.01540", "2016-09-30": "19.23400", "2016-06-30": "14.57510", "2016-03-31": "9.34320", "2015-12-31": "13.21350", "2015-09-30": "9.01510", "2015-06-30": "15.32090", "2015-03-31": "13.01450", "2014-12-31": "13.51430", "2014-09-30": "19.58370", "2014-06-30": "18.40340", "2014-03-31": "15.55420", "2013-12-31": "17.13650", "2013-09-30": "16.91590", "2013-06-30": "16.10540", "2013-03-31": "12.99750", "2012-12-31": "15.77530", "2012-09-30": "16.45230", "2012-06-30": "17.59830", "2012-03-31": "13.87450", "2011-12-31": "-16.30990", "2011-09-30": "9.18730", "2011-06-30": "17.13570", "2011-03-31": "18.43270", "2010-12-31": "8.76400", "2010-09-30": "14.42790", "2010-06-30": "15.31670", "2010-03-31": "16.46220", "2009-12-31": "8.36800", "2009-09-30": "6.24400", "2009-06-30": "0.42490", "2009-03-31": "-31.09760", "2008-12-31": "-42.04610", "2008-09-30": "8.37000", "2008-06-30": "9.82750", "2008-03-31": "19.04400", "2007-12-31": "155.19250", "2007-09-30": "19.87700", "2007-06-30": "22.38860", "2007-03-31": "23.55400", "2006-12-31": "109.21580", "2006-09-30": "22.43670", "2006-06-30": "24.03850", "2006-03-31": "23.69900", "2005-12-31": "132.47130", "2005-09-30": "23.22580", "2005-06-30": "18.90910", "2005-03-31": "19.80200"}, "EBIT Margin": {"2020-09-30": "39.63810", "2020-06-30": "-2.18940", "2020-03-31": "2.30510", "2019-12-31": "-23.01500", "2019-09-30": "30.50880", "2019-06-30": "11.39210", "2019-03-31": "8.54980", "2018-12-31": "11.82960", "2018-09-30": "14.09480", "2018-06-30": "12.91050", "2018-03-31": "14.57470", "2017-12-31": "-8.85800", "2017-09-30": "16.32010", "2017-06-30": "16.66200", "2017-03-31": "15.40000", "2016-12-31": "10.01540", "2016-09-30": "19.23400", "2016-06-30": "14.57510", "2016-03-31": "9.34320", "2015-12-31": "13.21350", "2015-09-30": "9.01510", "2015-06-30": "15.32090", "2015-03-31": "13.01450", "2014-12-31": "13.51430", "2014-09-30": "19.58370", "2014-06-30": "18.40340", "2014-03-31": "15.55420", "2013-12-31": "17.13650", "2013-09-30": "16.91590", "2013-06-30": "16.10540", "2013-03-31": "12.99750", "2012-12-31": "15.77530", "2012-09-30": "16.45230", "2012-06-30": "17.59830", "2012-03-31": "13.87450", "2011-12-31": "-16.30990", "2011-09-30": "9.18730", "2011-06-30": "17.13570", "2011-03-31": "18.43270", "2010-12-31": "8.76400", "2010-09-30": "14.42790", "2010-06-30": "15.31670", "2010-03-31": "16.46220", "2009-12-31": "8.36800", "2009-09-30": "6.24400", "2009-06-30": "0.42490", "2009-03-31": "-31.09760", "2008-12-31": "-42.04610", "2008-09-30": "8.37000", "2008-06-30": "9.82750", "2008-03-31": "19.04400", "2007-12-31": "155.19250", "2007-09-30": "19.87700", "2007-06-30": "22.38860", "2007-03-31": "23.55400", "2006-12-31": "109.21580", "2006-09-30": "22.43670", "2006-06-30": "24.03850", "2006-03-31": "23.69900", "2005-12-31": "132.47130", "2005-09-30": "23.22580", "2005-06-30": "18.90910", "2005-03-31": "19.80200"}, "EBITDA Margin": {"2020-09-30": "", "2020-06-30": "", "2020-03-31": "", "2019-12-31": "", "2019-09-30": "", "2019-06-30": "", "2019-03-31": "", "2018-12-31": "", "2018-09-30": "", "2018-06-30": "", "2018-03-31": "", "2017-12-31": "", "2017-09-30": "", "2017-06-30": "", "2017-03-31": "", "2016-12-31": "", "2016-09-30": "", "2016-06-30": "", "2016-03-31": "", "2015-12-31": "", "2015-09-30": "", "2015-06-30": "", "2015-03-31": "", "2014-12-31": "", "2014-09-30": "", "2014-06-30": "", "2014-03-31": "", "2013-12-31": "", "2013-09-30": "", "2013-06-30": "", "2013-03-31": "", "2012-12-31": "", "2012-09-30": "", "2012-06-30": "", "2012-03-31": "", "2011-12-31": "", "2011-09-30": "", "2011-06-30": "", "2011-03-31": "", "2010-12-31": "", "2010-09-30": "", "2010-06-30": "", "2010-03-31": "", "2009-12-31": "", "2009-09-30": "", "2009-06-30": "", "2009-03-31": "", "2008-12-31": "", "2008-09-30": "", "2008-06-30": "", "2008-03-31": "", "2007-12-31": "", "2007-09-30": "", "2007-06-30": "", "2007-03-31": "", "2006-12-31": "", "2006-09-30": "", "2006-06-30": "", "2006-03-31": "", "2005-12-31": "", "2005-09-30": "", "2005-06-30": "", "2005-03-31": ""}, "Pre-Tax Profit Margin": {"2020-09-30": "8.58050", "2020-06-30": "-4.57780", "2020-03-31": "0.76840", "2019-12-31": "11.04720", "2019-09-30": "-5.39030", "2019-06-30": "9.76800", "2019-03-31": "6.75910", "2018-12-31": "10.30680", "2018-09-30": "12.47660", "2018-06-30": "11.21890", "2018-03-31": "12.05320", "2017-12-31": "-10.57510", "2017-09-30": "14.52580", "2017-06-30": "14.90080", "2017-03-31": "13.57140", "2016-12-31": "6.05220", "2016-09-30": "17.36170", "2016-06-30": "12.51890", "2016-03-31": "7.24640", "2015-12-31": "11.06910", "2015-09-30": "7.21210", "2015-06-30": "13.28010", "2015-03-31": "10.95640", "2014-12-31": "11.72320", "2014-09-30": "17.61950", "2014-06-30": "16.36200", "2014-03-31": "13.44460", "2013-12-31": "14.92630", "2013-09-30": "14.68930", "2013-06-30": "13.93800", "2013-03-31": "10.74320", "2012-12-31": "13.45440", "2012-09-30": "14.15030", "2012-06-30": "15.25190", "2012-03-31": "11.36530", "2011-12-31": "-19.07360", "2011-09-30": "6.08560", "2011-06-30": "14.57070", "2011-03-31": "15.78370", "2010-12-31": "5.76780", "2010-09-30": "11.59590", "2010-06-30": "12.66800", "2010-03-31": "13.77130", "2009-12-31": "5.53710", "2009-09-30": "2.97790", "2009-06-30": "-2.81470", "2009-03-31": "-31.09760", "2008-12-31": "-45.84900", "2008-09-30": "5.33040", "2008-06-30": "7.22020", "2008-03-31": "16.11410", "2007-12-31": "8.40140", "2007-09-30": "17.22410", "2007-06-30": "19.65560", "2007-03-31": "21.23290", "2006-12-31": "20.12930", "2006-09-30": "18.49620", "2006-06-30": "20.23240", "2006-03-31": "22.15190", "2005-12-31": "21.26440", "2005-09-30": "21.72040", "2005-06-30": "17.30910", "2005-03-31": "18.12640"}, "Net Profit Margin": {"2020-09-30": "7.42400", "2020-06-30": "-2.67270", "2020-03-31": "1.17510", "2019-12-31": "9.94250", "2019-09-30": "-3.47130", "2019-06-30": "8.42230", "2019-03-31": "6.35560", "2018-12-31": "8.80600", "2018-09-30": "11.49160", "2018-06-30": "9.57710", "2018-03-31": "10.16900", "2017-12-31": "22.21310", "2017-09-30": "11.90540", "2017-06-30": "11.49010", "2017-03-31": "12.42860", "2016-12-31": "5.80650", "2016-09-30": "13.24820", "2016-06-30": "9.82760", "2016-03-31": "6.50630", "2015-12-31": "8.92460", "2015-09-30": "6.10870", "2015-06-30": "10.17450", "2015-03-31": "9.07990", "2014-12-31": "9.47080", "2014-09-30": "12.87010", "2014-06-30": "12.12680", "2014-03-31": "10.35890", "2013-12-31": "11.24280", "2013-09-30": "11.19970", "2013-06-30": "10.57020", "2013-03-31": "8.41850", "2012-12-31": "10.79720", "2012-09-30": "14.48880", "2012-06-30": "11.07660", "2012-03-31": "8.96680", "2011-12-31": "-21.40910", "2011-09-30": "6.00710", "2011-06-30": "10.83010", "2011-03-31": "11.55260", "2010-12-31": "4.41950", "2010-09-30": "9.41450", "2010-06-30": "4.06910", "2010-03-31": "10.48670", "2009-12-31": "3.45550", "2009-09-30": "6.58020", "2009-06-30": "-8.55020", "2009-03-31": "-27.15760", "2008-12-31": "-27.04870", "2008-09-30": "6.51980", "2008-06-30": "5.01400", "2008-03-31": "11.14110", "2007-12-31": "6.59280", "2007-09-30": "12.68740", "2007-06-30": "14.07710", "2007-03-31": "15.06850", "2006-12-31": "15.44060", "2006-09-30": "14.63610", "2006-06-30": "13.98240", "2006-03-31": "15.54150", "2005-12-31": "16.16380", "2005-09-30": "16.41580", "2005-06-30": "14.40000", "2005-03-31": "13.63290"}, "Asset Turnover": {"2020-09-30": "0.01540", "2020-06-30": "0.01040", "2020-03-31": "0.01390", "2019-12-31": "0.01300", "2019-09-30": "0.01430", "2019-06-30": "0.01340", "2019-03-31": "0.01260", "2018-12-31": "0.01520", "2018-09-30": "0.01400", "2018-06-30": "0.01350", "2018-03-31": "0.01290", "2017-12-31": "0.01300", "2017-09-30": "0.01270", "2017-06-30": "0.01320", "2017-03-31": "0.01310", "2016-12-31": "0.01240", "2016-09-30": "0.01320", "2016-06-30": "0.01260", "2016-03-31": "0.01270", "2015-12-31": "0.01260", "2015-09-30": "0.01490", "2015-06-30": "0.01320", "2015-03-31": "0.01280", "2014-12-31": "0.01450", "2014-09-30": "0.01370", "2014-06-30": "0.01320", "2014-03-31": "0.01310", "2013-12-31": "0.01320", "2013-09-30": "0.01310", "2013-06-30": "0.01340", "2013-03-31": "0.01270", "2012-12-31": "0.01360", "2012-09-30": "0.01370", "2012-06-30": "0.01370", "2012-03-31": "0.01300", "2011-12-31": "0.01270", "2011-09-30": "0.01290", "2011-06-30": "0.01390", "2011-03-31": "0.01370", "2010-12-31": "0.01380", "2010-09-30": "0.01370", "2010-06-30": "0.01450", "2010-03-31": "0.01390", "2009-12-31": "0.01350", "2009-09-30": "0.01150", "2009-06-30": "0.01130", "2009-03-31": "0.01350", "2008-12-31": "0.01140", "2008-09-30": "0.01310", "2008-06-30": "0.01350", "2008-03-31": "0.01400", "2007-12-31": "0.00900", "2007-09-30": "0.01350", "2007-06-30": "0.01420", "2007-03-31": "0.01450", "2006-12-31": "0.01390", "2006-09-30": "0.01450", "2006-06-30": "0.01490", "2006-03-31": "0.01110", "2005-12-31": "0.01110", "2005-09-30": "0.01140", "2005-06-30": "0.01160", "2005-03-31": "0.01130"}, "Inventory Turnover Ratio": {"2020-09-30": "", "2020-06-30": "", "2020-03-31": "", "2019-12-31": "", "2019-09-30": "", "2019-06-30": "", "2019-03-31": "", "2018-12-31": "", "2018-09-30": "", "2018-06-30": "", "2018-03-31": "", "2017-12-31": "", "2017-09-30": "", "2017-06-30": "", "2017-03-31": "", "2016-12-31": "", "2016-09-30": "", "2016-06-30": "", "2016-03-31": "", "2015-12-31": "", "2015-09-30": "", "2015-06-30": "", "2015-03-31": "", "2014-12-31": "", "2014-09-30": "", "2014-06-30": "", "2014-03-31": "", "2013-12-31": "", "2013-09-30": "", "2013-06-30": "", "2013-03-31": "", "2012-12-31": "", "2012-09-30": "", "2012-06-30": "", "2012-03-31": "", "2011-12-31": "", "2011-09-30": "", "2011-06-30": "", "2011-03-31": "", "2010-12-31": "", "2010-09-30": "", "2010-06-30": "", "2010-03-31": "", "2009-12-31": "", "2009-09-30": "", "2009-06-30": "", "2009-03-31": "", "2008-12-31": "", "2008-09-30": "", "2008-06-30": "", "2008-03-31": "", "2007-12-31": "", "2007-09-30": "", "2007-06-30": "", "2007-03-31": "", "2006-12-31": "", "2006-09-30": "", "2006-06-30": "", "2006-03-31": "", "2005-12-31": "", "2005-09-30": "", "2005-06-30": "", "2005-03-31": ""}, "Receiveable Turnover": {"2020-09-30": "", "2020-06-30": "", "2020-03-31": "", "2019-12-31": "", "2019-09-30": "", "2019-06-30": "", "2019-03-31": "", "2018-12-31": "", "2018-09-30": "", "2018-06-30": "", "2018-03-31": "", "2017-12-31": "", "2017-09-30": "", "2017-06-30": "", "2017-03-31": "", "2016-12-31": "", "2016-09-30": "", "2016-06-30": "", "2016-03-31": "", "2015-12-31": "", "2015-09-30": "", "2015-06-30": "", "2015-03-31": "", "2014-12-31": "", "2014-09-30": "", "2014-06-30": "", "2014-03-31": "", "2013-12-31": "", "2013-09-30": "", "2013-06-30": "", "2013-03-31": "", "2012-12-31": "", "2012-09-30": "", "2012-06-30": "", "2012-03-31": "", "2011-12-31": "", "2011-09-30": "", "2011-06-30": "", "2011-03-31": "", "2010-12-31": "", "2010-09-30": "", "2010-06-30": "", "2010-03-31": "", "2009-12-31": "", "2009-09-30": "", "2009-06-30": "", "2009-03-31": "", "2008-12-31": "", "2008-09-30": "", "2008-06-30": "", "2008-03-31": "", "2007-12-31": "", "2007-09-30": "", "2007-06-30": "", "2007-03-31": "", "2006-12-31": "", "2006-09-30": "", "2006-06-30": "", "2006-03-31": "", "2005-12-31": "", "2005-09-30": "", "2005-06-30": "", "2005-03-31": ""}, "Days Sales In Receivables": {"2020-09-30": "", "2020-06-30": "", "2020-03-31": "", "2019-12-31": "", "2019-09-30": "", "2019-06-30": "", "2019-03-31": "", "2018-12-31": "", "2018-09-30": "", "2018-06-30": "", "2018-03-31": "", "2017-12-31": "", "2017-09-30": "", "2017-06-30": "", "2017-03-31": "", "2016-12-31": "", "2016-09-30": "", "2016-06-30": "", "2016-03-31": "", "2015-12-31": "", "2015-09-30": "", "2015-06-30": "", "2015-03-31": "", "2014-12-31": "", "2014-09-30": "", "2014-06-30": "", "2014-03-31": "", "2013-12-31": "", "2013-09-30": "", "2013-06-30": "", "2013-03-31": "", "2012-12-31": "", "2012-09-30": "", "2012-06-30": "", "2012-03-31": "", "2011-12-31": "", "2011-09-30": "", "2011-06-30": "", "2011-03-31": "", "2010-12-31": "", "2010-09-30": "", "2010-06-30": "", "2010-03-31": "", "2009-12-31": "", "2009-09-30": "", "2009-06-30": "", "2009-03-31": "", "2008-12-31": "", "2008-09-30": "", "2008-06-30": "", "2008-03-31": "", "2007-12-31": "", "2007-09-30": "", "2007-06-30": "", "2007-03-31": "", "2006-12-31": "", "2006-09-30": "", "2006-06-30": "", "2006-03-31": "", "2005-12-31": "", "2005-09-30": "", "2005-06-30": "", "2005-03-31": ""}, "ROE - Return On Equity": {"2020-09-30": "1.84700", "2020-06-30": "-0.45340", "2020-03-31": "0.31370", "2019-12-31": "2.19410", "2019-09-30": "-0.80500", "2019-06-30": "1.96690", "2019-03-31": "1.53500", "2018-12-31": "2.78050", "2018-09-30": "3.25150", "2018-06-30": "2.53670", "2018-03-31": "2.29590", "2017-12-31": "4.70500", "2017-09-30": "2.56220", "2017-06-30": "2.56940", "2017-03-31": "2.90520", "2016-12-31": "1.30540", "2016-09-30": "2.86100", "2016-06-30": "2.04150", "2016-03-31": "1.43950", "2015-12-31": "2.07830", "2015-09-30": "1.57630", "2015-06-30": "2.34030", "2015-03-31": "1.84920", "2014-12-31": "2.21090", "2014-09-30": "2.84110", "2014-06-30": "2.57590", "2014-03-31": "2.27120", "2013-12-31": "2.60930", "2013-09-30": "2.51700", "2013-06-30": "2.38040", "2013-03-31": "1.60810", "2012-12-31": "2.14390", "2012-09-30": "2.62520", "2012-06-30": "2.26340", "2012-03-31": "1.84000", "2011-12-31": "-4.19820", "2011-09-30": "1.07920", "2011-06-30": "2.23760", "2011-03-31": "2.39880", "2010-12-31": "0.92140", "2010-09-30": "1.82900", "2010-06-30": "1.99400", "2010-03-31": "2.20660", "2009-12-31": "0.89960", "2009-09-30": "0.74610", "2009-06-30": "-0.07710", "2009-03-31": "-8.01580", "2008-12-31": "-6.81960", "2008-09-30": "1.35790", "2008-06-30": "1.06690", "2008-03-31": "2.64300", "2007-12-31": "1.00700", "2007-09-30": "2.70020", "2007-06-30": "3.12630", "2007-03-31": "3.22500", "2006-12-31": "2.95900", "2006-09-30": "3.02280", "2006-06-30": "3.06060", "2006-03-31": "3.48750", "2005-12-31": "3.52500", "2005-09-30": "3.64430", "2005-06-30": "3.11180", "2005-03-31": "2.96240"}, "Return On Tangible Equity": {"2020-09-30": "2.01300", "2020-06-30": "-0.49600", "2020-03-31": "0.35140", "2019-12-31": "2.41190", "2019-09-30": "-0.88360", "2019-06-30": "2.17670", "2019-03-31": "1.72140", "2018-12-31": "3.17470", "2018-09-30": "3.68060", "2018-06-30": "2.86740", "2018-03-31": "2.51080", "2017-12-31": "5.10840", "2017-09-30": "2.97700", "2017-06-30": "2.99500", "2017-03-31": "3.42520", "2016-12-31": "1.54850", "2016-09-30": "3.32380", "2016-06-30": "2.38150", "2016-03-31": "1.70370", "2015-12-31": "2.49470", "2015-09-30": "1.87170", "2015-06-30": "2.76840", "2015-03-31": "2.15050", "2014-12-31": "2.58410", "2014-09-30": "3.33110", "2014-06-30": "3.02020", "2014-03-31": "2.69390", "2013-12-31": "3.13980", "2013-09-30": "3.03170", "2013-06-30": "2.87030", "2013-03-31": "1.89850", "2012-12-31": "2.52760", "2012-09-30": "3.08550", "2012-06-30": "2.69540", "2012-03-31": "2.22060", "2011-12-31": "-5.07940", "2011-09-30": "1.35290", "2011-06-30": "2.87690", "2011-03-31": "3.11790", "2010-12-31": "1.20570", "2010-09-30": "2.35290", "2010-06-30": "3.89910", "2010-03-31": "2.72580", "2009-12-31": "1.12810", "2009-09-30": "0.94630", "2009-06-30": "-0.12210", "2009-03-31": "-14.75250", "2008-12-31": "-12.70730", "2008-09-30": "2.36310", "2008-06-30": "1.73560", "2008-03-31": "4.21100", "2007-12-31": "1.55800", "2007-09-30": "4.34080", "2007-06-30": "5.05810", "2007-03-31": "5.16580", "2006-12-31": "4.47670", "2006-09-30": "4.82440", "2006-06-30": "5.05720", "2006-03-31": "5.32790", "2005-12-31": "4.33530", "2005-09-30": "5.64800", "2005-06-30": "4.81850", "2005-03-31": "4.76670"}, "ROA - Return On Assets": {"2020-09-30": "0.11440", "2020-06-30": "-0.02770", "2020-03-31": "0.01630", "2019-12-31": "0.12900", "2019-09-30": "-0.04950", "2019-06-30": "0.11260", "2019-03-31": "0.08020", "2018-12-31": "0.13380", "2018-09-30": "0.16130", "2018-06-30": "0.12880", "2018-03-31": "0.13140", "2017-12-31": "0.28930", "2017-09-30": "0.15100", "2017-06-30": "0.15130", "2017-03-31": "0.16260", "2016-12-31": "0.07220", "2016-09-30": "0.17520", "2016-06-30": "0.12360", "2016-03-31": "0.08250", "2015-12-31": "0.11230", "2015-09-30": "0.09100", "2015-06-30": "0.13480", "2015-03-31": "0.11610", "2014-12-31": "0.13730", "2014-09-30": "0.17670", "2014-06-30": "0.15980", "2014-03-31": "0.13600", "2013-12-31": "0.14810", "2013-09-30": "0.14660", "2013-06-30": "0.14190", "2013-03-31": "0.10650", "2012-12-31": "0.14670", "2012-09-30": "0.18570", "2012-06-30": "0.15210", "2012-03-31": "0.11730", "2011-12-31": "-0.27300", "2011-09-30": "0.08140", "2011-06-30": "0.15080", "2011-03-31": "0.15830", "2010-12-31": "0.06090", "2010-09-30": "0.13020", "2010-06-30": "0.13990", "2010-03-31": "0.14040", "2009-12-31": "0.05520", "2009-09-30": "0.04460", "2009-06-30": "-0.00420", "2009-03-31": "-0.37290", "2008-12-31": "-0.33350", "2008-09-30": "0.07440", "2008-06-30": "0.06080", "2008-03-31": "0.15810", "2007-12-31": "0.06160", "2007-09-30": "0.16800", "2007-06-30": "0.19720", "2007-03-31": "0.21400", "2006-12-31": "0.20220", "2006-09-30": "0.21200", "2006-06-30": "0.20850", "2006-03-31": "0.17210", "2005-12-31": "0.18020", "2005-09-30": "0.18750", "2005-06-30": "0.16650", "2005-03-31": "0.15380"}, "ROI - Return On Investment": {"2020-09-30": "1.40820", "2020-06-30": "-0.34220", "2020-03-31": "0.22300", "2019-12-31": "1.67730", "2019-09-30": "-0.61760", "2019-06-30": "1.50770", "2019-03-31": "1.14600", "2018-12-31": "1.97630", "2018-09-30": "2.34740", "2018-06-30": "1.83310", "2018-03-31": "1.69650", "2017-12-31": "3.66850", "2017-09-30": "1.97040", "2017-06-30": "1.96680", "2017-03-31": "2.16350", "2016-12-31": "0.95340", "2016-09-30": "2.14420", "2016-06-30": "1.52010", "2016-03-31": "1.03900", "2015-12-31": "1.47630", "2015-09-30": "1.13470", "2015-06-30": "1.70060", "2015-03-31": "1.37300", "2014-12-31": "1.65640", "2014-09-30": "2.12710", "2014-06-30": "1.93010", "2014-03-31": "1.65610", "2013-12-31": "1.86980", "2013-09-30": "1.79700", "2013-06-30": "1.72590", "2013-03-31": "1.21010", "2012-12-31": "1.57260", "2012-09-30": "1.92950", "2012-06-30": "1.61300", "2012-03-31": "1.29330", "2011-12-31": "-2.97430", "2011-09-30": "0.79440", "2011-06-30": "1.57390", "2011-03-31": "1.70100", "2010-12-31": "0.64820", "2010-09-30": "1.27170", "2010-06-30": "1.36190", "2010-03-31": "1.46320", "2009-12-31": "0.58510", "2009-09-30": "0.49260", "2009-06-30": "-0.05050", "2009-03-31": "-5.03090", "2008-12-31": "-4.28080", "2008-09-30": "0.91690", "2008-06-30": "0.76710", "2008-03-31": "1.86470", "2007-12-31": "0.72230", "2007-09-30": "1.97300", "2007-06-30": "2.32060", "2007-03-31": "2.40380", "2006-12-31": "2.30540", "2006-09-30": "2.30700", "2006-06-30": "2.30580", "2006-03-31": "2.88170", "2005-12-31": "2.91560", "2005-09-30": "3.00530", "2005-06-30": "2.57050", "2005-03-31": "2.41040"}, "Book Value Per Share": {"2020-09-30": "111.50550", "2020-06-30": "107.27720", "2020-03-31": "85.78840", "2019-12-31": "100.11240", "2019-09-30": "100.83850", "2019-06-30": "91.91840", "2019-03-31": "80.87710", "2018-12-31": "69.70660", "2018-09-30": "70.16580", "2018-06-30": "69.84550", "2018-03-31": "73.09270", "2017-12-31": "79.42590", "2017-09-30": "74.30820", "2017-06-30": "71.97720", "2017-03-31": "66.57980", "2016-12-31": "63.96710", "2016-09-30": "71.42640", "2016-06-30": "68.38930", "2016-03-31": "61.32930", "2015-12-31": "55.84490", "2015-09-30": "58.19410", "2015-06-30": "58.58070", "2015-03-31": "64.14050", "2014-12-31": "61.35230", "2014-09-30": "59.47970", "2014-06-30": "59.23740", "2014-03-31": "54.93740", "2013-12-31": "51.16830", "2013-09-30": "51.03640", "2013-06-30": "50.38290", "2013-03-31": "55.36060", "2012-12-31": "55.16890", "2012-09-30": "55.39240", "2012-06-30": "50.80080", "2012-03-31": "46.46270", "2011-12-31": "44.97130", "2011-09-30": "49.45650", "2011-06-30": "44.06190", "2011-03-31": "41.76010", "2010-12-31": "40.56140", "2010-09-30": "42.80610", "2010-06-30": "39.91010", "2010-03-31": "40.89040", "2009-12-31": "38.71310", "2009-09-30": "38.58660", "2009-06-30": "30.04040", "2009-03-31": "28.60030", "2008-12-31": "31.17600", "2008-09-30": "37.13230", "2008-06-30": "40.87980", "2008-03-31": "42.76910", "2007-12-31": "44.34720", "2007-09-30": "44.44600", "2007-06-30": "43.60420", "2007-03-31": "44.45000", "2006-12-31": "44.24610", "2006-09-30": "43.42320", "2006-06-30": "40.50620", "2006-03-31": "36.03510", "2005-12-31": "36.73860", "2005-09-30": "36.28030", "2005-06-30": "36.92060", "2005-03-31": "34.79290"}, "Operating Cash Flow Per Share": {"2020-09-30": -3.2654, "2020-06-30": 2.7044, "2020-03-31": "2.30650", "2019-12-31": 0.8843, "2019-09-30": -1.5479, "2019-06-30": -6.1641, "2019-03-31": "-6.46240", "2018-12-31": 4.1169, "2018-09-30": 1.881, "2018-06-30": 2.2221, "2018-03-31": "0.62980", "2017-12-31": 0.763, "2017-09-30": 1.8317, "2017-06-30": 0.4149, "2017-03-31": "0.47370", "2016-12-31": 2.4607, "2016-09-30": 0.6759, "2016-06-30": 1.0184, "2016-03-31": "1.21590", "2015-12-31": 2.9256, "2015-09-30": 3.5915, "2015-06-30": 1.1451, "2015-03-31": "1.13600", "2014-12-31": 5.3222, "2014-09-30": 2.7249, "2014-06-30": 0.413, "2014-03-31": "0.96650", "2013-12-31": 1.0624, "2013-09-30": 1.642, "2013-06-30": 1.1005, "2013-03-31": "-0.90100", "2012-12-31": 2.0728, "2012-09-30": 0.2222, "2012-06-30": 1.1645, "2012-03-31": "0.95300", "2011-12-31": 1.0578, "2011-09-30": 0.2491, "2011-06-30": 1.6914, "2011-03-31": "1.05310", "2010-12-31": 1.8756, "2010-09-30": 0.7378, "2010-06-30": 0.9644, "2010-03-31": "1.81040", "2009-12-31": 1.5, "2009-09-30": 0.077, "2009-06-30": 3.0378, "2009-03-31": "-1.33440", "2008-12-31": 1.706, "2008-09-30": 1.4105, "2008-06-30": 1.3642, "2008-03-31": "0.37300", "2007-12-31": -0.6794, "2007-09-30": 2.755, "2007-06-30": 3.3838, "2007-03-31": "1.67810", "2006-12-31": 5.0228, "2006-09-30": 3.6211, "2006-06-30": 1.4357, "2006-03-31": "1.82660", "2005-12-31": 1.9216, "2005-09-30": 1.9652, "2005-06-30": 1.8162, "2005-03-31": "1.15500"}, "Free Cash Flow Per Share": {"2020-09-30": -3.2654, "2020-06-30": 2.7044, "2020-03-31": "2.30650", "2019-12-31": 0.8843, "2019-09-30": -1.5479, "2019-06-30": -6.1641, "2019-03-31": "-6.46240", "2018-12-31": 4.1169, "2018-09-30": 1.881, "2018-06-30": 2.2221, "2018-03-31": "0.62980", "2017-12-31": 0.763, "2017-09-30": 1.8317, "2017-06-30": 0.4149, "2017-03-31": "0.47370", "2016-12-31": 2.4607, "2016-09-30": 0.6759, "2016-06-30": 1.0184, "2016-03-31": "1.21590", "2015-12-31": 2.9256, "2015-09-30": 3.5915, "2015-06-30": 1.1451, "2015-03-31": "1.13600", "2014-12-31": 5.3222, "2014-09-30": 2.7249, "2014-06-30": 0.413, "2014-03-31": "0.96650", "2013-12-31": 1.0624, "2013-09-30": 1.642, "2013-06-30": 1.1005, "2013-03-31": "-0.90100", "2012-12-31": 2.0728, "2012-09-30": 0.2222, "2012-06-30": 1.1645, "2012-03-31": "0.95300", "2011-12-31": 1.0578, "2011-09-30": 0.2491, "2011-06-30": 1.6914, "2011-03-31": "1.05310", "2010-12-31": 1.8756, "2010-09-30": 0.7378, "2010-06-30": 0.9644, "2010-03-31": "1.81040", "2009-12-31": 1.5, "2009-09-30": 0.077, "2009-06-30": 3.0378, "2009-03-31": "-1.33440", "2008-12-31": 1.706, "2008-09-30": 1.4105, "2008-06-30": 1.3642, "2008-03-31": "0.37300", "2007-12-31": -0.6794, "2007-09-30": 2.755, "2007-06-30": 3.3838, "2007-03-31": "1.67810", "2006-12-31": 5.0228, "2006-09-30": 3.6211, "2006-06-30": 1.4357, "2006-03-31": "1.82660", "2005-12-31": 1.9216, "2005-09-30": 1.9652, "2005-06-30": 1.8162, "2005-03-31": "1.15500"}}, "revenue": {"Lincoln National Annual Revenue (Millions of US $)": {"2020": "$17,439", "2019": "$17,258", "2018": "$16,424", "2017": "$14,257", "2016": "$13,330", "2015": "$13,572", "2014": "$13,554", "2013": "$11,969", "2012": "$11,535", "2011": "$10,641", "2010": "$10,415", "2009": "$8,499", "2008": "$9,224", "2007": "$9,614", "2006": "$8,879", "2005": "$5,475"}, "Lincoln National Quarterly Revenue (Millions of US $)": {"2020-12-31": "$4,135", "2020-09-30": "$5,361", "2020-06-30": "$3,517", "2020-03-31": "$4,425", "2019-12-31": "$4,345", "2019-09-30": "$4,638", "2019-06-30": "$4,310", "2019-03-31": "$3,965", "2018-12-31": "$4,531", "2018-09-30": "$4,264", "2018-06-30": "$4,020", "2018-03-31": "$3,609", "2017-12-31": "$3,669", "2017-09-30": "$3,511", "2017-06-30": "$3,577", "2017-03-31": "$3,500", "2016-12-31": "$3,255", "2016-09-30": "$3,525", "2016-06-30": "$3,307", "2016-03-31": "$3,243", "2015-12-31": "$3,171", "2015-09-30": "$3,716", "2015-06-30": "$3,381", "2015-03-31": "$3,304", "2014-12-31": "$3,685", "2014-09-30": "$3,411", "2014-06-30": "$3,282", "2014-03-31": "$3,176", "2013-12-31": "$3,122", "2013-09-30": "$3,009", "2013-06-30": "$2,999", "2013-03-31": "$2,839", "2012-12-31": "$2,973", "2012-09-30": "$2,954", "2012-06-30": "$2,898", "2012-03-31": "$2,710", "2011-12-31": "$2,569", "2011-09-30": "$2,547", "2011-06-30": "$2,807", "2011-03-31": "$2,718", "2010-12-31": "$2,670", "2010-09-30": "$2,613", "2010-06-30": "$2,605", "2010-03-31": "$2,527", "2009-12-31": "$2,402", "2009-09-30": "$2,082", "2009-06-30": "$1,883", "2009-03-31": "$2,132", "2008-12-31": "$1,867", "2008-09-30": "$2,270", "2008-06-30": "$2,493", "2008-03-31": "$2,594", "2007-12-31": "$1,714", "2007-09-30": "$2,601", "2007-06-30": "$2,671", "2007-03-31": "$2,628", "2006-12-31": "$2,474", "2006-09-30": "$2,487", "2006-06-30": "$2,496", "2006-03-31": "$1,422", "2005-12-31": "$1,392", "2005-09-30": "$1,395", "2005-06-30": "$1,375", "2005-03-31": "$1,313"}}, "gross-profit": {"Lincoln National Annual Gross Profit (Millions of US $)": {"2020": "$775", "2019": "$1,311", "2018": "$2,258", "2017": "$2,331", "2016": "$1,797", "2015": "$1,702", "2014": "$2,264", "2013": "$1,896", "2012": "$1,841", "2011": "$1,544", "2010": "$1,426", "2009": "$406", "2008": "$525", "2007": "$4,394", "2006": "$4,197", "2005": "$2,688"}, "Lincoln National Quarterly Gross Profit (Millions of US $)": {"2020-12-31": "$177", "2020-09-30": "$2,145", "2020-06-30": "$-63", "2020-03-31": "$114", "2019-12-31": "$-980", "2019-09-30": "$1,431", "2019-06-30": "$506", "2019-03-31": "$354", "2018-12-31": "$563", "2018-09-30": "$619", "2018-06-30": "$535", "2018-03-31": "$541", "2017-12-31": "$590", "2017-09-30": "$583", "2017-06-30": "$610", "2017-03-31": "$548", "2016-12-31": "$334", "2016-09-30": "$678", "2016-06-30": "$482", "2016-03-31": "$303", "2015-12-31": "$419", "2015-09-30": "$335", "2015-06-30": "$518", "2015-03-31": "$430", "2014-12-31": "$498", "2014-09-30": "$668", "2014-06-30": "$604", "2014-03-31": "$494", "2013-12-31": "$535", "2013-09-30": "$509", "2013-06-30": "$483", "2013-03-31": "$369", "2012-12-31": "$469", "2012-09-30": "$486", "2012-06-30": "$510", "2012-03-31": "$376", "2011-12-31": "$328", "2011-09-30": "$234", "2011-06-30": "$481", "2011-03-31": "$501", "2010-12-31": "$234", "2010-09-30": "$377", "2010-06-30": "$399", "2010-03-31": "$416", "2009-12-31": "$329", "2009-09-30": "$129", "2009-06-30": "$7", "2009-03-31": "$-59", "2008-12-31": "$-579", "2008-09-30": "$190", "2008-06-30": "$420", "2008-03-31": "$494", "2007-12-31": "$838", "2007-09-30": "$517", "2007-06-30": "$598", "2007-03-31": "$619", "2006-12-31": "$2,702", "2006-09-30": "$558", "2006-06-30": "$600", "2006-03-31": "$337", "2005-12-31": "$1,844", "2005-09-30": "$324", "2005-06-30": "$260", "2005-03-31": "$260"}}, "operating-income": {"Lincoln National Annual Operating Income (Millions of US $)": {"2020": "$707", "2019": "$1,245", "2018": "$2,182", "2017": "$1,383", "2016": "$1,789", "2015": "$1,702", "2014": "$2,264", "2013": "$1,896", "2012": "$1,841", "2011": "$797", "2010": "$1,426", "2009": "$-324", "2008": "$144", "2007": "$4,394", "2006": "$4,197", "2005": "$2,688"}, "Lincoln National Quarterly Operating Income (Millions of US $)": {"2020-12-31": "$154", "2020-09-30": "$2,125", "2020-06-30": "$-77", "2020-03-31": "$102", "2019-12-31": "$-1,000", "2019-09-30": "$1,415", "2019-06-30": "$491", "2019-03-31": "$339", "2018-12-31": "$536", "2018-09-30": "$601", "2018-06-30": "$519", "2018-03-31": "$526", "2017-12-31": "$-325", "2017-09-30": "$573", "2017-06-30": "$596", "2017-03-31": "$539", "2016-12-31": "$326", "2016-09-30": "$678", "2016-06-30": "$482", "2016-03-31": "$303", "2015-12-31": "$419", "2015-09-30": "$335", "2015-06-30": "$518", "2015-03-31": "$430", "2014-12-31": "$498", "2014-09-30": "$668", "2014-06-30": "$604", "2014-03-31": "$494", "2013-12-31": "$535", "2013-09-30": "$509", "2013-06-30": "$483", "2013-03-31": "$369", "2012-12-31": "$469", "2012-09-30": "$486", "2012-06-30": "$510", "2012-03-31": "$376", "2011-12-31": "$-419", "2011-09-30": "$234", "2011-06-30": "$481", "2011-03-31": "$501", "2010-12-31": "$234", "2010-09-30": "$377", "2010-06-30": "$399", "2010-03-31": "$416", "2009-12-31": "$201", "2009-09-30": "$130", "2009-06-30": "$8", "2009-03-31": "$-663", "2008-12-31": "$-785", "2008-09-30": "$190", "2008-06-30": "$245", "2008-03-31": "$494", "2007-12-31": "$2,660", "2007-09-30": "$517", "2007-06-30": "$598", "2007-03-31": "$619", "2006-12-31": "$2,702", "2006-09-30": "$558", "2006-06-30": "$600", "2006-03-31": "$337", "2005-12-31": "$1,844", "2005-09-30": "$324", "2005-06-30": "$260", "2005-03-31": "$260"}}, "ebitda": {"Lincoln National Annual EBITDA (Millions of US $)": {"2019": "$1,214", "2018": "$2,173", "2017": "$1,360", "2016": "$1,716", "2015": "$1,628", "2014": "$2,190", "2013": "$1,822", "2012": "$1,767", "2011": "$722", "2010": "$1,351", "2009": "$-400", "2008": "$68", "2007": "$4,310", "2006": "$4,121", "2005": "$2,689"}, "Lincoln National Quarterly EBITDA (Millions of US $)": {"2020-09-30": "$2,115", "2020-06-30": "$-88", "2020-03-31": "$91", "2019-12-31": "$-1,008", "2019-09-30": "$1,407", "2019-06-30": "$484", "2019-03-31": "$331", "2018-12-31": "$528", "2018-09-30": "$601", "2018-06-30": "$519", "2018-03-31": "$526", "2017-12-31": "$-326", "2017-09-30": "$573", "2017-06-30": "$592", "2017-03-31": "$521", "2016-12-31": "$308", "2016-09-30": "$660", "2016-06-30": "$463", "2016-03-31": "$285", "2015-12-31": "$400", "2015-09-30": "$317", "2015-06-30": "$499", "2015-03-31": "$412", "2014-12-31": "$479", "2014-09-30": "$650", "2014-06-30": "$586", "2014-03-31": "$475", "2013-12-31": "$517", "2013-09-30": "$490", "2013-06-30": "$465", "2013-03-31": "$350", "2012-12-31": "$451", "2012-09-30": "$467", "2012-06-30": "$492", "2012-03-31": "$357", "2011-12-31": "$-438", "2011-09-30": "$215", "2011-06-30": "$463", "2011-03-31": "$482", "2010-12-31": "$215", "2010-09-30": "$359", "2010-06-30": "$380", "2010-03-31": "$397", "2009-12-31": "$181", "2009-09-30": "$111", "2009-06-30": "$-10", "2009-03-31": "$-682", "2008-12-31": "$-804", "2008-09-30": "$171", "2008-06-30": "$226", "2008-03-31": "$475", "2007-12-31": "$2,641", "2007-09-30": "$482", "2007-06-30": "$574", "2007-03-31": "$613", "2006-12-31": "$2,639", "2006-09-30": "$553", "2006-06-30": "$597", "2006-03-31": "$332", "2005-12-31": "$1,843", "2005-09-30": "$318", "2005-06-30": "$254", "2005-03-31": "$274"}}, "net-income": {"Lincoln National Annual Net Income (Millions of US $)": {"2020": "$499", "2019": "$886", "2018": "$1,641", "2017": "$2,079", "2016": "$1,192", "2015": "$1,154", "2014": "$1,515", "2013": "$1,244", "2012": "$1,313", "2011": "$221", "2010": "$735", "2009": "$-520", "2008": "$57", "2007": "$1,215", "2006": "$1,316", "2005": "$831"}, "Lincoln National Quarterly Net Income (Millions of US $)": {"2020-12-31": "$143", "2020-09-30": "$398", "2020-06-30": "$-94", "2020-03-31": "$52", "2019-12-31": "$432", "2019-09-30": "$-161", "2019-06-30": "$363", "2019-03-31": "$252", "2018-12-31": "$399", "2018-09-30": "$490", "2018-06-30": "$385", "2018-03-31": "$367", "2017-12-31": "$815", "2017-09-30": "$418", "2017-06-30": "$411", "2017-03-31": "$435", "2016-12-31": "$189", "2016-09-30": "$467", "2016-06-30": "$325", "2016-03-31": "$211", "2015-12-31": "$283", "2015-09-30": "$227", "2015-06-30": "$344", "2015-03-31": "$300", "2014-12-31": "$349", "2014-09-30": "$439", "2014-06-30": "$398", "2014-03-31": "$329", "2013-12-31": "$351", "2013-09-30": "$337", "2013-06-30": "$317", "2013-03-31": "$239", "2012-12-31": "$321", "2012-09-30": "$428", "2012-06-30": "$321", "2012-03-31": "$243", "2011-12-31": "$-550", "2011-09-30": "$153", "2011-06-30": "$304", "2011-03-31": "$314", "2010-12-31": "$118", "2010-09-30": "$246", "2010-06-30": "$106", "2010-03-31": "$265", "2009-12-31": "$83", "2009-09-30": "$137", "2009-06-30": "$-161", "2009-03-31": "$-579", "2008-12-31": "$-505", "2008-09-30": "$148", "2008-06-30": "$125", "2008-03-31": "$289", "2007-12-31": "$113", "2007-09-30": "$330", "2007-06-30": "$376", "2007-03-31": "$396", "2006-12-31": "$382", "2006-09-30": "$364", "2006-06-30": "$349", "2006-03-31": "$221", "2005-12-31": "$225", "2005-09-30": "$229", "2005-06-30": "$198", "2005-03-31": "$179"}}, "eps-earnings-per-share-diluted": {"Lincoln National Annual EPS": {"2020": "$2.56", "2019": "$4.38", "2018": "$7.40", "2017": "$9.22", "2016": "$5.03", "2015": "$4.51", "2014": "$5.67", "2013": "$4.52", "2012": "$4.56", "2011": "$0.69", "2010": "$2.30", "2009": "$-1.85", "2008": "$0.22", "2007": "$4.43", "2006": "$5.13", "2005": "$4.72"}, "Lincoln National Quarterly EPS": {"2020-12-31": "$0.74", "2020-09-30": "$2.01", "2020-06-30": "$-0.49", "2020-03-31": "$0.15", "2019-12-31": "$2.20", "2019-09-30": "$-0.83", "2019-06-30": "$1.79", "2019-03-31": "$1.22", "2018-12-31": "$1.82", "2018-09-30": "$2.24", "2018-06-30": "$1.70", "2018-03-31": "$1.64", "2017-12-31": "$3.65", "2017-09-30": "$1.87", "2017-06-30": "$1.81", "2017-03-31": "$1.89", "2016-12-31": "$0.85", "2016-09-30": "$2.00", "2016-06-30": "$1.35", "2016-03-31": "$0.83", "2015-12-31": "$1.14", "2015-09-30": "$0.87", "2015-06-30": "$1.35", "2015-03-31": "$1.15", "2014-12-31": "$1.33", "2014-09-30": "$1.65", "2014-06-30": "$1.48", "2014-03-31": "$1.21", "2013-12-31": "$1.28", "2013-09-30": "$1.23", "2013-06-30": "$1.15", "2013-03-31": "$0.86", "2012-12-31": "$1.14", "2012-09-30": "$1.51", "2012-06-30": "$1.09", "2012-03-31": "$0.82", "2011-12-31": "$-1.70", "2011-09-30": "$0.47", "2011-06-30": "$0.95", "2011-03-31": "$0.97", "2010-12-31": "$0.37", "2010-09-30": "$0.75", "2010-06-30": "$0.33", "2010-03-31": "$0.85", "2009-12-31": "$0.60", "2009-09-30": "$0.44", "2009-06-30": "$-0.62", "2009-03-31": "$-2.27", "2008-12-31": "$-1.94", "2008-09-30": "$0.58", "2008-06-30": "$0.48", "2008-03-31": "$1.10", "2007-12-31": "$0.43", "2007-09-30": "$1.21", "2007-06-30": "$1.37", "2007-03-31": "$1.42", "2006-12-31": "$1.37", "2006-09-30": "$1.29", "2006-06-30": "$1.23", "2006-03-31": "$1.24", "2005-12-31": "$1.28", "2005-09-30": "$1.30", "2005-06-30": "$1.13", "2005-03-31": "$1.01"}}, "shares-outstanding": {"Lincoln National Annual Shares Outstanding (Millions of Shares)": {"2020": "202", "2019": "202", "2018": "220", "2017": "226", "2016": "237", "2015": "255", "2014": "268", "2013": "275", "2012": "288", "2011": "315", "2010": "319", "2009": "286", "2008": "259", "2007": "274", "2006": "256", "2005": "176"}, "Lincoln National Quarterly Shares Outstanding (Millions of Shares)": {"2020-12-31": "194", "2020-09-30": "195", "2020-06-30": "194", "2020-03-31": "197", "2019-12-31": "202", "2019-09-30": "202", "2019-06-30": "203", "2019-03-31": "206", "2018-12-31": "220", "2018-09-30": "218", "2018-06-30": "222", "2018-03-31": "222", "2017-12-31": "226", "2017-09-30": "224", "2017-06-30": "227", "2017-03-31": "230", "2016-12-31": "237", "2016-09-30": "234", "2016-06-30": "240", "2016-03-31": "245", "2015-12-31": "255", "2015-09-30": "253", "2015-06-30": "255", "2015-03-31": "261", "2014-12-31": "268", "2014-09-30": "267", "2014-06-30": "269", "2014-03-31": "272", "2013-12-31": "275", "2013-09-30": "274", "2013-06-30": "276", "2013-03-31": "279", "2012-12-31": "288", "2012-09-30": "285", "2012-06-30": "290", "2012-03-31": "296", "2011-12-31": "315", "2011-09-30": "312", "2011-06-30": "320", "2011-03-31": "323", "2010-12-31": "319", "2010-09-30": "326", "2010-06-30": "315", "2010-03-31": "312", "2009-12-31": "286", "2009-09-30": "310", "2009-06-30": "262", "2009-03-31": "258", "2008-12-31": "259", "2008-09-30": "258", "2008-06-30": "260", "2008-03-31": "263", "2007-12-31": "274", "2007-09-30": "272", "2007-06-30": "274", "2007-03-31": "279", "2006-12-31": "256", "2006-09-30": "282", "2006-06-30": "283", "2006-03-31": "178", "2005-12-31": "176", "2005-09-30": "176", "2005-06-30": "175", "2005-03-31": "177"}}, "total-assets": {"Lincoln National Annual Total Assets (Millions of US $)": {"2019": "$334,761", "2018": "$298,147", "2017": "$281,763", "2016": "$261,627", "2015": "$251,908", "2014": "$253,377", "2013": "$236,945", "2012": "$218,869", "2011": "$201,491", "2010": "$193,824", "2009": "$177,433", "2008": "$163,136", "2007": "$191,435", "2006": "$178,495", "2005": "$124,860"}, "Lincoln National Quarterly Total Assets (Millions of US $)": {"2020-09-30": "$347,804", "2020-06-30": "$339,659", "2020-03-31": "$318,649", "2019-12-31": "$334,761", "2019-09-30": "$325,278", "2019-06-30": "$322,259", "2019-03-31": "$314,299", "2018-12-31": "$298,147", "2018-09-30": "$303,850", "2018-06-30": "$298,832", "2018-03-31": "$279,237", "2017-12-31": "$281,763", "2017-09-30": "$276,785", "2017-06-30": "$271,651", "2017-03-31": "$267,468", "2016-12-31": "$261,627", "2016-09-30": "$266,605", "2016-06-30": "$263,028", "2016-03-31": "$255,718", "2015-12-31": "$251,908", "2015-09-30": "$249,532", "2015-06-30": "$255,214", "2015-03-31": "$258,485", "2014-12-31": "$253,377", "2014-09-30": "$248,446", "2014-06-30": "$249,125", "2014-03-31": "$241,949", "2013-12-31": "$236,945", "2013-09-30": "$229,924", "2013-06-30": "$223,321", "2013-03-31": "$224,341", "2012-12-31": "$218,869", "2012-09-30": "$215,458", "2012-06-30": "$211,110", "2012-03-31": "$208,018", "2011-12-31": "$201,491", "2011-09-30": "$197,747", "2011-06-30": "$201,554", "2011-03-31": "$198,317", "2010-12-31": "$193,824", "2010-09-30": "$190,490", "2010-06-30": "$180,129", "2010-03-31": "$181,621", "2009-12-31": "$177,433", "2009-09-30": "$181,490", "2009-06-30": "$167,045", "2009-03-31": "$157,427", "2008-12-31": "$163,136", "2008-09-30": "$173,271", "2008-06-30": "$184,281", "2008-03-31": "$185,349", "2007-12-31": "$191,435", "2007-09-30": "$192,217", "2007-06-30": "$187,650", "2007-03-31": "$181,326", "2006-12-31": "$178,495", "2006-09-30": "$171,726", "2006-06-30": "$167,380", "2006-03-31": "$128,394", "2005-12-31": "$124,860", "2005-09-30": "$122,105", "2005-06-30": "$118,953", "2005-03-31": "$116,352"}}, "cash-on-hand": {"Lincoln National Annual Cash on Hand (Millions of US $)": {"2019": "$2,563", "2018": "$2,345", "2017": "$1,628", "2016": "$2,722", "2015": "$3,146", "2014": "$3,919", "2013": "$2,364", "2012": "$4,230", "2011": "$4,510", "2010": "$2,741", "2009": "$4,025", "2008": "$5,588", "2007": "$1,665", "2006": "$1,622", "2005": "$2,312"}, "Lincoln National Quarterly Cash on Hand (Millions of US $)": {"2020-09-30": "$2,595", "2020-06-30": "$4,201", "2020-03-31": "$6,202", "2019-12-31": "$2,563", "2019-09-30": "$2,939", "2019-06-30": "$3,314", "2019-03-31": "$1,593", "2018-12-31": "$2,345", "2018-09-30": "$1,460", "2018-06-30": "$1,775", "2018-03-31": "$2,257", "2017-12-31": "$1,628", "2017-09-30": "$1,965", "2017-06-30": "$1,978", "2017-03-31": "$1,923", "2016-12-31": "$2,722", "2016-09-30": "$3,444", "2016-06-30": "$4,113", "2016-03-31": "$3,177", "2015-12-31": "$3,146", "2015-09-30": "$3,772", "2015-06-30": "$2,327", "2015-03-31": "$3,487", "2014-12-31": "$3,919", "2014-09-30": "$1,821", "2014-06-30": "$1,509", "2014-03-31": "$1,849", "2013-12-31": "$2,364", "2013-09-30": "$2,650", "2013-06-30": "$2,574", "2013-03-31": "$3,107", "2012-12-31": "$4,230", "2012-09-30": "$4,373", "2012-06-30": "$5,257", "2012-03-31": "$3,516", "2011-12-31": "$4,510", "2011-09-30": "$4,833", "2011-06-30": "$2,912", "2011-03-31": "$2,216", "2010-12-31": "$2,741", "2010-09-30": "$3,547", "2010-06-30": "$3,700", "2010-03-31": "$3,445", "2009-12-31": "$4,025", "2009-09-30": "$3,161", "2009-06-30": "$2,539", "2009-03-31": "$5,613", "2008-12-31": "$5,588", "2008-09-30": "$2,160", "2008-06-30": "$1,921", "2008-03-31": "$2,447", "2007-12-31": "$1,665", "2007-09-30": "$1,326", "2007-06-30": "$989", "2007-03-31": "$900", "2006-12-31": "$1,622", "2006-09-30": "$1,108", "2006-06-30": "$1,500", "2006-03-31": "$1,974", "2005-12-31": "$2,312", "2005-09-30": "$1,602", "2005-06-30": "$1,659", "2005-03-31": "$1,499"}}, "long-term-debt": {"Lincoln National Annual Long Term Debt (Millions of US $)": {"2019": "$6,067", "2018": "$5,839", "2017": "$4,894", "2016": "$5,345", "2015": "$5,553", "2014": "$5,270", "2013": "$5,320", "2012": "$5,439", "2011": "$5,391", "2010": "$5,399", "2009": "$5,050", "2008": "$4,731", "2007": "$4,618", "2006": "$3,458", "2005": "$1,333"}, "Lincoln National Quarterly Long Term Debt (Millions of US $)": {"2020-09-30": "$6,714", "2020-06-30": "$6,736", "2020-03-31": "$6,748", "2019-12-31": "$6,067", "2019-09-30": "$6,070", "2019-06-30": "$5,621", "2019-03-31": "$5,572", "2018-12-31": "$5,839", "2018-09-30": "$5,804", "2018-06-30": "$5,826", "2018-03-31": "$5,648", "2017-12-31": "$4,894", "2017-09-30": "$4,900", "2017-06-30": "$4,901", "2017-03-31": "$5,133", "2016-12-31": "$5,345", "2016-09-30": "$5,457", "2016-06-30": "$5,460", "2016-03-31": "$5,650", "2015-12-31": "$5,553", "2015-09-30": "$5,604", "2015-06-30": "$5,529", "2015-03-31": "$5,627", "2014-12-31": "$5,270", "2014-09-30": "$5,186", "2014-06-30": "$5,170", "2014-03-31": "$5,380", "2013-12-31": "$5,320", "2013-09-30": "$5,365", "2013-06-30": "$5,050", "2013-03-31": "$4,889", "2012-12-31": "$5,439", "2012-09-30": "$5,494", "2012-06-30": "$5,719", "2012-03-31": "$5,606", "2011-12-31": "$5,391", "2011-09-30": "$5,348", "2011-06-30": "$5,729", "2011-03-31": "$5,370", "2010-12-31": "$5,399", "2010-09-30": "$5,943", "2010-06-30": "$5,865", "2010-03-31": "$5,060", "2009-12-31": "$5,050", "2009-09-30": "$4,789", "2009-06-30": "$4,775", "2009-03-31": "$4,345", "2008-12-31": "$4,731", "2008-09-30": "$4,569", "2008-06-30": "$4,102", "2008-03-31": "$4,627", "2007-12-31": "$4,618", "2007-09-30": "$4,408", "2007-06-30": "$4,108", "2007-03-31": "$4,109", "2006-12-31": "$3,458", "2006-09-30": "$3,735", "2006-06-30": "$3,732", "2006-03-31": "$1,331", "2005-12-31": "$1,333", "2005-09-30": "$1,335", "2005-06-30": "$1,339", "2005-03-31": "$1,383"}}, "total-liabilities": {"Lincoln National Annual Total Liabilities (Millions of US $)": {"2019": "$315,072", "2018": "$283,797", "2017": "$264,441", "2016": "$247,149", "2015": "$238,291", "2014": "$237,637", "2013": "$223,493", "2012": "$203,896", "2011": "$188,390", "2010": "$181,018", "2009": "$165,733", "2008": "$155,159", "2007": "$179,717", "2006": "$166,294", "2005": "$118,476"}, "Lincoln National Quarterly Total Liabilities (Millions of US $)": {"2020-09-30": "$326,255", "2020-06-30": "$318,928", "2020-03-31": "$302,074", "2019-12-31": "$315,072", "2019-09-30": "$305,279", "2019-06-30": "$303,804", "2019-03-31": "$297,882", "2018-12-31": "$283,797", "2018-09-30": "$288,780", "2018-06-30": "$283,655", "2018-03-31": "$263,252", "2017-12-31": "$264,441", "2017-09-30": "$260,471", "2017-06-30": "$255,655", "2017-03-31": "$252,495", "2016-12-31": "$247,149", "2016-09-30": "$250,282", "2016-06-30": "$247,108", "2016-03-31": "$241,060", "2015-12-31": "$238,291", "2015-09-30": "$235,131", "2015-06-30": "$240,515", "2015-03-31": "$242,262", "2014-12-31": "$237,637", "2014-09-30": "$232,994", "2014-06-30": "$233,674", "2014-03-31": "$227,463", "2013-12-31": "$223,493", "2013-09-30": "$216,535", "2013-06-30": "$210,004", "2013-03-31": "$209,479", "2012-12-31": "$203,896", "2012-09-30": "$200,221", "2012-06-30": "$196,928", "2012-03-31": "$194,757", "2011-12-31": "$188,390", "2011-09-30": "$182,828", "2011-06-30": "$187,968", "2011-03-31": "$185,227", "2010-12-31": "$181,018", "2010-09-30": "$176,931", "2010-06-30": "$167,491", "2010-03-31": "$169,253", "2009-12-31": "$165,733", "2009-09-30": "$169,834", "2009-06-30": "$157,970", "2009-03-31": "$150,104", "2008-12-31": "$155,159", "2008-09-30": "$163,771", "2008-06-30": "$173,783", "2008-03-31": "$174,263", "2007-12-31": "$179,717", "2007-09-30": "$180,254", "2007-06-30": "$175,814", "2007-03-31": "$169,294", "2006-12-31": "$166,294", "2006-09-30": "$159,683", "2006-06-30": "$155,976", "2006-03-31": "$122,056", "2005-12-31": "$118,476", "2005-09-30": "$115,820", "2005-06-30": "$112,590", "2005-03-31": "$110,309"}}, "total-share-holder-equity": {"Lincoln National Annual Share Holder Equity (Millions of US $)": {"2019": "$19,689", "2018": "$14,350", "2017": "$17,322", "2016": "$14,478", "2015": "$13,617", "2014": "$15,740", "2013": "$13,452", "2012": "$14,973", "2011": "$13,101", "2010": "$12,806", "2009": "$11,700", "2008": "$7,977", "2007": "$11,718", "2006": "$12,201", "2005": "$6,384"}, "Lincoln National Quarterly Share Holder Equity (Millions of US $)": {"2020-09-30": "$21,549", "2020-06-30": "$20,731", "2020-03-31": "$16,575", "2019-12-31": "$19,689", "2019-09-30": "$19,999", "2019-06-30": "$18,455", "2019-03-31": "$16,417", "2018-12-31": "$14,350", "2018-09-30": "$15,070", "2018-06-30": "$15,177", "2018-03-31": "$15,985", "2017-12-31": "$17,322", "2017-09-30": "$16,314", "2017-06-30": "$15,996", "2017-03-31": "$14,973", "2016-12-31": "$14,478", "2016-09-30": "$16,323", "2016-06-30": "$15,920", "2016-03-31": "$14,658", "2015-12-31": "$13,617", "2015-09-30": "$14,401", "2015-06-30": "$14,699", "2015-03-31": "$16,223", "2014-12-31": "$15,740", "2014-09-30": "$15,452", "2014-06-30": "$15,451", "2014-03-31": "$14,486", "2013-12-31": "$13,452", "2013-09-30": "$13,389", "2013-06-30": "$13,317", "2013-03-31": "$14,862", "2012-12-31": "$14,973", "2012-09-30": "$15,237", "2012-06-30": "$14,182", "2012-03-31": "$13,261", "2011-12-31": "$13,101", "2011-09-30": "$14,919", "2011-06-30": "$13,586", "2011-03-31": "$13,090", "2010-12-31": "$12,806", "2010-09-30": "$13,559", "2010-06-30": "$12,638", "2010-03-31": "$12,368", "2009-12-31": "$11,700", "2009-09-30": "$11,656", "2009-06-30": "$9,075", "2009-03-31": "$7,323", "2008-12-31": "$7,977", "2008-09-30": "$9,500", "2008-06-30": "$10,498", "2008-03-31": "$11,086", "2007-12-31": "$11,718", "2007-09-30": "$11,963", "2007-06-30": "$11,836", "2007-03-31": "$12,032", "2006-12-31": "$12,201", "2006-09-30": "$12,043", "2006-06-30": "$11,404", "2006-03-31": "$6,338", "2005-12-31": "$6,384", "2005-09-30": "$6,284", "2005-06-30": "$6,363", "2005-03-31": "$6,043"}}, "profit-margins": {"current": "2.69%"}, "gross margin": {"2020-12-31": "13.61%", "2020-09-30": "6.89%", "2020-06-30": "2.97%", "2020-03-31": "6.04%", "2019-12-31": "7.60%", "2019-09-30": "16.36%", "2019-06-30": "11.96%", "2019-03-31": "12.34%", "2018-12-31": "13.75%", "2018-09-30": "14.68%", "2018-06-30": "15.19%", "2018-03-31": "16.18%", "2017-12-31": "16.35%", "2017-09-30": "14.99%", "2017-06-30": "15.66%", "2017-03-31": "15.03%", "2016-12-31": "13.48%", "2016-09-30": "14.21%", "2016-06-30": "11.45%", "2016-03-31": "11.66%", "2015-12-31": "12.54%", "2015-09-30": "12.64%", "2015-06-30": "15.34%", "2015-03-31": "16.08%", "2014-12-31": "16.70%", "2014-09-30": "17.71%", "2014-06-30": "17.01%", "2014-03-31": "16.42%", "2013-12-31": "15.84%", "2013-09-30": "15.48%", "2013-06-30": "15.36%", "2013-03-31": "15.72%", "2012-12-31": "15.96%", "2012-09-30": "15.27%", "2012-06-30": "13.50%", "2012-03-31": "13.35%", "2011-12-31": "14.51%", "2011-09-30": "13.50%", "2011-06-30": "14.74%", "2011-03-31": "14.25%", "2010-12-31": "13.69%", "2010-09-30": "14.99%", "2010-06-30": "13.24%", "2010-03-31": "9.91%", "2009-12-31": "4.78%", "2009-09-30": "-6.30%", "2009-06-30": "-5.41%", "2009-03-31": "-0.32%", "2008-12-31": "5.69%", "2008-09-30": "21.41%", "2008-06-30": "24.13%", "2008-03-31": "25.54%", "2007-12-31": "26.75%", "2007-09-30": "42.76%", "2007-06-30": "43.64%", "2007-03-31": "44.41%", "2006-12-31": "47.27%", "2006-09-30": "42.82%", "2006-06-30": "46.31%", "2006-03-31": "49.52%", "2005-12-31": "49.10%"}, "operating margin": {"2020-12-31": "13.21%", "2020-09-30": "6.52%", "2020-06-30": "2.60%", "2020-03-31": "5.69%", "2019-12-31": "7.21%", "2019-09-30": "15.94%", "2019-06-30": "11.52%", "2019-03-31": "11.89%", "2018-12-31": "13.29%", "2018-09-30": "8.49%", "2018-06-30": "8.73%", "2018-03-31": "9.54%", "2017-12-31": "9.70%", "2017-09-30": "14.69%", "2017-06-30": "15.44%", "2017-03-31": "14.90%", "2016-12-31": "13.42%", "2016-09-30": "14.21%", "2016-06-30": "11.45%", "2016-03-31": "11.66%", "2015-12-31": "12.54%", "2015-09-30": "12.64%", "2015-06-30": "15.34%", "2015-03-31": "16.08%", "2014-12-31": "16.70%", "2014-09-30": "17.71%", "2014-06-30": "17.01%", "2014-03-31": "16.42%", "2013-12-31": "15.84%", "2013-09-30": "15.48%", "2013-06-30": "15.36%", "2013-03-31": "15.72%", "2012-12-31": "15.96%", "2012-09-30": "8.56%", "2012-06-30": "6.54%", "2012-03-31": "6.32%", "2011-12-31": "7.49%", "2011-09-30": "13.50%", "2011-06-30": "14.74%", "2011-03-31": "14.25%", "2010-12-31": "13.69%", "2010-09-30": "13.73%", "2010-06-30": "11.92%", "2010-03-31": "8.49%", "2009-12-31": "-3.81%", "2009-09-30": "-16.45%", "2009-06-30": "-15.33%", "2009-03-31": "-11.56%", "2008-12-31": "1.56%", "2008-09-30": "39.57%", "2008-06-30": "41.65%", "2008-03-31": "44.56%", "2007-12-31": "45.70%", "2007-09-30": "42.76%", "2007-06-30": "43.64%", "2007-03-31": "44.41%", "2006-12-31": "47.27%", "2006-09-30": "42.82%", "2006-06-30": "46.31%", "2006-03-31": "49.52%", "2005-12-31": "49.10%"}, "ebitda margin": {"2020-09-30": "6.29%", "2020-06-30": "2.38%", "2020-03-31": "5.50%", "2019-12-31": "7.03%", "2019-09-30": "15.76%", "2019-06-30": "11.39%", "2019-03-31": "11.79%", "2018-12-31": "13.24%", "2018-09-30": "8.48%", "2018-06-30": "8.72%", "2018-03-31": "9.50%", "2017-12-31": "9.54%", "2017-09-30": "14.40%", "2017-06-30": "15.02%", "2017-03-31": "14.37%", "2016-12-31": "12.87%", "2016-09-30": "13.65%", "2016-06-30": "10.90%", "2016-03-31": "11.11%", "2015-12-31": "12.00%", "2015-09-30": "12.12%", "2015-06-30": "14.80%", "2015-03-31": "15.55%", "2014-12-31": "16.16%", "2014-09-30": "17.15%", "2014-06-30": "16.43%", "2014-03-31": "15.82%", "2013-12-31": "15.22%", "2013-09-30": "14.86%", "2013-06-30": "14.73%", "2013-03-31": "15.09%", "2012-12-31": "15.32%", "2012-09-30": "7.89%", "2012-06-30": "5.84%", "2012-03-31": "5.61%", "2011-12-31": "6.79%", "2011-09-30": "12.80%", "2011-06-30": "14.05%", "2011-03-31": "13.54%", "2010-12-31": "12.97%", "2010-09-30": "12.98%", "2010-06-30": "11.12%", "2010-03-31": "7.63%", "2009-12-31": "-4.71%", "2009-09-30": "-17.39%", "2009-06-30": "-16.25%", "2009-03-31": "-12.43%", "2008-12-31": "0.74%", "2008-09-30": "38.73%", "2008-06-30": "40.67%", "2008-03-31": "43.55%", "2007-12-31": "44.83%", "2007-09-30": "41.53%", "2007-06-30": "42.68%", "2007-03-31": "43.65%", "2006-12-31": "46.41%", "2006-09-30": "42.64%", "2006-06-30": "46.09%", "2006-03-31": "49.19%", "2005-12-31": "49.11%"}, "pre tax profit margin": {"2020-12-31": "2.42%", "2020-09-30": "4.61%", "2020-06-30": "0.61%", "2020-03-31": "3.87%", "2019-12-31": "5.33%", "2019-09-30": "5.19%", "2019-06-30": "9.89%", "2019-03-31": "10.24%", "2018-12-31": "11.48%", "2018-09-30": "6.62%", "2018-06-30": "6.81%", "2018-03-31": "7.59%", "2017-12-31": "7.93%", "2017-09-30": "12.39%", "2017-06-30": "13.11%", "2017-03-31": "12.50%", "2016-12-31": "10.94%", "2016-09-30": "12.17%", "2016-06-30": "9.44%", "2016-03-31": "9.64%", "2015-12-31": "10.54%", "2015-09-30": "10.73%", "2015-06-30": "13.38%", "2015-03-31": "14.12%", "2014-12-31": "14.73%", "2014-09-30": "15.63%", "2014-06-30": "14.87%", "2014-03-31": "14.25%", "2013-12-31": "13.63%", "2013-09-30": "13.24%", "2013-06-30": "13.10%", "2013-03-31": "13.42%", "2012-12-31": "13.59%", "2012-09-30": "6.09%", "2012-06-30": "3.87%", "2012-03-31": "3.59%", "2011-12-31": "4.73%", "2011-09-30": "10.68%", "2011-06-30": "11.98%", "2011-03-31": "11.47%", "2010-12-31": "10.90%", "2010-09-30": "10.98%", "2010-06-30": "9.08%", "2010-03-31": "5.51%", "2009-12-31": "-6.13%", "2009-09-30": "-18.96%", "2009-06-30": "-17.80%", "2009-03-31": "-13.90%", "2008-12-31": "-1.49%", "2008-09-30": "9.51%", "2008-06-30": "12.66%", "2008-03-31": "16.02%", "2007-12-31": "17.42%", "2007-09-30": "19.56%", "2007-06-30": "19.89%", "2007-03-31": "20.04%", "2006-12-31": "20.02%", "2006-09-30": "20.21%", "2006-06-30": "21.16%", "2006-03-31": "20.63%", "2005-12-31": "19.63%"}, "net profit margin": {"2020-12-31": "2.86%", "2020-09-30": "4.47%", "2020-06-30": "1.35%", "2020-03-31": "3.87%", "2019-12-31": "5.13%", "2019-09-30": "4.89%", "2019-06-30": "8.81%", "2019-03-31": "9.09%", "2018-12-31": "9.99%", "2018-09-30": "13.22%", "2018-06-30": "13.40%", "2018-03-31": "14.00%", "2017-12-31": "14.58%", "2017-09-30": "10.50%", "2017-06-30": "10.84%", "2017-03-31": "10.42%", "2016-12-31": "8.94%", "2016-09-30": "9.71%", "2016-06-30": "7.78%", "2016-03-31": "7.88%", "2015-12-31": "8.50%", "2015-09-30": "8.66%", "2015-06-30": "10.39%", "2015-03-31": "10.86%", "2014-12-31": "11.18%", "2014-09-30": "11.68%", "2014-06-30": "11.24%", "2014-03-31": "10.84%", "2013-12-31": "10.39%", "2013-09-30": "10.27%", "2013-06-30": "11.09%", "2013-03-31": "11.22%", "2012-12-31": "11.38%", "2012-09-30": "3.97%", "2012-06-30": "1.56%", "2012-03-31": "1.41%", "2011-12-31": "2.08%", "2011-09-30": "8.28%", "2011-06-30": "9.09%", "2011-03-31": "7.39%", "2010-12-31": "7.06%", "2010-09-30": "6.90%", "2010-06-30": "6.15%", "2010-03-31": "3.64%", "2009-12-31": "-6.12%", "2009-09-30": "-13.91%", "2009-06-30": "-13.46%", "2009-03-31": "-9.26%", "2008-12-31": "0.62%", "2008-09-30": "7.44%", "2008-06-30": "9.12%", "2008-03-31": "11.57%", "2007-12-31": "12.64%", "2007-09-30": "14.30%", "2007-06-30": "14.80%", "2007-03-31": "14.78%", "2006-12-31": "14.82%", "2006-09-30": "14.86%", "2006-06-30": "15.27%", "2006-03-31": "15.63%", "2005-12-31": "15.18%"}, "pe ratio": {"current": "12.03", "2021-02-11": "31.02", "2020-12-31": "29.88", "2020-09-30": "8.04", "2020-06-30": "36.38", "2020-03-31": "7.73", "2019-12-31": "12.97", "2019-09-30": "14.32", "2019-06-30": "8.59", "2019-03-31": "7.88", "2018-12-31": "6.45", "2018-09-30": "6.75", "2018-06-30": "6.44", "2018-03-31": "7.43", "2017-12-31": "7.58", "2017-09-30": "10.43", "2017-06-30": "9.36", "2017-03-31": "9.72", "2016-12-31": "11.89", "2016-09-30": "7.88", "2016-06-30": "8.21", "2016-03-31": "8.25", "2015-12-31": "9.75", "2015-09-30": "8.81", "2015-06-30": "9.40", "2015-03-31": "8.87", "2014-12-31": "8.78", "2014-09-30": "8.18", "2014-06-30": "8.46", "2014-03-31": "8.86", "2013-12-31": "9.70", "2013-09-30": "8.13", "2013-06-30": "6.77", "2013-03-31": "6.09", "2012-12-31": "4.85", "2012-09-30": "12.56", "2012-06-30": "28.47", "2012-03-31": "39.80", "2011-12-31": "20.86", "2011-09-30": "4.16", "2011-06-30": "6.88", "2011-03-31": "9.04", "2010-12-31": "9.02", "2010-09-30": "8.92", "2010-06-30": "10.53", "2010-03-31": "26.76", "2009-12-31": "0.00", "2009-09-30": "0.00", "2009-06-30": "0.00", "2009-03-31": "0.00", "2008-12-31": "80.23", "2008-09-30": "13.18", "2008-06-30": "11.12", "2008-03-31": "9.92", "2007-12-31": "10.25", "2007-09-30": "9.52", "2007-06-30": "10.04", "2007-03-31": "9.79", "2006-12-31": "9.86"}, "price sales": {"2021-02-11": "0.58", "2020-12-31": "0.56", "2020-09-30": "0.34", "2020-06-30": "0.42", "2020-03-31": "0.29", "2019-12-31": "0.66", "2019-09-30": "0.68", "2019-06-30": "0.75", "2019-03-31": "0.71", "2018-12-31": "0.64", "2018-09-30": "0.89", "2018-06-30": "0.86", "2018-03-31": "1.05", "2017-12-31": "1.11", "2017-09-30": "1.10", "2017-06-30": "1.02", "2017-03-31": "1.02", "2016-12-31": "1.06", "2016-09-30": "0.77", "2016-06-30": "0.63", "2016-03-31": "0.64", "2015-12-31": "0.83", "2015-09-30": "0.76", "2015-06-30": "0.98", "2015-03-31": "0.97", "2014-12-31": "0.99", "2014-09-30": "0.96", "2014-06-30": "0.95", "2014-03-31": "0.96", "2013-12-31": "1.01", "2013-09-30": "0.84", "2013-06-30": "0.74", "2013-03-31": "0.67", "2012-12-31": "0.55", "2012-09-30": "0.54", "2012-06-30": "0.51", "2012-03-31": "0.64", "2011-12-31": "0.48", "2011-09-30": "0.38", "2011-06-30": "0.70", "2011-03-31": "0.75", "2010-12-31": "0.70", "2010-09-30": "0.60", "2010-06-30": "0.63", "2010-03-31": "0.83", "2009-12-31": "0.67", "2009-09-30": "0.72", "2009-06-30": "0.45", "2009-03-31": "0.16", "2008-12-31": "0.43", "2008-09-30": "0.99", "2008-06-30": "1.02", "2008-03-31": "1.15", "2007-12-31": "1.30", "2007-09-30": "1.33", "2007-06-30": "1.45", "2007-03-31": "1.41", "2006-12-31": "1.43"}, "price book": {"current": "0.44", "2021-02-11": "0.46", "2020-09-30": "0.28", "2020-06-30": "0.33", "2020-03-31": "0.29", "2019-12-31": "0.56", "2019-09-30": "0.57", "2019-06-30": "0.66", "2019-03-31": "0.68", "2018-12-31": "0.68", "2018-09-30": "0.89", "2018-06-30": "0.82", "2018-03-31": "0.91", "2017-12-31": "0.88", "2017-09-30": "0.90", "2017-06-30": "0.85", "2017-03-31": "0.88", "2016-12-31": "0.93", "2016-09-30": "0.59", "2016-06-30": "0.50", "2016-03-31": "0.56", "2015-12-31": "0.79", "2015-09-30": "0.71", "2015-06-30": "0.88", "2015-03-31": "0.77", "2014-12-31": "0.81", "2014-09-30": "0.77", "2014-06-30": "0.74", "2014-03-31": "0.79", "2013-12-31": "0.86", "2013-09-30": "0.70", "2013-06-30": "0.61", "2013-03-31": "0.50", "2012-12-31": "0.39", "2012-09-30": "0.37", "2012-06-30": "0.36", "2012-03-31": "0.47", "2011-12-31": "0.36", "2011-09-30": "0.26", "2011-06-30": "0.53", "2011-03-31": "0.59", "2010-12-31": "0.56", "2010-09-30": "0.46", "2010-06-30": "0.50", "2010-03-31": "0.62", "2009-12-31": "0.53", "2009-09-30": "0.55", "2009-06-30": "0.47", "2009-03-31": "0.19", "2008-12-31": "0.49", "2008-09-30": "0.92", "2008-06-30": "0.88", "2008-03-31": "0.95", "2007-12-31": "1.02", "2007-09-30": "1.15", "2007-06-30": "1.25", "2007-03-31": "1.17", "2006-12-31": "1.14", "2006-09-30": "1.08", "2006-06-30": "1.05", "2006-03-31": "1.13"}, "price fcf": {"2021-02-11": "", "2020-09-30": "$2.63", "2020-06-30": "$4.35", "2020-03-31": "$-4.52", "2019-12-31": "$-13.29", "2019-09-30": "$-10.06", "2019-06-30": "$-6.63", "2019-03-31": "$1.76", "2018-12-31": "$8.85", "2018-09-30": "$5.50", "2018-06-30": "$5.45", "2018-03-31": "$3.64", "2017-12-31": "$3.48", "2017-09-30": "$5.18", "2017-06-30": "$4.03", "2017-03-31": "$4.63", "2016-12-31": "$5.37", "2016-09-30": "$5.84", "2016-06-30": "$8.75", "2016-03-31": "$8.88", "2015-12-31": "$8.80", "2015-09-30": "$11.19", "2015-06-30": "$10.33", "2015-03-31": "$9.60", "2014-12-31": "$9.43", "2014-09-30": "$5.17", "2014-06-30": "$4.08", "2014-03-31": "$4.77", "2013-12-31": "$2.90", "2013-09-30": "$3.91", "2013-06-30": "$2.49", "2013-03-31": "$2.56", "2012-12-31": "$4.41", "2012-09-30": "$3.40", "2012-06-30": "$3.42", "2012-03-31": "$3.95", "2011-12-31": "$4.05", "2011-09-30": "$4.87", "2011-06-30": "$5.36", "2011-03-31": "$4.63", "2010-12-31": "$5.39", "2010-09-30": "$5.01", "2010-06-30": "$4.35", "2010-03-31": "$6.43", "2009-12-31": "$3.28", "2009-09-30": "$3.49", "2009-06-30": "$4.82", "2009-03-31": "$3.15", "2008-12-31": "$4.85", "2008-09-30": "$2.47", "2008-06-30": "$3.81", "2008-03-31": "$5.83", "2007-12-31": "$7.14", "2007-09-30": "$12.84", "2007-06-30": "$13.71", "2007-03-31": "$11.76", "2006-12-31": "$11.91"}, "net worth": {"value": "$9.93B"}, "current ratio": {"2020-12-31": "0.12", "2020-09-30": "0.14", "2020-06-30": "0.15", "2020-03-31": "0.17", "2019-12-31": "0.15", "2019-09-30": "0.16", "2019-06-30": "0.16", "2019-03-31": "0.15", "2018-12-31": "0.16", "2018-09-30": "0.16", "2018-06-30": "0.16", "2018-03-31": "0.08", "2017-12-31": "0.07", "2017-09-30": "0.07", "2017-06-30": "0.08", "2017-03-31": "0.08", "2016-12-31": "0.09", "2016-09-30": "0.09", "2016-06-30": "0.10", "2016-03-31": "0.09", "2015-12-31": "0.10", "2015-09-30": "0.10", "2015-06-30": "0.09", "2015-03-31": "0.10", "2014-12-31": "0.11", "2014-09-30": "0.09", "2014-06-30": "0.09", "2014-03-31": "0.09", "2013-12-31": "0.10", "2013-09-30": "0.11", "2013-06-30": "0.11", "2013-03-31": "0.11", "2012-12-31": "0.12", "2012-09-30": "0.12", "2012-06-30": "0.13", "2012-03-31": "0.11", "2011-12-31": "0.12", "2011-09-30": "0.13", "2011-06-30": "0.11", "2011-03-31": "0.11", "2010-12-31": "0.11", "2010-09-30": "0.12", "2010-06-30": "0.13", "2010-03-31": "0.13", "2009-12-31": "0.13", "2009-09-30": "0.14", "2009-06-30": "0.13", "2009-03-31": "0.17", "2008-12-31": "0.17", "2008-09-30": "0.14", "2008-06-30": "0.13", "2008-03-31": "0.14", "2007-12-31": "0.13", "2007-09-30": "0.13", "2007-06-30": "0.13", "2007-03-31": "0.13", "2006-12-31": "0.13", "2006-09-30": "0.13", "2006-06-30": "0.13", "2006-03-31": "0.20", "2005-12-31": "0.20", "2005-09-30": "0.19", "2005-06-30": "0.19", "2005-03-31": "0.19"}, "quick ratio": {"2020-12-31": "0.00", "2020-09-30": "0.00", "2020-06-30": "0.00", "2020-03-31": "0.00", "2019-12-31": "0.00", "2019-09-30": "0.00", "2019-06-30": "0.00", "2019-03-31": "0.00", "2018-12-31": "0.00", "2018-09-30": "0.00", "2018-06-30": "0.00", "2018-03-31": "0.00", "2017-12-31": "0.00", "2017-09-30": "0.00", "2017-06-30": "0.00", "2017-03-31": "0.00", "2016-12-31": "0.00", "2016-09-30": "0.00", "2016-06-30": "0.00", "2016-03-31": "0.00", "2015-12-31": "0.00", "2015-09-30": "0.00", "2015-06-30": "0.00", "2015-03-31": "0.00", "2014-12-31": "0.00", "2014-09-30": "0.00", "2014-06-30": "0.00", "2014-03-31": "0.00", "2013-12-31": "0.00", "2013-09-30": "0.00", "2013-06-30": "0.00", "2013-03-31": "0.00", "2012-12-31": "0.00", "2012-09-30": "0.00", "2012-06-30": "0.00", "2012-03-31": "0.00", "2011-12-31": "0.00", "2011-09-30": "0.00", "2011-06-30": "0.00", "2011-03-31": "0.00", "2010-12-31": "0.00", "2010-09-30": "0.00", "2010-06-30": "0.00", "2010-03-31": "0.00", "2009-12-31": "0.00", "2009-09-30": "0.00", "2009-06-30": "0.00", "2009-03-31": "0.00", "2008-12-31": "0.00", "2008-09-30": "0.00", "2008-06-30": "0.00", "2008-03-31": "0.00", "2007-12-31": "0.00", "2007-09-30": "0.00", "2007-06-30": "0.00", "2007-03-31": "0.00", "2006-12-31": "0.00", "2006-09-30": "0.00", "2006-06-30": "0.00", "2006-03-31": "0.00", "2005-12-31": "0.00", "2005-09-30": "0.00", "2005-06-30": "0.00", "2005-03-31": "0.00"}, "debt equity ratio": {"current": "0.29", "2020-12-31": "15.12", "2020-09-30": "15.14", "2020-06-30": "15.38", "2020-03-31": "18.23", "2019-12-31": "16.00", "2019-09-30": "15.27", "2019-06-30": "16.46", "2019-03-31": "18.15", "2018-12-31": "19.78", "2018-09-30": "19.16", "2018-06-30": "18.69", "2018-03-31": "16.47", "2017-12-31": "15.27", "2017-09-30": "15.97", "2017-06-30": "15.98", "2017-03-31": "16.86", "2016-12-31": "17.07", "2016-09-30": "15.33", "2016-06-30": "15.52", "2016-03-31": "16.45", "2015-12-31": "17.50", "2015-09-30": "16.33", "2015-06-30": "16.36", "2015-03-31": "14.93", "2014-12-31": "15.10", "2014-09-30": "15.08", "2014-06-30": "15.12", "2014-03-31": "15.70", "2013-12-31": "16.61", "2013-09-30": "16.17", "2013-06-30": "15.77", "2013-03-31": "14.10", "2012-12-31": "13.62", "2012-09-30": "13.14", "2012-06-30": "13.89", "2012-03-31": "14.69", "2011-12-31": "14.38", "2011-09-30": "12.26", "2011-06-30": "13.84", "2011-03-31": "14.15", "2010-12-31": "14.14", "2010-09-30": "13.05", "2010-06-30": "13.25", "2010-03-31": "13.69", "2009-12-31": "14.17", "2009-09-30": "14.57", "2009-06-30": "17.41", "2009-03-31": "20.50", "2008-12-31": "19.45", "2008-09-30": "17.24", "2008-06-30": "16.55", "2008-03-31": "15.72", "2007-12-31": "15.34", "2007-09-30": "15.07", "2007-06-30": "14.85", "2007-03-31": "14.07", "2006-12-31": "13.63", "2006-09-30": "13.26", "2006-06-30": "13.68", "2006-03-31": "19.26", "2005-12-31": "18.56", "2005-09-30": "18.43", "2005-06-30": "17.69", "2005-03-31": "18.25"}, "return on equity": {"2020-12-31": "2.45%", "2020-09-30": "4.01%", "2020-06-30": "1.19%", "2020-03-31": "3.67%", "2019-12-31": "4.75%", "2019-09-30": "4.93%", "2019-06-30": "9.36%", "2019-03-31": "10.00%", "2018-12-31": "10.83%", "2018-09-30": "12.95%", "2018-06-30": "12.25%", "2018-03-31": "12.26%", "2017-12-31": "12.87%", "2017-09-30": "9.41%", "2017-06-30": "9.73%", "2017-03-31": "9.18%", "2016-12-31": "7.77%", "2016-09-30": "8.50%", "2016-06-30": "7.14%", "2016-03-31": "7.42%", "2015-12-31": "7.83%", "2015-09-30": "7.99%", "2015-06-30": "9.22%", "2015-03-31": "9.46%", "2014-12-31": "9.91%", "2014-09-30": "10.31%", "2014-06-30": "9.97%", "2014-03-31": "9.77%", "2013-12-31": "9.04%", "2013-09-30": "8.59%", "2013-06-30": "8.94%", "2013-03-31": "8.84%", "2012-12-31": "9.11%", "2012-09-30": "3.17%", "2012-06-30": "1.20%", "2012-03-31": "1.09%", "2011-12-31": "1.62%", "2011-09-30": "6.54%", "2011-06-30": "7.41%", "2011-03-31": "6.02%", "2010-12-31": "5.72%", "2010-09-30": "5.57%", "2010-06-30": "4.89%", "2010-03-31": "2.89%", "2009-12-31": "-5.23%", "2009-09-30": "-12.30%", "2009-06-30": "-12.95%", "2009-03-31": "-9.19%", "2008-12-31": "0.58%", "2008-09-30": "6.31%", "2008-06-30": "7.57%", "2008-03-31": "9.51%", "2007-12-31": "10.22%", "2007-09-30": "12.36%", "2007-06-30": "12.62%", "2007-03-31": "12.51%", "2006-12-31": "12.54%", "2006-09-30": "12.82%", "2006-06-30": "13.47%", "2006-03-31": "13.76%", "2005-12-31": "13.26%"}, "return on assets": {"2020-12-31": "0.15%", "2020-09-30": "0.24%", "2020-06-30": "0.07%", "2020-03-31": "0.21%", "2019-12-31": "0.27%", "2019-09-30": "0.27%", "2019-06-30": "0.49%", "2019-03-31": "0.50%", "2018-12-31": "0.56%", "2018-09-30": "0.71%", "2018-06-30": "0.70%", "2018-03-31": "0.73%", "2017-12-31": "0.76%", "2017-09-30": "0.54%", "2017-06-30": "0.56%", "2017-03-31": "0.53%", "2016-12-31": "0.46%", "2016-09-30": "0.50%", "2016-06-30": "0.41%", "2016-03-31": "0.42%", "2015-12-31": "0.45%", "2015-09-30": "0.48%", "2015-06-30": "0.56%", "2015-03-31": "0.59%", "2014-12-31": "0.61%", "2014-09-30": "0.62%", "2014-06-30": "0.59%", "2014-03-31": "0.57%", "2013-12-31": "0.54%", "2013-09-30": "0.54%", "2013-06-30": "0.59%", "2013-03-31": "0.60%", "2012-12-31": "0.62%", "2012-09-30": "0.21%", "2012-06-30": "0.08%", "2012-03-31": "0.07%", "2011-12-31": "0.11%", "2011-09-30": "0.45%", "2011-06-30": "0.50%", "2011-03-31": "0.41%", "2010-12-31": "0.39%", "2010-09-30": "0.38%", "2010-06-30": "0.33%", "2010-03-31": "0.18%", "2009-12-31": "-0.30%", "2009-09-30": "-0.66%", "2009-06-30": "-0.66%", "2009-03-31": "-0.48%", "2008-12-31": "0.03%", "2008-09-30": "0.37%", "2008-06-30": "0.46%", "2008-03-31": "0.59%", "2007-12-31": "0.65%", "2007-09-30": "0.80%", "2007-06-30": "0.84%", "2007-03-31": "0.85%", "2006-12-31": "0.81%", "2006-09-30": "0.78%", "2006-06-30": "0.75%", "2006-03-31": "0.71%", "2005-12-31": "0.69%"}, "return on investments": {"2020-12-31": "8.50%", "2020-09-30": "4.39%", "2020-06-30": "1.72%", "2020-03-31": "4.06%", "2019-12-31": "5.09%", "2019-09-30": "12.05%", "2019-06-30": "9.03%", "2019-03-31": "9.49%", "2018-12-31": "10.43%", "2018-09-30": "6.16%", "2018-06-30": "6.01%", "2018-03-31": "6.38%", "2017-12-31": "6.55%", "2017-09-30": "9.92%", "2017-06-30": "10.36%", "2017-03-31": "9.75%", "2016-12-31": "8.59%", "2016-09-30": "9.11%", "2016-06-30": "7.61%", "2016-03-31": "7.90%", "2015-12-31": "8.38%", "2015-09-30": "8.57%", "2015-06-30": "10.10%", "2015-03-31": "10.46%", "2014-12-31": "11.03%", "2014-09-30": "11.52%", "2014-06-30": "10.98%", "2014-03-31": "10.67%", "2013-12-31": "10.03%", "2013-09-30": "9.47%", "2013-06-30": "9.12%", "2013-03-31": "9.08%", "2012-12-31": "9.22%", "2012-09-30": "4.89%", "2012-06-30": "3.62%", "2012-03-31": "3.49%", "2011-12-31": "4.17%", "2011-09-30": "7.61%", "2011-06-30": "8.44%", "2011-03-31": "8.09%", "2010-12-31": "7.75%", "2010-09-30": "7.72%", "2010-06-30": "6.63%", "2010-03-31": "4.68%", "2009-12-31": "-2.21%", "2009-09-30": "-9.58%", "2009-06-30": "-9.56%", "2009-03-31": "-7.64%", "2008-12-31": "1.01%", "2008-09-30": "23.64%", "2008-06-30": "24.86%", "2008-03-31": "26.53%", "2007-12-31": "27.13%", "2007-09-30": "27.68%", "2007-06-30": "28.19%", "2007-03-31": "28.57%", "2006-12-31": "30.95%", "2006-09-30": "28.85%", "2006-06-30": "32.56%", "2006-03-31": "36.02%", "2005-12-31": "35.29%"}, "return on tangible equity": {"2020-09-30": "4.41%", "2020-06-30": "1.31%", "2020-03-31": "4.06%", "2019-12-31": "5.25%", "2019-09-30": "5.49%", "2019-06-30": "10.52%", "2019-03-31": "11.31%", "2018-12-31": "12.17%", "2018-09-30": "14.36%", "2018-06-30": "13.68%", "2018-03-31": "13.79%", "2017-12-31": "14.74%", "2017-09-30": "11.03%", "2017-06-30": "11.41%", "2017-03-31": "10.77%", "2016-12-31": "9.12%", "2016-09-30": "10.00%", "2016-06-30": "8.45%", "2016-03-31": "8.82%", "2015-12-31": "9.26%", "2015-09-30": "9.39%", "2015-06-30": "10.80%", "2015-03-31": "11.05%", "2014-12-31": "11.65%", "2014-09-30": "12.20%", "2014-06-30": "11.87%", "2014-03-31": "11.71%", "2013-12-31": "10.83%", "2013-09-30": "10.23%", "2013-06-30": "10.59%", "2013-03-31": "10.44%", "2012-12-31": "10.82%", "2012-09-30": "3.79%", "2012-06-30": "1.46%", "2012-03-31": "1.35%", "2011-12-31": "2.04%", "2011-09-30": "8.40%", "2011-06-30": "9.59%", "2011-03-31": "8.51%", "2010-12-31": "8.13%", "2010-09-30": "7.99%", "2010-06-30": "7.15%", "2010-03-31": "4.01%", "2009-12-31": "-7.72%", "2009-09-30": "-19.65%", "2009-06-30": "-22.56%", "2009-03-31": "-16.08%", "2008-12-31": "0.98%", "2008-09-30": "10.21%", "2008-06-30": "12.06%", "2008-03-31": "15.13%", "2007-12-31": "16.29%", "2007-09-30": "19.57%", "2007-06-30": "19.95%", "2007-03-31": "19.87%", "2006-12-31": "19.75%", "2006-09-30": "19.49%", "2006-06-30": "20.18%", "2006-03-31": "19.95%", "2005-12-31": "19.43%"}, "dividend yield history": {"last payout": "$1.68", "last yield": "3.27%"}}