{"ticker": "L", "price": {"title": "Loews Historical Annual Stock Price Data", "value": 47.8, "historical": {"2021": {"Average Stock Price": "46.5267", "Year Open": "44.4000", "Year High": "47.8100", "Year Low": "44.4000", "Year Close": "47.8000", "Annual % Change": "6.18%"}, "2020": {"Average Stock Price": "39.1911", "Year Open": "52.9600", "Year High": "55.8100", "Year Low": "28.8000", "Year Close": "45.0200", "Annual % Change": "-14.23%"}, "2019": {"Average Stock Price": "50.1810", "Year Open": "45.0800", "Year High": "56.1600", "Year Low": "44.5200", "Year Close": "52.4900", "Annual % Change": "15.31%"}, "2018": {"Average Stock Price": "49.5310", "Year Open": "49.8900", "Year High": "53.4600", "Year Low": "42.5400", "Year Close": "45.5200", "Annual % Change": "-9.01%"}, "2017": {"Average Stock Price": "47.6504", "Year Open": "47.2000", "Year High": "50.6500", "Year Low": "45.1200", "Year Close": "50.0300", "Annual % Change": "6.83%"}, "2016": {"Average Stock Price": "40.3788", "Year Open": "37.7800", "Year High": "47.9000", "Year Low": "34.2100", "Year Close": "46.8300", "Annual % Change": "21.95%"}, "2015": {"Average Stock Price": "38.9353", "Year Open": "41.7400", "Year High": "42.5300", "Year Low": "35.3600", "Year Close": "38.4000", "Annual % Change": "-8.61%"}, "2014": {"Average Stock Price": "43.3191", "Year Open": "47.3800", "Year High": "47.3800", "Year Low": "39.0700", "Year Close": "42.0200", "Annual % Change": "-12.89%"}, "2013": {"Average Stock Price": "45.5140", "Year Open": "41.5300", "Year High": "49.2000", "Year Low": "41.5300", "Year Close": "48.2400", "Annual % Change": "18.38%"}, "2012": {"Average Stock Price": "40.1413", "Year Open": "38.4700", "Year High": "43.1700", "Year Low": "37.3100", "Year Close": "40.7500", "Annual % Change": "8.23%"}, "2011": {"Average Stock Price": "39.8088", "Year Open": "39.4000", "Year High": "44.2600", "Year Low": "33.5000", "Year Close": "37.6500", "Annual % Change": "-3.24%"}, "2010": {"Average Stock Price": "36.8254", "Year Open": "37.1800", "Year High": "40.0800", "Year Low": "31.1200", "Year Close": "38.9100", "Annual % Change": "7.04%"}, "2009": {"Average Stock Price": "29.0416", "Year Open": "29.7700", "Year High": "36.6500", "Year Low": "18.0200", "Year Close": "36.3500", "Annual % Change": "28.67%"}, "2008": {"Average Stock Price": "40.3964", "Year Open": "50.6200", "Year High": "50.7200", "Year Low": "20.0700", "Year Close": "28.2500", "Annual % Change": "-43.88%"}, "2007": {"Average Stock Price": "47.1635", "Year Open": "41.2300", "Year High": "53.0100", "Year Low": "40.3700", "Year Close": "50.3400", "Annual % Change": "21.39%"}, "2006": {"Average Stock Price": "35.9986", "Year Open": "32.2433", "Year High": "41.9200", "Year Low": "30.7533", "Year Close": "41.4700", "Annual % Change": "31.16%"}, "2005": {"Average Stock Price": "27.1504", "Year Open": "23.1500", "Year High": "32.6000", "Year Low": "22.4633", "Year Close": "31.6167", "Annual % Change": "34.92%"}, "2004": {"Average Stock Price": "19.7837", "Year Open": "16.4333", "Year High": "23.5900", "Year Low": "16.4333", "Year Close": "23.4333", "Annual % Change": "42.16%"}, "2003": {"Average Stock Price": "14.5670", "Year Open": "15.4400", "Year High": "16.4833", "Year Low": "12.8133", "Year Close": "16.4833", "Annual % Change": "11.22%"}, "2002": {"Average Stock Price": "17.2243", "Year Open": "18.4033", "Year High": "20.6033", "Year Low": "12.6333", "Year Close": "14.8200", "Annual % Change": "-19.72%"}, "2001": {"Average Stock Price": "18.5569", "Year Open": "16.8167", "Year High": "23.8667", "Year Low": "13.9167", "Year Close": "18.4600", "Annual % Change": "6.91%"}, "2000": {"Average Stock Price": "11.4302", "Year Open": "9.8433", "Year High": "17.4667", "Year Low": "6.6667", "Year Close": "17.2667", "Annual % Change": "70.70%"}, "1999": {"Average Stock Price": "12.6510", "Year Open": "16.3333", "Year High": "17.3000", "Year Low": "9.8750", "Year Close": "10.1150", "Annual % Change": "-38.23%"}, "1998": {"Average Stock Price": "15.7185", "Year Open": "17.3833", "Year High": "17.9333", "Year Low": "13.2717", "Year Close": "16.3750", "Annual % Change": "-7.40%"}, "1997": {"Average Stock Price": "16.9856", "Year Open": "15.6883", "Year High": "19.1667", "Year Low": "14.3133", "Year Close": "17.6833", "Annual % Change": "12.57%"}, "1996": {"Average Stock Price": "13.4205", "Year Open": "12.9167", "Year High": "15.8750", "Year Low": "12.2292", "Year Close": "15.7083", "Annual % Change": "20.25%"}, "1995": {"Average Stock Price": "10.1583", "Year Open": "7.3125", "Year High": "13.2083", "Year Low": "7.3125", "Year Close": "13.0633", "Annual % Change": "80.43%"}, "1994": {"Average Stock Price": "7.5505", "Year Open": "7.7708", "Year High": "8.4667", "Year Low": "7.0625", "Year Close": "7.2400", "Annual % Change": "-6.58%"}, "1993": {"Average Stock Price": "8.1750", "Year Open": "9.9917", "Year High": "9.9917", "Year Low": "7.3333", "Year Close": "7.7500", "Annual % Change": "-22.56%"}, "1992": {"Average Stock Price": "9.4349", "Year Open": "9.1333", "Year High": "10.4250", "Year Low": "8.6583", "Year Close": "10.0083", "Annual % Change": "9.68%"}, "1991": {"Average Stock Price": "8.6435", "Year Open": "8.1150", "Year High": "9.4000", "Year Low": "7.3750", "Year Close": "9.1250", "Annual % Change": "11.59%"}, "1990": {"Average Stock Price": "8.4989", "Year Open": "10.4000", "Year High": "10.5250", "Year Low": "6.2917", "Year Close": "8.1775", "Annual % Change": "-21.02%"}, "1989": {"Average Stock Price": "8.9156", "Year Open": "6.4583", "Year High": "11.1142", "Year Low": "6.4167", "Year Close": "10.3542", "Annual % Change": "57.52%"}, "1988": {"Average Stock Price": "5.9605", "Year Open": "5.6983", "Year High": "6.8958", "Year Low": "5.1875", "Year Close": "6.5733", "Annual % Change": "18.40%"}}}, "market cap": {"value": "$13.14B"}, "income statement": {"Revenue": {"2019-12-31": "14931.00000", "2018-12-31": "14066.00000", "2017-12-31": "13735.00000", "2016-12-31": "13105.00000", "2015-12-31": "13415.00000", "2014-12-31": "14325.00000", "2013-12-31": "14613.00000", "2012-12-31": "14072.00000", "2011-12-31": "14129.00000", "2010-12-31": "14615.00000", "2009-12-31": "14117.00000", "2008-12-31": "13247.00000", "2007-12-31": "14302.00000", "2006-12-31": "13844.00000", "2005-12-31": "15832.00000"}, "Cost Of Goods Sold": {"2019-12-31": "5806.00000", "2018-12-31": "5572.00000", "2017-12-31": "5310.00000", "2016-12-31": "5283.00000", "2015-12-31": "5384.00000", "2014-12-31": "5591.00000", "2013-12-31": "5806.00000", "2012-12-31": "5729.00000", "2011-12-31": "5489.00000", "2010-12-31": "4985.00000", "2009-12-31": "5290.00000", "2008-12-31": "5723.00000", "2007-12-31": "6009.00000", "2006-12-31": "6047.00000", "2005-12-31": "6999.00000"}, "Gross Profit": {"2019-12-31": "9125.00000", "2018-12-31": "8494.00000", "2017-12-31": "8425.00000", "2016-12-31": "7822.00000", "2015-12-31": "8031.00000", "2014-12-31": "8734.00000", "2013-12-31": "8807.00000", "2012-12-31": "8343.00000", "2011-12-31": "8640.00000", "2010-12-31": "9630.00000", "2009-12-31": "8827.00000", "2008-12-31": "7524.00000", "2007-12-31": "8293.00000", "2006-12-31": "7797.00000", "2005-12-31": "8833.00000"}, "Research And Development Expenses": {"2019-12-31": "", "2018-12-31": "", "2017-12-31": "", "2016-12-31": "", "2015-12-31": "", "2014-12-31": "", "2013-12-31": "", "2012-12-31": "", "2011-12-31": "", "2010-12-31": "", "2009-12-31": "", "2008-12-31": "", "2007-12-31": "", "2006-12-31": "", "2005-12-31": ""}, "SG&A Expenses": {"2019-12-31": "1383.00000", "2018-12-31": "1335.00000", "2017-12-31": "1233.00000", "2016-12-31": "1235.00000", "2015-12-31": "1540.00000", "2014-12-31": "1317.00000", "2013-12-31": "1362.00000", "2012-12-31": "1274.00000", "2011-12-31": "1176.00000", "2010-12-31": "1168.00000", "2009-12-31": "1417.00000", "2008-12-31": "1467.00000", "2007-12-31": "1520.00000", "2006-12-31": "1534.00000", "2005-12-31": "1543.00000"}, "Other Operating Income Or Expenses": {"2019-12-31": "-6032.00000", "2018-12-31": "-5751.00000", "2017-12-31": "-4964.00000", "2016-12-31": "-5115.00000", "2015-12-31": "-5727.00000", "2014-12-31": "-5109.00000", "2013-12-31": "-4743.00000", "2012-12-31": "-4621.00000", "2011-12-31": "-4716.00000", "2010-12-31": "-5043.00000", "2009-12-31": "-4196.00000", "2008-12-31": "-3952.00000", "2007-12-31": "-3260.00000", "2006-12-31": "-2868.00000", "2005-12-31": "-5099.00000"}, "Operating Expenses": {"2019-12-31": "13221.00000", "2018-12-31": "12658.00000", "2017-12-31": "11507.00000", "2016-12-31": "11633.00000", "2015-12-31": "12651.00000", "2014-12-31": "12017.00000", "2013-12-31": "11911.00000", "2012-12-31": "11624.00000", "2011-12-31": "11381.00000", "2010-12-31": "11196.00000", "2009-12-31": "10903.00000", "2008-12-31": "11624.00000", "2007-12-31": "10789.00000", "2006-12-31": "10449.00000", "2005-12-31": "13641.00000"}, "Operating Income": {"2019-12-31": "1710.00000", "2018-12-31": "1408.00000", "2017-12-31": "2228.00000", "2016-12-31": "1472.00000", "2015-12-31": "764.00000", "2014-12-31": "2308.00000", "2013-12-31": "2702.00000", "2012-12-31": "2448.00000", "2011-12-31": "2748.00000", "2010-12-31": "3419.00000", "2009-12-31": "3214.00000", "2008-12-31": "1623.00000", "2007-12-31": "3513.00000", "2006-12-31": "3395.00000", "2005-12-31": "2191.00000"}, "Total Non-Operating Income/Expense": {"2019-12-31": "-591.00000", "2018-12-31": "-574.00000", "2017-12-31": "-646.00000", "2016-12-31": "-536.00000", "2015-12-31": "-520.00000", "2014-12-31": "-498.00000", "2013-12-31": "-425.00000", "2012-12-31": "-426.00000", "2011-12-31": "-522.00000", "2010-12-31": "-517.00000", "2009-12-31": "-1484.00000", "2008-12-31": "-1036.00000", "2007-12-31": "-319.00000", "2006-12-31": "-291.00000", "2005-12-31": "-364.00000"}, "Pre-Tax Income": {"2019-12-31": "1119.00000", "2018-12-31": "834.00000", "2017-12-31": "1582.00000", "2016-12-31": "936.00000", "2015-12-31": "244.00000", "2014-12-31": "1810.00000", "2013-12-31": "2277.00000", "2012-12-31": "2022.00000", "2011-12-31": "2226.00000", "2010-12-31": "2902.00000", "2009-12-31": "1730.00000", "2008-12-31": "587.00000", "2007-12-31": "3194.00000", "2006-12-31": "3104.00000", "2005-12-31": "1827.00000"}, "Income Taxes": {"2019-12-31": "248.00000", "2018-12-31": "128.00000", "2017-12-31": "170.00000", "2016-12-31": "220.00000", "2015-12-31": "-43.00000", "2014-12-31": "457.00000", "2013-12-31": "656.00000", "2012-12-31": "513.00000", "2011-12-31": "532.00000", "2010-12-31": "894.00000", "2009-12-31": "345.00000", "2008-12-31": "7.00000", "2007-12-31": "995.00000", "2006-12-31": "924.00000", "2005-12-31": "483.00000"}, "Income After Taxes": {"2019-12-31": "871.00000", "2018-12-31": "706.00000", "2017-12-31": "1412.00000", "2016-12-31": "716.00000", "2015-12-31": "287.00000", "2014-12-31": "1353.00000", "2013-12-31": "1621.00000", "2012-12-31": "1509.00000", "2011-12-31": "1694.00000", "2010-12-31": "2008.00000", "2009-12-31": "1385.00000", "2008-12-31": "580.00000", "2007-12-31": "2199.00000", "2006-12-31": "2180.00000", "2005-12-31": "1344.00000"}, "Other Income": {"2019-12-31": "", "2018-12-31": "", "2017-12-31": "", "2016-12-31": "", "2015-12-31": "", "2014-12-31": "", "2013-12-31": "", "2012-12-31": "", "2011-12-31": "", "2010-12-31": "", "2009-12-31": "", "2008-12-31": "", "2007-12-31": "", "2006-12-31": "", "2005-12-31": ""}, "Income From Continuous Operations": {"2019-12-31": "871.00000", "2018-12-31": "706.00000", "2017-12-31": "1412.00000", "2016-12-31": "716.00000", "2015-12-31": "287.00000", "2014-12-31": "1353.00000", "2013-12-31": "1621.00000", "2012-12-31": "1509.00000", "2011-12-31": "1694.00000", "2010-12-31": "2008.00000", "2009-12-31": "1385.00000", "2008-12-31": "580.00000", "2007-12-31": "2199.00000", "2006-12-31": "1676.00000", "2005-12-31": "1181.00000"}, "Income From Discontinued Operations": {"2019-12-31": "", "2018-12-31": "", "2017-12-31": "", "2016-12-31": "", "2015-12-31": "", "2014-12-31": "-391.00000", "2013-12-31": "-552.00000", "2012-12-31": "-399.00000", "2011-12-31": "", "2010-12-31": "-20.00000", "2009-12-31": "-2.00000", "2008-12-31": "4713.00000", "2007-12-31": "901.00000", "2006-12-31": "815.00000", "2005-12-31": "31.00000"}, "Net Income": {"2019-12-31": "932.00000", "2018-12-31": "636.00000", "2017-12-31": "1164.00000", "2016-12-31": "654.00000", "2015-12-31": "260.00000", "2014-12-31": "591.00000", "2013-12-31": "595.00000", "2012-12-31": "568.00000", "2011-12-31": "1062.00000", "2010-12-31": "1289.00000", "2009-12-31": "564.00000", "2008-12-31": "4319.00000", "2007-12-31": "1955.00000", "2006-12-31": "2075.00000", "2005-12-31": "961.00000"}, "EBITDA": {"2019-12-31": "2564.00000", "2018-12-31": "2250.00000", "2017-12-31": "3062.00000", "2016-12-31": "2286.00000", "2015-12-31": "1756.00000", "2014-12-31": "3210.00000", "2013-12-31": "4185.00000", "2012-12-31": "3303.00000", "2011-12-31": "3517.00000", "2010-12-31": "4117.00000", "2009-12-31": "3799.00000", "2008-12-31": "2498.00000", "2007-12-31": "3718.00000", "2006-12-31": "3365.00000", "2005-12-31": "2364.00000"}, "EBIT": {"2019-12-31": "1710.00000", "2018-12-31": "1408.00000", "2017-12-31": "2228.00000", "2016-12-31": "1472.00000", "2015-12-31": "764.00000", "2014-12-31": "2308.00000", "2013-12-31": "2702.00000", "2012-12-31": "2448.00000", "2011-12-31": "2748.00000", "2010-12-31": "3419.00000", "2009-12-31": "3214.00000", "2008-12-31": "1623.00000", "2007-12-31": "3513.00000", "2006-12-31": "3395.00000", "2005-12-31": "2191.00000"}, "Basic Shares Outstanding": {"2019-12-31": "302.70000", "2018-12-31": "319.06000", "2017-12-31": "336.61000", "2016-12-31": "337.95000", "2015-12-31": "362.43000", "2014-12-31": "381.92000", "2013-12-31": "388.64000", "2012-12-31": "395.12000", "2011-12-31": "404.53000", "2010-12-31": "418.72000", "2009-12-31": "432.81000", "2008-12-31": "585.70000", "2007-12-31": "643.22000", "2006-12-31": "646.05000", "2005-12-31": "626.50000"}, "Shares Outstanding": {"2019-12-31": "303.35000", "2018-12-31": "319.93000", "2017-12-31": "337.50000", "2016-12-31": "338.31000", "2015-12-31": "362.69000", "2014-12-31": "382.55000", "2013-12-31": "389.51000", "2012-12-31": "395.87000", "2011-12-31": "405.32000", "2010-12-31": "419.52000", "2009-12-31": "433.45000", "2008-12-31": "585.83000", "2007-12-31": "644.57000", "2006-12-31": "647.00990", "2005-12-31": "627.45000"}, "Basic EPS": {"2019-12-31": "3.08000", "2018-12-31": "1.99000", "2017-12-31": "3.46000", "2016-12-31": "1.93000", "2015-12-31": "0.72000", "2014-12-31": "1.55000", "2013-12-31": "1.53000", "2012-12-31": "1.44000", "2011-12-31": "2.62000", "2010-12-31": "3.08000", "2009-12-31": "1.30000", "2008-12-31": "9.05000", "2007-12-31": "3.66000", "2006-12-31": "3.75000", "2005-12-31": "1.72000"}, "EPS - Earnings Per Share": {"2019-12-31": "3.07000", "2018-12-31": "1.99000", "2017-12-31": "3.45000", "2016-12-31": "1.93000", "2015-12-31": "0.72000", "2014-12-31": "1.55000", "2013-12-31": "1.53000", "2012-12-31": "1.43000", "2011-12-31": "2.62000", "2010-12-31": "3.07000", "2009-12-31": "1.30000", "2008-12-31": "9.05000", "2007-12-31": "3.65000", "2006-12-31": "3.75000", "2005-12-31": "1.72000"}}, "income statement, quarterly": {"Revenue": {"2020-09-30": "3465.00000", "2020-06-30": "2310.00000", "2020-03-31": "3099.00000", "2019-12-31": "3876.00000", "2019-09-30": "3675.00000", "2019-06-30": "3623.00000", "2019-03-31": "3757.00000", "2018-12-31": "3287.00000", "2018-09-30": "3608.00000", "2018-06-30": "3590.00000", "2018-03-31": "3581.00000", "2017-12-31": "3555.00000", "2017-09-30": "3521.00000", "2017-06-30": "3359.00000", "2017-03-31": "3300.00000", "2016-12-31": "3338.00000", "2016-09-30": "3287.00000", "2016-06-30": "3307.00000", "2016-03-31": "3173.00000", "2015-12-31": "3333.00000", "2015-09-30": "3169.00000", "2015-06-30": "3435.00000", "2015-03-31": "3478.00000", "2014-12-31": "3521.00000", "2014-09-30": "3523.00000", "2014-06-30": "3593.00000", "2014-03-31": "3688.00000", "2013-12-31": "3714.00000", "2013-09-30": "3597.00000", "2013-06-30": "3616.00000", "2013-03-31": "3686.00000", "2012-12-31": "3225.00000", "2012-09-30": "3715.00000", "2012-06-30": "3388.00000", "2012-03-31": "3744.00000", "2011-12-31": "3481.00000", "2011-09-30": "3438.00000", "2011-06-30": "3542.00000", "2011-03-31": "3668.00000", "2010-12-31": "3715.00000", "2010-09-30": "3701.00000", "2010-06-30": "3486.00000", "2010-03-31": "3713.00000", "2009-12-31": "3822.00000", "2009-09-30": "3738.00000", "2009-06-30": "3534.00000", "2009-03-31": "3023.00000", "2008-12-31": "2743.00000", "2008-09-30": "2970.00000", "2008-06-30": "3922.00000", "2008-03-31": "3612.00000", "2007-12-31": "4567.00000", "2007-09-30": "3525.00000", "2007-06-30": "3517.00000", "2007-03-31": "4613.00000", "2006-12-31": "4811.00000", "2006-09-30": "4507.20000", "2006-06-30": "4277.30000", "2006-03-31": "4244.50000", "2005-12-31": "3922.19900", "2005-09-30": "4137.90000", "2005-06-30": "4030.70000", "2005-03-31": "3741.20000"}, "Cost Of Goods Sold": {"2020-09-30": "1616.00000", "2020-06-30": "1642.00000", "2020-03-31": "1425.00000", "2019-12-31": "1483.00000", "2019-09-30": "1614.00000", "2019-06-30": "1352.00000", "2019-03-31": "1357.00000", "2018-12-31": "1594.00000", "2018-09-30": "1312.00000", "2018-06-30": "1327.00000", "2018-03-31": "1339.00000", "2017-12-31": "1257.00000", "2017-09-30": "1480.00000", "2017-06-30": "1280.00000", "2017-03-31": "1293.00000", "2016-12-31": "1334.00000", "2016-09-30": "1202.00000", "2016-06-30": "1339.00000", "2016-03-31": "1408.00000", "2015-12-31": "1376.00000", "2015-09-30": "1200.00000", "2015-06-30": "1469.00000", "2015-03-31": "1339.00000", "2014-12-31": "1350.00000", "2014-09-30": "1354.00000", "2014-06-30": "1441.00000", "2014-03-31": "1446.00000", "2013-12-31": "1547.00000", "2013-09-30": "1378.00000", "2013-06-30": "1485.00000", "2013-03-31": "1396.00000", "2012-12-31": "1565.00000", "2012-09-30": "1435.00000", "2012-06-30": "1348.00000", "2012-03-31": "1381.00000", "2011-12-31": "1358.00000", "2011-09-30": "1400.00000", "2011-06-30": "1367.00000", "2011-03-31": "1364.00000", "2010-12-31": "1187.00000", "2010-09-30": "1343.00000", "2010-06-30": "1147.00000", "2010-03-31": "1308.00000", "2009-12-31": "1371.00000", "2009-09-30": "1282.00000", "2009-06-30": "1295.00000", "2009-03-31": "1342.00000", "2008-12-31": "1343.00000", "2008-09-30": "1519.00000", "2008-06-30": "1472.00000", "2008-03-31": "1389.00000", "2007-12-31": "1513.00000", "2007-09-30": "1575.00000", "2007-06-30": "1473.00000", "2007-03-31": "1448.00000", "2006-12-31": "1601.00000", "2006-09-30": "1521.90000", "2006-06-30": "1432.20000", "2006-03-31": "1492.00000", "2005-12-31": "2112.60000", "2005-09-30": "1871.40000", "2005-06-30": "1581.80000", "2005-03-31": "1433.20000"}, "Gross Profit": {"2020-09-30": "1849.00000", "2020-06-30": "668.00000", "2020-03-31": "1674.00000", "2019-12-31": "2393.00000", "2019-09-30": "2061.00000", "2019-06-30": "2271.00000", "2019-03-31": "2400.00000", "2018-12-31": "1693.00000", "2018-09-30": "2296.00000", "2018-06-30": "2263.00000", "2018-03-31": "2242.00000", "2017-12-31": "2298.00000", "2017-09-30": "2041.00000", "2017-06-30": "2079.00000", "2017-03-31": "2007.00000", "2016-12-31": "2004.00000", "2016-09-30": "2085.00000", "2016-06-30": "1968.00000", "2016-03-31": "1765.00000", "2015-12-31": "1957.00000", "2015-09-30": "1969.00000", "2015-06-30": "1966.00000", "2015-03-31": "2139.00000", "2014-12-31": "2171.00000", "2014-09-30": "2169.00000", "2014-06-30": "2152.00000", "2014-03-31": "2242.00000", "2013-12-31": "2167.00000", "2013-09-30": "2219.00000", "2013-06-30": "2131.00000", "2013-03-31": "2290.00000", "2012-12-31": "1660.00000", "2012-09-30": "2280.00000", "2012-06-30": "2040.00000", "2012-03-31": "2363.00000", "2011-12-31": "2123.00000", "2011-09-30": "2038.00000", "2011-06-30": "2175.00000", "2011-03-31": "2304.00000", "2010-12-31": "2528.00000", "2010-09-30": "2358.00000", "2010-06-30": "2339.00000", "2010-03-31": "2405.00000", "2009-12-31": "2451.00000", "2009-09-30": "2456.00000", "2009-06-30": "2239.00000", "2009-03-31": "1681.00000", "2008-12-31": "1400.00000", "2008-09-30": "1451.00000", "2008-06-30": "2450.00000", "2008-03-31": "2223.00000", "2007-12-31": "3054.00000", "2007-09-30": "1950.00000", "2007-06-30": "2044.00000", "2007-03-31": "3165.00000", "2006-12-31": "3210.00000", "2006-09-30": "2985.30000", "2006-06-30": "2845.10000", "2006-03-31": "2752.50000", "2005-12-31": "1809.59900", "2005-09-30": "2266.50000", "2005-06-30": "2448.90000", "2005-03-31": "2308.00000"}, "Research And Development Expenses": {"2020-09-30": "", "2020-06-30": "", "2020-03-31": "", "2019-12-31": "", "2019-09-30": "", "2019-06-30": "", "2019-03-31": "", "2018-12-31": "", "2018-09-30": "", "2018-06-30": "", "2018-03-31": "", "2017-12-31": "", "2017-09-30": "", "2017-06-30": "", "2017-03-31": "", "2016-12-31": "", "2016-09-30": "", "2016-06-30": "", "2016-03-31": "", "2015-12-31": "", "2015-09-30": "", "2015-06-30": "", "2015-03-31": "", "2014-12-31": "", "2014-09-30": "", "2014-06-30": "", "2014-03-31": "", "2013-12-31": "", "2013-09-30": "", "2013-06-30": "", "2013-03-31": "", "2012-12-31": "", "2012-09-30": "", "2012-06-30": "", "2012-03-31": "", "2011-12-31": "", "2011-09-30": "", "2011-06-30": "", "2011-03-31": "", "2010-12-31": "", "2010-09-30": "", "2010-06-30": "", "2010-03-31": "", "2009-12-31": "", "2009-09-30": "", "2009-06-30": "", "2009-03-31": "", "2008-12-31": "", "2008-09-30": "", "2008-06-30": "", "2008-03-31": "", "2007-12-31": "", "2007-09-30": "", "2007-06-30": "", "2007-03-31": "", "2006-12-31": "", "2006-09-30": "", "2006-06-30": "", "2006-03-31": "", "2005-12-31": "", "2005-09-30": "", "2005-06-30": "", "2005-03-31": ""}, "SG&A Expenses": {"2020-09-30": "360.00000", "2020-06-30": "342.00000", "2020-03-31": "344.00000", "2019-12-31": "358.00000", "2019-09-30": "345.00000", "2019-06-30": "338.00000", "2019-03-31": "342.00000", "2018-12-31": "343.00000", "2018-09-30": "337.00000", "2018-06-30": "359.00000", "2018-03-31": "296.00000", "2017-12-31": "307.00000", "2017-09-30": "309.00000", "2017-06-30": "312.00000", "2017-03-31": "305.00000", "2016-12-31": "309.00000", "2016-09-30": "314.00000", "2016-06-30": "305.00000", "2016-03-31": "307.00000", "2015-12-31": "604.00000", "2015-09-30": "319.00000", "2015-06-30": "314.00000", "2015-03-31": "303.00000", "2014-12-31": "321.00000", "2014-09-30": "332.00000", "2014-06-30": "335.00000", "2014-03-31": "329.00000", "2013-12-31": "358.00000", "2013-09-30": "341.00000", "2013-06-30": "335.00000", "2013-03-31": "328.00000", "2012-12-31": "337.00000", "2012-09-30": "333.00000", "2012-06-30": "309.00000", "2012-03-31": "295.00000", "2011-12-31": "296.00000", "2011-09-30": "297.00000", "2011-06-30": "286.00000", "2011-03-31": "297.00000", "2010-12-31": "130.00000", "2010-09-30": "351.00000", "2010-06-30": "345.00000", "2010-03-31": "342.00000", "2009-12-31": "354.00000", "2009-09-30": "365.00000", "2009-06-30": "349.00000", "2009-03-31": "349.00000", "2008-12-31": "384.00000", "2008-09-30": "355.00000", "2008-06-30": "360.00000", "2008-03-31": "368.00000", "2007-12-31": "383.00000", "2007-09-30": "384.00000", "2007-06-30": "372.00000", "2007-03-31": "381.00000", "2006-12-31": "401.60000", "2006-09-30": "390.40000", "2006-06-30": "371.80000", "2006-03-31": "370.20000", "2005-12-31": "375.40000", "2005-09-30": "415.50000", "2005-06-30": "374.50000", "2005-03-31": "377.60000"}, "Other Operating Income Or Expenses": {"2020-09-30": "-1169.00000", "2020-06-30": "-1277.00000", "2020-03-31": "-2307.00000", "2019-12-31": "-1617.00000", "2019-09-30": "-1512.00000", "2019-06-30": "-1494.00000", "2019-03-31": "-1409.00000", "2018-12-31": "-1438.00000", "2018-09-30": "-1459.00000", "2018-06-30": "-1454.00000", "2018-03-31": "-1400.00000", "2017-12-31": "-1388.00000", "2017-09-30": "-1245.00000", "2017-06-30": "-1281.00000", "2017-03-31": "-1050.00000", "2016-12-31": "-1101.00000", "2016-09-30": "-1085.00000", "2016-06-30": "-1809.00000", "2016-03-31": "-1120.00000", "2015-12-31": "-1730.00000", "2015-09-30": "-1174.00000", "2015-06-30": "-1223.00000", "2015-03-31": "-1600.00000", "2014-12-31": "-1310.00000", "2014-09-30": "-1377.00000", "2014-06-30": "-1145.00000", "2014-03-31": "-1277.00000", "2013-12-31": "-1068.00000", "2013-09-30": "-1197.00000", "2013-06-30": "-1122.00000", "2013-03-31": "-1356.00000", "2012-12-31": "-570.00000", "2012-09-30": "-1429.00000", "2012-06-30": "-1406.00000", "2012-03-31": "-1216.00000", "2011-12-31": "-1229.00000", "2011-09-30": "-1176.00000", "2011-06-30": "-1212.00000", "2011-03-31": "-1099.00000", "2010-12-31": "-1320.00000", "2010-09-30": "-1622.00000", "2010-06-30": "-1064.00000", "2010-03-31": "-1037.00000", "2009-12-31": "-1086.00000", "2009-09-30": "-1016.00000", "2009-06-30": "-1024.00000", "2009-03-31": "-1070.00000", "2008-12-31": "-1098.00000", "2008-09-30": "-1055.00000", "2008-06-30": "-895.00000", "2008-03-31": "-904.00000", "2007-12-31": "-2107.00000", "2007-09-30": "-847.00000", "2007-06-30": "-754.00000", "2007-03-31": "-1324.00000", "2006-12-31": "-1872.00000", "2006-09-30": "-1400.80000", "2006-06-30": "-1392.70000", "2006-03-31": "-1323.10000", "2005-12-31": "-1174.50000", "2005-09-30": "-1325.90000", "2005-06-30": "-1349.90000", "2005-03-31": "-1248.70000"}, "Operating Expenses": {"2020-09-30": "3145.00000", "2020-06-30": "3261.00000", "2020-03-31": "4076.00000", "2019-12-31": "3458.00000", "2019-09-30": "3471.00000", "2019-06-30": "3184.00000", "2019-03-31": "3108.00000", "2018-12-31": "3375.00000", "2018-09-30": "3108.00000", "2018-06-30": "3140.00000", "2018-03-31": "3035.00000", "2017-12-31": "2952.00000", "2017-09-30": "3034.00000", "2017-06-30": "2873.00000", "2017-03-31": "2648.00000", "2016-12-31": "2744.00000", "2016-09-30": "2601.00000", "2016-06-30": "3453.00000", "2016-03-31": "2835.00000", "2015-12-31": "3710.00000", "2015-09-30": "2693.00000", "2015-06-30": "3006.00000", "2015-03-31": "3242.00000", "2014-12-31": "2981.00000", "2014-09-30": "3063.00000", "2014-06-30": "2921.00000", "2014-03-31": "3052.00000", "2013-12-31": "2973.00000", "2013-09-30": "2916.00000", "2013-06-30": "2942.00000", "2013-03-31": "3080.00000", "2012-12-31": "2472.00000", "2012-09-30": "3197.00000", "2012-06-30": "3063.00000", "2012-03-31": "2892.00000", "2011-12-31": "2883.00000", "2011-09-30": "2873.00000", "2011-06-30": "2865.00000", "2011-03-31": "2760.00000", "2010-12-31": "2637.00000", "2010-09-30": "3316.00000", "2010-06-30": "2556.00000", "2010-03-31": "2687.00000", "2009-12-31": "2811.00000", "2009-09-30": "2663.00000", "2009-06-30": "2668.00000", "2009-03-31": "2761.00000", "2008-12-31": "3307.00000", "2008-09-30": "2929.00000", "2008-06-30": "2727.00000", "2008-03-31": "2661.00000", "2007-12-31": "3620.00000", "2007-09-30": "2806.00000", "2007-06-30": "2599.00000", "2007-03-31": "3153.00000", "2006-12-31": "3473.00000", "2006-09-30": "3313.10000", "2006-06-30": "3196.70000", "2006-03-31": "3185.30000", "2005-12-31": "3662.50000", "2005-09-30": "3612.80000", "2005-06-30": "3306.20000", "2005-03-31": "3059.50000"}, "Operating Income": {"2020-09-30": "320.00000", "2020-06-30": "-951.00000", "2020-03-31": "-977.00000", "2019-12-31": "418.00000", "2019-09-30": "204.00000", "2019-06-30": "439.00000", "2019-03-31": "649.00000", "2018-12-31": "-88.00000", "2018-09-30": "500.00000", "2018-06-30": "450.00000", "2018-03-31": "546.00000", "2017-12-31": "603.00000", "2017-09-30": "487.00000", "2017-06-30": "486.00000", "2017-03-31": "652.00000", "2016-12-31": "594.00000", "2016-09-30": "686.00000", "2016-06-30": "-146.00000", "2016-03-31": "338.00000", "2015-12-31": "-377.00000", "2015-09-30": "476.00000", "2015-06-30": "429.00000", "2015-03-31": "236.00000", "2014-12-31": "540.00000", "2014-09-30": "460.00000", "2014-06-30": "672.00000", "2014-03-31": "636.00000", "2013-12-31": "741.00000", "2013-09-30": "681.00000", "2013-06-30": "674.00000", "2013-03-31": "606.00000", "2012-12-31": "753.00000", "2012-09-30": "518.00000", "2012-06-30": "325.00000", "2012-03-31": "852.00000", "2011-12-31": "598.00000", "2011-09-30": "565.00000", "2011-06-30": "677.00000", "2011-03-31": "908.00000", "2010-12-31": "1078.00000", "2010-09-30": "385.00000", "2010-06-30": "930.00000", "2010-03-31": "1026.00000", "2009-12-31": "1011.00000", "2009-09-30": "1075.00000", "2009-06-30": "866.00000", "2009-03-31": "262.00000", "2008-12-31": "-564.00000", "2008-09-30": "41.00000", "2008-06-30": "1195.00000", "2008-03-31": "951.00000", "2007-12-31": "947.00000", "2007-09-30": "719.00000", "2007-06-30": "918.00000", "2007-03-31": "1460.00000", "2006-12-31": "1338.00000", "2006-09-30": "1194.10000", "2006-06-30": "1080.60000", "2006-03-31": "1059.20000", "2005-12-31": "259.69950", "2005-09-30": "525.10010", "2005-06-30": "724.49980", "2005-03-31": "681.70000"}, "Total Non-Operating Income/Expense": {"2020-09-30": "-137.00000", "2020-06-30": "-123.00000", "2020-03-31": "-144.00000", "2019-12-31": "-142.00000", "2019-09-30": "-144.00000", "2019-06-30": "-164.00000", "2019-03-31": "-141.00000", "2018-12-31": "-144.00000", "2018-09-30": "-146.00000", "2018-06-30": "-143.00000", "2018-03-31": "-141.00000", "2017-12-31": "-142.00000", "2017-09-30": "-223.00000", "2017-06-30": "-139.00000", "2017-03-31": "-142.00000", "2016-12-31": "-133.00000", "2016-09-30": "-130.00000", "2016-06-30": "-130.00000", "2016-03-31": "-143.00000", "2015-12-31": "-127.00000", "2015-09-30": "-128.00000", "2015-06-30": "-134.00000", "2015-03-31": "-131.00000", "2014-12-31": "-129.00000", "2014-09-30": "-121.00000", "2014-06-30": "-126.00000", "2014-03-31": "-122.00000", "2013-12-31": "-104.00000", "2013-09-30": "-105.00000", "2013-06-30": "-108.00000", "2013-03-31": "-108.00000", "2012-12-31": "-95.00000", "2012-09-30": "-109.00000", "2012-06-30": "-111.00000", "2012-03-31": "-111.00000", "2011-12-31": "-116.00000", "2011-09-30": "-126.00000", "2011-06-30": "-129.00000", "2011-03-31": "-151.00000", "2010-12-31": "-133.00000", "2010-09-30": "-127.00000", "2010-06-30": "-127.00000", "2010-03-31": "-130.00000", "2009-12-31": "-127.00000", "2009-09-30": "-117.00000", "2009-06-30": "-110.00000", "2009-03-31": "-1130.00000", "2008-12-31": "-777.00000", "2008-09-30": "-82.00000", "2008-06-30": "-88.00000", "2008-03-31": "-89.00000", "2007-12-31": "-89.00000", "2007-09-30": "-81.00000", "2007-06-30": "-71.00000", "2007-03-31": "-78.00000", "2006-12-31": "-79.90000", "2006-09-30": "-78.70000", "2006-06-30": "-57.80000", "2006-03-31": "-74.60000", "2005-12-31": "-74.50000", "2005-09-30": "-73.90000", "2005-06-30": "-85.80000", "2005-03-31": "-129.80000"}, "Pre-Tax Income": {"2020-09-30": "183.00000", "2020-06-30": "-1074.00000", "2020-03-31": "-1121.00000", "2019-12-31": "276.00000", "2019-09-30": "60.00000", "2019-06-30": "275.00000", "2019-03-31": "508.00000", "2018-12-31": "-232.00000", "2018-09-30": "354.00000", "2018-06-30": "307.00000", "2018-03-31": "405.00000", "2017-12-31": "461.00000", "2017-09-30": "264.00000", "2017-06-30": "347.00000", "2017-03-31": "510.00000", "2016-12-31": "461.00000", "2016-09-30": "556.00000", "2016-06-30": "-276.00000", "2016-03-31": "195.00000", "2015-12-31": "-504.00000", "2015-09-30": "348.00000", "2015-06-30": "295.00000", "2015-03-31": "105.00000", "2014-12-31": "411.00000", "2014-09-30": "339.00000", "2014-06-30": "546.00000", "2014-03-31": "514.00000", "2013-12-31": "637.00000", "2013-09-30": "576.00000", "2013-06-30": "566.00000", "2013-03-31": "498.00000", "2012-12-31": "658.00000", "2012-09-30": "409.00000", "2012-06-30": "214.00000", "2012-03-31": "741.00000", "2011-12-31": "482.00000", "2011-09-30": "439.00000", "2011-06-30": "548.00000", "2011-03-31": "757.00000", "2010-12-31": "945.00000", "2010-09-30": "258.00000", "2010-06-30": "803.00000", "2010-03-31": "896.00000", "2009-12-31": "884.00000", "2009-09-30": "958.00000", "2009-06-30": "756.00000", "2009-03-31": "-868.00000", "2008-12-31": "-1341.00000", "2008-09-30": "-41.00000", "2008-06-30": "1107.00000", "2008-03-31": "862.00000", "2007-12-31": "947.00000", "2007-09-30": "638.00000", "2007-06-30": "847.00000", "2007-03-31": "1382.00000", "2006-12-31": "1338.00000", "2006-09-30": "1115.40000", "2006-06-30": "1022.80000", "2006-03-31": "984.60000", "2005-12-31": "185.20000", "2005-09-30": "451.20000", "2005-06-30": "638.70000", "2005-03-31": "551.90000"}, "Income Taxes": {"2020-09-30": "21.00000", "2020-06-30": "-228.00000", "2020-03-31": "-77.00000", "2019-12-31": "65.00000", "2019-09-30": "21.00000", "2019-06-30": "50.00000", "2019-03-31": "112.00000", "2018-12-31": "-21.00000", "2018-09-30": "65.00000", "2018-06-30": "59.00000", "2018-03-31": "25.00000", "2017-12-31": "-70.00000", "2017-09-30": "52.00000", "2017-06-30": "69.00000", "2017-03-31": "119.00000", "2016-12-31": "49.00000", "2016-09-30": "163.00000", "2016-06-30": "12.00000", "2016-03-31": "-4.00000", "2015-12-31": "-213.00000", "2015-09-30": "66.00000", "2015-06-30": "48.00000", "2015-03-31": "56.00000", "2014-12-31": "110.00000", "2014-09-30": "99.00000", "2014-06-30": "145.00000", "2014-03-31": "103.00000", "2013-12-31": "229.00000", "2013-09-30": "155.00000", "2013-06-30": "163.00000", "2013-03-31": "109.00000", "2012-12-31": "176.00000", "2012-09-30": "99.00000", "2012-06-30": "16.00000", "2012-03-31": "222.00000", "2011-12-31": "70.00000", "2011-09-30": "123.00000", "2011-06-30": "144.00000", "2011-03-31": "195.00000", "2010-12-31": "275.00000", "2010-09-30": "84.00000", "2010-06-30": "262.00000", "2010-03-31": "273.00000", "2009-12-31": "277.00000", "2009-09-30": "266.00000", "2009-06-30": "197.00000", "2009-03-31": "-395.00000", "2008-12-31": "-530.00000", "2008-09-30": "-56.00000", "2008-06-30": "340.00000", "2008-03-31": "253.00000", "2007-12-31": "311.00000", "2007-09-30": "182.00000", "2007-06-30": "256.00000", "2007-03-31": "453.00000", "2006-12-31": "412.00000", "2006-09-30": "363.60000", "2006-06-30": "337.20000", "2006-03-31": "334.20000", "2005-12-31": "36.40000", "2005-09-30": "104.60000", "2005-06-30": "164.70000", "2005-03-31": "177.30000"}, "Income After Taxes": {"2020-09-30": "162.00000", "2020-06-30": "-846.00000", "2020-03-31": "-1044.00000", "2019-12-31": "211.00000", "2019-09-30": "39.00000", "2019-06-30": "225.00000", "2019-03-31": "396.00000", "2018-12-31": "-211.00000", "2018-09-30": "289.00000", "2018-06-30": "248.00000", "2018-03-31": "380.00000", "2017-12-31": "531.00000", "2017-09-30": "212.00000", "2017-06-30": "278.00000", "2017-03-31": "391.00000", "2016-12-31": "412.00000", "2016-09-30": "393.00000", "2016-06-30": "-288.00000", "2016-03-31": "199.00000", "2015-12-31": "-291.00000", "2015-09-30": "282.00000", "2015-06-30": "247.00000", "2015-03-31": "49.00000", "2014-12-31": "301.00000", "2014-09-30": "240.00000", "2014-06-30": "401.00000", "2014-03-31": "411.00000", "2013-12-31": "408.00000", "2013-09-30": "421.00000", "2013-06-30": "403.00000", "2013-03-31": "389.00000", "2012-12-31": "482.00000", "2012-09-30": "310.00000", "2012-06-30": "198.00000", "2012-03-31": "519.00000", "2011-12-31": "412.00000", "2011-09-30": "316.00000", "2011-06-30": "404.00000", "2011-03-31": "562.00000", "2010-12-31": "670.00000", "2010-09-30": "174.00000", "2010-06-30": "541.00000", "2010-03-31": "623.00000", "2009-12-31": "607.00000", "2009-09-30": "692.00000", "2009-06-30": "559.00000", "2009-03-31": "-473.00000", "2008-12-31": "-811.00000", "2008-09-30": "15.00000", "2008-06-30": "767.00000", "2008-03-31": "609.00000", "2007-12-31": "636.00000", "2007-09-30": "456.00000", "2007-06-30": "591.00000", "2007-03-31": "929.00000", "2006-12-31": "926.00000", "2006-09-30": "751.80000", "2006-06-30": "685.60000", "2006-03-31": "650.40000", "2005-12-31": "148.80000", "2005-09-30": "346.60000", "2005-06-30": "474.00000", "2005-03-31": "374.60000"}, "Other Income": {"2020-09-30": "", "2020-06-30": "", "2020-03-31": "", "2019-12-31": "", "2019-09-30": "", "2019-06-30": "", "2019-03-31": "", "2018-12-31": "", "2018-09-30": "", "2018-06-30": "", "2018-03-31": "", "2017-12-31": "", "2017-09-30": "", "2017-06-30": "", "2017-03-31": "", "2016-12-31": "", "2016-09-30": "", "2016-06-30": "", "2016-03-31": "", "2015-12-31": "", "2015-09-30": "", "2015-06-30": "", "2015-03-31": "", "2014-12-31": "", "2014-09-30": "", "2014-06-30": "", "2014-03-31": "", "2013-12-31": "", "2013-09-30": "", "2013-06-30": "", "2013-03-31": "", "2012-12-31": "", "2012-09-30": "", "2012-06-30": "", "2012-03-31": "", "2011-12-31": "", "2011-09-30": "", "2011-06-30": "", "2011-03-31": "", "2010-12-31": "", "2010-09-30": "", "2010-06-30": "", "2010-03-31": "", "2009-12-31": "", "2009-09-30": "", "2009-06-30": "", "2009-03-31": "", "2008-12-31": "", "2008-09-30": "", "2008-06-30": "", "2008-03-31": "", "2007-12-31": "", "2007-09-30": "", "2007-06-30": "", "2007-03-31": "", "2006-12-31": "", "2006-09-30": "", "2006-06-30": "", "2006-03-31": "", "2005-12-31": "", "2005-09-30": "", "2005-06-30": "", "2005-03-31": ""}, "Income From Continuous Operations": {"2020-09-30": "162.00000", "2020-06-30": "-846.00000", "2020-03-31": "-1044.00000", "2019-12-31": "211.00000", "2019-09-30": "39.00000", "2019-06-30": "225.00000", "2019-03-31": "396.00000", "2018-12-31": "-211.00000", "2018-09-30": "289.00000", "2018-06-30": "248.00000", "2018-03-31": "380.00000", "2017-12-31": "531.00000", "2017-09-30": "212.00000", "2017-06-30": "278.00000", "2017-03-31": "391.00000", "2016-12-31": "412.00000", "2016-09-30": "393.00000", "2016-06-30": "-288.00000", "2016-03-31": "199.00000", "2015-12-31": "-291.00000", "2015-09-30": "282.00000", "2015-06-30": "247.00000", "2015-03-31": "49.00000", "2014-12-31": "301.00000", "2014-09-30": "240.00000", "2014-06-30": "401.00000", "2014-03-31": "411.00000", "2013-12-31": "408.00000", "2013-09-30": "421.00000", "2013-06-30": "403.00000", "2013-03-31": "389.00000", "2012-12-31": "482.00000", "2012-09-30": "310.00000", "2012-06-30": "198.00000", "2012-03-31": "519.00000", "2011-12-31": "412.00000", "2011-09-30": "316.00000", "2011-06-30": "404.00000", "2011-03-31": "562.00000", "2010-12-31": "670.00000", "2010-09-30": "174.00000", "2010-06-30": "541.00000", "2010-03-31": "623.00000", "2009-12-31": "607.00000", "2009-09-30": "692.00000", "2009-06-30": "559.00000", "2009-03-31": "-473.00000", "2008-12-31": "-811.00000", "2008-09-30": "15.00000", "2008-06-30": "767.00000", "2008-03-31": "609.00000", "2007-12-31": "505.00000", "2007-09-30": "309.00000", "2007-06-30": "422.00000", "2007-03-31": "763.00000", "2006-12-31": "763.00000", "2006-09-30": "629.40000", "2006-06-30": "571.10000", "2006-03-31": "546.00000", "2005-12-31": "107.50000", "2005-09-30": "300.00000", "2005-06-30": "433.80000", "2005-03-31": "339.70000"}, "Income From Discontinued Operations": {"2020-09-30": "", "2020-06-30": "", "2020-03-31": "", "2019-12-31": "", "2019-09-30": "", "2019-06-30": "", "2019-03-31": "", "2018-12-31": "", "2018-09-30": "", "2018-06-30": "", "2018-03-31": "", "2017-12-31": "", "2017-09-30": "", "2017-06-30": "", "2017-03-31": "", "2016-12-31": "", "2016-09-30": "", "2016-06-30": "", "2016-03-31": "", "2015-12-31": "", "2015-09-30": "", "2015-06-30": "", "2015-03-31": "", "2014-12-31": "-7.00000", "2014-09-30": "29.00000", "2014-06-30": "-186.00000", "2014-03-31": "-227.00000", "2013-12-31": "-533.00000", "2013-09-30": "-37.00000", "2013-06-30": "9.00000", "2013-03-31": "9.00000", "2012-12-31": "", "2012-09-30": "", "2012-06-30": "", "2012-03-31": "", "2011-12-31": "", "2011-09-30": "", "2011-06-30": "", "2011-03-31": "", "2010-12-31": "2.00000", "2010-09-30": "-22.00000", "2010-06-30": "", "2010-03-31": "", "2009-12-31": "-1.00000", "2009-09-30": "-1.00000", "2009-06-30": "", "2009-03-31": "", "2008-12-31": "1.00000", "2008-09-30": "7.00000", "2008-06-30": "4452.00000", "2008-03-31": "253.00000", "2007-12-31": "7.00000", "2007-09-30": "246.00000", "2007-06-30": "232.00000", "2007-03-31": "5.00000", "2006-12-31": "-17.00000", "2006-09-30": "5.70000", "2006-06-30": "-2.40000", "2006-03-31": "-5.00000", "2005-12-31": "20.40000", "2005-09-30": "2.20000", "2005-06-30": "1.80000", "2005-03-31": "6.60000"}, "Net Income": {"2020-09-30": "139.00000", "2020-06-30": "-835.00000", "2020-03-31": "-632.00000", "2019-12-31": "217.00000", "2019-09-30": "72.00000", "2019-06-30": "249.00000", "2019-03-31": "394.00000", "2018-12-31": "-165.00000", "2018-09-30": "278.00000", "2018-06-30": "230.00000", "2018-03-31": "293.00000", "2017-12-31": "481.00000", "2017-09-30": "157.00000", "2017-06-30": "231.00000", "2017-03-31": "295.00000", "2016-12-31": "290.00000", "2016-09-30": "327.00000", "2016-06-30": "-65.00000", "2016-03-31": "102.00000", "2015-12-31": "-201.00000", "2015-09-30": "182.00000", "2015-06-30": "170.00000", "2015-03-31": "109.00000", "2014-12-31": "208.00000", "2014-09-30": "208.00000", "2014-06-30": "116.00000", "2014-03-31": "59.00000", "2013-12-31": "-198.00000", "2013-09-30": "282.00000", "2013-06-30": "269.00000", "2013-03-31": "242.00000", "2012-12-31": "-32.00000", "2012-09-30": "177.00000", "2012-06-30": "56.00000", "2012-03-31": "367.00000", "2011-12-31": "271.00000", "2011-09-30": "162.00000", "2011-06-30": "250.00000", "2011-03-31": "379.00000", "2010-12-31": "467.00000", "2010-09-30": "36.00000", "2010-06-30": "366.00000", "2010-03-31": "420.00000", "2009-12-31": "403.00000", "2009-09-30": "468.00000", "2009-06-30": "340.00000", "2009-03-31": "-647.00000", "2008-12-31": "-958.00000", "2008-09-30": "-137.00000", "2008-06-30": "4859.00000", "2008-03-31": "555.00000", "2007-12-31": "512.00000", "2007-09-30": "409.00000", "2007-06-30": "513.00000", "2007-03-31": "650.00000", "2006-12-31": "746.00000", "2006-09-30": "517.20000", "2006-06-30": "474.90000", "2006-03-31": "473.40000", "2005-12-31": "46.60000", "2005-09-30": "234.70000", "2005-06-30": "379.90000", "2005-03-31": "299.80000"}, "EBITDA": {"2020-09-30": "320.00000", "2020-06-30": "-951.00000", "2020-03-31": "-977.00000", "2019-12-31": "418.00000", "2019-09-30": "204.00000", "2019-06-30": "439.00000", "2019-03-31": "649.00000", "2018-12-31": "-88.00000", "2018-09-30": "500.00000", "2018-06-30": "450.00000", "2018-03-31": "546.00000", "2017-12-31": "603.00000", "2017-09-30": "487.00000", "2017-06-30": "486.00000", "2017-03-31": "652.00000", "2016-12-31": "594.00000", "2016-09-30": "686.00000", "2016-06-30": "-146.00000", "2016-03-31": "338.00000", "2015-12-31": "-377.00000", "2015-09-30": "476.00000", "2015-06-30": "429.00000", "2015-03-31": "236.00000", "2014-12-31": "540.00000", "2014-09-30": "460.00000", "2014-06-30": "672.00000", "2014-03-31": "636.00000", "2013-12-31": "741.00000", "2013-09-30": "681.00000", "2013-06-30": "674.00000", "2013-03-31": "606.00000", "2012-12-31": "753.00000", "2012-09-30": "518.00000", "2012-06-30": "325.00000", "2012-03-31": "852.00000", "2011-12-31": "598.00000", "2011-09-30": "565.00000", "2011-06-30": "677.00000", "2011-03-31": "908.00000", "2010-12-31": "1078.00000", "2010-09-30": "385.00000", "2010-06-30": "930.00000", "2010-03-31": "1026.00000", "2009-12-31": "1011.00000", "2009-09-30": "1075.00000", "2009-06-30": "866.00000", "2009-03-31": "262.00000", "2008-12-31": "-564.00000", "2008-09-30": "41.00000", "2008-06-30": "1195.00000", "2008-03-31": "951.00000", "2007-12-31": "947.00000", "2007-09-30": "719.00000", "2007-06-30": "918.00000", "2007-03-31": "1460.00000", "2006-12-31": "1338.00000", "2006-09-30": "1194.10000", "2006-06-30": "1080.60000", "2006-03-31": "1059.20000", "2005-12-31": "259.69950", "2005-09-30": "525.10010", "2005-06-30": "724.49980", "2005-03-31": "681.70000"}, "EBIT": {"2020-09-30": "320.00000", "2020-06-30": "-951.00000", "2020-03-31": "-977.00000", "2019-12-31": "418.00000", "2019-09-30": "204.00000", "2019-06-30": "439.00000", "2019-03-31": "649.00000", "2018-12-31": "-88.00000", "2018-09-30": "500.00000", "2018-06-30": "450.00000", "2018-03-31": "546.00000", "2017-12-31": "603.00000", "2017-09-30": "487.00000", "2017-06-30": "486.00000", "2017-03-31": "652.00000", "2016-12-31": "594.00000", "2016-09-30": "686.00000", "2016-06-30": "-146.00000", "2016-03-31": "338.00000", "2015-12-31": "-377.00000", "2015-09-30": "476.00000", "2015-06-30": "429.00000", "2015-03-31": "236.00000", "2014-12-31": "540.00000", "2014-09-30": "460.00000", "2014-06-30": "672.00000", "2014-03-31": "636.00000", "2013-12-31": "741.00000", "2013-09-30": "681.00000", "2013-06-30": "674.00000", "2013-03-31": "606.00000", "2012-12-31": "753.00000", "2012-09-30": "518.00000", "2012-06-30": "325.00000", "2012-03-31": "852.00000", "2011-12-31": "598.00000", "2011-09-30": "565.00000", "2011-06-30": "677.00000", "2011-03-31": "908.00000", "2010-12-31": "1078.00000", "2010-09-30": "385.00000", "2010-06-30": "930.00000", "2010-03-31": "1026.00000", "2009-12-31": "1011.00000", "2009-09-30": "1075.00000", "2009-06-30": "866.00000", "2009-03-31": "262.00000", "2008-12-31": "-564.00000", "2008-09-30": "41.00000", "2008-06-30": "1195.00000", "2008-03-31": "951.00000", "2007-12-31": "947.00000", "2007-09-30": "719.00000", "2007-06-30": "918.00000", "2007-03-31": "1460.00000", "2006-12-31": "1338.00000", "2006-09-30": "1194.10000", "2006-06-30": "1080.60000", "2006-03-31": "1059.20000", "2005-12-31": "259.70020", "2005-09-30": "525.10010", "2005-06-30": "724.49980", "2005-03-31": "681.70000"}, "Basic Shares Outstanding": {"2020-09-30": "279.40000", "2020-06-30": "281.48000", "2020-03-31": "287.04000", "2019-12-31": "302.70000", "2019-09-30": "301.65000", "2019-06-30": "303.84000", "2019-03-31": "309.83000", "2018-12-31": "319.06000", "2018-09-30": "315.90000", "2018-06-30": "318.87000", "2018-03-31": "327.78000", "2017-12-31": "336.61000", "2017-09-30": "336.91000", "2017-06-30": "336.91000", "2017-03-31": "336.88000", "2016-12-31": "337.95000", "2016-09-30": "337.18000", "2016-06-30": "338.72000", "2016-03-31": "339.10000", "2015-12-31": "362.43000", "2015-09-30": "360.91000", "2015-06-30": "369.61000", "2015-03-31": "372.83000", "2014-12-31": "381.92000", "2014-09-30": "380.59000", "2014-06-30": "385.72000", "2014-03-31": "387.34000", "2013-12-31": "388.64000", "2013-09-30": "387.26000", "2013-06-30": "388.79000", "2013-03-31": "391.39000", "2012-12-31": "395.12000", "2012-09-30": "394.48000", "2012-06-30": "396.40000", "2012-03-31": "396.77000", "2011-12-31": "404.53000", "2011-09-30": "401.01000", "2011-06-30": "407.82000", "2011-03-31": "412.90000", "2010-12-31": "418.72000", "2010-09-30": "417.67000", "2010-06-30": "418.64000", "2010-03-31": "422.77000", "2009-12-31": "432.81000", "2009-09-30": "432.75000", "2009-06-30": "435.07000", "2009-03-31": "435.12000", "2008-12-31": "585.70000", "2008-09-30": "436.32000", "2008-06-30": "616.64000", "2008-03-31": "638.16990", "2007-12-31": "639.55000", "2007-09-30": "640.30000", "2007-06-30": "644.74000", "2007-03-31": "649.90000", "2006-12-31": "656.81000", "2006-09-30": "651.07000", "2006-06-30": "641.40000", "2006-03-31": "635.70000", "2005-12-31": "626.50000", "2005-09-30": "625.29000", "2005-06-30": "624.99010", "2005-03-31": "760.83000"}, "Shares Outstanding": {"2020-09-30": "279.49000", "2020-06-30": "281.48000", "2020-03-31": "287.04000", "2019-12-31": "303.35000", "2019-09-30": "302.35000", "2019-06-30": "304.54000", "2019-03-31": "310.36000", "2018-12-31": "319.93000", "2018-09-30": "316.81000", "2018-06-30": "319.78000", "2018-03-31": "328.72000", "2017-12-31": "337.50000", "2017-09-30": "337.79000", "2017-06-30": "337.72000", "2017-03-31": "337.68000", "2016-12-31": "338.31000", "2016-09-30": "337.62000", "2016-06-30": "338.72000", "2016-03-31": "339.25000", "2015-12-31": "362.69000", "2015-09-30": "361.10000", "2015-06-30": "369.97000", "2015-03-31": "373.19000", "2014-12-31": "382.55000", "2014-09-30": "381.19000", "2014-06-30": "386.37000", "2014-03-31": "388.07000", "2013-12-31": "389.51000", "2013-09-30": "388.14000", "2013-06-30": "389.62000", "2013-03-31": "392.16000", "2012-12-31": "395.87000", "2012-09-30": "395.29000", "2012-06-30": "397.13000", "2012-03-31": "397.44000", "2011-12-31": "405.32000", "2011-09-30": "401.73000", "2011-06-30": "408.74000", "2011-03-31": "413.83000", "2010-12-31": "419.52000", "2010-09-30": "418.47000", "2010-06-30": "419.38000", "2010-03-31": "423.64000", "2009-12-31": "433.45000", "2009-09-30": "433.48000", "2009-06-30": "435.63000", "2009-03-31": "435.12000", "2008-12-31": "585.83000", "2008-09-30": "436.32000", "2008-06-30": "618.03000", "2008-03-31": "639.51000", "2007-12-31": "639.55000", "2007-09-30": "641.77000", "2007-06-30": "646.06000", "2007-03-31": "651.07000", "2006-12-31": "656.81000", "2006-09-30": "652.03000", "2006-06-30": "642.27000", "2006-03-31": "636.57000", "2005-12-31": "627.45000", "2005-09-30": "626.33000", "2005-06-30": "625.80000", "2005-03-31": "761.73000"}, "Basic EPS": {"2020-09-30": "0.50000", "2020-06-30": "-2.96000", "2020-03-31": "-2.20000", "2019-12-31": "0.75000", "2019-09-30": "0.24000", "2019-06-30": "0.82000", "2019-03-31": "1.27000", "2018-12-31": "-0.50000", "2018-09-30": "0.88000", "2018-06-30": "0.72000", "2018-03-31": "0.89000", "2017-12-31": "1.43000", "2017-09-30": "0.46000", "2017-06-30": "0.69000", "2017-03-31": "0.88000", "2016-12-31": "0.85000", "2016-09-30": "0.97000", "2016-06-30": "-0.19000", "2016-03-31": "0.30000", "2015-12-31": "-0.53000", "2015-09-30": "0.50000", "2015-06-30": "0.46000", "2015-03-31": "0.29000", "2014-12-31": "0.55000", "2014-09-30": "0.55000", "2014-06-30": "0.30000", "2014-03-31": "0.15000", "2013-12-31": "-0.51000", "2013-09-30": "0.73000", "2013-06-30": "0.69000", "2013-03-31": "0.62000", "2012-12-31": "-0.08000", "2012-09-30": "0.45000", "2012-06-30": "0.14000", "2012-03-31": "0.93000", "2011-12-31": "0.68000", "2011-09-30": "0.41000", "2011-06-30": "0.61000", "2011-03-31": "0.92000", "2010-12-31": "1.12000", "2010-09-30": "0.09000", "2010-06-30": "0.88000", "2010-03-31": "0.99000", "2009-12-31": "0.93000", "2009-09-30": "1.08000", "2009-06-30": "0.78000", "2009-03-31": "-1.49000", "2008-12-31": "-1.25000", "2008-09-30": "-0.31000", "2008-06-30": "9.56000", "2008-03-31": "1.05000", "2007-12-31": "0.72000", "2007-09-30": "0.77000", "2007-06-30": "0.95000", "2007-03-31": "1.20000", "2006-12-31": "1.11000", "2006-09-30": "0.94000", "2006-06-30": "0.86000", "2006-03-31": "0.85000", "2005-12-31": "0.08000", "2005-09-30": "0.42000", "2005-06-30": "0.68000", "2005-03-31": "0.54000"}, "EPS - Earnings Per Share": {"2020-09-30": "0.50000", "2020-06-30": "-2.96000", "2020-03-31": "-2.20000", "2019-12-31": "0.74000", "2019-09-30": "0.24000", "2019-06-30": "0.82000", "2019-03-31": "1.27000", "2018-12-31": "-0.50000", "2018-09-30": "0.88000", "2018-06-30": "0.72000", "2018-03-31": "0.89000", "2017-12-31": "1.43000", "2017-09-30": "0.46000", "2017-06-30": "0.69000", "2017-03-31": "0.87000", "2016-12-31": "0.85000", "2016-09-30": "0.97000", "2016-06-30": "-0.19000", "2016-03-31": "0.30000", "2015-12-31": "-0.53000", "2015-09-30": "0.50000", "2015-06-30": "0.46000", "2015-03-31": "0.29000", "2014-12-31": "0.55000", "2014-09-30": "0.55000", "2014-06-30": "0.30000", "2014-03-31": "0.15000", "2013-12-31": "-0.51000", "2013-09-30": "0.73000", "2013-06-30": "0.69000", "2013-03-31": "0.62000", "2012-12-31": "-0.08000", "2012-09-30": "0.45000", "2012-06-30": "0.14000", "2012-03-31": "0.92000", "2011-12-31": "0.69000", "2011-09-30": "0.40000", "2011-06-30": "0.61000", "2011-03-31": "0.92000", "2010-12-31": "1.12000", "2010-09-30": "0.09000", "2010-06-30": "0.87000", "2010-03-31": "0.99000", "2009-12-31": "0.93000", "2009-09-30": "1.08000", "2009-06-30": "0.78000", "2009-03-31": "-1.49000", "2008-12-31": "-1.23000", "2008-09-30": "-0.31000", "2008-06-30": "9.54000", "2008-03-31": "1.05000", "2007-12-31": "0.72000", "2007-09-30": "0.77000", "2007-06-30": "0.95000", "2007-03-31": "1.20000", "2006-12-31": "1.11000", "2006-09-30": "0.94000", "2006-06-30": "0.85000", "2006-03-31": "0.85000", "2005-12-31": "0.08000", "2005-09-30": "0.42000", "2005-06-30": "0.68000", "2005-03-31": "0.54000"}}, "balance sheet": {"Cash On Hand": {"2019-12-31": "336.00000", "2018-12-31": "405.00000", "2017-12-31": "472.00000", "2016-12-31": "327.00000", "2015-12-31": "440.00000", "2014-12-31": "364.00000", "2013-12-31": "294.00000", "2012-12-31": "228.00000", "2011-12-31": "129.00000", "2010-12-31": "120.00000", "2009-12-31": "190.00000", "2008-12-31": "131.00000", "2007-12-31": "140.00000", "2006-12-31": "118.00000", "2005-12-31": "153.10000"}, "Receivables": {"2019-12-31": "7675.00000", "2018-12-31": "7960.00000", "2017-12-31": "7613.00000", "2016-12-31": "7644.00000", "2015-12-31": "8041.00000", "2014-12-31": "7770.00000", "2013-12-31": "9338.00000", "2012-12-31": "9366.00000", "2011-12-31": "9259.00000", "2010-12-31": "10142.00000", "2009-12-31": "10212.00000", "2008-12-31": "11672.00000", "2007-12-31": "11469.00000", "2006-12-31": "12936.00000", "2005-12-31": "15543.90000"}, "Inventory": {"2019-12-31": "", "2018-12-31": "", "2017-12-31": "", "2016-12-31": "", "2015-12-31": "", "2014-12-31": "", "2013-12-31": "", "2012-12-31": "", "2011-12-31": "", "2010-12-31": "", "2009-12-31": "", "2008-12-31": "", "2007-12-31": "", "2006-12-31": "", "2005-12-31": ""}, "Pre-Paid Expenses": {"2019-12-31": "", "2018-12-31": "", "2017-12-31": "", "2016-12-31": "", "2015-12-31": "", "2014-12-31": "", "2013-12-31": "", "2012-12-31": "", "2011-12-31": "", "2010-12-31": "", "2009-12-31": "", "2008-12-31": "", "2007-12-31": "", "2006-12-31": "", "2005-12-31": ""}, "Other Current Assets": {"2019-12-31": "", "2018-12-31": "", "2017-12-31": "", "2016-12-31": "", "2015-12-31": "", "2014-12-31": "", "2013-12-31": "", "2012-12-31": "", "2011-12-31": "", "2010-12-31": "", "2009-12-31": "", "2008-12-31": "", "2007-12-31": "", "2006-12-31": "", "2005-12-31": ""}, "Total Current Assets": {"2019-12-31": "8011.00000", "2018-12-31": "8365.00000", "2017-12-31": "8085.00000", "2016-12-31": "7971.00000", "2015-12-31": "8481.00000", "2014-12-31": "8134.00000", "2013-12-31": "9632.00000", "2012-12-31": "9594.00000", "2011-12-31": "9388.00000", "2010-12-31": "10262.00000", "2009-12-31": "10402.00000", "2008-12-31": "11803.00000", "2007-12-31": "11609.00000", "2006-12-31": "13054.00000", "2005-12-31": "15697.00000"}, "Property, Plant, And Equipment": {"2019-12-31": "15568.00000", "2018-12-31": "15511.00000", "2017-12-31": "15427.00000", "2016-12-31": "15230.00000", "2015-12-31": "15477.00000", "2014-12-31": "15611.00000", "2013-12-31": "13524.00000", "2012-12-31": "13935.00000", "2011-12-31": "13618.00000", "2010-12-31": "12636.00000", "2009-12-31": "13274.00000", "2008-12-31": "12892.00000", "2007-12-31": "10218.00000", "2006-12-31": "5490.00000", "2005-12-31": "4951.60000"}, "Long-Term Investments": {"2019-12-31": "51250.00000", "2018-12-31": "48186.00000", "2017-12-31": "52226.00000", "2016-12-31": "50711.00000", "2015-12-31": "49400.00000", "2014-12-31": "52032.00000", "2013-12-31": "52945.00000", "2012-12-31": "53048.00000", "2011-12-31": "49028.00000", "2010-12-31": "48907.00000", "2009-12-31": "46034.00000", "2008-12-31": "38450.00000", "2007-12-31": "46669.00000", "2006-12-31": "53870.00000", "2005-12-31": "45396.00000"}, "Goodwill And Intangible Assets": {"2019-12-31": "767.00000", "2018-12-31": "665.00000", "2017-12-31": "659.00000", "2016-12-31": "346.00000", "2015-12-31": "351.00000", "2014-12-31": "374.00000", "2013-12-31": "357.00000", "2012-12-31": "996.00000", "2011-12-31": "908.00000", "2010-12-31": "856.00000", "2009-12-31": "856.00000", "2008-12-31": "856.00000", "2007-12-31": "1353.00000", "2006-12-31": "294.00000", "2005-12-31": "297.40000"}, "Other Long-Term Assets": {"2019-12-31": "5985.00000", "2018-12-31": "4956.00000", "2017-12-31": "2555.00000", "2016-12-31": "1736.00000", "2015-12-31": "1699.00000", "2014-12-31": "1616.00000", "2013-12-31": "1816.00000", "2012-12-31": "1850.00000", "2011-12-31": "1774.00000", "2010-12-31": "2537.00000", "2009-12-31": "1769.00000", "2008-12-31": "1816.00000", "2007-12-31": "1823.00000", "2006-12-31": "2377.00000", "2005-12-31": "2461.10000"}, "Total Long-Term Assets": {"2019-12-31": "74232.00000", "2018-12-31": "69951.00000", "2017-12-31": "71501.00000", "2016-12-31": "68623.00000", "2015-12-31": "67525.00000", "2014-12-31": "70233.00000", "2013-12-31": "70307.00000", "2012-12-31": "70427.00000", "2011-12-31": "65880.00000", "2010-12-31": "66015.00000", "2009-12-31": "63668.00000", "2008-12-31": "58067.00000", "2007-12-31": "64506.00000", "2006-12-31": "63827.00000", "2005-12-31": "55208.80000"}, "Total Assets": {"2019-12-31": "82243.00000", "2018-12-31": "78316.00000", "2017-12-31": "79586.00000", "2016-12-31": "76594.00000", "2015-12-31": "76006.00000", "2014-12-31": "78367.00000", "2013-12-31": "79939.00000", "2012-12-31": "80021.00000", "2011-12-31": "75268.00000", "2010-12-31": "76277.00000", "2009-12-31": "74070.00000", "2008-12-31": "69870.00000", "2007-12-31": "76115.00000", "2006-12-31": "76881.00000", "2005-12-31": "70905.80000"}, "Total Current Liabilities": {"2019-12-31": "38799.00000", "2018-12-31": "36823.00000", "2017-12-31": "37552.00000", "2016-12-31": "36691.00000", "2015-12-31": "38093.00000", "2014-12-31": "37388.00000", "2013-12-31": "39347.00000", "2012-12-31": "40229.00000", "2011-12-31": "37804.00000", "2010-12-31": "38922.00000", "2009-12-31": "38813.00000", "2008-12-31": "39836.00000", "2007-12-31": "41560.00000", "2006-12-31": "42670.00000", "2005-12-31": "45072.30000"}, "Long Term Debt": {"2019-12-31": "11456.00000", "2018-12-31": "11359.00000", "2017-12-31": "11253.00000", "2016-12-31": "10668.00000", "2015-12-31": "9520.00000", "2014-12-31": "10333.00000", "2013-12-31": "9525.00000", "2012-12-31": "9191.00000", "2011-12-31": "8913.00000", "2010-12-31": "8830.00000", "2009-12-31": "9475.00000", "2008-12-31": "8187.00000", "2007-12-31": "6963.00000", "2006-12-31": "9170.00000", "2005-12-31": "5376.00000"}, "Other Non-Current Liabilities": {"2019-12-31": "8890.00000", "2018-12-31": "7907.00000", "2017-12-31": "5466.00000", "2016-12-31": "5238.00000", "2015-12-31": "5201.00000", "2014-12-31": "5103.00000", "2013-12-31": "4813.00000", "2012-12-31": "5085.00000", "2011-12-31": "4726.00000", "2010-12-31": "4857.00000", "2009-12-31": "4697.00000", "2008-12-31": "4712.00000", "2007-12-31": "4466.00000", "2006-12-31": "5643.00000", "2005-12-31": "5306.50000"}, "Total Long Term Liabilities": {"2019-12-31": "21514.00000", "2018-12-31": "20107.00000", "2017-12-31": "17468.00000", "2016-12-31": "16542.00000", "2015-12-31": "15103.00000", "2014-12-31": "16329.00000", "2013-12-31": "15686.00000", "2012-12-31": "15116.00000", "2011-12-31": "14261.00000", "2010-12-31": "14249.00000", "2009-12-31": "14172.00000", "2008-12-31": "12899.00000", "2007-12-31": "16964.00000", "2006-12-31": "17709.00000", "2005-12-31": "12741.40000"}, "Total Liabilities": {"2019-12-31": "60313.00000", "2018-12-31": "56930.00000", "2017-12-31": "55020.00000", "2016-12-31": "53233.00000", "2015-12-31": "53196.00000", "2014-12-31": "53717.00000", "2013-12-31": "55033.00000", "2012-12-31": "55345.00000", "2011-12-31": "52065.00000", "2010-12-31": "53171.00000", "2009-12-31": "52985.00000", "2008-12-31": "52735.00000", "2007-12-31": "58524.00000", "2006-12-31": "60379.00000", "2005-12-31": "57813.70000"}, "Common Stock Net": {"2019-12-31": "3.00000", "2018-12-31": "3.00000", "2017-12-31": "3.00000", "2016-12-31": "3.00000", "2015-12-31": "3.00000", "2014-12-31": "4.00000", "2013-12-31": "4.00000", "2012-12-31": "4.00000", "2011-12-31": "4.00000", "2010-12-31": "4.00000", "2009-12-31": "4.00000", "2008-12-31": "4.00000", "2007-12-31": "6.00000", "2006-12-31": "6.00000", "2005-12-31": "6.40000"}, "Retained Earnings (Accumulated Deficit)": {"2019-12-31": "15823.00000", "2018-12-31": "15773.00000", "2017-12-31": "16096.00000", "2016-12-31": "15196.00000", "2015-12-31": "14731.00000", "2014-12-31": "15515.00000", "2013-12-31": "15508.00000", "2012-12-31": "15192.00000", "2011-12-31": "14890.00000", "2010-12-31": "14564.00000", "2009-12-31": "13693.00000", "2008-12-31": "13375.00000", "2007-12-31": "13691.00000", "2006-12-31": "12099.00000", "2005-12-31": "10364.40000"}, "Comprehensive Income": {"2019-12-31": "-68.00000", "2018-12-31": "-880.00000", "2017-12-31": "-26.00000", "2016-12-31": "-223.00000", "2015-12-31": "-357.00000", "2014-12-31": "280.00000", "2013-12-31": "339.00000", "2012-12-31": "678.00000", "2011-12-31": "384.00000", "2010-12-31": "230.00000", "2009-12-31": "-419.00000", "2008-12-31": "-3586.00000", "2007-12-31": "-65.00000", "2006-12-31": "387.00000", "2005-12-31": "311.10000"}, "Other Share Holders Equity": {"2019-12-31": "", "2018-12-31": "", "2017-12-31": "", "2016-12-31": "", "2015-12-31": "", "2014-12-31": "", "2013-12-31": "", "2012-12-31": "", "2011-12-31": "", "2010-12-31": "", "2009-12-31": "", "2008-12-31": "", "2007-12-31": "", "2006-12-31": "", "2005-12-31": ""}, "Share Holder Equity": {"2019-12-31": "21930.00000", "2018-12-31": "21386.00000", "2017-12-31": "24566.00000", "2016-12-31": "23361.00000", "2015-12-31": "22810.00000", "2014-12-31": "24650.00000", "2013-12-31": "24906.00000", "2012-12-31": "24676.00000", "2011-12-31": "23203.00000", "2010-12-31": "23106.00000", "2009-12-31": "21085.00000", "2008-12-31": "17135.00000", "2007-12-31": "17591.00000", "2006-12-31": "16502.00000", "2005-12-31": "13092.10000"}, "Total Liabilities And Share Holders Equity": {"2019-12-31": "82243.00000", "2018-12-31": "78316.00000", "2017-12-31": "79586.00000", "2016-12-31": "76594.00000", "2015-12-31": "76006.00000", "2014-12-31": "78367.00000", "2013-12-31": "79939.00000", "2012-12-31": "80021.00000", "2011-12-31": "75268.00000", "2010-12-31": "76277.00000", "2009-12-31": "74070.00000", "2008-12-31": "69870.00000", "2007-12-31": "76115.00000", "2006-12-31": "76881.00000", "2005-12-31": "70905.80000"}}, "balance sheet, quarterly": {"Cash On Hand": {"2020-09-30": "886.00000", "2020-06-30": "668.00000", "2020-03-31": "939.00000", "2019-12-31": "336.00000", "2019-09-30": "442.00000", "2019-06-30": "440.00000", "2019-03-31": "339.00000", "2018-12-31": "405.00000", "2018-09-30": "571.00000", "2018-06-30": "453.00000", "2018-03-31": "451.00000", "2017-12-31": "472.00000", "2017-09-30": "416.00000", "2017-06-30": "357.00000", "2017-03-31": "412.00000", "2016-12-31": "327.00000", "2016-09-30": "344.00000", "2016-06-30": "348.00000", "2016-03-31": "308.00000", "2015-12-31": "440.00000", "2015-09-30": "328.00000", "2015-06-30": "249.00000", "2015-03-31": "271.00000", "2014-12-31": "364.00000", "2014-09-30": "637.00000", "2014-06-30": "277.00000", "2014-03-31": "301.00000", "2013-12-31": "294.00000", "2013-09-30": "257.00000", "2013-06-30": "166.00000", "2013-03-31": "179.00000", "2012-12-31": "228.00000", "2012-09-30": "169.00000", "2012-06-30": "136.00000", "2012-03-31": "99.00000", "2011-12-31": "129.00000", "2011-09-30": "128.00000", "2011-06-30": "148.00000", "2011-03-31": "123.00000", "2010-12-31": "120.00000", "2010-09-30": "132.00000", "2010-06-30": "91.00000", "2010-03-31": "135.00000", "2009-12-31": "190.00000", "2009-09-30": "156.00000", "2009-06-30": "136.00000", "2009-03-31": "138.00000", "2008-12-31": "131.00000", "2008-09-30": "236.00000", "2008-06-30": "168.00000", "2008-03-31": "207.00000", "2007-12-31": "140.00000", "2007-09-30": "127.00000", "2007-06-30": "137.10000", "2007-03-31": "128.50000", "2006-12-31": "118.00000", "2006-09-30": "155.70000", "2006-06-30": "139.90000", "2006-03-31": "141.00000", "2005-12-31": "153.10000", "2005-09-30": "203.00000", "2005-06-30": "326.40000", "2005-03-31": "186.10000"}, "Receivables": {"2020-09-30": "7850.00000", "2020-06-30": "8431.00000", "2020-03-31": "8136.00000", "2019-12-31": "7675.00000", "2019-09-30": "7622.00000", "2019-06-30": "8144.00000", "2019-03-31": "8012.00000", "2018-12-31": "7960.00000", "2018-09-30": "7836.00000", "2018-06-30": "8217.00000", "2018-03-31": "7893.00000", "2017-12-31": "7613.00000", "2017-09-30": "7792.00000", "2017-06-30": "7977.00000", "2017-03-31": "7783.00000", "2016-12-31": "7644.00000", "2016-09-30": "7853.00000", "2016-06-30": "8616.00000", "2016-03-31": "8227.00000", "2015-12-31": "8041.00000", "2015-09-30": "8079.00000", "2015-06-30": "8097.00000", "2015-03-31": "8157.00000", "2014-12-31": "7770.00000", "2014-09-30": "8185.00000", "2014-06-30": "8441.00000", "2014-03-31": "8355.00000", "2013-12-31": "9338.00000", "2013-09-30": "9023.00000", "2013-06-30": "9519.00000", "2013-03-31": "9605.00000", "2012-12-31": "9366.00000", "2012-09-30": "9474.00000", "2012-06-30": "9145.00000", "2012-03-31": "9409.00000", "2011-12-31": "9259.00000", "2011-09-30": "10109.00000", "2011-06-30": "10133.00000", "2011-03-31": "10182.00000", "2010-12-31": "10142.00000", "2010-09-30": "11091.00000", "2010-06-30": "9765.00000", "2010-03-31": "10000.00000", "2009-12-31": "10212.00000", "2009-09-30": "11522.00000", "2009-06-30": "11529.00000", "2009-03-31": "11334.00000", "2008-12-31": "11672.00000", "2008-09-30": "12201.00000", "2008-06-30": "11965.00000", "2008-03-31": "11959.00000", "2007-12-31": "11469.00000", "2007-09-30": "12908.80000", "2007-06-30": "14527.40000", "2007-03-31": "13064.00000", "2006-12-31": "12936.00000", "2006-09-30": "14278.00000", "2006-06-30": "14796.90000", "2006-03-31": "15249.90000", "2005-12-31": "15543.90000", "2005-09-30": "17538.00000", "2005-06-30": "18089.70000", "2005-03-31": "18708.00000"}, "Inventory": {"2020-09-30": "", "2020-06-30": "", "2020-03-31": "", "2019-12-31": "", "2019-09-30": "", "2019-06-30": "", "2019-03-31": "", "2018-12-31": "", "2018-09-30": "", "2018-06-30": "", "2018-03-31": "", "2017-12-31": "", "2017-09-30": "", "2017-06-30": "", "2017-03-31": "", "2016-12-31": "", "2016-09-30": "", "2016-06-30": "", "2016-03-31": "", "2015-12-31": "", "2015-09-30": "", "2015-06-30": "", "2015-03-31": "", "2014-12-31": "", "2014-09-30": "", "2014-06-30": "", "2014-03-31": "", "2013-12-31": "", "2013-09-30": "", "2013-06-30": "", "2013-03-31": "", "2012-12-31": "", "2012-09-30": "", "2012-06-30": "", "2012-03-31": "", "2011-12-31": "", "2011-09-30": "", "2011-06-30": "", "2011-03-31": "", "2010-12-31": "", "2010-09-30": "", "2010-06-30": "", "2010-03-31": "", "2009-12-31": "", "2009-09-30": "", "2009-06-30": "", "2009-03-31": "", "2008-12-31": "", "2008-09-30": "", "2008-06-30": "", "2008-03-31": "", "2007-12-31": "", "2007-09-30": "", "2007-06-30": "", "2007-03-31": "", "2006-12-31": "", "2006-09-30": "", "2006-06-30": "", "2006-03-31": "", "2005-12-31": "", "2005-09-30": "", "2005-06-30": "", "2005-03-31": ""}, "Pre-Paid Expenses": {"2020-09-30": "", "2020-06-30": "", "2020-03-31": "", "2019-12-31": "", "2019-09-30": "", "2019-06-30": "", "2019-03-31": "", "2018-12-31": "", "2018-09-30": "", "2018-06-30": "", "2018-03-31": "", "2017-12-31": "", "2017-09-30": "", "2017-06-30": "", "2017-03-31": "", "2016-12-31": "", "2016-09-30": "", "2016-06-30": "", "2016-03-31": "", "2015-12-31": "", "2015-09-30": "", "2015-06-30": "", "2015-03-31": "", "2014-12-31": "", "2014-09-30": "", "2014-06-30": "", "2014-03-31": "", "2013-12-31": "", "2013-09-30": "", "2013-06-30": "", "2013-03-31": "", "2012-12-31": "", "2012-09-30": "", "2012-06-30": "", "2012-03-31": "", "2011-12-31": "", "2011-09-30": "", "2011-06-30": "", "2011-03-31": "", "2010-12-31": "", "2010-09-30": "", "2010-06-30": "", "2010-03-31": "", "2009-12-31": "", "2009-09-30": "", "2009-06-30": "", "2009-03-31": "", "2008-12-31": "", "2008-09-30": "", "2008-06-30": "", "2008-03-31": "", "2007-12-31": "", "2007-09-30": "", "2007-06-30": "", "2007-03-31": "", "2006-12-31": "", "2006-09-30": "", "2006-06-30": "", "2006-03-31": "", "2005-12-31": "", "2005-09-30": "", "2005-06-30": "", "2005-03-31": ""}, "Other Current Assets": {"2020-09-30": "", "2020-06-30": "", "2020-03-31": "", "2019-12-31": "", "2019-09-30": "", "2019-06-30": "", "2019-03-31": "", "2018-12-31": "", "2018-09-30": "", "2018-06-30": "", "2018-03-31": "", "2017-12-31": "", "2017-09-30": "", "2017-06-30": "", "2017-03-31": "", "2016-12-31": "", "2016-09-30": "", "2016-06-30": "", "2016-03-31": "", "2015-12-31": "", "2015-09-30": "", "2015-06-30": "", "2015-03-31": "", "2014-12-31": "", "2014-09-30": "", "2014-06-30": "", "2014-03-31": "", "2013-12-31": "", "2013-09-30": "", "2013-06-30": "", "2013-03-31": "", "2012-12-31": "", "2012-09-30": "", "2012-06-30": "", "2012-03-31": "", "2011-12-31": "", "2011-09-30": "", "2011-06-30": "", "2011-03-31": "", "2010-12-31": "", "2010-09-30": "", "2010-06-30": "", "2010-03-31": "", "2009-12-31": "", "2009-09-30": "", "2009-06-30": "", "2009-03-31": "", "2008-12-31": "", "2008-09-30": "", "2008-06-30": "", "2008-03-31": "", "2007-12-31": "", "2007-09-30": "", "2007-06-30": "", "2007-03-31": "", "2006-12-31": "", "2006-09-30": "", "2006-06-30": "", "2006-03-31": "", "2005-12-31": "", "2005-09-30": "", "2005-06-30": "", "2005-03-31": ""}, "Total Current Assets": {"2020-09-30": "8736.00000", "2020-06-30": "9099.00000", "2020-03-31": "9075.00000", "2019-12-31": "8011.00000", "2019-09-30": "8064.00000", "2019-06-30": "8584.00000", "2019-03-31": "8351.00000", "2018-12-31": "8365.00000", "2018-09-30": "8407.00000", "2018-06-30": "8670.00000", "2018-03-31": "8344.00000", "2017-12-31": "8085.00000", "2017-09-30": "8208.00000", "2017-06-30": "8334.00000", "2017-03-31": "8195.00000", "2016-12-31": "7971.00000", "2016-09-30": "8197.00000", "2016-06-30": "8964.00000", "2016-03-31": "8535.00000", "2015-12-31": "8481.00000", "2015-09-30": "8407.00000", "2015-06-30": "8346.00000", "2015-03-31": "8428.00000", "2014-12-31": "8134.00000", "2014-09-30": "8822.00000", "2014-06-30": "8718.00000", "2014-03-31": "8656.00000", "2013-12-31": "9632.00000", "2013-09-30": "9280.00000", "2013-06-30": "9685.00000", "2013-03-31": "9784.00000", "2012-12-31": "9594.00000", "2012-09-30": "9643.00000", "2012-06-30": "9281.00000", "2012-03-31": "9508.00000", "2011-12-31": "9388.00000", "2011-09-30": "10237.00000", "2011-06-30": "10281.00000", "2011-03-31": "10305.00000", "2010-12-31": "10262.00000", "2010-09-30": "11223.00000", "2010-06-30": "9856.00000", "2010-03-31": "10135.00000", "2009-12-31": "10402.00000", "2009-09-30": "11678.00000", "2009-06-30": "11665.00000", "2009-03-31": "11472.00000", "2008-12-31": "11803.00000", "2008-09-30": "12437.00000", "2008-06-30": "12133.00000", "2008-03-31": "12166.00000", "2007-12-31": "11609.00000", "2007-09-30": "13035.80000", "2007-06-30": "14664.50000", "2007-03-31": "13192.50000", "2006-12-31": "13054.00000", "2006-09-30": "14433.70000", "2006-06-30": "14936.80000", "2006-03-31": "15390.90000", "2005-12-31": "15697.00000", "2005-09-30": "17741.00000", "2005-06-30": "18416.10000", "2005-03-31": "18894.10000"}, "Property, Plant, And Equipment": {"2020-09-30": "10468.00000", "2020-06-30": "10475.00000", "2020-03-31": "14751.00000", "2019-12-31": "15568.00000", "2019-09-30": "15561.00000", "2019-06-30": "15513.00000", "2019-03-31": "15407.00000", "2018-12-31": "15511.00000", "2018-09-30": "15467.00000", "2018-06-30": "15471.00000", "2018-03-31": "15461.00000", "2017-12-31": "15427.00000", "2017-09-30": "15475.00000", "2017-06-30": "15447.00000", "2017-03-31": "15160.00000", "2016-12-31": "15230.00000", "2016-09-30": "15200.00000", "2016-06-30": "15126.00000", "2016-03-31": "15351.00000", "2015-12-31": "15477.00000", "2015-09-30": "15902.00000", "2015-06-30": "15917.00000", "2015-03-31": "15376.00000", "2014-12-31": "15611.00000", "2014-09-30": "14411.00000", "2014-06-30": "14133.00000", "2014-03-31": "14974.00000", "2013-12-31": "13524.00000", "2013-09-30": "14381.00000", "2013-06-30": "14525.00000", "2013-03-31": "14204.00000", "2012-12-31": "13935.00000", "2012-09-30": "13564.00000", "2012-06-30": "13709.00000", "2012-03-31": "13522.00000", "2011-12-31": "13618.00000", "2011-09-30": "12935.00000", "2011-06-30": "12456.00000", "2011-03-31": "12543.00000", "2010-12-31": "12636.00000", "2010-09-30": "12619.00000", "2010-06-30": "12626.00000", "2010-03-31": "13249.00000", "2009-12-31": "13274.00000", "2009-09-30": "13200.00000", "2009-06-30": "12671.00000", "2009-03-31": "12160.00000", "2008-12-31": "12892.00000", "2008-09-30": "12809.00000", "2008-06-30": "11782.00000", "2008-03-31": "11086.00000", "2007-12-31": "10218.00000", "2007-09-30": "9636.70000", "2007-06-30": "5989.10000", "2007-03-31": "5720.40000", "2006-12-31": "5490.00000", "2006-09-30": "5279.90000", "2006-06-30": "5142.50000", "2006-03-31": "5051.20000", "2005-12-31": "4951.60000", "2005-09-30": "4883.80000", "2005-06-30": "4864.40000", "2005-03-31": "4802.80000"}, "Long-Term Investments": {"2020-09-30": "52772.00000", "2020-06-30": "51486.00000", "2020-03-31": "47842.00000", "2019-12-31": "51250.00000", "2019-09-30": "51387.00000", "2019-06-30": "50740.00000", "2019-03-31": "49468.00000", "2018-12-31": "48186.00000", "2018-09-30": "48695.00000", "2018-06-30": "50469.00000", "2018-03-31": "51065.00000", "2017-12-31": "52226.00000", "2017-09-30": "52134.00000", "2017-06-30": "51606.00000", "2017-03-31": "51022.00000", "2016-12-31": "50711.00000", "2016-09-30": "52385.00000", "2016-06-30": "52359.00000", "2016-03-31": "50650.00000", "2015-12-31": "49400.00000", "2015-09-30": "50550.00000", "2015-06-30": "51048.00000", "2015-03-31": "52192.00000", "2014-12-31": "52032.00000", "2014-09-30": "52644.00000", "2014-06-30": "52951.00000", "2014-03-31": "52063.00000", "2013-12-31": "52945.00000", "2013-09-30": "52358.00000", "2013-06-30": "52332.00000", "2013-03-31": "53184.00000", "2012-12-31": "53048.00000", "2012-09-30": "52914.00000", "2012-06-30": "51075.00000", "2012-03-31": "50958.00000", "2011-12-31": "49028.00000", "2011-09-30": "49625.00000", "2011-06-30": "48884.00000", "2011-03-31": "48632.00000", "2010-12-31": "48907.00000", "2010-09-30": "48842.00000", "2010-06-30": "47710.00000", "2010-03-31": "47502.00000", "2009-12-31": "46034.00000", "2009-09-30": "45261.00000", "2009-06-30": "41313.00000", "2009-03-31": "39091.00000", "2008-12-31": "38450.00000", "2008-09-30": "42278.00000", "2008-06-30": "45358.00000", "2008-03-31": "47429.00000", "2007-12-31": "46669.00000", "2007-09-30": "50657.30000", "2007-06-30": "54314.80000", "2007-03-31": "53421.50000", "2006-12-31": "53870.00000", "2006-09-30": "51484.50000", "2006-06-30": "46605.10000", "2006-03-31": "45980.40000", "2005-12-31": "45396.00000", "2005-09-30": "46509.80000", "2005-06-30": "45281.20000", "2005-03-31": "44722.60000"}, "Goodwill And Intangible Assets": {"2020-09-30": "765.00000", "2020-06-30": "764.00000", "2020-03-31": "763.00000", "2019-12-31": "767.00000", "2019-09-30": "772.00000", "2019-06-30": "768.00000", "2019-03-31": "682.00000", "2018-12-31": "665.00000", "2018-09-30": "657.00000", "2018-06-30": "658.00000", "2018-03-31": "661.00000", "2017-12-31": "659.00000", "2017-09-30": "648.00000", "2017-06-30": "647.00000", "2017-03-31": "346.00000", "2016-12-31": "346.00000", "2016-09-30": "347.00000", "2016-06-30": "348.00000", "2016-03-31": "350.00000", "2015-12-31": "351.00000", "2015-09-30": "352.00000", "2015-06-30": "373.00000", "2015-03-31": "371.00000", "2014-12-31": "374.00000", "2014-09-30": "353.00000", "2014-06-30": "355.00000", "2014-03-31": "354.00000", "2013-12-31": "357.00000", "2013-09-30": "991.00000", "2013-06-30": "989.00000", "2013-03-31": "993.00000", "2012-12-31": "996.00000", "2012-09-30": "939.00000", "2012-06-30": "908.00000", "2012-03-31": "908.00000", "2011-12-31": "908.00000", "2011-09-30": "856.00000", "2011-06-30": "856.00000", "2011-03-31": "856.00000", "2010-12-31": "856.00000", "2010-09-30": "856.00000", "2010-06-30": "856.00000", "2010-03-31": "856.00000", "2009-12-31": "856.00000", "2009-09-30": "856.00000", "2009-06-30": "856.00000", "2009-03-31": "875.00000", "2008-12-31": "856.00000", "2008-09-30": "1358.00000", "2008-06-30": "1357.00000", "2008-03-31": "1354.00000", "2007-12-31": "1353.00000", "2007-09-30": "1346.50000", "2007-06-30": "297.40000", "2007-03-31": "297.40000", "2006-12-31": "294.00000", "2006-09-30": "298.90000", "2006-06-30": "297.20000", "2006-03-31": "298.40000", "2005-12-31": "297.40000", "2005-09-30": "296.50000", "2005-06-30": "284.40000", "2005-03-31": "284.40000"}, "Other Long-Term Assets": {"2020-09-30": "6026.00000", "2020-06-30": "5916.00000", "2020-03-31": "6140.00000", "2019-12-31": "5985.00000", "2019-09-30": "6047.00000", "2019-06-30": "5991.00000", "2019-03-31": "5877.00000", "2018-12-31": "4956.00000", "2018-09-30": "4845.00000", "2018-06-30": "4791.00000", "2018-03-31": "4590.00000", "2017-12-31": "2555.00000", "2017-09-30": "2419.00000", "2017-06-30": "2420.00000", "2017-03-31": "1765.00000", "2016-12-31": "1736.00000", "2016-09-30": "1760.00000", "2016-06-30": "1766.00000", "2016-03-31": "1716.00000", "2015-12-31": "1699.00000", "2015-09-30": "1715.00000", "2015-06-30": "1710.00000", "2015-03-31": "1640.00000", "2014-12-31": "1616.00000", "2014-09-30": "1672.00000", "2014-06-30": "1681.00000", "2014-03-31": "5104.00000", "2013-12-31": "1816.00000", "2013-09-30": "1858.00000", "2013-06-30": "1865.00000", "2013-03-31": "1808.00000", "2012-12-31": "1850.00000", "2012-09-30": "1891.00000", "2012-06-30": "1771.00000", "2012-03-31": "1768.00000", "2011-12-31": "1774.00000", "2011-09-30": "1869.00000", "2011-06-30": "2486.00000", "2011-03-31": "2408.00000", "2010-12-31": "2537.00000", "2010-09-30": "2185.00000", "2010-06-30": "2355.00000", "2010-03-31": "2135.00000", "2009-12-31": "1769.00000", "2009-09-30": "1986.00000", "2009-06-30": "1791.00000", "2009-03-31": "1792.00000", "2008-12-31": "1816.00000", "2008-09-30": "1911.00000", "2008-06-30": "1959.00000", "2008-03-31": "2254.00000", "2007-12-31": "1823.00000", "2007-09-30": "2253.90000", "2007-06-30": "2275.70000", "2007-03-31": "2313.10000", "2006-12-31": "2377.00000", "2006-09-30": "2433.00000", "2006-06-30": "2407.90000", "2006-03-31": "2448.10000", "2005-12-31": "2461.10000", "2005-09-30": "3250.90000", "2005-06-30": "3436.50000", "2005-03-31": "3385.40000"}, "Total Long-Term Assets": {"2020-09-30": "70728.00000", "2020-06-30": "69340.00000", "2020-03-31": "70179.00000", "2019-12-31": "74232.00000", "2019-09-30": "74435.00000", "2019-06-30": "73693.00000", "2019-03-31": "72098.00000", "2018-12-31": "69951.00000", "2018-09-30": "70318.00000", "2018-06-30": "72062.00000", "2018-03-31": "72442.00000", "2017-12-31": "71501.00000", "2017-09-30": "71319.00000", "2017-06-30": "70767.00000", "2017-03-31": "68919.00000", "2016-12-31": "68623.00000", "2016-09-30": "70311.00000", "2016-06-30": "70219.00000", "2016-03-31": "68689.00000", "2015-12-31": "67525.00000", "2015-09-30": "69125.00000", "2015-06-30": "69669.00000", "2015-03-31": "70195.00000", "2014-12-31": "70233.00000", "2014-09-30": "69707.00000", "2014-06-30": "74176.00000", "2014-03-31": "73147.00000", "2013-12-31": "70307.00000", "2013-09-30": "70230.00000", "2013-06-30": "70361.00000", "2013-03-31": "70830.00000", "2012-12-31": "70427.00000", "2012-09-30": "69911.00000", "2012-06-30": "68047.00000", "2012-03-31": "67732.00000", "2011-12-31": "65880.00000", "2011-09-30": "66068.00000", "2011-06-30": "65788.00000", "2011-03-31": "65662.00000", "2010-12-31": "66015.00000", "2010-09-30": "65598.00000", "2010-06-30": "65203.00000", "2010-03-31": "65720.00000", "2009-12-31": "63668.00000", "2009-09-30": "63434.00000", "2009-06-30": "59965.00000", "2009-03-31": "58195.00000", "2008-12-31": "58067.00000", "2008-09-30": "60980.00000", "2008-06-30": "62649.00000", "2008-03-31": "64726.00000", "2007-12-31": "64506.00000", "2007-09-30": "65929.10000", "2007-06-30": "64873.00000", "2007-03-31": "63547.10000", "2006-12-31": "63827.00000", "2006-09-30": "61344.80000", "2006-06-30": "56773.20000", "2006-03-31": "55940.50000", "2005-12-31": "55208.80000", "2005-09-30": "56895.00000", "2005-06-30": "55768.80000", "2005-03-31": "55227.20000"}, "Total Assets": {"2020-09-30": "79464.00000", "2020-06-30": "78439.00000", "2020-03-31": "79254.00000", "2019-12-31": "82243.00000", "2019-09-30": "82499.00000", "2019-06-30": "82277.00000", "2019-03-31": "80449.00000", "2018-12-31": "78316.00000", "2018-09-30": "78725.00000", "2018-06-30": "80732.00000", "2018-03-31": "80786.00000", "2017-12-31": "79586.00000", "2017-09-30": "79527.00000", "2017-06-30": "79101.00000", "2017-03-31": "77114.00000", "2016-12-31": "76594.00000", "2016-09-30": "78508.00000", "2016-06-30": "79183.00000", "2016-03-31": "77224.00000", "2015-12-31": "76006.00000", "2015-09-30": "77532.00000", "2015-06-30": "78015.00000", "2015-03-31": "78623.00000", "2014-12-31": "78367.00000", "2014-09-30": "78529.00000", "2014-06-30": "82894.00000", "2014-03-31": "81803.00000", "2013-12-31": "79939.00000", "2013-09-30": "79510.00000", "2013-06-30": "80046.00000", "2013-03-31": "80614.00000", "2012-12-31": "80021.00000", "2012-09-30": "79554.00000", "2012-06-30": "77328.00000", "2012-03-31": "77240.00000", "2011-12-31": "75268.00000", "2011-09-30": "76305.00000", "2011-06-30": "76069.00000", "2011-03-31": "75967.00000", "2010-12-31": "76277.00000", "2010-09-30": "76821.00000", "2010-06-30": "75059.00000", "2010-03-31": "75855.00000", "2009-12-31": "74070.00000", "2009-09-30": "75112.00000", "2009-06-30": "71630.00000", "2009-03-31": "69667.00000", "2008-12-31": "69870.00000", "2008-09-30": "73417.00000", "2008-06-30": "74782.00000", "2008-03-31": "76892.00000", "2007-12-31": "76115.00000", "2007-09-30": "78964.90000", "2007-06-30": "79537.50000", "2007-03-31": "76739.60000", "2006-12-31": "76881.00000", "2006-09-30": "75778.50000", "2006-06-30": "71710.00000", "2006-03-31": "71331.40000", "2005-12-31": "70905.80000", "2005-09-30": "74636.00000", "2005-06-30": "74184.90000", "2005-03-31": "74121.30000"}, "Total Current Liabilities": {"2020-09-30": "41033.00000", "2020-06-30": "40894.00000", "2020-03-31": "41060.00000", "2019-12-31": "38799.00000", "2019-09-30": "38838.00000", "2019-06-30": "38577.00000", "2019-03-31": "37775.00000", "2018-12-31": "36823.00000", "2018-09-30": "36864.00000", "2018-06-30": "37559.00000", "2018-03-31": "37599.00000", "2017-12-31": "37552.00000", "2017-09-30": "37827.00000", "2017-06-30": "37780.00000", "2017-03-31": "37121.00000", "2016-12-31": "36691.00000", "2016-09-30": "38389.00000", "2016-06-30": "39620.00000", "2016-03-31": "37958.00000", "2015-12-31": "38093.00000", "2015-09-30": "38104.00000", "2015-06-30": "38170.00000", "2015-03-31": "38318.00000", "2014-12-31": "37388.00000", "2014-09-30": "37608.00000", "2014-06-30": "38359.00000", "2014-03-31": "37787.00000", "2013-12-31": "39347.00000", "2013-09-30": "39186.00000", "2013-06-30": "39681.00000", "2013-03-31": "40650.00000", "2012-12-31": "40229.00000", "2012-09-30": "39977.00000", "2012-06-30": "38487.00000", "2012-03-31": "38722.00000", "2011-12-31": "37804.00000", "2011-09-30": "39624.00000", "2011-06-30": "38356.00000", "2011-03-31": "38296.00000", "2010-12-31": "38922.00000", "2010-09-30": "39199.00000", "2010-06-30": "38215.00000", "2010-03-31": "38833.00000", "2009-12-31": "38813.00000", "2009-09-30": "40822.00000", "2009-06-30": "39874.00000", "2009-03-31": "39822.00000", "2008-12-31": "39836.00000", "2008-09-30": "41701.00000", "2008-06-30": "42356.00000", "2008-03-31": "41686.00000", "2007-12-31": "41560.00000", "2007-09-30": "44994.90000", "2007-06-30": "45415.11000", "2007-03-31": "43027.20000", "2006-12-31": "42670.00000", "2006-09-30": "44254.10000", "2006-06-30": "44495.70000", "2006-03-31": "44841.20000", "2005-12-31": "45072.30000", "2005-09-30": "48184.11000", "2005-06-30": "48133.00000", "2005-03-31": "49816.00000"}, "Long Term Debt": {"2020-09-30": "10373.00000", "2020-06-30": "9958.00000", "2020-03-31": "9508.00000", "2019-12-31": "11456.00000", "2019-09-30": "11395.00000", "2019-06-30": "11456.00000", "2019-03-31": "11229.00000", "2018-12-31": "11359.00000", "2018-09-30": "11311.00000", "2018-06-30": "11290.00000", "2018-03-31": "11255.00000", "2017-12-31": "11253.00000", "2017-09-30": "11239.00000", "2017-06-30": "11094.00000", "2017-03-31": "10534.00000", "2016-12-31": "10668.00000", "2016-09-30": "10737.00000", "2016-06-30": "10735.00000", "2016-03-31": "10584.00000", "2015-12-31": "9520.00000", "2015-09-30": "9492.00000", "2015-06-30": "9791.00000", "2015-03-31": "9863.00000", "2014-12-31": "10333.00000", "2014-09-30": "10051.00000", "2014-06-30": "9828.00000", "2014-03-31": "10456.00000", "2013-12-31": "9525.00000", "2013-09-30": "9705.00000", "2013-06-30": "10039.00000", "2013-03-31": "9418.00000", "2012-12-31": "9191.00000", "2012-09-30": "8848.00000", "2012-06-30": "9048.00000", "2012-03-31": "8954.00000", "2011-12-31": "8913.00000", "2011-09-30": "8026.00000", "2011-06-30": "9163.00000", "2011-03-31": "9296.00000", "2010-12-31": "8830.00000", "2010-09-30": "8829.00000", "2010-06-30": "8809.00000", "2010-03-31": "9549.00000", "2009-12-31": "9475.00000", "2009-09-30": "8695.00000", "2009-06-30": "8653.00000", "2009-03-31": "8453.00000", "2008-12-31": "8187.00000", "2008-09-30": "7407.00000", "2008-06-30": "7137.00000", "2008-03-31": "7971.00000", "2007-12-31": "6963.00000", "2007-09-30": "7151.40000", "2007-06-30": "8056.20000", "2007-03-31": "8042.20000", "2006-12-31": "9170.00000", "2006-09-30": "7757.60000", "2006-06-30": "5928.00000", "2006-03-31": "6389.30000", "2005-12-31": "5376.00000", "2005-09-30": "7173.30000", "2005-06-30": "6512.20000", "2005-03-31": "4875.30000"}, "Other Non-Current Liabilities": {"2020-09-30": "8525.00000", "2020-06-30": "8299.00000", "2020-03-31": "8650.00000", "2019-12-31": "8890.00000", "2019-09-30": "8867.00000", "2019-06-30": "8623.00000", "2019-03-31": "8459.00000", "2018-12-31": "7907.00000", "2018-09-30": "7753.00000", "2018-06-30": "9146.00000", "2018-03-31": "7350.00000", "2017-12-31": "5466.00000", "2017-09-30": "5195.00000", "2017-06-30": "5269.00000", "2017-03-31": "4940.00000", "2016-12-31": "5238.00000", "2016-09-30": "5241.00000", "2016-06-30": "5193.00000", "2016-03-31": "5017.00000", "2015-12-31": "5201.00000", "2015-09-30": "4987.00000", "2015-06-30": "4949.00000", "2015-03-31": "4882.00000", "2014-12-31": "5103.00000", "2014-09-30": "4724.00000", "2014-06-30": "4410.00000", "2014-03-31": "7545.00000", "2013-12-31": "4813.00000", "2013-09-30": "4967.00000", "2013-06-30": "4935.00000", "2013-03-31": "4933.00000", "2012-12-31": "5085.00000", "2012-09-30": "4745.00000", "2012-06-30": "4600.00000", "2012-03-31": "4506.00000", "2011-12-31": "4726.00000", "2011-09-30": "4288.00000", "2011-06-30": "4429.00000", "2011-03-31": "4930.00000", "2010-12-31": "4857.00000", "2010-09-30": "4737.00000", "2010-06-30": "5308.00000", "2010-03-31": "5480.00000", "2009-12-31": "4697.00000", "2009-09-30": "4409.00000", "2009-06-30": "4341.00000", "2009-03-31": "4496.00000", "2008-12-31": "4712.00000", "2008-09-30": "4400.00000", "2008-06-30": "4254.00000", "2008-03-31": "6190.00000", "2007-12-31": "4466.00000", "2007-09-30": "5887.00000", "2007-06-30": "5392.80000", "2007-03-31": "5347.20000", "2006-12-31": "5643.00000", "2006-09-30": "5150.00000", "2006-06-30": "5015.80000", "2006-03-31": "4743.30000", "2005-12-31": "5306.50000", "2005-09-30": "4687.30000", "2005-06-30": "4887.50000", "2005-03-31": "5600.00000"}, "Total Long Term Liabilities": {"2020-09-30": "19811.00000", "2020-06-30": "19132.00000", "2020-03-31": "19016.00000", "2019-12-31": "21514.00000", "2019-09-30": "21403.00000", "2019-06-30": "21306.00000", "2019-03-31": "20772.00000", "2018-12-31": "20107.00000", "2018-09-30": "19975.00000", "2018-06-30": "21315.00000", "2018-03-31": "19339.00000", "2017-12-31": "17468.00000", "2017-09-30": "17339.00000", "2017-06-30": "17215.00000", "2017-03-31": "16259.00000", "2016-12-31": "16542.00000", "2016-09-30": "16713.00000", "2016-06-30": "16532.00000", "2016-03-31": "16141.00000", "2015-12-31": "15103.00000", "2015-09-30": "15275.00000", "2015-06-30": "15513.00000", "2015-03-31": "15675.00000", "2014-12-31": "16329.00000", "2014-09-30": "15805.00000", "2014-06-30": "19180.00000", "2014-03-31": "18899.00000", "2013-12-31": "15686.00000", "2013-09-30": "15503.00000", "2013-06-30": "15723.00000", "2013-03-31": "15246.00000", "2012-12-31": "15116.00000", "2012-09-30": "14715.00000", "2012-06-30": "14600.00000", "2012-03-31": "14397.00000", "2011-12-31": "14261.00000", "2011-09-30": "13116.00000", "2011-06-30": "14230.00000", "2011-03-31": "14226.00000", "2010-12-31": "14249.00000", "2010-09-30": "14123.00000", "2010-06-30": "14117.00000", "2010-03-31": "15029.00000", "2009-12-31": "14172.00000", "2009-09-30": "13104.00000", "2009-06-30": "12994.00000", "2009-03-31": "12949.00000", "2008-12-31": "12899.00000", "2008-09-30": "15975.00000", "2008-06-30": "15645.00000", "2008-03-31": "17949.00000", "2007-12-31": "16964.00000", "2007-09-30": "16690.70000", "2007-06-30": "16982.90000", "2007-03-31": "16794.90000", "2006-12-31": "17709.00000", "2006-09-30": "15441.90000", "2006-06-30": "13070.50000", "2006-03-31": "13179.70000", "2005-12-31": "12741.40000", "2005-09-30": "13628.90000", "2005-06-30": "13150.10000", "2005-03-31": "12150.60000"}, "Total Liabilities": {"2020-09-30": "60844.00000", "2020-06-30": "60026.00000", "2020-03-31": "60076.00000", "2019-12-31": "60313.00000", "2019-09-30": "60241.00000", "2019-06-30": "59883.00000", "2019-03-31": "58547.00000", "2018-12-31": "56930.00000", "2018-09-30": "56839.00000", "2018-06-30": "58874.00000", "2018-03-31": "56938.00000", "2017-12-31": "55020.00000", "2017-09-30": "55166.00000", "2017-06-30": "54995.00000", "2017-03-31": "53380.00000", "2016-12-31": "53233.00000", "2016-09-30": "55102.00000", "2016-06-30": "56152.00000", "2016-03-31": "54099.00000", "2015-12-31": "53196.00000", "2015-09-30": "53379.00000", "2015-06-30": "53683.00000", "2015-03-31": "53993.00000", "2014-12-31": "53717.00000", "2014-09-30": "53413.00000", "2014-06-30": "57539.00000", "2014-03-31": "56686.00000", "2013-12-31": "55033.00000", "2013-09-30": "54689.00000", "2013-06-30": "55404.00000", "2013-03-31": "55896.00000", "2012-12-31": "55345.00000", "2012-09-30": "54692.00000", "2012-06-30": "53087.00000", "2012-03-31": "53119.00000", "2011-12-31": "52065.00000", "2011-09-30": "52740.00000", "2011-06-30": "52586.00000", "2011-03-31": "52522.00000", "2010-12-31": "53171.00000", "2010-09-30": "53322.00000", "2010-06-30": "52332.00000", "2010-03-31": "53862.00000", "2009-12-31": "52985.00000", "2009-09-30": "53926.00000", "2009-06-30": "52868.00000", "2009-03-31": "52771.00000", "2008-12-31": "52735.00000", "2008-09-30": "57676.00000", "2008-06-30": "58001.00000", "2008-03-31": "59635.00000", "2007-12-31": "58524.00000", "2007-09-30": "61685.60000", "2007-06-30": "62398.00000", "2007-03-31": "59822.10000", "2006-12-31": "60379.00000", "2006-09-30": "59696.00000", "2006-06-30": "57566.20000", "2006-03-31": "58020.90000", "2005-12-31": "57813.70000", "2005-09-30": "61813.00000", "2005-06-30": "61283.10000", "2005-03-31": "61966.60000"}, "Common Stock Net": {"2020-09-30": "3.00000", "2020-06-30": "3.00000", "2020-03-31": "3.00000", "2019-12-31": "3.00000", "2019-09-30": "3.00000", "2019-06-30": "3.00000", "2019-03-31": "3.00000", "2018-12-31": "3.00000", "2018-09-30": "3.00000", "2018-06-30": "3.00000", "2018-03-31": "3.00000", "2017-12-31": "3.00000", "2017-09-30": "3.00000", "2017-06-30": "3.00000", "2017-03-31": "3.00000", "2016-12-31": "3.00000", "2016-09-30": "3.00000", "2016-06-30": "3.00000", "2016-03-31": "3.00000", "2015-12-31": "3.00000", "2015-09-30": "4.00000", "2015-06-30": "4.00000", "2015-03-31": "4.00000", "2014-12-31": "4.00000", "2014-09-30": "4.00000", "2014-06-30": "4.00000", "2014-03-31": "4.00000", "2013-12-31": "4.00000", "2013-09-30": "4.00000", "2013-06-30": "4.00000", "2013-03-31": "4.00000", "2012-12-31": "4.00000", "2012-09-30": "4.00000", "2012-06-30": "4.00000", "2012-03-31": "4.00000", "2011-12-31": "4.00000", "2011-09-30": "4.00000", "2011-06-30": "4.00000", "2011-03-31": "4.00000", "2010-12-31": "4.00000", "2010-09-30": "4.00000", "2010-06-30": "4.00000", "2010-03-31": "4.00000", "2009-12-31": "4.00000", "2009-09-30": "4.00000", "2009-06-30": "4.00000", "2009-03-31": "4.00000", "2008-12-31": "4.00000", "2008-09-30": "4.00000", "2008-06-30": "4.00000", "2008-03-31": "6.00000", "2007-12-31": "6.00000", "2007-09-30": "6.50000", "2007-06-30": "6.50000", "2007-03-31": "6.50000", "2006-12-31": "6.00000", "2006-09-30": "6.70000", "2006-06-30": "557.20000", "2006-03-31": "186.80000", "2005-12-31": "6.40000", "2005-09-30": "186.40000", "2005-06-30": "186.40000", "2005-03-31": "186.30000"}, "Retained Earnings (Accumulated Deficit)": {"2020-09-30": "14437.00000", "2020-06-30": "14316.00000", "2020-03-31": "15167.00000", "2019-12-31": "15823.00000", "2019-09-30": "16427.00000", "2019-06-30": "16374.00000", "2019-03-31": "16144.00000", "2018-12-31": "15773.00000", "2018-09-30": "16790.00000", "2018-06-30": "16532.00000", "2018-03-31": "16321.00000", "2017-12-31": "16096.00000", "2017-09-30": "15811.00000", "2017-06-30": "15677.00000", "2017-03-31": "15466.00000", "2016-12-31": "15196.00000", "2016-09-30": "15031.00000", "2016-06-30": "14724.00000", "2016-03-31": "14812.00000", "2015-12-31": "14731.00000", "2015-09-30": "15906.00000", "2015-06-30": "15747.00000", "2015-03-31": "15600.00000", "2014-12-31": "15515.00000", "2014-09-30": "15817.00000", "2014-06-30": "15633.00000", "2014-03-31": "15541.00000", "2013-12-31": "15508.00000", "2013-09-30": "15911.00000", "2013-06-30": "15654.00000", "2013-03-31": "15410.00000", "2012-12-31": "15192.00000", "2012-09-30": "15415.00000", "2012-06-30": "15263.00000", "2012-03-31": "15232.00000", "2011-12-31": "14890.00000", "2011-09-30": "15282.00000", "2011-06-30": "15145.00000", "2011-03-31": "14919.00000", "2010-12-31": "14564.00000", "2010-09-30": "14433.00000", "2010-06-30": "14426.00000", "2010-03-31": "14085.00000", "2009-12-31": "13693.00000", "2009-09-30": "13563.00000", "2009-06-30": "13122.00000", "2009-03-31": "12700.00000", "2008-12-31": "13375.00000", "2008-09-30": "14435.00000", "2008-06-30": "14598.00000", "2008-03-31": "14269.00000", "2007-12-31": "13691.00000", "2007-09-30": "13822.20000", "2007-06-30": "13349.00000", "2007-03-31": "12780.90000", "2006-12-31": "12099.00000", "2006-09-30": "11836.40000", "2006-06-30": "11285.00000", "2006-03-31": "10841.90000", "2005-12-31": "10364.40000", "2005-09-30": "10486.30000", "2005-06-30": "10245.20000", "2005-03-31": "9870.20000"}, "Comprehensive Income": {"2020-09-30": "238.00000", "2020-06-30": "5.00000", "2020-03-31": "-1093.00000", "2019-12-31": "-68.00000", "2019-09-30": "17.00000", "2019-06-30": "3.00000", "2019-03-31": "-390.00000", "2018-12-31": "-880.00000", "2018-09-30": "-758.00000", "2018-06-30": "-625.00000", "2018-03-31": "-417.00000", "2017-12-31": "-26.00000", "2017-09-30": "32.00000", "2017-06-30": "-36.00000", "2017-03-31": "-149.00000", "2016-12-31": "-223.00000", "2016-09-30": "144.00000", "2016-06-30": "119.00000", "2016-03-31": "-126.00000", "2015-12-31": "-357.00000", "2015-09-30": "-23.00000", "2015-06-30": "53.00000", "2015-03-31": "298.00000", "2014-12-31": "280.00000", "2014-09-30": "638.00000", "2014-06-30": "807.00000", "2014-03-31": "563.00000", "2013-12-31": "339.00000", "2013-09-30": "20.00000", "2013-06-30": "37.00000", "2013-03-31": "566.00000", "2012-12-31": "678.00000", "2012-09-30": "964.00000", "2012-06-30": "746.00000", "2012-03-31": "654.00000", "2011-12-31": "384.00000", "2011-09-30": "735.00000", "2011-06-30": "581.00000", "2011-03-31": "294.00000", "2010-12-31": "230.00000", "2010-09-30": "1017.00000", "2010-06-30": "295.00000", "2010-03-31": "-75.00000", "2009-12-31": "-419.00000", "2009-09-30": "-329.00000", "2009-06-30": "-1972.00000", "2009-03-31": "-3229.00000", "2008-12-31": "-3586.00000", "2008-09-30": "-1974.00000", "2008-06-30": "-1101.00000", "2008-03-31": "-983.00000", "2007-12-31": "-65.00000", "2007-09-30": "59.10000", "2007-06-30": "111.20000", "2007-03-31": "393.70000", "2006-12-31": "387.00000", "2006-09-30": "381.70000", "2006-06-30": "-131.90000", "2006-03-31": "93.80000", "2005-12-31": "311.10000", "2005-09-30": "341.80000", "2005-06-30": "669.70000", "2005-03-31": "300.80000"}, "Other Share Holders Equity": {"2020-09-30": "", "2020-06-30": "", "2020-03-31": "", "2019-12-31": "", "2019-09-30": "", "2019-06-30": "", "2019-03-31": "", "2018-12-31": "", "2018-09-30": "", "2018-06-30": "", "2018-03-31": "", "2017-12-31": "", "2017-09-30": "", "2017-06-30": "", "2017-03-31": "", "2016-12-31": "", "2016-09-30": "", "2016-06-30": "", "2016-03-31": "", "2015-12-31": "", "2015-09-30": "", "2015-06-30": "", "2015-03-31": "", "2014-12-31": "", "2014-09-30": "", "2014-06-30": "", "2014-03-31": "", "2013-12-31": "", "2013-09-30": "", "2013-06-30": "", "2013-03-31": "", "2012-12-31": "", "2012-09-30": "", "2012-06-30": "", "2012-03-31": "", "2011-12-31": "", "2011-09-30": "", "2011-06-30": "", "2011-03-31": "", "2010-12-31": "", "2010-09-30": "", "2010-06-30": "", "2010-03-31": "", "2009-12-31": "", "2009-09-30": "", "2009-06-30": "", "2009-03-31": "", "2008-12-31": "", "2008-09-30": "", "2008-06-30": "", "2008-03-31": "", "2007-12-31": "", "2007-09-30": "", "2007-06-30": "", "2007-03-31": "", "2006-12-31": "", "2006-09-30": "", "2006-06-30": "", "2006-03-31": "", "2005-12-31": "", "2005-09-30": "", "2005-06-30": "", "2005-03-31": ""}, "Share Holder Equity": {"2020-09-30": "18620.00000", "2020-06-30": "18413.00000", "2020-03-31": "19178.00000", "2019-12-31": "21930.00000", "2019-09-30": "22258.00000", "2019-06-30": "22394.00000", "2019-03-31": "21902.00000", "2018-12-31": "21386.00000", "2018-09-30": "21886.00000", "2018-06-30": "21858.00000", "2018-03-31": "23848.00000", "2017-12-31": "24566.00000", "2017-09-30": "24361.00000", "2017-06-30": "24106.00000", "2017-03-31": "23734.00000", "2016-12-31": "23361.00000", "2016-09-30": "23406.00000", "2016-06-30": "23031.00000", "2016-03-31": "23125.00000", "2015-12-31": "22810.00000", "2015-09-30": "24153.00000", "2015-06-30": "24332.00000", "2015-03-31": "24630.00000", "2014-12-31": "24650.00000", "2014-09-30": "25116.00000", "2014-06-30": "25355.00000", "2014-03-31": "25117.00000", "2013-12-31": "24906.00000", "2013-09-30": "24821.00000", "2013-06-30": "24642.00000", "2013-03-31": "24718.00000", "2012-12-31": "24676.00000", "2012-09-30": "24862.00000", "2012-06-30": "24241.00000", "2012-03-31": "24121.00000", "2011-12-31": "23203.00000", "2011-09-30": "23565.00000", "2011-06-30": "23483.00000", "2011-03-31": "23445.00000", "2010-12-31": "23106.00000", "2010-09-30": "23499.00000", "2010-06-30": "22727.00000", "2010-03-31": "21993.00000", "2009-12-31": "21085.00000", "2009-09-30": "21186.00000", "2009-06-30": "18762.00000", "2009-03-31": "16896.00000", "2008-12-31": "17135.00000", "2008-09-30": "15741.00000", "2008-06-30": "16781.00000", "2008-03-31": "17257.00000", "2007-12-31": "17591.00000", "2007-09-30": "17279.30000", "2007-06-30": "17139.50000", "2007-03-31": "16917.50000", "2006-12-31": "16502.00000", "2006-09-30": "16082.50000", "2006-06-30": "14143.80000", "2006-03-31": "13310.50000", "2005-12-31": "13092.10000", "2005-09-30": "12823.00000", "2005-06-30": "12901.80000", "2005-03-31": "12154.70000"}, "Total Liabilities And Share Holders Equity": {"2020-09-30": "79464.00000", "2020-06-30": "78439.00000", "2020-03-31": "79254.00000", "2019-12-31": "82243.00000", "2019-09-30": "82499.00000", "2019-06-30": "82277.00000", "2019-03-31": "80449.00000", "2018-12-31": "78316.00000", "2018-09-30": "78725.00000", "2018-06-30": "80732.00000", "2018-03-31": "80786.00000", "2017-12-31": "79586.00000", "2017-09-30": "79527.00000", "2017-06-30": "79101.00000", "2017-03-31": "77114.00000", "2016-12-31": "76594.00000", "2016-09-30": "78508.00000", "2016-06-30": "79183.00000", "2016-03-31": "77224.00000", "2015-12-31": "76006.00000", "2015-09-30": "77532.00000", "2015-06-30": "78015.00000", "2015-03-31": "78623.00000", "2014-12-31": "78367.00000", "2014-09-30": "78529.00000", "2014-06-30": "82894.00000", "2014-03-31": "81803.00000", "2013-12-31": "79939.00000", "2013-09-30": "79510.00000", "2013-06-30": "80046.00000", "2013-03-31": "80614.00000", "2012-12-31": "80021.00000", "2012-09-30": "79554.00000", "2012-06-30": "77328.00000", "2012-03-31": "77240.00000", "2011-12-31": "75268.00000", "2011-09-30": "76305.00000", "2011-06-30": "76069.00000", "2011-03-31": "75967.00000", "2010-12-31": "76277.00000", "2010-09-30": "76821.00000", "2010-06-30": "75059.00000", "2010-03-31": "75855.00000", "2009-12-31": "74070.00000", "2009-09-30": "75112.00000", "2009-06-30": "71630.00000", "2009-03-31": "69667.00000", "2008-12-31": "69870.00000", "2008-09-30": "73417.00000", "2008-06-30": "74782.00000", "2008-03-31": "76892.00000", "2007-12-31": "76115.00000", "2007-09-30": "78964.90000", "2007-06-30": "79537.50000", "2007-03-31": "76739.60000", "2006-12-31": "76881.00000", "2006-09-30": "75778.50000", "2006-06-30": "71710.00000", "2006-03-31": "71331.40000", "2005-12-31": "70905.80000", "2005-09-30": "74636.00000", "2005-06-30": "74184.90000", "2005-03-31": "74121.30000"}}, "cash flow statement": {"Net Income/Loss": {"2019-12-31": "871.00000", "2018-12-31": "706.00000", "2017-12-31": "1412.00000", "2016-12-31": "716.00000", "2015-12-31": "287.00000", "2014-12-31": "962.00000", "2013-12-31": "1069.00000", "2012-12-31": "1110.00000", "2011-12-31": "1694.00000", "2010-12-31": "1988.00000", "2009-12-31": "1383.00000", "2008-12-31": "5293.00000", "2007-12-31": "3100.00000", "2006-12-31": "2491.00000", "2005-12-31": "1212.00000"}, "Total Depreciation And Amortization - Cash Flow": {"2019-12-31": "854.00000", "2018-12-31": "842.00000", "2017-12-31": "834.00000", "2016-12-31": "814.00000", "2015-12-31": "992.00000", "2014-12-31": "902.00000", "2013-12-31": "1483.00000", "2012-12-31": "855.00000", "2011-12-31": "769.00000", "2010-12-31": "698.00000", "2009-12-31": "585.00000", "2008-12-31": "875.00000", "2007-12-31": "205.00000", "2006-12-31": "-30.00000", "2005-12-31": "173.00000"}, "Other Non-Cash Items": {"2019-12-31": "227.00000", "2018-12-31": "831.00000", "2017-12-31": "126.00000", "2016-12-31": "1043.00000", "2015-12-31": "998.00000", "2014-12-31": "841.00000", "2013-12-31": "-26.00000", "2012-12-31": "553.00000", "2011-12-31": "446.00000", "2010-12-31": "107.00000", "2009-12-31": "1826.00000", "2008-12-31": "-2554.00000", "2007-12-31": "40.00000", "2006-12-31": "516.00000", "2005-12-31": "-43.00000"}, "Total Non-Cash Items": {"2019-12-31": "1081.00000", "2018-12-31": "1673.00000", "2017-12-31": "960.00000", "2016-12-31": "1857.00000", "2015-12-31": "1990.00000", "2014-12-31": "1743.00000", "2013-12-31": "1457.00000", "2012-12-31": "1408.00000", "2011-12-31": "1215.00000", "2010-12-31": "805.00000", "2009-12-31": "2411.00000", "2008-12-31": "-1679.00000", "2007-12-31": "245.00000", "2006-12-31": "486.00000", "2005-12-31": "130.00000"}, "Change In Accounts Receivable": {"2019-12-31": "114.00000", "2018-12-31": "-131.00000", "2017-12-31": "93.00000", "2016-12-31": "24.00000", "2015-12-31": "120.00000", "2014-12-31": "738.00000", "2013-12-31": "87.00000", "2012-12-31": "327.00000", "2011-12-31": "1085.00000", "2010-12-31": "-335.00000", "2009-12-31": "691.00000", "2008-12-31": "842.00000", "2007-12-31": "1271.00000", "2006-12-31": "2151.00000", "2005-12-31": "3777.00000"}, "Change In Inventories": {"2019-12-31": "-494.00000", "2018-12-31": "1702.00000", "2017-12-31": "108.00000", "2016-12-31": "-528.00000", "2015-12-31": "674.00000", "2014-12-31": "-129.00000", "2013-12-31": "-901.00000", "2012-12-31": "-406.00000", "2011-12-31": "354.00000", "2010-12-31": "-1778.00000", "2009-12-31": "760.00000", "2008-12-31": "-84.00000", "2007-12-31": "1797.00000", "2006-12-31": "-2024.00000", "2005-12-31": "-126.00000"}, "Change In Accounts Payable": {"2019-12-31": "", "2018-12-31": "", "2017-12-31": "", "2016-12-31": "", "2015-12-31": "", "2014-12-31": "", "2013-12-31": "", "2012-12-31": "", "2011-12-31": "", "2010-12-31": "", "2009-12-31": "", "2008-12-31": "", "2007-12-31": "-138.00000", "2006-12-31": "-1097.00000", "2005-12-31": "-1344.00000"}, "Change In Assets/Liabilities": {"2019-12-31": "169.00000", "2018-12-31": "272.00000", "2017-12-31": "17.00000", "2016-12-31": "184.00000", "2015-12-31": "476.00000", "2014-12-31": "-324.00000", "2013-12-31": "384.00000", "2012-12-31": "415.00000", "2011-12-31": "-383.00000", "2010-12-31": "-727.00000", "2009-12-31": "-654.00000", "2008-12-31": "-693.00000", "2007-12-31": "-586.00000", "2006-12-31": "-321.00000", "2005-12-31": "-282.00000"}, "Total Change In Assets/Liabilities": {"2019-12-31": "-211.00000", "2018-12-31": "1843.00000", "2017-12-31": "218.00000", "2016-12-31": "-320.00000", "2015-12-31": "1270.00000", "2014-12-31": "285.00000", "2013-12-31": "-430.00000", "2012-12-31": "336.00000", "2011-12-31": "1056.00000", "2010-12-31": "-2840.00000", "2009-12-31": "797.00000", "2008-12-31": "-243.00000", "2007-12-31": "2326.00000", "2006-12-31": "-1262.00000", "2005-12-31": "2025.00000"}, "Cash Flow From Operating Activities": {"2019-12-31": "1741.00000", "2018-12-31": "4222.00000", "2017-12-31": "2590.00000", "2016-12-31": "2253.00000", "2015-12-31": "3547.00000", "2014-12-31": "2990.00000", "2013-12-31": "2096.00000", "2012-12-31": "2854.00000", "2011-12-31": "3965.00000", "2010-12-31": "-47.00000", "2009-12-31": "4591.00000", "2008-12-31": "3371.00000", "2007-12-31": "5671.00000", "2006-12-31": "1715.00000", "2005-12-31": "3367.00000"}, "Net Change In Property, Plant, And Equipment": {"2019-12-31": "-1041.00000", "2018-12-31": "-995.00000", "2017-12-31": "-1031.00000", "2016-12-31": "-1120.00000", "2015-12-31": "-1522.00000", "2014-12-31": "-1722.00000", "2013-12-31": "-1737.00000", "2012-12-31": "-1184.00000", "2011-12-31": "-1113.00000", "2010-12-31": "-112.00000", "2009-12-31": "-2444.00000", "2008-12-31": "-3910.00000", "2007-12-31": "-2210.00000", "2006-12-31": "-880.00000", "2005-12-31": "-393.00000"}, "Net Change In Intangible Assets": {"2019-12-31": "", "2018-12-31": "", "2017-12-31": "", "2016-12-31": "", "2015-12-31": "", "2014-12-31": "", "2013-12-31": "", "2012-12-31": "", "2011-12-31": "", "2010-12-31": "", "2009-12-31": "", "2008-12-31": "", "2007-12-31": "", "2006-12-31": "", "2005-12-31": ""}, "Net Acquisitions/Divestitures": {"2019-12-31": "-117.00000", "2018-12-31": "76.00000", "2017-12-31": "-1139.00000", "2016-12-31": "-79.00000", "2015-12-31": "-157.00000", "2014-12-31": "-448.00000", "2013-12-31": "-53.00000", "2012-12-31": "-987.00000", "2011-12-31": "-548.00000", "2010-12-31": "", "2009-12-31": "", "2008-12-31": "", "2007-12-31": "-4029.00000", "2006-12-31": "", "2005-12-31": "57.00000"}, "Net Change In Short-term Investments": {"2019-12-31": "-57.00000", "2018-12-31": "-339.00000", "2017-12-31": "-167.00000", "2016-12-31": "158.00000", "2015-12-31": "120.00000", "2014-12-31": "1396.00000", "2013-12-31": "-101.00000", "2012-12-31": "-192.00000", "2011-12-31": "1461.00000", "2010-12-31": "1892.00000", "2009-12-31": "-1620.00000", "2008-12-31": "2942.00000", "2007-12-31": "2151.00000", "2006-12-31": "-2334.00000", "2005-12-31": "-637.00000"}, "Net Change In Long-Term Investments": {"2019-12-31": "722.00000", "2018-12-31": "43.00000", "2017-12-31": "55.00000", "2016-12-31": "-1304.00000", "2015-12-31": "-204.00000", "2014-12-31": "-588.00000", "2013-12-31": "-1150.00000", "2012-12-31": "-590.00000", "2011-12-31": "-1576.00000", "2010-12-31": "-1116.00000", "2009-12-31": "-860.00000", "2008-12-31": "-2552.00000", "2007-12-31": "703.00000", "2006-12-31": "-2133.00000", "2005-12-31": "-900.00000"}, "Net Change In Investments - Total": {"2019-12-31": "665.00000", "2018-12-31": "-296.00000", "2017-12-31": "-112.00000", "2016-12-31": "-1146.00000", "2015-12-31": "-84.00000", "2014-12-31": "808.00000", "2013-12-31": "-1251.00000", "2012-12-31": "-782.00000", "2011-12-31": "-115.00000", "2010-12-31": "776.00000", "2009-12-31": "-2480.00000", "2008-12-31": "390.00000", "2007-12-31": "2854.00000", "2006-12-31": "-4467.00000", "2005-12-31": "-1537.00000"}, "Investing Activities - Other": {"2019-12-31": "-178.00000", "2018-12-31": "-229.00000", "2017-12-31": "-373.00000", "2016-12-31": "158.00000", "2015-12-31": "-172.00000", "2014-12-31": "-108.00000", "2013-12-31": "-257.00000", "2012-12-31": "-142.00000", "2011-12-31": "-127.00000", "2010-12-31": "", "2009-12-31": "61.00000", "2008-12-31": "306.00000", "2007-12-31": "-3430.00000", "2006-12-31": "2710.00000", "2005-12-31": "99.00000"}, "Cash Flow From Investing Activities": {"2019-12-31": "-671.00000", "2018-12-31": "-1444.00000", "2017-12-31": "-2655.00000", "2016-12-31": "-2187.00000", "2015-12-31": "-1935.00000", "2014-12-31": "-1470.00000", "2013-12-31": "-3298.00000", "2012-12-31": "-3095.00000", "2011-12-31": "-1903.00000", "2010-12-31": "664.00000", "2009-12-31": "-4863.00000", "2008-12-31": "-3214.00000", "2007-12-31": "-6815.00000", "2006-12-31": "-2637.00000", "2005-12-31": "-1774.00000"}, "Net Long-Term Debt": {"2019-12-31": "120.00000", "2018-12-31": "-178.00000", "2017-12-31": "656.00000", "2016-12-31": "196.00000", "2015-12-31": "-101.00000", "2014-12-31": "-265.00000", "2013-12-31": "1761.00000", "2012-12-31": "242.00000", "2011-12-31": "-511.00000", "2010-12-31": "-14.00000", "2009-12-31": "1226.00000", "2008-12-31": "1003.00000", "2007-12-31": "2137.00000", "2006-12-31": "367.00000", "2005-12-31": "-1818.00000"}, "Net Current Debt": {"2019-12-31": "", "2018-12-31": "", "2017-12-31": "", "2016-12-31": "", "2015-12-31": "", "2014-12-31": "", "2013-12-31": "", "2012-12-31": "", "2011-12-31": "", "2010-12-31": "", "2009-12-31": "", "2008-12-31": "", "2007-12-31": "", "2006-12-31": "", "2005-12-31": ""}, "Debt Issuance/Retirement Net - Total": {"2019-12-31": "120.00000", "2018-12-31": "-178.00000", "2017-12-31": "656.00000", "2016-12-31": "196.00000", "2015-12-31": "-101.00000", "2014-12-31": "-265.00000", "2013-12-31": "1761.00000", "2012-12-31": "242.00000", "2011-12-31": "-511.00000", "2010-12-31": "-14.00000", "2009-12-31": "1226.00000", "2008-12-31": "1003.00000", "2007-12-31": "2137.00000", "2006-12-31": "367.00000", "2005-12-31": "-1818.00000"}, "Net Common Equity Issued/Repurchased": {"2019-12-31": "-1074.00000", "2018-12-31": "-2530.00000", "2017-12-31": "-216.00000", "2016-12-31": "-134.00000", "2015-12-31": "-1173.00000", "2014-12-31": "-760.00000", "2013-12-31": "147.00000", "2012-12-31": "650.00000", "2011-12-31": "-556.00000", "2010-12-31": "-53.00000", "2009-12-31": "-146.00000", "2008-12-31": "148.00000", "2007-12-31": "-129.00000", "2006-12-31": "1562.00000", "2005-12-31": "703.00000"}, "Net Total Equity Issued/Repurchased": {"2019-12-31": "-1074.00000", "2018-12-31": "-2530.00000", "2017-12-31": "-216.00000", "2016-12-31": "-134.00000", "2015-12-31": "-1173.00000", "2014-12-31": "-760.00000", "2013-12-31": "147.00000", "2012-12-31": "650.00000", "2011-12-31": "-556.00000", "2010-12-31": "-53.00000", "2009-12-31": "-146.00000", "2008-12-31": "148.00000", "2007-12-31": "-129.00000", "2006-12-31": "1562.00000", "2005-12-31": "703.00000"}, "Total Common And Preferred Stock Dividends Paid": {"2019-12-31": "-174.00000", "2018-12-31": "-201.00000", "2017-12-31": "-223.00000", "2016-12-31": "-218.00000", "2015-12-31": "-255.00000", "2014-12-31": "-433.00000", "2013-12-31": "-597.00000", "2012-12-31": "-549.00000", "2011-12-31": "-500.00000", "2010-12-31": "-597.00000", "2009-12-31": "-756.00000", "2008-12-31": "-732.00000", "2007-12-31": "-785.00000", "2006-12-31": "-446.00000", "2005-12-31": "-262.00000"}, "Financial Activities - Other": {"2019-12-31": "-16.00000", "2018-12-31": "74.00000", "2017-12-31": "-16.00000", "2016-12-31": "-10.00000", "2015-12-31": "4.00000", "2014-12-31": "16.00000", "2013-12-31": "-40.00000", "2012-12-31": "-7.00000", "2011-12-31": "-486.00000", "2010-12-31": "-24.00000", "2009-12-31": "-3.00000", "2008-12-31": "-592.00000", "2007-12-31": "-98.00000", "2006-12-31": "-569.00000", "2005-12-31": "-268.00000"}, "Cash Flow From Financial Activities": {"2019-12-31": "-1144.00000", "2018-12-31": "-2835.00000", "2017-12-31": "201.00000", "2016-12-31": "-166.00000", "2015-12-31": "-1525.00000", "2014-12-31": "-1442.00000", "2013-12-31": "1271.00000", "2012-12-31": "336.00000", "2011-12-31": "-2053.00000", "2010-12-31": "-688.00000", "2009-12-31": "321.00000", "2008-12-31": "-173.00000", "2007-12-31": "1125.00000", "2006-12-31": "914.00000", "2005-12-31": "-1645.00000"}, "Net Cash Flow": {"2019-12-31": "-69.00000", "2018-12-31": "-67.00000", "2017-12-31": "145.00000", "2016-12-31": "-113.00000", "2015-12-31": "76.00000", "2014-12-31": "70.00000", "2013-12-31": "66.00000", "2012-12-31": "99.00000", "2011-12-31": "9.00000", "2010-12-31": "-70.00000", "2009-12-31": "59.00000", "2008-12-31": "-29.00000", "2007-12-31": "-14.00000", "2006-12-31": "-8.00000", "2005-12-31": "-52.00000"}, "Stock-Based Compensation": {"2019-12-31": "", "2018-12-31": "", "2017-12-31": "", "2016-12-31": "", "2015-12-31": "", "2014-12-31": "", "2013-12-31": "", "2012-12-31": "", "2011-12-31": "", "2010-12-31": "", "2009-12-31": "", "2008-12-31": "", "2007-12-31": "", "2006-12-31": "", "2005-12-31": ""}, "Common Stock Dividends Paid": {"2019-12-31": "-174.00000", "2018-12-31": "-201.00000", "2017-12-31": "-223.00000", "2016-12-31": "-218.00000", "2015-12-31": "-255.00000", "2014-12-31": "-433.00000", "2013-12-31": "-597.00000", "2012-12-31": "-549.00000", "2011-12-31": "-500.00000", "2010-12-31": "-597.00000", "2009-12-31": "-756.00000", "2008-12-31": "-732.00000", "2007-12-31": "-785.00000", "2006-12-31": "-446.00000", "2005-12-31": "-262.00000"}}, "cash flow statement, quarterly": {"Net Income/Loss": {"2020-09-30": 162, "2020-06-30": -846, "2020-03-31": "-1044.00000", "2019-12-31": 211, "2019-09-30": 39, "2019-06-30": 225, "2019-03-31": "396.00000", "2018-12-31": -211, "2018-09-30": 289, "2018-06-30": 248, "2018-03-31": "380.00000", "2017-12-31": 531, "2017-09-30": 212, "2017-06-30": 278, "2017-03-31": "391.00000", "2016-12-31": 412, "2016-09-30": 393, "2016-06-30": -288, "2016-03-31": "199.00000", "2015-12-31": -291, "2015-09-30": 282, "2015-06-30": 247, "2015-03-31": "49.00000", "2014-12-31": 294, "2014-09-30": 269, "2014-06-30": 215, "2014-03-31": "184.00000", "2013-12-31": -125, "2013-09-30": 384, "2013-06-30": 412, "2013-03-31": "398.00000", "2012-12-31": 83, "2012-09-30": 310, "2012-06-30": 198, "2012-03-31": "519.00000", "2011-12-31": 412, "2011-09-30": 316, "2011-06-30": 404, "2011-03-31": "562.00000", "2010-12-31": 671, "2010-09-30": 153, "2010-06-30": 541, "2010-03-31": "623.00000", "2009-12-31": 606, "2009-09-30": 691, "2009-06-30": 559, "2009-03-31": "-473.00000", "2008-12-31": -810, "2008-09-30": 22, "2008-06-30": 5219, "2008-03-31": "862.00000", "2007-12-31": 1123, "2007-09-30": 555, "2007-06-30": 654, "2007-03-31": "768.00000", "2006-12-31": 746.2, "2006-09-30": 635.1, "2006-06-30": 568.7, "2006-03-31": "541.00000", "2005-12-31": 127.9, "2005-09-30": 302.2, "2005-06-30": 435.6, "2005-03-31": "346.30000"}, "Total Depreciation And Amortization - Cash Flow": {"2020-09-30": 0, "2020-06-30": 0, "2020-03-31": "", "2019-12-31": 854, "2019-09-30": 0, "2019-06-30": 0, "2019-03-31": "", "2018-12-31": 842, "2018-09-30": 0, "2018-06-30": 0, "2018-03-31": "", "2017-12-31": 834, "2017-09-30": 0, "2017-06-30": 0, "2017-03-31": "", "2016-12-31": 814, "2016-09-30": 0, "2016-06-30": 0, "2016-03-31": "", "2015-12-31": 992, "2015-09-30": 0, "2015-06-30": 0, "2015-03-31": "", "2014-12-31": 902, "2014-09-30": 0, "2014-06-30": 0, "2014-03-31": "", "2013-12-31": 1483, "2013-09-30": 0, "2013-06-30": 0, "2013-03-31": "", "2012-12-31": 855, "2012-09-30": 0, "2012-06-30": 0, "2012-03-31": "", "2011-12-31": 769, "2011-09-30": 0, "2011-06-30": 0, "2011-03-31": "", "2010-12-31": 698, "2010-09-30": 0, "2010-06-30": 0, "2010-03-31": "", "2009-12-31": 585, "2009-09-30": 0, "2009-06-30": 0, "2009-03-31": "", "2008-12-31": 875, "2008-09-30": 0, "2008-06-30": 0, "2008-03-31": "", "2007-12-31": 205, "2007-09-30": 0, "2007-06-30": 0, "2007-03-31": "", "2006-12-31": -30, "2006-09-30": 0, "2006-06-30": 0, "2006-03-31": "", "2005-12-31": 173, "2005-09-30": 0, "2005-06-30": 0, "2005-03-31": ""}, "Other Non-Cash Items": {"2020-09-30": 73, "2020-06-30": 1067, "2020-03-31": "1363.00000", "2019-12-31": -520, "2019-09-30": 143, "2019-06-30": 235, "2019-03-31": "369.00000", "2018-12-31": -290, "2018-09-30": 627, "2018-06-30": 309, "2018-03-31": "185.00000", "2017-12-31": -833, "2017-09-30": 345, "2017-06-30": 296, "2017-03-31": "318.00000", "2016-12-31": -633, "2016-09-30": 287, "2016-06-30": 804, "2016-03-31": "585.00000", "2015-12-31": -372, "2015-09-30": 567, "2015-06-30": 293, "2015-03-31": "510.00000", "2014-12-31": -650, "2014-09-30": 379, "2014-06-30": 366, "2014-03-31": "746.00000", "2013-12-31": -951, "2013-09-30": 312, "2013-06-30": 278, "2013-03-31": "335.00000", "2012-12-31": -557, "2012-09-30": 437, "2012-06-30": 403, "2012-03-31": "270.00000", "2011-12-31": -529, "2011-09-30": 532, "2011-06-30": 279, "2011-03-31": "164.00000", "2010-12-31": -444, "2010-09-30": 105, "2010-06-30": 271, "2010-03-31": "175.00000", "2009-12-31": -341, "2009-09-30": 318, "2009-06-30": 489, "2009-03-31": "1360.00000", "2008-12-31": 660, "2008-09-30": 868, "2008-06-30": -4616, "2008-03-31": "534.00000", "2007-12-31": -643, "2007-09-30": 524, "2007-06-30": 68, "2007-03-31": "91.00000", "2006-12-31": -80.8, "2006-09-30": 240.6, "2006-06-30": 173.7, "2006-03-31": "182.50000", "2005-12-31": -269.4, "2005-09-30": 16.1, "2005-06-30": 83.5, "2005-03-31": "126.80000"}, "Total Non-Cash Items": {"2020-09-30": 73, "2020-06-30": 1067, "2020-03-31": "1363.00000", "2019-12-31": 334, "2019-09-30": 143, "2019-06-30": 235, "2019-03-31": "369.00000", "2018-12-31": 552, "2018-09-30": 627, "2018-06-30": 309, "2018-03-31": "185.00000", "2017-12-31": 1, "2017-09-30": 345, "2017-06-30": 296, "2017-03-31": "318.00000", "2016-12-31": 181, "2016-09-30": 287, "2016-06-30": 804, "2016-03-31": "585.00000", "2015-12-31": 620, "2015-09-30": 567, "2015-06-30": 293, "2015-03-31": "510.00000", "2014-12-31": 252, "2014-09-30": 379, "2014-06-30": 366, "2014-03-31": "746.00000", "2013-12-31": 532, "2013-09-30": 312, "2013-06-30": 278, "2013-03-31": "335.00000", "2012-12-31": 298, "2012-09-30": 437, "2012-06-30": 403, "2012-03-31": "270.00000", "2011-12-31": 240, "2011-09-30": 532, "2011-06-30": 279, "2011-03-31": "164.00000", "2010-12-31": 254, "2010-09-30": 105, "2010-06-30": 271, "2010-03-31": "175.00000", "2009-12-31": 244, "2009-09-30": 318, "2009-06-30": 489, "2009-03-31": "1360.00000", "2008-12-31": 1535, "2008-09-30": 868, "2008-06-30": -4616, "2008-03-31": "534.00000", "2007-12-31": -438, "2007-09-30": 524, "2007-06-30": 68, "2007-03-31": "91.00000", "2006-12-31": -110.8, "2006-09-30": 240.6, "2006-06-30": 173.7, "2006-03-31": "182.50000", "2005-12-31": -96.4, "2005-09-30": 16.1, "2005-06-30": 83.5, "2005-03-31": "126.80000"}, "Change In Accounts Receivable": {"2020-09-30": 301, "2020-06-30": -308, "2020-03-31": "-266.00000", "2019-12-31": -65, "2019-09-30": 258, "2019-06-30": -94, "2019-03-31": "15.00000", "2018-12-31": -149, "2018-09-30": 525, "2018-06-30": -360, "2018-03-31": "-147.00000", "2017-12-31": 74, "2017-09-30": 242, "2017-06-30": -274, "2017-03-31": "51.00000", "2016-12-31": 189, "2016-09-30": 264, "2016-06-30": -154, "2016-03-31": "-275.00000", "2015-12-31": 89, "2015-09-30": 274, "2015-06-30": -90, "2015-03-31": "-153.00000", "2014-12-31": 167, "2014-09-30": 713, "2014-06-30": -180, "2014-03-31": "38.00000", "2013-12-31": -59, "2013-09-30": 326, "2013-06-30": -112, "2013-03-31": "-68.00000", "2012-12-31": -195, "2012-09-30": 265, "2012-06-30": 115, "2012-03-31": "142.00000", "2011-12-31": 861, "2011-09-30": 21, "2011-06-30": 65, "2011-03-31": "138.00000", "2010-12-31": 248, "2010-09-30": -917, "2010-06-30": 84, "2010-03-31": "250.00000", "2009-12-31": 148, "2009-09-30": 501, "2009-06-30": -50, "2009-03-31": "92.00000", "2008-12-31": 282, "2008-09-30": 384, "2008-06-30": 153, "2008-03-31": "23.00000", "2007-12-31": 751, "2007-09-30": 36, "2007-06-30": 420, "2007-03-31": "64.00000", "2006-12-31": 717.1, "2006-09-30": 1259, "2006-06-30": -30.8, "2006-03-31": "205.70000", "2005-12-31": 2364.7, "2005-09-30": 1.3, "2005-06-30": 999.4, "2005-03-31": "411.60000"}, "Change In Inventories": {"2020-09-30": -141, "2020-06-30": -537, "2020-03-31": "197.00000", "2019-12-31": 50, "2019-09-30": 61, "2019-06-30": -125, "2019-03-31": "-480.00000", "2018-12-31": 203, "2018-09-30": 217, "2018-06-30": 1198, "2018-03-31": "84.00000", "2017-12-31": 170, "2017-09-30": -199, "2017-06-30": 704, "2017-03-31": "-567.00000", "2016-12-31": -60, "2016-09-30": 80, "2016-06-30": -7, "2016-03-31": "-541.00000", "2015-12-31": 475, "2015-09-30": 189, "2015-06-30": 381, "2015-03-31": "-371.00000", "2014-12-31": 18, "2014-09-30": -30, "2014-06-30": 108, "2014-03-31": "-225.00000", "2013-12-31": -3, "2013-09-30": -19, "2013-06-30": -887, "2013-03-31": "8.00000", "2012-12-31": 16, "2012-09-30": 55, "2012-06-30": 17, "2012-03-31": "-494.00000", "2011-12-31": 585, "2011-09-30": 290, "2011-06-30": -1043, "2011-03-31": "522.00000", "2010-12-31": -2021, "2010-09-30": 832, "2010-06-30": -5, "2010-03-31": "-584.00000", "2009-12-31": 664, "2009-09-30": -81, "2009-06-30": -280, "2009-03-31": "457.00000", "2008-12-31": 1061, "2008-09-30": -2633, "2008-06-30": 1067, "2008-03-31": "421.00000", "2007-12-31": 120, "2007-09-30": 1090, "2007-06-30": 1227, "2007-03-31": "-640.00000", "2006-12-31": -969.6, "2006-09-30": -1315.6, "2006-06-30": 31.3, "2006-03-31": "229.90000", "2005-12-31": 28.7, "2005-09-30": -158.9, "2005-06-30": 66.2, "2005-03-31": "-62.00000"}, "Change In Accounts Payable": {"2020-09-30": 0, "2020-06-30": 0, "2020-03-31": "", "2019-12-31": 0, "2019-09-30": 0, "2019-06-30": 0, "2019-03-31": "", "2018-12-31": 0, "2018-09-30": 0, "2018-06-30": 0, "2018-03-31": "", "2017-12-31": 0, "2017-09-30": 0, "2017-06-30": 0, "2017-03-31": "", "2016-12-31": 0, "2016-09-30": 0, "2016-06-30": 0, "2016-03-31": "", "2015-12-31": 0, "2015-09-30": 0, "2015-06-30": 0, "2015-03-31": "", "2014-12-31": 0, "2014-09-30": 0, "2014-06-30": 0, "2014-03-31": "", "2013-12-31": 0, "2013-09-30": 0, "2013-06-30": 0, "2013-03-31": "", "2012-12-31": 0, "2012-09-30": 0, "2012-06-30": 0, "2012-03-31": "", "2011-12-31": 0, "2011-09-30": 0, "2011-06-30": 0, "2011-03-31": "", "2010-12-31": 0, "2010-09-30": 0, "2010-06-30": 0, "2010-03-31": "", "2009-12-31": 0, "2009-09-30": 0, "2009-06-30": 0, "2009-03-31": "", "2008-12-31": 34, "2008-09-30": -6, "2008-06-30": -23, "2008-03-31": "-5.00000", "2007-12-31": -82, "2007-09-30": -45, "2007-06-30": -49, "2007-03-31": "38.00000", "2006-12-31": -346.6, "2006-09-30": -770.9, "2006-06-30": 37.4, "2006-03-31": "-16.90000", "2005-12-31": -1011.8, "2005-09-30": -134.2, "2005-06-30": -185.4, "2005-03-31": "-12.60000"}, "Change In Assets/Liabilities": {"2020-09-30": 456, "2020-06-30": 735, "2020-03-31": "79.00000", "2019-12-31": -60, "2019-09-30": 296, "2019-06-30": 152, "2019-03-31": "-219.00000", "2018-12-31": 432, "2018-09-30": -414, "2018-06-30": 243, "2018-03-31": "11.00000", "2017-12-31": 4, "2017-09-30": -21, "2017-06-30": 228, "2017-03-31": "-194.00000", "2016-12-31": -185, "2016-09-30": -79, "2016-06-30": 267, "2016-03-31": "181.00000", "2015-12-31": 459, "2015-09-30": -204, "2015-06-30": 214, "2015-03-31": "7.00000", "2014-12-31": 163, "2014-09-30": -427, "2014-06-30": 260, "2014-03-31": "-320.00000", "2013-12-31": 422, "2013-09-30": -177, "2013-06-30": 204, "2013-03-31": "-65.00000", "2012-12-31": 550, "2012-09-30": -71, "2012-06-30": 45, "2012-03-31": "-109.00000", "2011-12-31": -157, "2011-09-30": -51, "2011-06-30": 82, "2011-03-31": "-257.00000", "2010-12-31": -94, "2010-09-30": -78, "2010-06-30": -385, "2010-03-31": "-170.00000", "2009-12-31": 165, "2009-09-30": -317, "2009-06-30": -204, "2009-03-31": "-298.00000", "2008-12-31": -160, "2008-09-30": 239, "2008-06-30": -260, "2008-03-31": "-512.00000", "2007-12-31": -252, "2007-09-30": 16, "2007-06-30": 250, "2007-03-31": "-600.00000", "2006-12-31": 35.2, "2006-09-30": 183.4, "2006-06-30": 52.8, "2006-03-31": "-592.40000", "2005-12-31": -365, "2005-09-30": 1154.2, "2005-06-30": -227.1, "2005-03-31": "-844.10000"}, "Total Change In Assets/Liabilities": {"2020-09-30": 616, "2020-06-30": -110, "2020-03-31": "10.00000", "2019-12-31": -75, "2019-09-30": 615, "2019-06-30": -67, "2019-03-31": "-684.00000", "2018-12-31": 486, "2018-09-30": 328, "2018-06-30": 1081, "2018-03-31": "-52.00000", "2017-12-31": 248, "2017-09-30": 22, "2017-06-30": 658, "2017-03-31": "-710.00000", "2016-12-31": -56, "2016-09-30": 265, "2016-06-30": 106, "2016-03-31": "-635.00000", "2015-12-31": 1023, "2015-09-30": 259, "2015-06-30": 505, "2015-03-31": "-517.00000", "2014-12-31": 348, "2014-09-30": 256, "2014-06-30": 188, "2014-03-31": "-507.00000", "2013-12-31": 360, "2013-09-30": 130, "2013-06-30": -795, "2013-03-31": "-125.00000", "2012-12-31": 371, "2012-09-30": 249, "2012-06-30": 177, "2012-03-31": "-461.00000", "2011-12-31": 1289, "2011-09-30": 260, "2011-06-30": -896, "2011-03-31": "403.00000", "2010-12-31": -1867, "2010-09-30": -163, "2010-06-30": -306, "2010-03-31": "-504.00000", "2009-12-31": 977, "2009-09-30": 103, "2009-06-30": -534, "2009-03-31": "251.00000", "2008-12-31": 1269, "2008-09-30": -2344, "2008-06-30": 741, "2008-03-31": "91.00000", "2007-12-31": 612, "2007-09-30": 983, "2007-06-30": 1596, "2007-03-31": "-865.00000", "2006-12-31": -604, "2006-09-30": -782.7001, "2006-06-30": 189.3001, "2006-03-31": "-64.60000", "2005-12-31": 1110.2999, "2005-09-30": 441.2001, "2005-06-30": 970.5, "2005-03-31": "-497.00000"}, "Cash Flow From Operating Activities": {"2020-09-30": 851, "2020-06-30": 111, "2020-03-31": "329.00000", "2019-12-31": 470, "2019-09-30": 797, "2019-06-30": 393, "2019-03-31": "81.00000", "2018-12-31": 827, "2018-09-30": 1244, "2018-06-30": 1638, "2018-03-31": "513.00000", "2017-12-31": 780, "2017-09-30": 579, "2017-06-30": 1232, "2017-03-31": "-1.00000", "2016-12-31": 537, "2016-09-30": 945, "2016-06-30": 622, "2016-03-31": "149.00000", "2015-12-31": 1352, "2015-09-30": 1108, "2015-06-30": 1045, "2015-03-31": "42.00000", "2014-12-31": 894, "2014-09-30": 904, "2014-06-30": 769, "2014-03-31": "423.00000", "2013-12-31": 767, "2013-09-30": 826, "2013-06-30": -105, "2013-03-31": "608.00000", "2012-12-31": 752, "2012-09-30": 996, "2012-06-30": 778, "2012-03-31": "328.00000", "2011-12-31": 1941, "2011-09-30": 1108, "2011-06-30": -213, "2011-03-31": "1129.00000", "2010-12-31": -942, "2010-09-30": 95, "2010-06-30": 506, "2010-03-31": "294.00000", "2009-12-31": 1827, "2009-09-30": 1112, "2009-06-30": 514, "2009-03-31": "1138.00000", "2008-12-31": 1994, "2008-09-30": -1454, "2008-06-30": 1344, "2008-03-31": "1487.00000", "2007-12-31": 1297, "2007-09-30": 2062, "2007-06-30": 2318, "2007-03-31": "-6.00000", "2006-12-31": 31.4, "2006-09-30": 93, "2006-06-30": 931.7, "2006-03-31": "658.90000", "2005-12-31": 1141.8, "2005-09-30": 759.5, "2005-06-30": 1489.6, "2005-03-31": "-23.90000"}, "Net Change In Property, Plant, And Equipment": {"2020-09-30": -108, "2020-06-30": -196, "2020-03-31": "-233.00000", "2019-12-31": -435, "2019-09-30": -237, "2019-06-30": -146, "2019-03-31": "-223.00000", "2018-12-31": -374, "2018-09-30": -143, "2018-06-30": -248, "2018-03-31": "-230.00000", "2017-12-31": -364, "2017-09-30": -260, "2017-06-30": -198, "2017-03-31": "-209.00000", "2016-12-31": -212, "2016-09-30": -287, "2016-06-30": -549, "2016-03-31": "-72.00000", "2015-12-31": -103, "2015-09-30": -212, "2015-06-30": -759, "2015-03-31": "-448.00000", "2014-12-31": -977, "2014-09-30": 377, "2014-06-30": -375, "2014-03-31": "-747.00000", "2013-12-31": -565, "2013-09-30": -46, "2013-06-30": -529, "2013-03-31": "-597.00000", "2012-12-31": -350, "2012-09-30": -116, "2012-06-30": -521, "2012-03-31": "-197.00000", "2011-12-31": -639, "2011-09-30": -183, "2011-06-30": -141, "2011-03-31": "-150.00000", "2010-12-31": -231, "2010-09-30": 1, "2010-06-30": 330, "2010-03-31": "-212.00000", "2009-12-31": -311, "2009-09-30": -760, "2009-06-30": -806, "2009-03-31": "-567.00000", "2008-12-31": -973, "2008-09-30": -1158, "2008-06-30": -940, "2008-03-31": "-839.00000", "2007-12-31": -871, "2007-09-30": -634, "2007-06-30": -382, "2007-03-31": "-323.00000", "2006-12-31": -275.8, "2006-09-30": -210.1, "2006-06-30": -194.7, "2006-03-31": "-199.40000", "2005-12-31": -91.2, "2005-09-30": -98.9, "2005-06-30": -143.5, "2005-03-31": "-59.40000"}, "Net Change In Intangible Assets": {"2020-09-30": 0, "2020-06-30": 0, "2020-03-31": "", "2019-12-31": 0, "2019-09-30": 0, "2019-06-30": 0, "2019-03-31": "", "2018-12-31": 0, "2018-09-30": 0, "2018-06-30": 0, "2018-03-31": "", "2017-12-31": 0, "2017-09-30": 0, "2017-06-30": 0, "2017-03-31": "", "2016-12-31": 0, "2016-09-30": 0, "2016-06-30": 0, "2016-03-31": "", "2015-12-31": 0, "2015-09-30": 0, "2015-06-30": 0, "2015-03-31": "", "2014-12-31": 0, "2014-09-30": 0, "2014-06-30": 0, "2014-03-31": "", "2013-12-31": 0, "2013-09-30": 0, "2013-06-30": 0, "2013-03-31": "", "2012-12-31": 0, "2012-09-30": 0, "2012-06-30": 0, "2012-03-31": "", "2011-12-31": 0, "2011-09-30": 0, "2011-06-30": 0, "2011-03-31": "", "2010-12-31": 0, "2010-09-30": 0, "2010-06-30": 0, "2010-03-31": "", "2009-12-31": 0, "2009-09-30": 0, "2009-06-30": 0, "2009-03-31": "", "2008-12-31": 0, "2008-09-30": 0, "2008-06-30": 0, "2008-03-31": "", "2007-12-31": 0, "2007-09-30": 0, "2007-06-30": 0, "2007-03-31": "", "2006-12-31": 0, "2006-09-30": 0, "2006-06-30": 0, "2006-03-31": "", "2005-12-31": 0, "2005-09-30": 0, "2005-06-30": 0, "2005-03-31": ""}, "Net Acquisitions/Divestitures": {"2020-09-30": 0, "2020-06-30": 0, "2020-03-31": "", "2019-12-31": 140, "2019-09-30": -1, "2019-06-30": -256, "2019-03-31": "", "2018-12-31": 90, "2018-09-30": -4, "2018-06-30": -10, "2018-03-31": "", "2017-12-31": 79, "2017-09-30": 4, "2017-06-30": -1222, "2017-03-31": "", "2016-12-31": 0, "2016-09-30": 0, "2016-06-30": -79, "2016-03-31": "", "2015-12-31": -157, "2015-09-30": 0, "2015-06-30": 0, "2015-03-31": "", "2014-12-31": -448, "2014-09-30": 0, "2014-06-30": 0, "2014-03-31": "", "2013-12-31": 182, "2013-09-30": -235, "2013-06-30": 0, "2013-03-31": "", "2012-12-31": -620, "2012-09-30": -367, "2012-06-30": 0, "2012-03-31": "", "2011-12-31": -548, "2011-09-30": 0, "2011-06-30": 0, "2011-03-31": "", "2010-12-31": 0, "2010-09-30": 0, "2010-06-30": 0, "2010-03-31": "", "2009-12-31": 0, "2009-09-30": 0, "2009-06-30": 0, "2009-03-31": "", "2008-12-31": 0, "2008-09-30": 0, "2008-06-30": 0, "2008-03-31": "", "2007-12-31": 0, "2007-09-30": -4029, "2007-06-30": 0, "2007-03-31": "", "2006-12-31": 0, "2006-09-30": 0, "2006-06-30": 0, "2006-03-31": "", "2005-12-31": 57, "2005-09-30": -11.6, "2005-06-30": 11.6, "2005-03-31": ""}, "Net Change In Short-term Investments": {"2020-09-30": 180, "2020-06-30": -311, "2020-03-31": "837.00000", "2019-12-31": -83, "2019-09-30": 20, "2019-06-30": 33, "2019-03-31": "-27.00000", "2018-12-31": -213, "2018-09-30": 978, "2018-06-30": -1079, "2018-03-31": "-25.00000", "2017-12-31": -82, "2017-09-30": -56, "2017-06-30": -395, "2017-03-31": "366.00000", "2016-12-31": 54, "2016-09-30": -44, "2016-06-30": 132, "2016-03-31": "16.00000", "2015-12-31": -178, "2015-09-30": 179, "2015-06-30": -78, "2015-03-31": "197.00000", "2014-12-31": 907, "2014-09-30": 486, "2014-06-30": 225, "2014-03-31": "-222.00000", "2013-12-31": -712, "2013-09-30": -5, "2013-06-30": 241, "2013-03-31": "375.00000", "2012-12-31": 445, "2012-09-30": -521, "2012-06-30": -28, "2012-03-31": "-88.00000", "2011-12-31": 166, "2011-09-30": -285, "2011-06-30": 1303, "2011-03-31": "277.00000", "2010-12-31": 1263, "2010-09-30": -429, "2010-06-30": -570, "2010-03-31": "1628.00000", "2009-12-31": -821, "2009-09-30": 98, "2009-06-30": 560, "2009-03-31": "-1457.00000", "2008-12-31": 1375, "2008-09-30": 3109, "2008-06-30": -372, "2008-03-31": "-1170.00000", "2007-12-31": 1955, "2007-09-30": 1403, "2007-06-30": -786, "2007-03-31": "-421.00000", "2006-12-31": 3193.8, "2006-09-30": -3625.6, "2006-06-30": 1471.7, "2006-03-31": "-3373.90000", "2005-12-31": 533.2, "2005-09-30": -956.7, "2005-06-30": 1424.7, "2005-03-31": "-1638.20000"}, "Net Change In Long-Term Investments": {"2020-09-30": -784, "2020-06-30": 232, "2020-03-31": "-24.00000", "2019-12-31": 274, "2019-09-30": -308, "2019-06-30": 145, "2019-03-31": "611.00000", "2018-12-31": -174, "2018-09-30": -283, "2018-06-30": 77, "2018-03-31": "423.00000", "2017-12-31": 36, "2017-09-30": -125, "2017-06-30": 15, "2017-03-31": "129.00000", "2016-12-31": -217, "2016-09-30": -374, "2016-06-30": -606, "2016-03-31": "-107.00000", "2015-12-31": 124, "2015-09-30": -469, "2015-06-30": -214, "2015-03-31": "355.00000", "2014-12-31": 69, "2014-09-30": -621, "2014-06-30": -366, "2014-03-31": "330.00000", "2013-12-31": -216, "2013-09-30": -234, "2013-06-30": -311, "2013-03-31": "-389.00000", "2012-12-31": -634, "2012-09-30": 278, "2012-06-30": -42, "2012-03-31": "-192.00000", "2011-12-31": -1188, "2011-09-30": -246, "2011-06-30": 386, "2011-03-31": "-528.00000", "2010-12-31": -412, "2010-09-30": 454, "2010-06-30": 627, "2010-03-31": "-1785.00000", "2009-12-31": -1085, "2009-09-30": -380, "2009-06-30": -201, "2009-03-31": "806.00000", "2008-12-31": -2489, "2008-09-30": -526, "2008-06-30": 422, "2008-03-31": "41.00000", "2007-12-31": -2548, "2007-09-30": 2743, "2007-06-30": -1389, "2007-03-31": "1897.00000", "2006-12-31": -3640, "2006-09-30": 1044.1016, "2006-06-30": -2103.7026, "2006-03-31": "2566.60100", "2005-12-31": -889, "2005-09-30": -419.2031, "2005-06-30": -957.2969, "2005-03-31": "1365.50000"}, "Net Change In Investments - Total": {"2020-09-30": -604, "2020-06-30": -79, "2020-03-31": "813.00000", "2019-12-31": 191, "2019-09-30": -288, "2019-06-30": 178, "2019-03-31": "584.00000", "2018-12-31": -387, "2018-09-30": 695, "2018-06-30": -1002, "2018-03-31": "398.00000", "2017-12-31": -46, "2017-09-30": -181, "2017-06-30": -380, "2017-03-31": "495.00000", "2016-12-31": -163, "2016-09-30": -418, "2016-06-30": -474, "2016-03-31": "-91.00000", "2015-12-31": -54, "2015-09-30": -290, "2015-06-30": -292, "2015-03-31": "552.00000", "2014-12-31": 976, "2014-09-30": -135, "2014-06-30": -141, "2014-03-31": "108.00000", "2013-12-31": -928, "2013-09-30": -239, "2013-06-30": -70, "2013-03-31": "-14.00000", "2012-12-31": -189, "2012-09-30": -243, "2012-06-30": -70, "2012-03-31": "-280.00000", "2011-12-31": -1022, "2011-09-30": -531, "2011-06-30": 1689, "2011-03-31": "-251.00000", "2010-12-31": 851, "2010-09-30": 25, "2010-06-30": 57, "2010-03-31": "-157.00000", "2009-12-31": -1906, "2009-09-30": -282, "2009-06-30": 359, "2009-03-31": "-651.00000", "2008-12-31": -1114, "2008-09-30": 2583, "2008-06-30": 50, "2008-03-31": "-1129.00000", "2007-12-31": -593, "2007-09-30": 4146, "2007-06-30": -2175, "2007-03-31": "1476.00000", "2006-12-31": -446.2, "2006-09-30": -2581.498, "2006-06-30": -632.0027, "2006-03-31": "-807.29930", "2005-12-31": -355.8, "2005-09-30": -1375.9031, "2005-06-30": 467.4031, "2005-03-31": "-272.70000"}, "Investing Activities - Other": {"2020-09-30": -71, "2020-06-30": -477, "2020-03-31": "-153.00000", "2019-12-31": -83, "2019-09-30": -2, "2019-06-30": -32, "2019-03-31": "-61.00000", "2018-12-31": -56, "2018-09-30": -28, "2018-06-30": -33, "2018-03-31": "-112.00000", "2017-12-31": -237, "2017-09-30": -96, "2017-06-30": -27, "2017-03-31": "-13.00000", "2016-12-31": 34, "2016-09-30": -24, "2016-06-30": 142, "2016-03-31": "6.00000", "2015-12-31": -34, "2015-09-30": -51, "2015-06-30": -77, "2015-03-31": "-10.00000", "2014-12-31": -56, "2014-09-30": -48, "2014-06-30": -6, "2014-03-31": "2.00000", "2013-12-31": -122, "2013-09-30": -52, "2013-06-30": -61, "2013-03-31": "-22.00000", "2012-12-31": -34, "2012-09-30": -18, "2012-06-30": -54, "2012-03-31": "-36.00000", "2011-12-31": 659, "2011-09-30": -12, "2011-06-30": -359, "2011-03-31": "-415.00000", "2010-12-31": 470, "2010-09-30": -300, "2010-06-30": -128, "2010-03-31": "-42.00000", "2009-12-31": 41, "2009-09-30": 10, "2009-06-30": -100, "2009-03-31": "110.00000", "2008-12-31": -181, "2008-09-30": 69, "2008-06-30": -320, "2008-03-31": "738.00000", "2007-12-31": 191, "2007-09-30": -3258, "2007-06-30": 392, "2007-03-31": "-755.00000", "2006-12-31": 1258.6, "2006-09-30": 1027.4, "2006-06-30": -480.3, "2006-03-31": "904.30000", "2005-12-31": -1269.7, "2005-09-30": 758.8, "2005-06-30": 263.6, "2005-03-31": "346.30000"}, "Cash Flow From Investing Activities": {"2020-09-30": -783, "2020-06-30": -752, "2020-03-31": "427.00000", "2019-12-31": -187, "2019-09-30": -528, "2019-06-30": -256, "2019-03-31": "300.00000", "2018-12-31": -727, "2018-09-30": 520, "2018-06-30": -1293, "2018-03-31": "56.00000", "2017-12-31": -568, "2017-09-30": -533, "2017-06-30": -1827, "2017-03-31": "273.00000", "2016-12-31": -341, "2016-09-30": -729, "2016-06-30": -960, "2016-03-31": "-157.00000", "2015-12-31": -348, "2015-09-30": -553, "2015-06-30": -1128, "2015-03-31": "94.00000", "2014-12-31": -505, "2014-09-30": 194, "2014-06-30": -522, "2014-03-31": "-637.00000", "2013-12-31": -1433, "2013-09-30": -572, "2013-06-30": -660, "2013-03-31": "-633.00000", "2012-12-31": -1193, "2012-09-30": -744, "2012-06-30": -645, "2012-03-31": "-513.00000", "2011-12-31": -1550, "2011-09-30": -726, "2011-06-30": 1189, "2011-03-31": "-816.00000", "2010-12-31": 1090, "2010-09-30": -274, "2010-06-30": 259, "2010-03-31": "-411.00000", "2009-12-31": -2176, "2009-09-30": -1032, "2009-06-30": -547, "2009-03-31": "-1108.00000", "2008-12-31": -2268, "2008-09-30": 1494, "2008-06-30": -1210, "2008-03-31": "-1230.00000", "2007-12-31": -1273, "2007-09-30": -3775, "2007-06-30": -2165, "2007-03-31": "398.00000", "2006-12-31": 536.6, "2006-09-30": -1764.2, "2006-06-30": -1307, "2006-03-31": "-102.40000", "2005-12-31": -1659.7, "2005-09-30": -727.6, "2005-06-30": 599.1, "2005-03-31": "14.20000"}, "Net Long-Term Debt": {"2020-09-30": 359, "2020-06-30": 446, "2020-03-31": "431.00000", "2019-12-31": 46, "2019-09-30": -66, "2019-06-30": 158, "2019-03-31": "-18.00000", "2018-12-31": -91, "2018-09-30": -15, "2018-06-30": -2, "2018-03-31": "-70.00000", "2017-12-31": 97, "2017-09-30": 66, "2017-06-30": 584, "2017-03-31": "-91.00000", "2016-12-31": -148, "2016-09-30": -147, "2016-06-30": 476, "2016-03-31": "15.00000", "2015-12-31": -191, "2015-09-30": -84, "2015-06-30": 297, "2015-03-31": "-123.00000", "2014-12-31": -274, "2014-09-30": -426, "2014-06-30": -26, "2014-03-31": "461.00000", "2013-12-31": 866, "2013-09-30": 39, "2013-06-30": 632, "2013-03-31": "224.00000", "2012-12-31": 422, "2012-09-30": -309, "2012-06-30": 90, "2012-03-31": "39.00000", "2011-12-31": -232, "2011-09-30": 53, "2011-06-30": -323, "2011-03-31": "-9.00000", "2010-12-31": 0, "2010-09-30": 417, "2010-06-30": -555, "2010-03-31": "124.00000", "2009-12-31": 780, "2009-09-30": 40, "2009-06-30": 245, "2009-03-31": "161.00000", "2008-12-31": 585, "2008-09-30": 279, "2008-06-30": 58, "2008-03-31": "81.00000", "2007-12-31": 31, "2007-09-30": 2108, "2007-06-30": -1, "2007-03-31": "-1.00000", "2006-12-31": -361.7, "2006-09-30": 784.3, "2006-06-30": -12.6, "2006-03-31": "-43.00000", "2005-12-31": -33, "2005-09-30": -1.9, "2005-06-30": -1855.1, "2005-03-31": "72.00000"}, "Net Current Debt": {"2020-09-30": 0, "2020-06-30": 0, "2020-03-31": "", "2019-12-31": 0, "2019-09-30": 0, "2019-06-30": 0, "2019-03-31": "", "2018-12-31": 0, "2018-09-30": 0, "2018-06-30": 0, "2018-03-31": "", "2017-12-31": 0, "2017-09-30": 0, "2017-06-30": 0, "2017-03-31": "", "2016-12-31": 0, "2016-09-30": 0, "2016-06-30": 0, "2016-03-31": "", "2015-12-31": 0, "2015-09-30": 0, "2015-06-30": 0, "2015-03-31": "", "2014-12-31": 0, "2014-09-30": 0, "2014-06-30": 0, "2014-03-31": "", "2013-12-31": 0, "2013-09-30": 0, "2013-06-30": 0, "2013-03-31": "", "2012-12-31": 0, "2012-09-30": 0, "2012-06-30": 0, "2012-03-31": "", "2011-12-31": 0, "2011-09-30": 0, "2011-06-30": 0, "2011-03-31": "", "2010-12-31": 0, "2010-09-30": 0, "2010-06-30": 0, "2010-03-31": "", "2009-12-31": 0, "2009-09-30": 0, "2009-06-30": 0, "2009-03-31": "", "2008-12-31": 0, "2008-09-30": 0, "2008-06-30": 0, "2008-03-31": "", "2007-12-31": 0, "2007-09-30": 0, "2007-06-30": 0, "2007-03-31": "", "2006-12-31": 0, "2006-09-30": 0, "2006-06-30": 0, "2006-03-31": "", "2005-12-31": 0, "2005-09-30": 0, "2005-06-30": 0, "2005-03-31": ""}, "Debt Issuance/Retirement Net - Total": {"2020-09-30": 359, "2020-06-30": 446, "2020-03-31": "431.00000", "2019-12-31": 46, "2019-09-30": -66, "2019-06-30": 158, "2019-03-31": "-18.00000", "2018-12-31": -91, "2018-09-30": -15, "2018-06-30": -2, "2018-03-31": "-70.00000", "2017-12-31": 97, "2017-09-30": 66, "2017-06-30": 584, "2017-03-31": "-91.00000", "2016-12-31": -148, "2016-09-30": -147, "2016-06-30": 476, "2016-03-31": "15.00000", "2015-12-31": -191, "2015-09-30": -84, "2015-06-30": 297, "2015-03-31": "-123.00000", "2014-12-31": -274, "2014-09-30": -426, "2014-06-30": -26, "2014-03-31": "461.00000", "2013-12-31": 866, "2013-09-30": 39, "2013-06-30": 632, "2013-03-31": "224.00000", "2012-12-31": 422, "2012-09-30": -309, "2012-06-30": 90, "2012-03-31": "39.00000", "2011-12-31": -232, "2011-09-30": 53, "2011-06-30": -323, "2011-03-31": "-9.00000", "2010-12-31": 0, "2010-09-30": 417, "2010-06-30": -555, "2010-03-31": "124.00000", "2009-12-31": 780, "2009-09-30": 40, "2009-06-30": 245, "2009-03-31": "161.00000", "2008-12-31": 585, "2008-09-30": 279, "2008-06-30": 58, "2008-03-31": "81.00000", "2007-12-31": 31, "2007-09-30": 2108, "2007-06-30": -1, "2007-03-31": "-1.00000", "2006-12-31": -361.7, "2006-09-30": 784.3, "2006-06-30": -12.6, "2006-03-31": "-43.00000", "2005-12-31": -33, "2005-09-30": -1.9, "2005-06-30": -1855.1, "2005-03-31": "72.00000"}, "Net Common Equity Issued/Repurchased": {"2020-09-30": -187, "2020-06-30": -52, "2020-03-31": "-476.00000", "2019-12-31": -413, "2019-09-30": -167, "2019-06-30": -163, "2019-03-31": "-331.00000", "2018-12-31": -137, "2018-09-30": -1594, "2018-06-30": -302, "2018-03-31": "-497.00000", "2017-12-31": -210, "2017-09-30": 0, "2017-06-30": -6, "2017-03-31": "", "2016-12-31": -11, "2016-09-30": -29, "2016-06-30": -53, "2016-03-31": "-41.00000", "2015-12-31": -648, "2015-09-30": -335, "2015-06-30": -190, "2015-03-31": "", "2014-12-31": -285, "2014-09-30": -214, "2014-06-30": -162, "2014-03-31": "-99.00000", "2013-12-31": 1, "2013-09-30": -47, "2013-06-30": 285, "2013-03-31": "-92.00000", "2012-12-31": 223, "2012-09-30": 227, "2012-06-30": -50, "2012-03-31": "250.00000", "2011-12-31": -32, "2011-09-30": -278, "2011-06-30": -68, "2011-03-31": "-178.00000", "2010-12-31": -44, "2010-09-30": -77, "2010-06-30": -78, "2010-03-31": "146.00000", "2009-12-31": -188, "2009-09-30": 74, "2009-06-30": -33, "2009-03-31": "1.00000", "2008-12-31": -20, "2008-09-30": -9, "2008-06-30": 246, "2008-03-31": "-69.00000", "2007-12-31": 222, "2007-09-30": -291, "2007-06-30": -58, "2007-03-31": "-2.00000", "2006-12-31": -56.8, "2006-09-30": 1102.5, "2006-06-30": 563.1, "2006-03-31": "-46.80000", "2005-12-31": 690.3, "2005-09-30": 6.7, "2005-06-30": 2.6, "2005-03-31": "3.40000"}, "Net Total Equity Issued/Repurchased": {"2020-09-30": -187, "2020-06-30": -52, "2020-03-31": "-476.00000", "2019-12-31": -413, "2019-09-30": -167, "2019-06-30": -163, "2019-03-31": "-331.00000", "2018-12-31": -137, "2018-09-30": -1594, "2018-06-30": -302, "2018-03-31": "-497.00000", "2017-12-31": -210, "2017-09-30": 0, "2017-06-30": -6, "2017-03-31": "", "2016-12-31": -11, "2016-09-30": -29, "2016-06-30": -53, "2016-03-31": "-41.00000", "2015-12-31": -648, "2015-09-30": -335, "2015-06-30": -190, "2015-03-31": "", "2014-12-31": -285, "2014-09-30": -214, "2014-06-30": -162, "2014-03-31": "-99.00000", "2013-12-31": 1, "2013-09-30": -47, "2013-06-30": 285, "2013-03-31": "-92.00000", "2012-12-31": 223, "2012-09-30": 227, "2012-06-30": -50, "2012-03-31": "250.00000", "2011-12-31": -32, "2011-09-30": -278, "2011-06-30": -68, "2011-03-31": "-178.00000", "2010-12-31": -44, "2010-09-30": -77, "2010-06-30": -78, "2010-03-31": "146.00000", "2009-12-31": -188, "2009-09-30": 74, "2009-06-30": -33, "2009-03-31": "1.00000", "2008-12-31": -20, "2008-09-30": -9, "2008-06-30": 246, "2008-03-31": "-69.00000", "2007-12-31": 222, "2007-09-30": -291, "2007-06-30": -58, "2007-03-31": "-2.00000", "2006-12-31": -56.8, "2006-09-30": 1102.5, "2006-06-30": 563.1, "2006-03-31": "-46.80000", "2005-12-31": 690.3, "2005-09-30": 6.7, "2005-06-30": 2.6, "2005-03-31": "3.40000"}, "Total Common And Preferred Stock Dividends Paid": {"2020-09-30": -27, "2020-06-30": -27, "2020-03-31": "-87.00000", "2019-12-31": -29, "2019-09-30": -29, "2019-06-30": -29, "2019-03-31": "-87.00000", "2018-12-31": -31, "2018-09-30": -30, "2018-06-30": -42, "2018-03-31": "-98.00000", "2017-12-31": -43, "2017-09-30": -42, "2017-06-30": -41, "2017-03-31": "-97.00000", "2016-12-31": -41, "2016-09-30": -41, "2016-06-30": -40, "2016-03-31": "-96.00000", "2015-12-31": -48, "2015-09-30": -51, "2015-06-30": -51, "2015-03-31": "-105.00000", "2014-12-31": -100, "2014-09-30": -101, "2014-06-30": -102, "2014-03-31": "-130.00000", "2013-12-31": -153, "2013-09-30": -152, "2013-06-30": -146, "2013-03-31": "-146.00000", "2012-12-31": -145, "2012-09-30": -138, "2012-06-30": -133, "2012-03-31": "-133.00000", "2011-12-31": -127, "2011-09-30": -126, "2011-06-30": -123, "2011-03-31": "-124.00000", "2010-12-31": -121, "2010-09-30": -120, "2010-06-30": -164, "2010-03-31": "-192.00000", "2009-12-31": -193, "2009-09-30": -188, "2009-06-30": -187, "2009-03-31": "-188.00000", "2008-12-31": -185, "2008-09-30": -149, "2008-06-30": -198, "2008-03-31": "-200.00000", "2007-12-31": -197, "2007-09-30": -107, "2007-06-30": -107, "2007-03-31": "-374.00000", "2006-12-31": -97.3, "2006-09-30": -96.7, "2006-06-30": -90, "2006-03-31": "-162.00000", "2005-12-31": -70.9, "2005-09-30": -66.2, "2005-06-30": -62.4, "2005-03-31": "-62.50000"}, "Financial Activities - Other": {"2020-09-30": 0, "2020-06-30": -1, "2020-03-31": "-12.00000", "2019-12-31": -1, "2019-09-30": 0, "2019-06-30": -2, "2019-03-31": "-13.00000", "2018-12-31": -1, "2018-09-30": -8, "2018-06-30": 9, "2018-03-31": "74.00000", "2017-12-31": 0, "2017-09-30": -15, "2017-06-30": -1, "2017-03-31": "", "2016-12-31": -8, "2016-09-30": -1, "2016-06-30": 0, "2016-03-31": "-1.00000", "2015-12-31": 0, "2015-09-30": -2, "2015-06-30": 1, "2015-03-31": "5.00000", "2014-12-31": 2, "2014-09-30": -3, "2014-06-30": 16, "2014-03-31": "1.00000", "2013-12-31": -11, "2013-09-30": -6, "2013-06-30": -20, "2013-03-31": "-3.00000", "2012-12-31": -1, "2012-09-30": -2, "2012-06-30": -2, "2012-03-31": "-2.00000", "2011-12-31": 0, "2011-09-30": -48, "2011-06-30": -437, "2011-03-31": "-1.00000", "2010-12-31": 4, "2010-09-30": -2, "2010-06-30": -12, "2010-03-31": "-14.00000", "2009-12-31": -18, "2009-09-30": 11, "2009-06-30": -1, "2009-03-31": "5.00000", "2008-12-31": -204, "2008-09-30": -97, "2008-06-30": -279, "2008-03-31": "-12.00000", "2007-12-31": -59, "2007-09-30": -2, "2007-06-30": 0, "2007-03-31": "-37.00000", "2006-12-31": -71.5, "2006-09-30": -98.9, "2006-06-30": -57.8, "2006-03-31": "-340.80000", "2005-12-31": -108.9, "2005-09-30": -100, "2005-06-30": -16.9, "2005-03-31": "-42.20000"}, "Cash Flow From Financial Activities": {"2020-09-30": 145, "2020-06-30": 366, "2020-03-31": "-144.00000", "2019-12-31": -397, "2019-09-30": -262, "2019-06-30": -36, "2019-03-31": "-449.00000", "2018-12-31": -260, "2018-09-30": -1647, "2018-06-30": -337, "2018-03-31": "-591.00000", "2017-12-31": -156, "2017-09-30": 9, "2017-06-30": 536, "2017-03-31": "-188.00000", "2016-12-31": -208, "2016-09-30": -218, "2016-06-30": 383, "2016-03-31": "-123.00000", "2015-12-31": -887, "2015-09-30": -472, "2015-06-30": 57, "2015-03-31": "-223.00000", "2014-12-31": -657, "2014-09-30": -744, "2014-06-30": -274, "2014-03-31": "233.00000", "2013-12-31": 703, "2013-09-30": -166, "2013-06-30": 751, "2013-03-31": "-17.00000", "2012-12-31": 499, "2012-09-30": -222, "2012-06-30": -95, "2012-03-31": "154.00000", "2011-12-31": -391, "2011-09-30": -399, "2011-06-30": -951, "2011-03-31": "-312.00000", "2010-12-31": -161, "2010-09-30": 218, "2010-06-30": -809, "2010-03-31": "64.00000", "2009-12-31": 381, "2009-09-30": -63, "2009-06-30": 24, "2009-03-31": "-21.00000", "2008-12-31": 176, "2008-09-30": 24, "2008-06-30": -173, "2008-03-31": "-200.00000", "2007-12-31": -3, "2007-09-30": 1708, "2007-06-30": -166, "2007-03-31": "-414.00000", "2006-12-31": -587.3, "2006-09-30": 1691.2, "2006-06-30": 402.7, "2006-03-31": "-592.60000", "2005-12-31": 477.5, "2005-09-30": -161.4, "2005-06-30": -1931.8, "2005-03-31": "-29.30000"}, "Net Cash Flow": {"2020-09-30": 218, "2020-06-30": -271, "2020-03-31": "603.00000", "2019-12-31": -106, "2019-09-30": 2, "2019-06-30": 101, "2019-03-31": "-66.00000", "2018-12-31": -166, "2018-09-30": 118, "2018-06-30": 2, "2018-03-31": "-21.00000", "2017-12-31": 56, "2017-09-30": 59, "2017-06-30": -55, "2017-03-31": "85.00000", "2016-12-31": -17, "2016-09-30": -4, "2016-06-30": 40, "2016-03-31": "-132.00000", "2015-12-31": 112, "2015-09-30": 79, "2015-06-30": -22, "2015-03-31": "-93.00000", "2014-12-31": -273, "2014-09-30": 360, "2014-06-30": -23, "2014-03-31": "6.00000", "2013-12-31": 37, "2013-09-30": 93, "2013-06-30": -15, "2013-03-31": "-49.00000", "2012-12-31": 59, "2012-09-30": 33, "2012-06-30": 37, "2012-03-31": "-30.00000", "2011-12-31": 1, "2011-09-30": -20, "2011-06-30": 25, "2011-03-31": "3.00000", "2010-12-31": -12, "2010-09-30": 41, "2010-06-30": -44, "2010-03-31": "-55.00000", "2009-12-31": 34, "2009-09-30": 20, "2009-06-30": -2, "2009-03-31": "7.00000", "2008-12-31": -105, "2008-09-30": 59, "2008-06-30": -39, "2008-03-31": "56.00000", "2007-12-31": 26, "2007-09-30": -5, "2007-06-30": -13, "2007-03-31": "-22.00000", "2006-12-31": -19.3, "2006-09-30": 20, "2006-06-30": 27.4, "2006-03-31": "-36.10000", "2005-12-31": -40.4, "2005-09-30": -129.5, "2005-06-30": 156.9, "2005-03-31": "-39.00000"}, "Stock-Based Compensation": {"2020-09-30": 0, "2020-06-30": 0, "2020-03-31": "", "2019-12-31": 0, "2019-09-30": 0, "2019-06-30": 0, "2019-03-31": "", "2018-12-31": 0, "2018-09-30": 0, "2018-06-30": 0, "2018-03-31": "", "2017-12-31": 0, "2017-09-30": 0, "2017-06-30": 0, "2017-03-31": "", "2016-12-31": 0, "2016-09-30": 0, "2016-06-30": 0, "2016-03-31": "", "2015-12-31": 0, "2015-09-30": 0, "2015-06-30": 0, "2015-03-31": "", "2014-12-31": 0, "2014-09-30": 0, "2014-06-30": 0, "2014-03-31": "", "2013-12-31": 0, "2013-09-30": 0, "2013-06-30": 0, "2013-03-31": "", "2012-12-31": 0, "2012-09-30": 0, "2012-06-30": 0, "2012-03-31": "", "2011-12-31": 0, "2011-09-30": 0, "2011-06-30": 0, "2011-03-31": "", "2010-12-31": 0, "2010-09-30": 0, "2010-06-30": 0, "2010-03-31": "", "2009-12-31": 0, "2009-09-30": 0, "2009-06-30": 0, "2009-03-31": "", "2008-12-31": 0, "2008-09-30": 0, "2008-06-30": 0, "2008-03-31": "", "2007-12-31": 0, "2007-09-30": 0, "2007-06-30": 0, "2007-03-31": "", "2006-12-31": 0, "2006-09-30": 0, "2006-06-30": 0, "2006-03-31": "", "2005-12-31": 0, "2005-09-30": 0, "2005-06-30": 0, "2005-03-31": ""}, "Common Stock Dividends Paid": {"2020-09-30": -27, "2020-06-30": -27, "2020-03-31": "-87.00000", "2019-12-31": -29, "2019-09-30": -29, "2019-06-30": -29, "2019-03-31": "-87.00000", "2018-12-31": -31, "2018-09-30": -30, "2018-06-30": -42, "2018-03-31": "-98.00000", "2017-12-31": -43, "2017-09-30": -42, "2017-06-30": -41, "2017-03-31": "-97.00000", "2016-12-31": -41, "2016-09-30": -41, "2016-06-30": -40, "2016-03-31": "-96.00000", "2015-12-31": -48, "2015-09-30": -51, "2015-06-30": -51, "2015-03-31": "-105.00000", "2014-12-31": -100, "2014-09-30": -101, "2014-06-30": -102, "2014-03-31": "-130.00000", "2013-12-31": -153, "2013-09-30": -152, "2013-06-30": -146, "2013-03-31": "-146.00000", "2012-12-31": -145, "2012-09-30": -138, "2012-06-30": -133, "2012-03-31": "-133.00000", "2011-12-31": -127, "2011-09-30": -126, "2011-06-30": -123, "2011-03-31": "-124.00000", "2010-12-31": -121, "2010-09-30": -120, "2010-06-30": -164, "2010-03-31": "-192.00000", "2009-12-31": -193, "2009-09-30": -188, "2009-06-30": -187, "2009-03-31": "-188.00000", "2008-12-31": -185, "2008-09-30": -149, "2008-06-30": -198, "2008-03-31": "-200.00000", "2007-12-31": -197, "2007-09-30": -107, "2007-06-30": -107, "2007-03-31": "-374.00000", "2006-12-31": -97.3, "2006-09-30": -96.7, "2006-06-30": -90, "2006-03-31": "-162.00000", "2005-12-31": -70.9, "2005-09-30": -66.2, "2005-06-30": -62.4, "2005-03-31": "-62.50000"}}, "financial ratios": {"Current Ratio": {"2019-12-31": "", "2018-12-31": "", "2017-12-31": "", "2016-12-31": "", "2015-12-31": "", "2014-12-31": "", "2013-12-31": "", "2012-12-31": "", "2011-12-31": "", "2010-12-31": "", "2009-12-31": "", "2008-12-31": "", "2007-12-31": "", "2006-12-31": "", "2005-12-31": ""}, "Long-term Debt / Capital": {"2019-12-31": "0.34310", "2018-12-31": "0.34690", "2017-12-31": "0.31420", "2016-12-31": "0.31350", "2015-12-31": "0.29450", "2014-12-31": "0.29540", "2013-12-31": "0.27660", "2012-12-31": "0.27140", "2011-12-31": "0.27750", "2010-12-31": "0.27650", "2009-12-31": "0.31000", "2008-12-31": "0.32330", "2007-12-31": "0.28360", "2006-12-31": "0.35720", "2005-12-31": "0.29110"}, "Debt/Equity Ratio": {"2019-12-31": "0.52590", "2018-12-31": "0.53190", "2017-12-31": "0.46950", "2016-12-31": "0.46140", "2015-12-31": "0.46300", "2014-12-31": "0.43280", "2013-12-31": "0.41530", "2012-12-31": "0.37320", "2011-12-31": "0.38790", "2010-12-31": "0.41020", "2009-12-31": "0.44980", "2008-12-31": "0.48190", "2007-12-31": "0.41620", "2006-12-31": "0.55590", "2005-12-31": "0.45630"}, "Gross Margin": {"2019-12-31": "", "2018-12-31": "", "2017-12-31": "", "2016-12-31": "", "2015-12-31": "", "2014-12-31": "", "2013-12-31": "", "2012-12-31": "", "2011-12-31": "", "2010-12-31": "", "2009-12-31": "", "2008-12-31": "", "2007-12-31": "", "2006-12-31": "", "2005-12-31": ""}, "Operating Margin": {"2019-12-31": "11.45270", "2018-12-31": "10.01000", "2017-12-31": "16.22130", "2016-12-31": "11.23240", "2015-12-31": "5.69510", "2014-12-31": "16.11170", "2013-12-31": "18.49040", "2012-12-31": "17.39630", "2011-12-31": "19.44940", "2010-12-31": "23.39380", "2009-12-31": "22.76690", "2008-12-31": "12.25180", "2007-12-31": "24.56300", "2006-12-31": "24.52330", "2005-12-31": "13.83910"}, "EBIT Margin": {"2019-12-31": "11.45270", "2018-12-31": "10.01000", "2017-12-31": "16.22130", "2016-12-31": "11.23240", "2015-12-31": "5.69510", "2014-12-31": "16.11170", "2013-12-31": "18.49040", "2012-12-31": "17.39630", "2011-12-31": "19.44940", "2010-12-31": "23.39380", "2009-12-31": "22.76690", "2008-12-31": "12.25180", "2007-12-31": "24.56300", "2006-12-31": "24.52330", "2005-12-31": "13.83910"}, "EBITDA Margin": {"2019-12-31": "17.17230", "2018-12-31": "15.99600", "2017-12-31": "22.29340", "2016-12-31": "17.44370", "2015-12-31": "13.08980", "2014-12-31": "22.40840", "2013-12-31": "28.63890", "2012-12-31": "23.47210", "2011-12-31": "24.89210", "2010-12-31": "28.16970", "2009-12-31": "26.91080", "2008-12-31": "18.85710", "2007-12-31": "25.99640", "2006-12-31": "24.30660", "2005-12-31": "14.93180"}, "Pre-Tax Profit Margin": {"2019-12-31": "7.49450", "2018-12-31": "5.92920", "2017-12-31": "11.51800", "2016-12-31": "7.14230", "2015-12-31": "1.81890", "2014-12-31": "12.63530", "2013-12-31": "15.58200", "2012-12-31": "14.36900", "2011-12-31": "15.75480", "2010-12-31": "19.85630", "2009-12-31": "12.25470", "2008-12-31": "4.43120", "2007-12-31": "22.33250", "2006-12-31": "22.42130", "2005-12-31": "11.53990"}, "Net Profit Margin": {"2019-12-31": "6.24200", "2018-12-31": "4.52150", "2017-12-31": "8.47470", "2016-12-31": "4.99050", "2015-12-31": "1.93810", "2014-12-31": "4.12570", "2013-12-31": "4.07170", "2012-12-31": "4.03640", "2011-12-31": "7.51650", "2010-12-31": "8.81970", "2009-12-31": "3.99520", "2008-12-31": "32.60360", "2007-12-31": "13.66940", "2006-12-31": "14.98840", "2005-12-31": "6.07000"}, "Asset Turnover": {"2019-12-31": "0.18150", "2018-12-31": "0.17960", "2017-12-31": "0.17260", "2016-12-31": "0.17110", "2015-12-31": "0.17650", "2014-12-31": "0.18280", "2013-12-31": "0.18280", "2012-12-31": "0.17590", "2011-12-31": "0.18770", "2010-12-31": "0.19160", "2009-12-31": "0.19060", "2008-12-31": "0.18960", "2007-12-31": "0.18790", "2006-12-31": "0.18010", "2005-12-31": "0.22330"}, "Inventory Turnover Ratio": {"2019-12-31": "", "2018-12-31": "", "2017-12-31": "", "2016-12-31": "", "2015-12-31": "", "2014-12-31": "", "2013-12-31": "", "2012-12-31": "", "2011-12-31": "", "2010-12-31": "", "2009-12-31": "", "2008-12-31": "", "2007-12-31": "", "2006-12-31": "", "2005-12-31": ""}, "Receiveable Turnover": {"2019-12-31": "", "2018-12-31": "", "2017-12-31": "", "2016-12-31": "", "2015-12-31": "", "2014-12-31": "", "2013-12-31": "", "2012-12-31": "", "2011-12-31": "", "2010-12-31": "", "2009-12-31": "", "2008-12-31": "", "2007-12-31": "", "2006-12-31": "", "2005-12-31": ""}, "Days Sales In Receivables": {"2019-12-31": "", "2018-12-31": "", "2017-12-31": "", "2016-12-31": "", "2015-12-31": "", "2014-12-31": "", "2013-12-31": "", "2012-12-31": "", "2011-12-31": "", "2010-12-31": "", "2009-12-31": "", "2008-12-31": "", "2007-12-31": "", "2006-12-31": "", "2005-12-31": ""}, "ROE - Return On Equity": {"2019-12-31": "3.97170", "2018-12-31": "3.30120", "2017-12-31": "5.74780", "2016-12-31": "3.06490", "2015-12-31": "1.25820", "2014-12-31": "5.48880", "2013-12-31": "6.50850", "2012-12-31": "6.11530", "2011-12-31": "7.30080", "2010-12-31": "8.69040", "2009-12-31": "6.56870", "2008-12-31": "3.38490", "2007-12-31": "12.50070", "2006-12-31": "10.15630", "2005-12-31": "9.02070"}, "Return On Tangible Equity": {"2019-12-31": "4.11570", "2018-12-31": "3.40720", "2017-12-31": "5.90620", "2016-12-31": "3.11100", "2015-12-31": "1.27790", "2014-12-31": "5.57340", "2013-12-31": "6.60310", "2012-12-31": "6.37250", "2011-12-31": "7.59810", "2010-12-31": "9.02470", "2009-12-31": "6.84660", "2008-12-31": "3.56290", "2007-12-31": "13.54230", "2006-12-31": "10.34060", "2005-12-31": "9.23040"}, "ROA - Return On Assets": {"2019-12-31": "1.05910", "2018-12-31": "0.90150", "2017-12-31": "1.77420", "2016-12-31": "0.93480", "2015-12-31": "0.37760", "2014-12-31": "1.72650", "2013-12-31": "2.02780", "2012-12-31": "1.88580", "2011-12-31": "2.25060", "2010-12-31": "2.63250", "2009-12-31": "1.86990", "2008-12-31": "0.83010", "2007-12-31": "2.88910", "2006-12-31": "2.18000", "2005-12-31": "1.66560"}, "ROI - Return On Investment": {"2019-12-31": "2.60890", "2018-12-31": "2.15610", "2017-12-31": "3.94200", "2016-12-31": "2.10410", "2015-12-31": "0.88770", "2014-12-31": "3.86760", "2013-12-31": "4.70800", "2012-12-31": "4.45570", "2011-12-31": "5.27460", "2010-12-31": "6.28760", "2009-12-31": "4.53210", "2008-12-31": "2.29050", "2007-12-31": "8.95580", "2006-12-31": "6.52850", "2005-12-31": "6.39480"}, "Book Value Per Share": {"2019-12-31": "75.36860", "2018-12-31": "68.52970", "2017-12-31": "73.97440", "2016-12-31": "69.39850", "2015-12-31": "67.11000", "2014-12-31": "66.09730", "2013-12-31": "64.32170", "2012-12-31": "62.98030", "2011-12-31": "58.54380", "2010-12-31": "55.73810", "2009-12-31": "49.60360", "2008-12-31": "39.38250", "2007-12-31": "33.21040", "2006-12-31": "25.28930", "2005-12-31": "20.59370"}, "Operating Cash Flow Per Share": {"2019-12-31": -7.4574, "2018-12-31": 5.5225, "2017-12-31": 1.0145, "2016-12-31": -3.1201, "2015-12-31": 1.9637, "2014-12-31": 2.4349, "2013-12-31": -1.8283, "2012-12-31": -2.573, "2011-12-31": 9.8944, "2010-12-31": -10.7038, "2009-12-31": 4.8376, "2008-12-31": -3.0439, "2007-12-31": 6.1474, "2006-12-31": -2.7155, "2005-12-31": 5.3662}, "Free Cash Flow Per Share": {"2019-12-31": -7.779, "2018-12-31": 5.4673, "2017-12-31": 1.2703, "2016-12-31": -2.2343, "2015-12-31": 2.2687, "2014-12-31": 2.3929, "2013-12-31": -3.2969, "2012-12-31": -2.8178, "2011-12-31": 7.4154, "2010-12-31": -5.3323, "2009-12-31": 5.8734, "2008-12-31": -6.2896, "2007-12-31": 4.0789, "2006-12-31": -3.4492, "2005-12-31": 4.7398}}, "financial ratios, quarterly": {"Current Ratio": {"2020-09-30": "", "2020-06-30": "", "2020-03-31": "", "2019-12-31": "", "2019-09-30": "", "2019-06-30": "", "2019-03-31": "", "2018-12-31": "", "2018-09-30": "", "2018-06-30": "", "2018-03-31": "", "2017-12-31": "", "2017-09-30": "", "2017-06-30": "", "2017-03-31": "", "2016-12-31": "", "2016-09-30": "", "2016-06-30": "", "2016-03-31": "", "2015-12-31": "", "2015-09-30": "", "2015-06-30": "", "2015-03-31": "", "2014-12-31": "", "2014-09-30": "", "2014-06-30": "", "2014-03-31": "", "2013-12-31": "", "2013-09-30": "", "2013-06-30": "", "2013-03-31": "", "2012-12-31": "", "2012-09-30": "", "2012-06-30": "", "2012-03-31": "", "2011-12-31": "", "2011-09-30": "", "2011-06-30": "", "2011-03-31": "", "2010-12-31": "", "2010-09-30": "", "2010-06-30": "", "2010-03-31": "", "2009-12-31": "", "2009-09-30": "", "2009-06-30": "", "2009-03-31": "", "2008-12-31": "", "2008-09-30": "", "2008-06-30": "", "2008-03-31": "", "2007-12-31": "", "2007-09-30": "", "2007-06-30": "", "2007-03-31": "", "2006-12-31": "", "2006-09-30": "", "2006-06-30": "", "2006-03-31": "", "2005-12-31": "", "2005-09-30": "", "2005-06-30": "", "2005-03-31": ""}, "Long-term Debt / Capital": {"2020-09-30": "0.35780", "2020-06-30": "0.35100", "2020-03-31": "0.33150", "2019-12-31": "0.34310", "2019-09-30": "0.33860", "2019-06-30": "0.33840", "2019-03-31": "0.33890", "2018-12-31": "0.34690", "2018-09-30": "0.34070", "2018-06-30": "0.34060", "2018-03-31": "0.32060", "2017-12-31": "0.31420", "2017-09-30": "0.31570", "2017-06-30": "0.31520", "2017-03-31": "0.30740", "2016-12-31": "0.31350", "2016-09-30": "0.31450", "2016-06-30": "0.31790", "2016-03-31": "0.31400", "2015-12-31": "0.29450", "2015-09-30": "0.28210", "2015-06-30": "0.28690", "2015-03-31": "0.28590", "2014-12-31": "0.29540", "2014-09-30": "0.28580", "2014-06-30": "0.27930", "2014-03-31": "0.29390", "2013-12-31": "0.27660", "2013-09-30": "0.28110", "2013-06-30": "0.28950", "2013-03-31": "0.27590", "2012-12-31": "0.27140", "2012-09-30": "0.26250", "2012-06-30": "0.27180", "2012-03-31": "0.27070", "2011-12-31": "0.27750", "2011-09-30": "0.25410", "2011-06-30": "0.28070", "2011-03-31": "0.28390", "2010-12-31": "0.27650", "2010-09-30": "0.27310", "2010-06-30": "0.27930", "2010-03-31": "0.30270", "2009-12-31": "0.31000", "2009-09-30": "0.29100", "2009-06-30": "0.31560", "2009-03-31": "0.33350", "2008-12-31": "0.32330", "2008-09-30": "0.32000", "2008-06-30": "0.29840", "2008-03-31": "0.31600", "2007-12-31": "0.28360", "2007-09-30": "0.29270", "2007-06-30": "0.31970", "2007-03-31": "0.32220", "2006-12-31": "0.35720", "2006-09-30": "0.32540", "2006-06-30": "0.29530", "2006-03-31": "0.32430", "2005-12-31": "0.29110", "2005-09-30": "0.35870", "2005-06-30": "0.33540", "2005-03-31": "0.28630"}, "Debt/Equity Ratio": {"2020-09-30": "0.55900", "2020-06-30": "0.54340", "2020-03-31": "0.62400", "2019-12-31": "0.52590", "2019-09-30": "0.51590", "2019-06-30": "0.51550", "2019-03-31": "0.51870", "2018-12-31": "0.53190", "2018-09-30": "0.52360", "2018-06-30": "0.52480", "2018-03-31": "0.48090", "2017-12-31": "0.46950", "2017-09-30": "0.46930", "2017-06-30": "0.46820", "2017-03-31": "0.45040", "2016-12-31": "0.46140", "2016-09-30": "0.46660", "2016-06-30": "0.48040", "2016-03-31": "0.45780", "2015-12-31": "0.46300", "2015-09-30": "0.44590", "2015-06-30": "0.44600", "2015-03-31": "0.42830", "2014-12-31": "0.43280", "2014-09-30": "0.43400", "2014-06-30": "0.42600", "2014-03-31": "0.45030", "2013-12-31": "0.41530", "2013-09-30": "0.40190", "2013-06-30": "0.40870", "2013-03-31": "0.38180", "2012-12-31": "0.37320", "2012-09-30": "0.35660", "2012-06-30": "0.37690", "2012-03-31": "0.37490", "2011-12-31": "0.38790", "2011-09-30": "0.39180", "2011-06-30": "0.39050", "2011-03-31": "0.40490", "2010-12-31": "0.41020", "2010-09-30": "0.40330", "2010-06-30": "0.39850", "2010-03-31": "0.43700", "2009-12-31": "0.44980", "2009-09-30": "0.41080", "2009-06-30": "0.46240", "2009-03-31": "0.50140", "2008-12-31": "0.48190", "2008-09-30": "0.48790", "2008-06-30": "0.44070", "2008-03-31": "0.47710", "2007-12-31": "0.41620", "2007-09-30": "0.42340", "2007-06-30": "0.47960", "2007-03-31": "0.47560", "2006-12-31": "0.55590", "2006-09-30": "0.51680", "2006-06-30": "0.45830", "2006-03-31": "0.52180", "2005-12-31": "0.45630", "2005-09-30": "0.56480", "2005-06-30": "0.51240", "2005-03-31": "0.58280"}, "Gross Margin": {"2020-09-30": "", "2020-06-30": "", "2020-03-31": "", "2019-12-31": "", "2019-09-30": "", "2019-06-30": "", "2019-03-31": "", "2018-12-31": "", "2018-09-30": "", "2018-06-30": "", "2018-03-31": "", "2017-12-31": "", "2017-09-30": "", "2017-06-30": "", "2017-03-31": "", "2016-12-31": "", "2016-09-30": "", "2016-06-30": "", "2016-03-31": "", "2015-12-31": "", "2015-09-30": "", "2015-06-30": "", "2015-03-31": "", "2014-12-31": "", "2014-09-30": "", "2014-06-30": "", "2014-03-31": "", "2013-12-31": "", "2013-09-30": "", "2013-06-30": "", "2013-03-31": "", "2012-12-31": "", "2012-09-30": "", "2012-06-30": "", "2012-03-31": "", "2011-12-31": "", "2011-09-30": "", "2011-06-30": "", "2011-03-31": "", "2010-12-31": "", "2010-09-30": "", "2010-06-30": "", "2010-03-31": "", "2009-12-31": "", "2009-09-30": "", "2009-06-30": "", "2009-03-31": "", "2008-12-31": "", "2008-09-30": "", "2008-06-30": "", "2008-03-31": "", "2007-12-31": "", "2007-09-30": "", "2007-06-30": "", "2007-03-31": "", "2006-12-31": "", "2006-09-30": "", "2006-06-30": "", "2006-03-31": "", "2005-12-31": "", "2005-09-30": "", "2005-06-30": "", "2005-03-31": ""}, "Operating Margin": {"2020-09-30": "9.23520", "2020-06-30": "-41.16880", "2020-03-31": "-31.52630", "2019-12-31": "10.78430", "2019-09-30": "5.55100", "2019-06-30": "12.11700", "2019-03-31": "17.27440", "2018-12-31": "-2.67720", "2018-09-30": "13.85810", "2018-06-30": "12.53480", "2018-03-31": "15.24710", "2017-12-31": "16.96200", "2017-09-30": "13.83130", "2017-06-30": "14.46860", "2017-03-31": "19.75760", "2016-12-31": "17.79510", "2016-09-30": "20.87010", "2016-06-30": "-4.41490", "2016-03-31": "10.65240", "2015-12-31": "-11.31110", "2015-09-30": "15.02050", "2015-06-30": "12.48910", "2015-03-31": "6.78550", "2014-12-31": "15.33660", "2014-09-30": "13.05710", "2014-06-30": "18.70300", "2014-03-31": "17.24510", "2013-12-31": "19.95150", "2013-09-30": "18.93240", "2013-06-30": "18.63940", "2013-03-31": "16.44060", "2012-12-31": "23.34880", "2012-09-30": "13.94350", "2012-06-30": "9.59270", "2012-03-31": "22.75640", "2011-12-31": "17.17900", "2011-09-30": "16.43400", "2011-06-30": "19.11350", "2011-03-31": "24.75460", "2010-12-31": "29.01750", "2010-09-30": "10.40260", "2010-06-30": "26.67810", "2010-03-31": "27.63260", "2009-12-31": "26.45210", "2009-09-30": "28.75870", "2009-06-30": "24.50480", "2009-03-31": "8.66690", "2008-12-31": "-20.56140", "2008-09-30": "1.38050", "2008-06-30": "30.46920", "2008-03-31": "26.32890", "2007-12-31": "20.73570", "2007-09-30": "20.39720", "2007-06-30": "26.10180", "2007-03-31": "31.64970", "2006-12-31": "27.81130", "2006-09-30": "26.49320", "2006-06-30": "25.26360", "2006-03-31": "24.95470", "2005-12-31": "6.62130", "2005-09-30": "12.69000", "2005-06-30": "17.97450", "2005-03-31": "18.22140"}, "EBIT Margin": {"2020-09-30": "9.23520", "2020-06-30": "-41.16880", "2020-03-31": "-31.52630", "2019-12-31": "10.78430", "2019-09-30": "5.55100", "2019-06-30": "12.11700", "2019-03-31": "17.27440", "2018-12-31": "-2.67720", "2018-09-30": "13.85810", "2018-06-30": "12.53480", "2018-03-31": "15.24710", "2017-12-31": "16.96200", "2017-09-30": "13.83130", "2017-06-30": "14.46860", "2017-03-31": "19.75760", "2016-12-31": "17.79510", "2016-09-30": "20.87010", "2016-06-30": "-4.41490", "2016-03-31": "10.65240", "2015-12-31": "-11.31110", "2015-09-30": "15.02050", "2015-06-30": "12.48910", "2015-03-31": "6.78550", "2014-12-31": "15.33660", "2014-09-30": "13.05710", "2014-06-30": "18.70300", "2014-03-31": "17.24510", "2013-12-31": "19.95150", "2013-09-30": "18.93240", "2013-06-30": "18.63940", "2013-03-31": "16.44060", "2012-12-31": "23.34880", "2012-09-30": "13.94350", "2012-06-30": "9.59270", "2012-03-31": "22.75640", "2011-12-31": "17.17900", "2011-09-30": "16.43400", "2011-06-30": "19.11350", "2011-03-31": "24.75460", "2010-12-31": "29.01750", "2010-09-30": "10.40260", "2010-06-30": "26.67810", "2010-03-31": "27.63260", "2009-12-31": "26.45210", "2009-09-30": "28.75870", "2009-06-30": "24.50480", "2009-03-31": "8.66690", "2008-12-31": "-20.56140", "2008-09-30": "1.38050", "2008-06-30": "30.46920", "2008-03-31": "26.32890", "2007-12-31": "20.73570", "2007-09-30": "20.39720", "2007-06-30": "26.10180", "2007-03-31": "31.64970", "2006-12-31": "27.81130", "2006-09-30": "26.49320", "2006-06-30": "25.26360", "2006-03-31": "24.95470", "2005-12-31": "6.62130", "2005-09-30": "12.69000", "2005-06-30": "17.97450", "2005-03-31": "18.22140"}, "EBITDA Margin": {"2020-09-30": "", "2020-06-30": "", "2020-03-31": "", "2019-12-31": "", "2019-09-30": "", "2019-06-30": "", "2019-03-31": "", "2018-12-31": "", "2018-09-30": "", "2018-06-30": "", "2018-03-31": "", "2017-12-31": "", "2017-09-30": "", "2017-06-30": "", "2017-03-31": "", "2016-12-31": "", "2016-09-30": "", "2016-06-30": "", "2016-03-31": "", "2015-12-31": "", "2015-09-30": "", "2015-06-30": "", "2015-03-31": "", "2014-12-31": "", "2014-09-30": "", "2014-06-30": "", "2014-03-31": "", "2013-12-31": "", "2013-09-30": "", "2013-06-30": "", "2013-03-31": "", "2012-12-31": "", "2012-09-30": "", "2012-06-30": "", "2012-03-31": "", "2011-12-31": "", "2011-09-30": "", "2011-06-30": "", "2011-03-31": "", "2010-12-31": "", "2010-09-30": "", "2010-06-30": "", "2010-03-31": "", "2009-12-31": "", "2009-09-30": "", "2009-06-30": "", "2009-03-31": "", "2008-12-31": "", "2008-09-30": "", "2008-06-30": "", "2008-03-31": "", "2007-12-31": "", "2007-09-30": "", "2007-06-30": "", "2007-03-31": "", "2006-12-31": "", "2006-09-30": "", "2006-06-30": "", "2006-03-31": "", "2005-12-31": "", "2005-09-30": "", "2005-06-30": "", "2005-03-31": ""}, "Pre-Tax Profit Margin": {"2020-09-30": "5.28140", "2020-06-30": "-46.49350", "2020-03-31": "-36.17300", "2019-12-31": "7.12070", "2019-09-30": "1.63270", "2019-06-30": "7.59040", "2019-03-31": "13.52140", "2018-12-31": "-7.05810", "2018-09-30": "9.81150", "2018-06-30": "8.55150", "2018-03-31": "11.30970", "2017-12-31": "12.96770", "2017-09-30": "7.49790", "2017-06-30": "10.33050", "2017-03-31": "15.45460", "2016-12-31": "13.81070", "2016-09-30": "16.91510", "2016-06-30": "-8.34590", "2016-03-31": "6.14560", "2015-12-31": "-15.12150", "2015-09-30": "10.98140", "2015-06-30": "8.58810", "2015-03-31": "3.01900", "2014-12-31": "11.67280", "2014-09-30": "9.62250", "2014-06-30": "15.19620", "2014-03-31": "13.93710", "2013-12-31": "17.15130", "2013-09-30": "16.01340", "2013-06-30": "15.65270", "2013-03-31": "13.51060", "2012-12-31": "20.40310", "2012-09-30": "11.00940", "2012-06-30": "6.31640", "2012-03-31": "19.79170", "2011-12-31": "13.84660", "2011-09-30": "12.76910", "2011-06-30": "15.47150", "2011-03-31": "20.63800", "2010-12-31": "25.43740", "2010-09-30": "6.97110", "2010-06-30": "23.03500", "2010-03-31": "24.13140", "2009-12-31": "23.12930", "2009-09-30": "25.62870", "2009-06-30": "21.39220", "2009-03-31": "-28.71320", "2008-12-31": "-48.88810", "2008-09-30": "-1.38050", "2008-06-30": "28.22540", "2008-03-31": "23.86490", "2007-12-31": "20.73570", "2007-09-30": "18.09930", "2007-06-30": "24.08300", "2007-03-31": "29.95880", "2006-12-31": "27.81130", "2006-09-30": "24.74710", "2006-06-30": "23.91230", "2006-03-31": "23.19710", "2005-12-31": "4.72180", "2005-09-30": "10.90410", "2005-06-30": "15.84590", "2005-03-31": "14.75200"}, "Net Profit Margin": {"2020-09-30": "4.01150", "2020-06-30": "-36.14720", "2020-03-31": "-20.39370", "2019-12-31": "5.59860", "2019-09-30": "1.95920", "2019-06-30": "6.87280", "2019-03-31": "10.48710", "2018-12-31": "-5.01980", "2018-09-30": "7.70510", "2018-06-30": "6.40670", "2018-03-31": "8.18210", "2017-12-31": "13.53020", "2017-09-30": "4.45900", "2017-06-30": "6.87700", "2017-03-31": "8.93940", "2016-12-31": "8.68780", "2016-09-30": "9.94830", "2016-06-30": "-1.96550", "2016-03-31": "3.21460", "2015-12-31": "-6.03060", "2015-09-30": "5.74310", "2015-06-30": "4.94910", "2015-03-31": "3.13400", "2014-12-31": "5.90740", "2014-09-30": "5.90410", "2014-06-30": "3.22850", "2014-03-31": "1.59980", "2013-12-31": "-5.33120", "2013-09-30": "7.83990", "2013-06-30": "7.43920", "2013-03-31": "6.56540", "2012-12-31": "-0.99220", "2012-09-30": "4.76450", "2012-06-30": "1.65290", "2012-03-31": "9.80240", "2011-12-31": "7.78510", "2011-09-30": "4.71200", "2011-06-30": "7.05820", "2011-03-31": "10.33260", "2010-12-31": "12.57070", "2010-09-30": "0.97270", "2010-06-30": "10.49910", "2010-03-31": "11.31160", "2009-12-31": "10.54420", "2009-09-30": "12.52010", "2009-06-30": "9.62080", "2009-03-31": "-21.40260", "2008-12-31": "-34.92530", "2008-09-30": "-4.61280", "2008-06-30": "123.89090", "2008-03-31": "15.36550", "2007-12-31": "11.21090", "2007-09-30": "11.60280", "2007-06-30": "14.58630", "2007-03-31": "14.09060", "2006-12-31": "15.50610", "2006-09-30": "11.47500", "2006-06-30": "11.10280", "2006-03-31": "11.15330", "2005-12-31": "1.18810", "2005-09-30": "5.67200", "2005-06-30": "9.42520", "2005-03-31": "8.01350"}, "Asset Turnover": {"2020-09-30": "0.04360", "2020-06-30": "0.02940", "2020-03-31": "0.03910", "2019-12-31": "0.04710", "2019-09-30": "0.04450", "2019-06-30": "0.04400", "2019-03-31": "0.04670", "2018-12-31": "0.04200", "2018-09-30": "0.04580", "2018-06-30": "0.04450", "2018-03-31": "0.04430", "2017-12-31": "0.04470", "2017-09-30": "0.04430", "2017-06-30": "0.04250", "2017-03-31": "0.04280", "2016-12-31": "0.04360", "2016-09-30": "0.04190", "2016-06-30": "0.04180", "2016-03-31": "0.04110", "2015-12-31": "0.04390", "2015-09-30": "0.04090", "2015-06-30": "0.04400", "2015-03-31": "0.04420", "2014-12-31": "0.04490", "2014-09-30": "0.04490", "2014-06-30": "0.04330", "2014-03-31": "0.04510", "2013-12-31": "0.04650", "2013-09-30": "0.04520", "2013-06-30": "0.04520", "2013-03-31": "0.04570", "2012-12-31": "0.04030", "2012-09-30": "0.04670", "2012-06-30": "0.04380", "2012-03-31": "0.04850", "2011-12-31": "0.04620", "2011-09-30": "0.04510", "2011-06-30": "0.04660", "2011-03-31": "0.04830", "2010-12-31": "0.04870", "2010-09-30": "0.04820", "2010-06-30": "0.04640", "2010-03-31": "0.04890", "2009-12-31": "0.05160", "2009-09-30": "0.04980", "2009-06-30": "0.04930", "2009-03-31": "0.04340", "2008-12-31": "0.03930", "2008-09-30": "0.04050", "2008-06-30": "0.05240", "2008-03-31": "0.04700", "2007-12-31": "0.06000", "2007-09-30": "0.04460", "2007-06-30": "0.04420", "2007-03-31": "0.06010", "2006-12-31": "0.06260", "2006-09-30": "0.05950", "2006-06-30": "0.05960", "2006-03-31": "0.05950", "2005-12-31": "0.05530", "2005-09-30": "0.05540", "2005-06-30": "0.05430", "2005-03-31": "0.05050"}, "Inventory Turnover Ratio": {"2020-09-30": "", "2020-06-30": "", "2020-03-31": "", "2019-12-31": "", "2019-09-30": "", "2019-06-30": "", "2019-03-31": "", "2018-12-31": "", "2018-09-30": "", "2018-06-30": "", "2018-03-31": "", "2017-12-31": "", "2017-09-30": "", "2017-06-30": "", "2017-03-31": "", "2016-12-31": "", "2016-09-30": "", "2016-06-30": "", "2016-03-31": "", "2015-12-31": "", "2015-09-30": "", "2015-06-30": "", "2015-03-31": "", "2014-12-31": "", "2014-09-30": "", "2014-06-30": "", "2014-03-31": "", "2013-12-31": "", "2013-09-30": "", "2013-06-30": "", "2013-03-31": "", "2012-12-31": "", "2012-09-30": "", "2012-06-30": "", "2012-03-31": "", "2011-12-31": "", "2011-09-30": "", "2011-06-30": "", "2011-03-31": "", "2010-12-31": "", "2010-09-30": "", "2010-06-30": "", "2010-03-31": "", "2009-12-31": "", "2009-09-30": "", "2009-06-30": "", "2009-03-31": "", "2008-12-31": "", "2008-09-30": "", "2008-06-30": "", "2008-03-31": "", "2007-12-31": "", "2007-09-30": "", "2007-06-30": "", "2007-03-31": "", "2006-12-31": "", "2006-09-30": "", "2006-06-30": "", "2006-03-31": "", "2005-12-31": "", "2005-09-30": "", "2005-06-30": "", "2005-03-31": ""}, "Receiveable Turnover": {"2020-09-30": "", "2020-06-30": "", "2020-03-31": "", "2019-12-31": "", "2019-09-30": "", "2019-06-30": "", "2019-03-31": "", "2018-12-31": "", "2018-09-30": "", "2018-06-30": "", "2018-03-31": "", "2017-12-31": "", "2017-09-30": "", "2017-06-30": "", "2017-03-31": "", "2016-12-31": "", "2016-09-30": "", "2016-06-30": "", "2016-03-31": "", "2015-12-31": "", "2015-09-30": "", "2015-06-30": "", "2015-03-31": "", "2014-12-31": "", "2014-09-30": "", "2014-06-30": "", "2014-03-31": "", "2013-12-31": "", "2013-09-30": "", "2013-06-30": "", "2013-03-31": "", "2012-12-31": "", "2012-09-30": "", "2012-06-30": "", "2012-03-31": "", "2011-12-31": "", "2011-09-30": "", "2011-06-30": "", "2011-03-31": "", "2010-12-31": "", "2010-09-30": "", "2010-06-30": "", "2010-03-31": "", "2009-12-31": "", "2009-09-30": "", "2009-06-30": "", "2009-03-31": "", "2008-12-31": "", "2008-09-30": "", "2008-06-30": "", "2008-03-31": "", "2007-12-31": "", "2007-09-30": "", "2007-06-30": "", "2007-03-31": "", "2006-12-31": "", "2006-09-30": "", "2006-06-30": "", "2006-03-31": "", "2005-12-31": "", "2005-09-30": "", "2005-06-30": "", "2005-03-31": ""}, "Days Sales In Receivables": {"2020-09-30": "", "2020-06-30": "", "2020-03-31": "", "2019-12-31": "", "2019-09-30": "", "2019-06-30": "", "2019-03-31": "", "2018-12-31": "", "2018-09-30": "", "2018-06-30": "", "2018-03-31": "", "2017-12-31": "", "2017-09-30": "", "2017-06-30": "", "2017-03-31": "", "2016-12-31": "", "2016-09-30": "", "2016-06-30": "", "2016-03-31": "", "2015-12-31": "", "2015-09-30": "", "2015-06-30": "", "2015-03-31": "", "2014-12-31": "", "2014-09-30": "", "2014-06-30": "", "2014-03-31": "", "2013-12-31": "", "2013-09-30": "", "2013-06-30": "", "2013-03-31": "", "2012-12-31": "", "2012-09-30": "", "2012-06-30": "", "2012-03-31": "", "2011-12-31": "", "2011-09-30": "", "2011-06-30": "", "2011-03-31": "", "2010-12-31": "", "2010-09-30": "", "2010-06-30": "", "2010-03-31": "", "2009-12-31": "", "2009-09-30": "", "2009-06-30": "", "2009-03-31": "", "2008-12-31": "", "2008-09-30": "", "2008-06-30": "", "2008-03-31": "", "2007-12-31": "", "2007-09-30": "", "2007-06-30": "", "2007-03-31": "", "2006-12-31": "", "2006-09-30": "", "2006-06-30": "", "2006-03-31": "", "2005-12-31": "", "2005-09-30": "", "2005-06-30": "", "2005-03-31": ""}, "ROE - Return On Equity": {"2020-09-30": "0.87000", "2020-06-30": "-4.59460", "2020-03-31": "-5.44370", "2019-12-31": "0.96220", "2019-09-30": "0.17520", "2019-06-30": "1.00470", "2019-03-31": "1.80810", "2018-12-31": "-0.98660", "2018-09-30": "1.32050", "2018-06-30": "1.13460", "2018-03-31": "1.59340", "2017-12-31": "2.16150", "2017-09-30": "0.87020", "2017-06-30": "1.15320", "2017-03-31": "1.64740", "2016-12-31": "1.76360", "2016-09-30": "1.67910", "2016-06-30": "-1.25050", "2016-03-31": "0.86050", "2015-12-31": "-1.27580", "2015-09-30": "1.16760", "2015-06-30": "1.01510", "2015-03-31": "0.19890", "2014-12-31": "1.22110", "2014-09-30": "0.95560", "2014-06-30": "1.58150", "2014-03-31": "1.63630", "2013-12-31": "1.63820", "2013-09-30": "1.69610", "2013-06-30": "1.63540", "2013-03-31": "1.57380", "2012-12-31": "1.95330", "2012-09-30": "1.24690", "2012-06-30": "0.81680", "2012-03-31": "2.15170", "2011-12-31": "1.77560", "2011-09-30": "1.34100", "2011-06-30": "1.72040", "2011-03-31": "2.39710", "2010-12-31": "2.89970", "2010-09-30": "0.74050", "2010-06-30": "2.38040", "2010-03-31": "2.83270", "2009-12-31": "2.87880", "2009-09-30": "3.26630", "2009-06-30": "2.97940", "2009-03-31": "-2.79950", "2008-12-31": "-4.73300", "2008-09-30": "0.09530", "2008-06-30": "4.57060", "2008-03-31": "3.52900", "2007-12-31": "2.87080", "2007-09-30": "1.78830", "2007-06-30": "2.46210", "2007-03-31": "4.51010", "2006-12-31": "4.62370", "2006-09-30": "3.91360", "2006-06-30": "4.03780", "2006-03-31": "4.10200", "2005-12-31": "0.82110", "2005-09-30": "2.33950", "2005-06-30": "3.36230", "2005-03-31": "2.79480"}, "Return On Tangible Equity": {"2020-09-30": "0.90730", "2020-06-30": "-4.79350", "2020-03-31": "-5.66930", "2019-12-31": "0.99700", "2019-09-30": "0.18150", "2019-06-30": "1.04040", "2019-03-31": "1.86620", "2018-12-31": "-1.01830", "2018-09-30": "1.36130", "2018-06-30": "1.16980", "2018-03-31": "1.63880", "2017-12-31": "2.22110", "2017-09-30": "0.89400", "2017-06-30": "1.18500", "2017-03-31": "1.67180", "2016-12-31": "1.79010", "2016-09-30": "1.70430", "2016-06-30": "-1.26970", "2016-03-31": "0.87380", "2015-12-31": "-1.29570", "2015-09-30": "1.18480", "2015-06-30": "1.03090", "2015-03-31": "0.20200", "2014-12-31": "1.23990", "2014-09-30": "0.96920", "2014-06-30": "1.60400", "2014-03-31": "1.65970", "2013-12-31": "1.66200", "2013-09-30": "1.76670", "2013-06-30": "1.70380", "2013-03-31": "1.63960", "2012-12-31": "2.03550", "2012-09-30": "1.29580", "2012-06-30": "0.84860", "2012-03-31": "2.23580", "2011-12-31": "1.84790", "2011-09-30": "1.39150", "2011-06-30": "1.78550", "2011-03-31": "2.48790", "2010-12-31": "3.01120", "2010-09-30": "0.76840", "2010-06-30": "2.47360", "2010-03-31": "2.94740", "2009-12-31": "3.00060", "2009-09-30": "3.40380", "2009-06-30": "3.12190", "2009-03-31": "-2.95240", "2008-12-31": "-4.98190", "2008-09-30": "0.10430", "2008-06-30": "4.97280", "2008-03-31": "3.82950", "2007-12-31": "3.11000", "2007-09-30": "1.93940", "2007-06-30": "2.50560", "2007-03-31": "4.59080", "2006-12-31": "4.70760", "2006-09-30": "3.98770", "2006-06-30": "4.12450", "2006-03-31": "4.19610", "2005-12-31": "0.84020", "2005-09-30": "2.39490", "2005-06-30": "3.43810", "2005-03-31": "2.86180"}, "ROA - Return On Assets": {"2020-09-30": "0.20390", "2020-06-30": "-1.07850", "2020-03-31": "-1.31730", "2019-12-31": "0.25660", "2019-09-30": "0.04730", "2019-06-30": "0.27350", "2019-03-31": "0.49220", "2018-12-31": "-0.26940", "2018-09-30": "0.36710", "2018-06-30": "0.30720", "2018-03-31": "0.47040", "2017-12-31": "0.66720", "2017-09-30": "0.26660", "2017-06-30": "0.35140", "2017-03-31": "0.50700", "2016-12-31": "0.53790", "2016-09-30": "0.50060", "2016-06-30": "-0.36370", "2016-03-31": "0.25770", "2015-12-31": "-0.38290", "2015-09-30": "0.36370", "2015-06-30": "0.31660", "2015-03-31": "0.06230", "2014-12-31": "0.38410", "2014-09-30": "0.30560", "2014-06-30": "0.48380", "2014-03-31": "0.50240", "2013-12-31": "0.51040", "2013-09-30": "0.52950", "2013-06-30": "0.50350", "2013-03-31": "0.48250", "2012-12-31": "0.60230", "2012-09-30": "0.38970", "2012-06-30": "0.25610", "2012-03-31": "0.67190", "2011-12-31": "0.54740", "2011-09-30": "0.41410", "2011-06-30": "0.53110", "2011-03-31": "0.73980", "2010-12-31": "0.87840", "2010-09-30": "0.22650", "2010-06-30": "0.72080", "2010-03-31": "0.82130", "2009-12-31": "0.81950", "2009-09-30": "0.92130", "2009-06-30": "0.78040", "2009-03-31": "-0.67890", "2008-12-31": "-1.16070", "2008-09-30": "0.02040", "2008-06-30": "1.02560", "2008-03-31": "0.79200", "2007-12-31": "0.66350", "2007-09-30": "0.39130", "2007-06-30": "0.53060", "2007-03-31": "0.99430", "2006-12-31": "0.99240", "2006-09-30": "0.83060", "2006-06-30": "0.79640", "2006-03-31": "0.76540", "2005-12-31": "0.15160", "2005-09-30": "0.40200", "2005-06-30": "0.58480", "2005-03-31": "0.45830"}, "ROI - Return On Investment": {"2020-09-30": "0.55880", "2020-06-30": "-2.98190", "2020-03-31": "-3.63940", "2019-12-31": "0.63200", "2019-09-30": "0.11590", "2019-06-30": "0.66470", "2019-03-31": "1.19530", "2018-12-31": "-0.64440", "2018-09-30": "0.87060", "2018-06-30": "0.74820", "2018-03-31": "1.08250", "2017-12-31": "1.48250", "2017-09-30": "0.59550", "2017-06-30": "0.78980", "2017-03-31": "1.14100", "2016-12-31": "1.21070", "2016-09-30": "1.15100", "2016-06-30": "-0.85290", "2016-03-31": "0.59030", "2015-12-31": "-0.90010", "2015-09-30": "0.83820", "2015-06-30": "0.72390", "2015-03-31": "0.14210", "2014-12-31": "0.86040", "2014-09-30": "0.68250", "2014-06-30": "1.13980", "2014-03-31": "1.15540", "2013-12-31": "1.18500", "2013-09-30": "1.21940", "2013-06-30": "1.16200", "2013-03-31": "1.13960", "2012-12-31": "1.42320", "2012-09-30": "0.91960", "2012-06-30": "0.59480", "2012-03-31": "1.56920", "2011-12-31": "1.28290", "2011-09-30": "1.00030", "2011-06-30": "1.23750", "2011-03-31": "1.71650", "2010-12-31": "2.09790", "2010-09-30": "0.53820", "2010-06-30": "1.71550", "2010-03-31": "1.97510", "2009-12-31": "1.98630", "2009-09-30": "2.31590", "2009-06-30": "2.03900", "2009-03-31": "-1.86600", "2008-12-31": "-3.20270", "2008-09-30": "0.06480", "2008-06-30": "3.20680", "2008-03-31": "2.41400", "2007-12-31": "2.05670", "2007-09-30": "1.26480", "2007-06-30": "1.67490", "2007-03-31": "3.05690", "2006-12-31": "2.97210", "2006-09-30": "2.64010", "2006-06-30": "2.84530", "2006-03-31": "2.77160", "2005-12-31": "0.58210", "2005-09-30": "1.50030", "2005-06-30": "2.23450", "2005-03-31": "1.99470"}, "Book Value Per Share": {"2020-09-30": "67.69920", "2020-06-30": "65.65660", "2020-03-31": "68.14480", "2019-12-31": "75.36860", "2019-09-30": "74.38530", "2019-06-30": "74.00580", "2019-03-31": "71.69090", "2018-12-31": "68.52970", "2018-09-30": "69.49170", "2018-06-30": "69.02500", "2018-03-31": "78.86320", "2017-12-31": "73.97440", "2017-09-30": "72.36730", "2017-06-30": "71.61590", "2017-03-31": "70.49010", "2016-12-31": "69.39850", "2016-09-30": "69.46250", "2016-06-30": "68.26250", "2016-03-31": "68.21250", "2015-12-31": "67.11000", "2015-09-30": "67.67590", "2015-06-30": "66.54780", "2015-03-31": "66.31270", "2014-12-31": "66.09730", "2014-09-30": "66.45820", "2014-06-30": "66.20040", "2014-03-31": "64.91660", "2013-12-31": "64.32170", "2013-09-30": "64.11090", "2013-06-30": "63.50930", "2013-03-31": "63.39610", "2012-12-31": "62.98030", "2012-09-30": "63.16920", "2012-06-30": "61.28060", "2012-03-31": "60.78350", "2011-12-31": "58.54380", "2011-09-30": "59.29760", "2011-06-30": "57.99900", "2011-03-31": "57.13850", "2010-12-31": "55.73810", "2010-09-30": "56.46190", "2010-06-30": "54.33810", "2010-03-31": "52.39760", "2009-12-31": "49.60360", "2009-09-30": "49.19950", "2009-06-30": "43.22860", "2009-03-31": "38.82710", "2008-12-31": "39.38250", "2008-09-30": "36.09580", "2008-06-30": "38.46490", "2008-03-31": "27.04100", "2007-12-31": "33.21040", "2007-09-30": "27.08190", "2007-06-30": "26.56940", "2007-03-31": "26.21010", "2006-12-31": "25.28930", "2006-09-30": "24.41120", "2006-06-30": "21.96270", "2006-03-31": "16.82700", "2005-12-31": "20.59370", "2005-09-30": "16.85540", "2005-06-30": "16.94990", "2005-03-31": "15.97220"}, "Operating Cash Flow Per Share": {"2020-09-30": 3.0559, "2020-06-30": 0.417, "2020-03-31": "1.14620", "2019-12-31": 1.5355, "2019-09-30": 2.6473, "2019-06-30": 1.2954, "2019-03-31": "0.26100", "2018-12-31": 2.4804, "2018-09-30": 3.9897, "2018-06-30": 5.1659, "2018-03-31": "1.56060", "2017-12-31": 2.3157, "2017-09-30": 1.7134, "2017-06-30": 3.648, "2017-03-31": "-0.00300", "2016-12-31": 1.577, "2016-09-30": 2.8064, "2016-06-30": 1.837, "2016-03-31": "0.43920", "2015-12-31": 3.7011, "2015-09-30": 3.1405, "2015-06-30": 2.8256, "2015-03-31": "0.11250", "2014-12-31": 2.3174, "2014-09-30": 2.4135, "2014-06-30": 1.9951, "2014-03-31": "1.09000", "2013-12-31": 1.9571, "2013-09-30": 2.133, "2013-06-30": -0.2594, "2013-03-31": "1.55040", "2012-12-31": 1.8918, "2012-09-30": 2.5326, "2012-06-30": 1.9597, "2012-03-31": "0.82530", "2011-12-31": 4.7442, "2011-09-30": 2.7972, "2011-06-30": -0.4872, "2011-03-31": "2.72820", "2010-12-31": -2.2507, "2010-09-30": 0.2311, "2010-06-30": 1.2136, "2010-03-31": "0.69400", "2009-12-31": 4.2155, "2009-09-30": 2.5841, "2009-06-30": 1.1768, "2009-03-31": "2.61540", "2008-12-31": 2.5983, "2008-09-30": -1.4248, "2008-06-30": 2.2555, "2008-03-31": "2.32520", "2007-12-31": 2.0517, "2007-09-30": 3.2369, "2007-06-30": 3.5878, "2007-03-31": "-0.00920", "2006-12-31": 0.029, "2006-09-30": 0.1056, "2006-06-30": 1.4414, "2006-03-31": "1.03510", "2005-12-31": 1.8134, "2005-09-30": 1.2107, "2005-06-30": 2.3735, "2005-03-31": "-0.03140"}, "Free Cash Flow Per Share": {"2020-09-30": 2.6587, "2020-06-30": -0.2953, "2020-03-31": "0.33440", "2019-12-31": 0.1082, "2019-09-30": 1.8546, "2019-06-30": 0.8023, "2019-03-31": "-0.45750", "2018-12-31": 1.3306, "2018-09-30": 3.5243, "2018-06-30": 4.3708, "2018-03-31": "0.86090", "2017-12-31": 1.2355, "2017-09-30": 0.9439, "2017-06-30": 3.0618, "2017-03-31": "-0.62190", "2016-12-31": 0.9558, "2016-09-30": 1.9504, "2016-06-30": 0.2158, "2016-03-31": "0.22700", "2015-12-31": 3.4343, "2015-09-30": 2.4734, "2015-06-30": 0.7635, "2015-03-31": "-1.08790", "2014-12-31": -0.2296, "2014-09-30": 3.363, "2014-06-30": 1.0161, "2014-03-31": "-0.83490", "2013-12-31": 0.5172, "2013-09-30": 2.0035, "2013-06-30": -1.627, "2013-03-31": "0.02800", "2012-12-31": 1.0108, "2012-09-30": 2.2308, "2012-06-30": 0.6474, "2012-03-31": "0.32960", "2011-12-31": 3.1781, "2011-09-30": 2.3292, "2011-06-30": -0.8366, "2011-03-31": "2.36570", "2010-12-31": -2.8021, "2010-09-30": 0.2342, "2010-06-30": 1.9953, "2010-03-31": "0.19360", "2009-12-31": 3.4976, "2009-09-30": 0.8152, "2009-06-30": -0.6718, "2009-03-31": "1.31230", "2008-12-31": 2.6553, "2008-09-30": -5.2776, "2008-06-30": 0.6889, "2008-03-31": "1.01330", "2007-12-31": 0.6825, "2007-09-30": 2.2417, "2007-06-30": 2.9927, "2007-03-31": "-0.50530", "2006-12-31": -0.3841, "2006-09-30": -0.2075, "2006-06-30": 1.1411, "2006-03-31": "0.72180", "2005-12-31": 1.6689, "2005-09-30": 1.053, "2005-06-30": 2.1273, "2005-03-31": "-0.10940"}}, "revenue": {"Loews Annual Revenue (Millions of US $)": {"2019": "$14,931", "2018": "$14,066", "2017": "$13,735", "2016": "$13,105", "2015": "$13,415", "2014": "$14,325", "2013": "$14,613", "2012": "$14,072", "2011": "$14,129", "2010": "$14,615", "2009": "$14,117", "2008": "$13,247", "2007": "$14,302", "2006": "$13,844", "2005": "$15,832"}, "Loews Quarterly Revenue (Millions of US $)": {"2020-09-30": "$3,465", "2020-06-30": "$2,310", "2020-03-31": "$3,099", "2019-12-31": "$3,876", "2019-09-30": "$3,675", "2019-06-30": "$3,623", "2019-03-31": "$3,757", "2018-12-31": "$3,287", "2018-09-30": "$3,608", "2018-06-30": "$3,590", "2018-03-31": "$3,581", "2017-12-31": "$3,555", "2017-09-30": "$3,521", "2017-06-30": "$3,359", "2017-03-31": "$3,300", "2016-12-31": "$3,338", "2016-09-30": "$3,287", "2016-06-30": "$3,307", "2016-03-31": "$3,173", "2015-12-31": "$3,333", "2015-09-30": "$3,169", "2015-06-30": "$3,435", "2015-03-31": "$3,478", "2014-12-31": "$3,521", "2014-09-30": "$3,523", "2014-06-30": "$3,593", "2014-03-31": "$3,688", "2013-12-31": "$3,714", "2013-09-30": "$3,597", "2013-06-30": "$3,616", "2013-03-31": "$3,686", "2012-12-31": "$3,225", "2012-09-30": "$3,715", "2012-06-30": "$3,388", "2012-03-31": "$3,744", "2011-12-31": "$3,481", "2011-09-30": "$3,438", "2011-06-30": "$3,542", "2011-03-31": "$3,668", "2010-12-31": "$3,715", "2010-09-30": "$3,701", "2010-06-30": "$3,486", "2010-03-31": "$3,713", "2009-12-31": "$3,822", "2009-09-30": "$3,738", "2009-06-30": "$3,534", "2009-03-31": "$3,023", "2008-12-31": "$2,743", "2008-09-30": "$2,970", "2008-06-30": "$3,922", "2008-03-31": "$3,612", "2007-12-31": "$4,567", "2007-09-30": "$3,525", "2007-06-30": "$3,517", "2007-03-31": "$4,613", "2006-12-31": "$4,811", "2006-09-30": "$4,507", "2006-06-30": "$4,277", "2006-03-31": "$4,245", "2005-12-31": "$3,922", "2005-09-30": "$4,138", "2005-06-30": "$4,031", "2005-03-31": "$3,741"}}, "gross-profit": {"Loews Annual Gross Profit (Millions of US $)": {"2019": "$9,125", "2018": "$8,494", "2017": "$8,425", "2016": "$7,822", "2015": "$8,031", "2014": "$8,734", "2013": "$8,807", "2012": "$8,343", "2011": "$8,640", "2010": "$9,630", "2009": "$8,827", "2008": "$7,524", "2007": "$8,293", "2006": "$7,797", "2005": "$8,833"}, "Loews Quarterly Gross Profit (Millions of US $)": {"2020-09-30": "$1,849", "2020-06-30": "$668", "2020-03-31": "$1,674", "2019-12-31": "$2,393", "2019-09-30": "$2,061", "2019-06-30": "$2,271", "2019-03-31": "$2,400", "2018-12-31": "$1,693", "2018-09-30": "$2,296", "2018-06-30": "$2,263", "2018-03-31": "$2,242", "2017-12-31": "$2,298", "2017-09-30": "$2,041", "2017-06-30": "$2,079", "2017-03-31": "$2,007", "2016-12-31": "$2,004", "2016-09-30": "$2,085", "2016-06-30": "$1,968", "2016-03-31": "$1,765", "2015-12-31": "$1,957", "2015-09-30": "$1,969", "2015-06-30": "$1,966", "2015-03-31": "$2,139", "2014-12-31": "$2,171", "2014-09-30": "$2,169", "2014-06-30": "$2,152", "2014-03-31": "$2,242", "2013-12-31": "$2,167", "2013-09-30": "$2,219", "2013-06-30": "$2,131", "2013-03-31": "$2,290", "2012-12-31": "$1,660", "2012-09-30": "$2,280", "2012-06-30": "$2,040", "2012-03-31": "$2,363", "2011-12-31": "$2,123", "2011-09-30": "$2,038", "2011-06-30": "$2,175", "2011-03-31": "$2,304", "2010-12-31": "$2,528", "2010-09-30": "$2,358", "2010-06-30": "$2,339", "2010-03-31": "$2,405", "2009-12-31": "$2,451", "2009-09-30": "$2,456", "2009-06-30": "$2,239", "2009-03-31": "$1,681", "2008-12-31": "$1,400", "2008-09-30": "$1,451", "2008-06-30": "$2,450", "2008-03-31": "$2,223", "2007-12-31": "$3,054", "2007-09-30": "$1,950", "2007-06-30": "$2,044", "2007-03-31": "$3,165", "2006-12-31": "$3,210", "2006-09-30": "$2,985", "2006-06-30": "$2,845", "2006-03-31": "$2,753", "2005-12-31": "$1,810", "2005-09-30": "$2,267", "2005-06-30": "$2,449", "2005-03-31": "$2,308"}}, "operating-income": {"Loews Annual Operating Income (Millions of US $)": {"2019": "$1,710", "2018": "$1,408", "2017": "$2,228", "2016": "$1,472", "2015": "$764", "2014": "$2,308", "2013": "$2,702", "2012": "$2,448", "2011": "$2,748", "2010": "$3,419", "2009": "$3,214", "2008": "$1,623", "2007": "$3,513", "2006": "$3,395", "2005": "$2,191"}, "Loews Quarterly Operating Income (Millions of US $)": {"2020-09-30": "$320", "2020-06-30": "$-951", "2020-03-31": "$-977", "2019-12-31": "$418", "2019-09-30": "$204", "2019-06-30": "$439", "2019-03-31": "$649", "2018-12-31": "$-88", "2018-09-30": "$500", "2018-06-30": "$450", "2018-03-31": "$546", "2017-12-31": "$603", "2017-09-30": "$487", "2017-06-30": "$486", "2017-03-31": "$652", "2016-12-31": "$594", "2016-09-30": "$686", "2016-06-30": "$-146", "2016-03-31": "$338", "2015-12-31": "$-377", "2015-09-30": "$476", "2015-06-30": "$429", "2015-03-31": "$236", "2014-12-31": "$540", "2014-09-30": "$460", "2014-06-30": "$672", "2014-03-31": "$636", "2013-12-31": "$741", "2013-09-30": "$681", "2013-06-30": "$674", "2013-03-31": "$606", "2012-12-31": "$753", "2012-09-30": "$518", "2012-06-30": "$325", "2012-03-31": "$852", "2011-12-31": "$598", "2011-09-30": "$565", "2011-06-30": "$677", "2011-03-31": "$908", "2010-12-31": "$1,078", "2010-09-30": "$385", "2010-06-30": "$930", "2010-03-31": "$1,026", "2009-12-31": "$1,011", "2009-09-30": "$1,075", "2009-06-30": "$866", "2009-03-31": "$262", "2008-12-31": "$-564", "2008-09-30": "$41", "2008-06-30": "$1,195", "2008-03-31": "$951", "2007-12-31": "$947", "2007-09-30": "$719", "2007-06-30": "$918", "2007-03-31": "$1,460", "2006-12-31": "$1,338", "2006-09-30": "$1,194", "2006-06-30": "$1,081", "2006-03-31": "$1,059", "2005-12-31": "$260", "2005-09-30": "$525", "2005-06-30": "$725", "2005-03-31": "$682"}}, "ebitda": {"Loews Annual EBITDA (Millions of US $)": {"2019": "$2,564", "2018": "$2,250", "2017": "$3,062", "2016": "$2,286", "2015": "$1,756", "2014": "$3,210", "2013": "$4,185", "2012": "$3,303", "2011": "$3,517", "2010": "$4,117", "2009": "$3,799", "2008": "$2,498", "2007": "$3,718", "2006": "$3,365", "2005": "$2,364"}, "Loews Quarterly EBITDA (Millions of US $)": {"2020-09-30": "$320", "2020-06-30": "$-951", "2020-03-31": "$-977", "2019-12-31": "$418", "2019-09-30": "$204", "2019-06-30": "$439", "2019-03-31": "$649", "2018-12-31": "$-88", "2018-09-30": "$500", "2018-06-30": "$450", "2018-03-31": "$546", "2017-12-31": "$603", "2017-09-30": "$487", "2017-06-30": "$486", "2017-03-31": "$652", "2016-12-31": "$594", "2016-09-30": "$686", "2016-06-30": "$-146", "2016-03-31": "$338", "2015-12-31": "$-377", "2015-09-30": "$476", "2015-06-30": "$429", "2015-03-31": "$236", "2014-12-31": "$540", "2014-09-30": "$460", "2014-06-30": "$672", "2014-03-31": "$636", "2013-12-31": "$741", "2013-09-30": "$681", "2013-06-30": "$674", "2013-03-31": "$606", "2012-12-31": "$753", "2012-09-30": "$518", "2012-06-30": "$325", "2012-03-31": "$852", "2011-12-31": "$598", "2011-09-30": "$565", "2011-06-30": "$677", "2011-03-31": "$908", "2010-12-31": "$1,078", "2010-09-30": "$385", "2010-06-30": "$930", "2010-03-31": "$1,026", "2009-12-31": "$1,011", "2009-09-30": "$1,075", "2009-06-30": "$866", "2009-03-31": "$262", "2008-12-31": "$-564", "2008-09-30": "$41", "2008-06-30": "$1,195", "2008-03-31": "$951", "2007-12-31": "$947", "2007-09-30": "$719", "2007-06-30": "$918", "2007-03-31": "$1,460", "2006-12-31": "$1,338", "2006-09-30": "$1,194", "2006-06-30": "$1,081", "2006-03-31": "$1,059", "2005-12-31": "$260", "2005-09-30": "$525", "2005-06-30": "$725", "2005-03-31": "$682"}}, "net-income": {"Loews Annual Net Income (Millions of US $)": {"2019": "$932", "2018": "$636", "2017": "$1,164", "2016": "$654", "2015": "$260", "2014": "$591", "2013": "$595", "2012": "$568", "2011": "$1,062", "2010": "$1,289", "2009": "$564", "2008": "$4,319", "2007": "$1,955", "2006": "$2,075", "2005": "$961"}, "Loews Quarterly Net Income (Millions of US $)": {"2020-09-30": "$139", "2020-06-30": "$-835", "2020-03-31": "$-632", "2019-12-31": "$217", "2019-09-30": "$72", "2019-06-30": "$249", "2019-03-31": "$394", "2018-12-31": "$-165", "2018-09-30": "$278", "2018-06-30": "$230", "2018-03-31": "$293", "2017-12-31": "$481", "2017-09-30": "$157", "2017-06-30": "$231", "2017-03-31": "$295", "2016-12-31": "$290", "2016-09-30": "$327", "2016-06-30": "$-65", "2016-03-31": "$102", "2015-12-31": "$-201", "2015-09-30": "$182", "2015-06-30": "$170", "2015-03-31": "$109", "2014-12-31": "$208", "2014-09-30": "$208", "2014-06-30": "$116", "2014-03-31": "$59", "2013-12-31": "$-198", "2013-09-30": "$282", "2013-06-30": "$269", "2013-03-31": "$242", "2012-12-31": "$-32", "2012-09-30": "$177", "2012-06-30": "$56", "2012-03-31": "$367", "2011-12-31": "$271", "2011-09-30": "$162", "2011-06-30": "$250", "2011-03-31": "$379", "2010-12-31": "$467", "2010-09-30": "$36", "2010-06-30": "$366", "2010-03-31": "$420", "2009-12-31": "$403", "2009-09-30": "$468", "2009-06-30": "$340", "2009-03-31": "$-647", "2008-12-31": "$-958", "2008-09-30": "$-137", "2008-06-30": "$4,859", "2008-03-31": "$555", "2007-12-31": "$512", "2007-09-30": "$409", "2007-06-30": "$513", "2007-03-31": "$650", "2006-12-31": "$746", "2006-09-30": "$517", "2006-06-30": "$475", "2006-03-31": "$473", "2005-12-31": "$47", "2005-09-30": "$235", "2005-06-30": "$380", "2005-03-31": "$300"}}, "eps-earnings-per-share-diluted": {"Loews Annual EPS": {"2019": "$3.07", "2018": "$1.99", "2017": "$3.45", "2016": "$1.93", "2015": "$0.72", "2014": "$1.55", "2013": "$1.53", "2012": "$1.43", "2011": "$2.62", "2010": "$3.07", "2009": "$1.30", "2008": "$9.05", "2007": "$3.65", "2006": "$3.75", "2005": "$1.72"}, "Loews Quarterly EPS": {"2020-09-30": "$0.50", "2020-06-30": "$-2.96", "2020-03-31": "$-2.20", "2019-12-31": "$0.74", "2019-09-30": "$0.24", "2019-06-30": "$0.82", "2019-03-31": "$1.27", "2018-12-31": "$-0.50", "2018-09-30": "$0.88", "2018-06-30": "$0.72", "2018-03-31": "$0.89", "2017-12-31": "$1.43", "2017-09-30": "$0.46", "2017-06-30": "$0.69", "2017-03-31": "$0.87", "2016-12-31": "$0.85", "2016-09-30": "$0.97", "2016-06-30": "$-0.19", "2016-03-31": "$0.30", "2015-12-31": "$-0.53", "2015-09-30": "$0.50", "2015-06-30": "$0.46", "2015-03-31": "$0.29", "2014-12-31": "$0.55", "2014-09-30": "$0.55", "2014-06-30": "$0.30", "2014-03-31": "$0.15", "2013-12-31": "$-0.51", "2013-09-30": "$0.73", "2013-06-30": "$0.69", "2013-03-31": "$0.62", "2012-12-31": "$-0.08", "2012-09-30": "$0.45", "2012-06-30": "$0.14", "2012-03-31": "$0.92", "2011-12-31": "$0.69", "2011-09-30": "$0.40", "2011-06-30": "$0.61", "2011-03-31": "$0.92", "2010-12-31": "$1.12", "2010-09-30": "$0.09", "2010-06-30": "$0.87", "2010-03-31": "$0.99", "2009-12-31": "$0.93", "2009-09-30": "$1.08", "2009-06-30": "$0.78", "2009-03-31": "$-1.49", "2008-12-31": "$-1.23", "2008-09-30": "$-0.31", "2008-06-30": "$9.54", "2008-03-31": "$1.05", "2007-12-31": "$0.72", "2007-09-30": "$0.77", "2007-06-30": "$0.95", "2007-03-31": "$1.20", "2006-12-31": "$1.11", "2006-09-30": "$0.94", "2006-06-30": "$0.85", "2006-03-31": "$0.85", "2005-12-31": "$0.08", "2005-09-30": "$0.42", "2005-06-30": "$0.68", "2005-03-31": "$0.54"}}, "shares-outstanding": {"Loews Annual Shares Outstanding (Millions of Shares)": {"2019": "303", "2018": "320", "2017": "338", "2016": "338", "2015": "363", "2014": "383", "2013": "390", "2012": "396", "2011": "405", "2010": "420", "2009": "433", "2008": "586", "2007": "645", "2006": "647", "2005": "627"}, "Loews Quarterly Shares Outstanding (Millions of Shares)": {"2020-09-30": "279", "2020-06-30": "281", "2020-03-31": "287", "2019-12-31": "303", "2019-09-30": "302", "2019-06-30": "305", "2019-03-31": "310", "2018-12-31": "320", "2018-09-30": "317", "2018-06-30": "320", "2018-03-31": "329", "2017-12-31": "338", "2017-09-30": "338", "2017-06-30": "338", "2017-03-31": "338", "2016-12-31": "338", "2016-09-30": "338", "2016-06-30": "339", "2016-03-31": "339", "2015-12-31": "363", "2015-09-30": "361", "2015-06-30": "370", "2015-03-31": "373", "2014-12-31": "383", "2014-09-30": "381", "2014-06-30": "386", "2014-03-31": "388", "2013-12-31": "390", "2013-09-30": "388", "2013-06-30": "390", "2013-03-31": "392", "2012-12-31": "396", "2012-09-30": "395", "2012-06-30": "397", "2012-03-31": "397", "2011-12-31": "405", "2011-09-30": "402", "2011-06-30": "409", "2011-03-31": "414", "2010-12-31": "420", "2010-09-30": "418", "2010-06-30": "419", "2010-03-31": "424", "2009-12-31": "433", "2009-09-30": "433", "2009-06-30": "436", "2009-03-31": "435", "2008-12-31": "586", "2008-09-30": "436", "2008-06-30": "618", "2008-03-31": "640", "2007-12-31": "640", "2007-09-30": "642", "2007-06-30": "646", "2007-03-31": "651", "2006-12-31": "657", "2006-09-30": "652", "2006-06-30": "642", "2006-03-31": "637", "2005-12-31": "627", "2005-09-30": "626", "2005-06-30": "626", "2005-03-31": "762"}}, "total-assets": {"Loews Annual Total Assets (Millions of US $)": {"2019": "$82,243", "2018": "$78,316", "2017": "$79,586", "2016": "$76,594", "2015": "$76,006", "2014": "$78,367", "2013": "$79,939", "2012": "$80,021", "2011": "$75,268", "2010": "$76,277", "2009": "$74,070", "2008": "$69,870", "2007": "$76,115", "2006": "$76,881", "2005": "$70,906"}, "Loews Quarterly Total Assets (Millions of US $)": {"2020-09-30": "$79,464", "2020-06-30": "$78,439", "2020-03-31": "$79,254", "2019-12-31": "$82,243", "2019-09-30": "$82,499", "2019-06-30": "$82,277", "2019-03-31": "$80,449", "2018-12-31": "$78,316", "2018-09-30": "$78,725", "2018-06-30": "$80,732", "2018-03-31": "$80,786", "2017-12-31": "$79,586", "2017-09-30": "$79,527", "2017-06-30": "$79,101", "2017-03-31": "$77,114", "2016-12-31": "$76,594", "2016-09-30": "$78,508", "2016-06-30": "$79,183", "2016-03-31": "$77,224", "2015-12-31": "$76,006", "2015-09-30": "$77,532", "2015-06-30": "$78,015", "2015-03-31": "$78,623", "2014-12-31": "$78,367", "2014-09-30": "$78,529", "2014-06-30": "$82,894", "2014-03-31": "$81,803", "2013-12-31": "$79,939", "2013-09-30": "$79,510", "2013-06-30": "$80,046", "2013-03-31": "$80,614", "2012-12-31": "$80,021", "2012-09-30": "$79,554", "2012-06-30": "$77,328", "2012-03-31": "$77,240", "2011-12-31": "$75,268", "2011-09-30": "$76,305", "2011-06-30": "$76,069", "2011-03-31": "$75,967", "2010-12-31": "$76,277", "2010-09-30": "$76,821", "2010-06-30": "$75,059", "2010-03-31": "$75,855", "2009-12-31": "$74,070", "2009-09-30": "$75,112", "2009-06-30": "$71,630", "2009-03-31": "$69,667", "2008-12-31": "$69,870", "2008-09-30": "$73,417", "2008-06-30": "$74,782", "2008-03-31": "$76,892", "2007-12-31": "$76,115", "2007-09-30": "$78,965", "2007-06-30": "$79,538", "2007-03-31": "$76,740", "2006-12-31": "$76,881", "2006-09-30": "$75,779", "2006-06-30": "$71,710", "2006-03-31": "$71,331", "2005-12-31": "$70,906", "2005-09-30": "$74,636", "2005-06-30": "$74,185", "2005-03-31": "$74,121"}}, "cash-on-hand": {"Loews Annual Cash on Hand (Millions of US $)": {"2019": "$336", "2018": "$405", "2017": "$472", "2016": "$327", "2015": "$440", "2014": "$364", "2013": "$294", "2012": "$228", "2011": "$129", "2010": "$120", "2009": "$190", "2008": "$131", "2007": "$140", "2006": "$118", "2005": "$153"}, "Loews Quarterly Cash on Hand (Millions of US $)": {"2020-09-30": "$886", "2020-06-30": "$668", "2020-03-31": "$939", "2019-12-31": "$336", "2019-09-30": "$442", "2019-06-30": "$440", "2019-03-31": "$339", "2018-12-31": "$405", "2018-09-30": "$571", "2018-06-30": "$453", "2018-03-31": "$451", "2017-12-31": "$472", "2017-09-30": "$416", "2017-06-30": "$357", "2017-03-31": "$412", "2016-12-31": "$327", "2016-09-30": "$344", "2016-06-30": "$348", "2016-03-31": "$308", "2015-12-31": "$440", "2015-09-30": "$328", "2015-06-30": "$249", "2015-03-31": "$271", "2014-12-31": "$364", "2014-09-30": "$637", "2014-06-30": "$277", "2014-03-31": "$301", "2013-12-31": "$294", "2013-09-30": "$257", "2013-06-30": "$166", "2013-03-31": "$179", "2012-12-31": "$228", "2012-09-30": "$169", "2012-06-30": "$136", "2012-03-31": "$99", "2011-12-31": "$129", "2011-09-30": "$128", "2011-06-30": "$148", "2011-03-31": "$123", "2010-12-31": "$120", "2010-09-30": "$132", "2010-06-30": "$91", "2010-03-31": "$135", "2009-12-31": "$190", "2009-09-30": "$156", "2009-06-30": "$136", "2009-03-31": "$138", "2008-12-31": "$131", "2008-09-30": "$236", "2008-06-30": "$168", "2008-03-31": "$207", "2007-12-31": "$140", "2007-09-30": "$127", "2007-06-30": "$137", "2007-03-31": "$129", "2006-12-31": "$118", "2006-09-30": "$156", "2006-06-30": "$140", "2006-03-31": "$141", "2005-12-31": "$153", "2005-09-30": "$203", "2005-06-30": "$326", "2005-03-31": "$186"}}, "long-term-debt": {"Loews Annual Long Term Debt (Millions of US $)": {"2019": "$11,456", "2018": "$11,359", "2017": "$11,253", "2016": "$10,668", "2015": "$9,520", "2014": "$10,333", "2013": "$9,525", "2012": "$9,191", "2011": "$8,913", "2010": "$8,830", "2009": "$9,475", "2008": "$8,187", "2007": "$6,963", "2006": "$9,170", "2005": "$5,376"}, "Loews Quarterly Long Term Debt (Millions of US $)": {"2020-09-30": "$10,373", "2020-06-30": "$9,958", "2020-03-31": "$9,508", "2019-12-31": "$11,456", "2019-09-30": "$11,395", "2019-06-30": "$11,456", "2019-03-31": "$11,229", "2018-12-31": "$11,359", "2018-09-30": "$11,311", "2018-06-30": "$11,290", "2018-03-31": "$11,255", "2017-12-31": "$11,253", "2017-09-30": "$11,239", "2017-06-30": "$11,094", "2017-03-31": "$10,534", "2016-12-31": "$10,668", "2016-09-30": "$10,737", "2016-06-30": "$10,735", "2016-03-31": "$10,584", "2015-12-31": "$9,520", "2015-09-30": "$9,492", "2015-06-30": "$9,791", "2015-03-31": "$9,863", "2014-12-31": "$10,333", "2014-09-30": "$10,051", "2014-06-30": "$9,828", "2014-03-31": "$10,456", "2013-12-31": "$9,525", "2013-09-30": "$9,705", "2013-06-30": "$10,039", "2013-03-31": "$9,418", "2012-12-31": "$9,191", "2012-09-30": "$8,848", "2012-06-30": "$9,048", "2012-03-31": "$8,954", "2011-12-31": "$8,913", "2011-09-30": "$8,026", "2011-06-30": "$9,163", "2011-03-31": "$9,296", "2010-12-31": "$8,830", "2010-09-30": "$8,829", "2010-06-30": "$8,809", "2010-03-31": "$9,549", "2009-12-31": "$9,475", "2009-09-30": "$8,695", "2009-06-30": "$8,653", "2009-03-31": "$8,453", "2008-12-31": "$8,187", "2008-09-30": "$7,407", "2008-06-30": "$7,137", "2008-03-31": "$7,971", "2007-12-31": "$6,963", "2007-09-30": "$7,151", "2007-06-30": "$8,056", "2007-03-31": "$8,042", "2006-12-31": "$9,170", "2006-09-30": "$7,758", "2006-06-30": "$5,928", "2006-03-31": "$6,389", "2005-12-31": "$5,376", "2005-09-30": "$7,173", "2005-06-30": "$6,512", "2005-03-31": "$4,875"}}, "total-liabilities": {"Loews Annual Total Liabilities (Millions of US $)": {"2019": "$60,313", "2018": "$56,930", "2017": "$55,020", "2016": "$53,233", "2015": "$53,196", "2014": "$53,717", "2013": "$55,033", "2012": "$55,345", "2011": "$52,065", "2010": "$53,171", "2009": "$52,985", "2008": "$52,735", "2007": "$58,524", "2006": "$60,379", "2005": "$57,814"}, "Loews Quarterly Total Liabilities (Millions of US $)": {"2020-09-30": "$60,844", "2020-06-30": "$60,026", "2020-03-31": "$60,076", "2019-12-31": "$60,313", "2019-09-30": "$60,241", "2019-06-30": "$59,883", "2019-03-31": "$58,547", "2018-12-31": "$56,930", "2018-09-30": "$56,839", "2018-06-30": "$58,874", "2018-03-31": "$56,938", "2017-12-31": "$55,020", "2017-09-30": "$55,166", "2017-06-30": "$54,995", "2017-03-31": "$53,380", "2016-12-31": "$53,233", "2016-09-30": "$55,102", "2016-06-30": "$56,152", "2016-03-31": "$54,099", "2015-12-31": "$53,196", "2015-09-30": "$53,379", "2015-06-30": "$53,683", "2015-03-31": "$53,993", "2014-12-31": "$53,717", "2014-09-30": "$53,413", "2014-06-30": "$57,539", "2014-03-31": "$56,686", "2013-12-31": "$55,033", "2013-09-30": "$54,689", "2013-06-30": "$55,404", "2013-03-31": "$55,896", "2012-12-31": "$55,345", "2012-09-30": "$54,692", "2012-06-30": "$53,087", "2012-03-31": "$53,119", "2011-12-31": "$52,065", "2011-09-30": "$52,740", "2011-06-30": "$52,586", "2011-03-31": "$52,522", "2010-12-31": "$53,171", "2010-09-30": "$53,322", "2010-06-30": "$52,332", "2010-03-31": "$53,862", "2009-12-31": "$52,985", "2009-09-30": "$53,926", "2009-06-30": "$52,868", "2009-03-31": "$52,771", "2008-12-31": "$52,735", "2008-09-30": "$57,676", "2008-06-30": "$58,001", "2008-03-31": "$59,635", "2007-12-31": "$58,524", "2007-09-30": "$61,686", "2007-06-30": "$62,398", "2007-03-31": "$59,822", "2006-12-31": "$60,379", "2006-09-30": "$59,696", "2006-06-30": "$57,566", "2006-03-31": "$58,021", "2005-12-31": "$57,814", "2005-09-30": "$61,813", "2005-06-30": "$61,283", "2005-03-31": "$61,967"}}, "total-share-holder-equity": {"Loews Annual Share Holder Equity (Millions of US $)": {"2019": "$21,930", "2018": "$21,386", "2017": "$24,566", "2016": "$23,361", "2015": "$22,810", "2014": "$24,650", "2013": "$24,906", "2012": "$24,676", "2011": "$23,203", "2010": "$23,106", "2009": "$21,085", "2008": "$17,135", "2007": "$17,591", "2006": "$16,502", "2005": "$13,092"}, "Loews Quarterly Share Holder Equity (Millions of US $)": {"2020-09-30": "$18,620", "2020-06-30": "$18,413", "2020-03-31": "$19,178", "2019-12-31": "$21,930", "2019-09-30": "$22,258", "2019-06-30": "$22,394", "2019-03-31": "$21,902", "2018-12-31": "$21,386", "2018-09-30": "$21,886", "2018-06-30": "$21,858", "2018-03-31": "$23,848", "2017-12-31": "$24,566", "2017-09-30": "$24,361", "2017-06-30": "$24,106", "2017-03-31": "$23,734", "2016-12-31": "$23,361", "2016-09-30": "$23,406", "2016-06-30": "$23,031", "2016-03-31": "$23,125", "2015-12-31": "$22,810", "2015-09-30": "$24,153", "2015-06-30": "$24,332", "2015-03-31": "$24,630", "2014-12-31": "$24,650", "2014-09-30": "$25,116", "2014-06-30": "$25,355", "2014-03-31": "$25,117", "2013-12-31": "$24,906", "2013-09-30": "$24,821", "2013-06-30": "$24,642", "2013-03-31": "$24,718", "2012-12-31": "$24,676", "2012-09-30": "$24,862", "2012-06-30": "$24,241", "2012-03-31": "$24,121", "2011-12-31": "$23,203", "2011-09-30": "$23,565", "2011-06-30": "$23,483", "2011-03-31": "$23,445", "2010-12-31": "$23,106", "2010-09-30": "$23,499", "2010-06-30": "$22,727", "2010-03-31": "$21,993", "2009-12-31": "$21,085", "2009-09-30": "$21,186", "2009-06-30": "$18,762", "2009-03-31": "$16,896", "2008-12-31": "$17,135", "2008-09-30": "$15,741", "2008-06-30": "$16,781", "2008-03-31": "$17,257", "2007-12-31": "$17,591", "2007-09-30": "$17,279", "2007-06-30": "$17,140", "2007-03-31": "$16,918", "2006-12-31": "$16,502", "2006-09-30": "$16,083", "2006-06-30": "$14,144", "2006-03-31": "$13,311", "2005-12-31": "$13,092", "2005-09-30": "$12,823", "2005-06-30": "$12,902", "2005-03-31": "$12,155"}}, "profit-margins": {"current": "-8.71%"}, "gross margin": {"2020-09-30": "51.64%", "2020-06-30": "52.44%", "2020-03-31": "58.85%", "2019-12-31": "61.11%", "2019-09-30": "58.74%", "2019-06-30": "60.67%", "2019-03-31": "60.75%", "2018-12-31": "60.39%", "2018-09-30": "63.48%", "2018-06-30": "62.08%", "2018-03-31": "61.79%", "2017-12-31": "61.34%", "2017-09-30": "60.15%", "2017-06-30": "61.54%", "2017-03-31": "60.94%", "2016-12-31": "59.69%", "2016-09-30": "59.35%", "2016-06-30": "59.00%", "2016-03-31": "58.41%", "2015-12-31": "59.87%", "2015-09-30": "60.61%", "2015-06-30": "60.51%", "2015-03-31": "61.15%", "2014-12-31": "60.97%", "2014-09-30": "60.13%", "2014-06-30": "60.17%", "2014-03-31": "59.93%", "2013-12-31": "60.27%", "2013-09-30": "58.77%", "2013-06-30": "58.71%", "2013-03-31": "59.01%", "2012-12-31": "59.29%", "2012-09-30": "61.46%", "2012-06-30": "60.95%", "2012-03-31": "61.24%", "2011-12-31": "61.15%", "2011-09-30": "62.97%", "2011-06-30": "64.03%", "2011-03-31": "65.40%", "2010-12-31": "65.89%", "2010-09-30": "64.89%", "2010-06-30": "65.39%", "2010-03-31": "64.50%", "2009-12-31": "62.53%", "2009-09-30": "59.64%", "2009-06-30": "55.18%", "2009-03-31": "55.16%", "2008-12-31": "56.80%", "2008-09-30": "60.90%", "2008-06-30": "61.93%", "2008-03-31": "60.91%", "2007-12-31": "62.96%", "2007-09-30": "62.97%", "2007-06-30": "65.36%", "2007-03-31": "67.03%", "2006-12-31": "66.10%", "2006-09-30": "61.31%", "2006-06-30": "58.35%", "2006-03-31": "56.80%", "2005-12-31": "55.80%"}, "operating margin": {"2020-09-30": "-9.33%", "2020-06-30": "-10.08%", "2020-03-31": "0.59%", "2019-12-31": "11.45%", "2019-09-30": "8.39%", "2019-06-30": "10.51%", "2019-03-31": "10.61%", "2018-12-31": "10.01%", "2018-09-30": "14.64%", "2018-06-30": "14.64%", "2018-03-31": "15.14%", "2017-12-31": "16.22%", "2017-09-30": "16.42%", "2017-06-30": "18.20%", "2017-03-31": "13.50%", "2016-12-31": "11.23%", "2016-09-30": "3.82%", "2016-06-30": "2.24%", "2016-03-31": "6.61%", "2015-12-31": "5.70%", "2015-09-30": "12.36%", "2015-06-30": "11.93%", "2015-03-31": "13.52%", "2014-12-31": "16.11%", "2014-09-30": "17.28%", "2014-06-30": "18.71%", "2014-03-31": "18.69%", "2013-12-31": "18.49%", "2013-09-30": "19.22%", "2013-06-30": "17.91%", "2013-03-31": "15.71%", "2012-12-31": "17.40%", "2012-09-30": "16.00%", "2012-06-30": "16.65%", "2012-03-31": "18.95%", "2011-12-31": "19.45%", "2011-09-30": "22.47%", "2011-06-30": "20.84%", "2011-03-31": "22.66%", "2010-12-31": "23.39%", "2010-09-30": "22.77%", "2010-06-30": "27.39%", "2010-03-31": "26.87%", "2009-12-31": "22.77%", "2009-09-30": "12.57%", "2009-06-30": "4.93%", "2009-03-31": "7.38%", "2008-12-31": "12.25%", "2008-09-30": "20.79%", "2008-06-30": "24.40%", "2008-03-31": "23.22%", "2007-12-31": "24.93%", "2007-09-30": "26.93%", "2007-06-30": "28.14%", "2007-03-31": "27.86%", "2006-12-31": "26.19%", "2006-09-30": "21.20%", "2006-06-30": "17.64%", "2006-03-31": "15.72%", "2005-12-31": "13.84%"}, "ebitda margin": {"2020-09-30": "-9.33%", "2020-06-30": "-10.08%", "2020-03-31": "0.59%", "2019-12-31": "11.45%", "2019-09-30": "8.39%", "2019-06-30": "10.51%", "2019-03-31": "10.61%", "2018-12-31": "10.01%", "2018-09-30": "14.64%", "2018-06-30": "14.64%", "2018-03-31": "15.14%", "2017-12-31": "16.22%", "2017-09-30": "16.42%", "2017-06-30": "18.20%", "2017-03-31": "13.50%", "2016-12-31": "11.23%", "2016-09-30": "3.82%", "2016-06-30": "2.24%", "2016-03-31": "6.61%", "2015-12-31": "5.70%", "2015-09-30": "12.36%", "2015-06-30": "11.93%", "2015-03-31": "13.52%", "2014-12-31": "16.11%", "2014-09-30": "17.28%", "2014-06-30": "18.71%", "2014-03-31": "18.69%", "2013-12-31": "18.49%", "2013-09-30": "19.22%", "2013-06-30": "17.91%", "2013-03-31": "15.71%", "2012-12-31": "17.40%", "2012-09-30": "16.00%", "2012-06-30": "16.65%", "2012-03-31": "18.95%", "2011-12-31": "19.45%", "2011-09-30": "22.47%", "2011-06-30": "20.84%", "2011-03-31": "22.66%", "2010-12-31": "23.39%", "2010-09-30": "22.77%", "2010-06-30": "27.39%", "2010-03-31": "26.87%", "2009-12-31": "22.77%", "2009-09-30": "12.57%", "2009-06-30": "4.93%", "2009-03-31": "7.38%", "2008-12-31": "12.25%", "2008-09-30": "20.79%", "2008-06-30": "24.40%", "2008-03-31": "23.22%", "2007-12-31": "24.93%", "2007-09-30": "26.93%", "2007-06-30": "28.14%", "2007-03-31": "27.86%", "2006-12-31": "26.19%", "2006-09-30": "21.20%", "2006-06-30": "17.64%", "2006-03-31": "15.72%", "2005-12-31": "13.84%"}, "pre tax profit margin": {"2020-09-30": "-13.62%", "2020-06-30": "-14.34%", "2020-03-31": "-3.57%", "2019-12-31": "7.49%", "2019-09-30": "4.26%", "2019-06-30": "6.34%", "2019-03-31": "6.58%", "2018-12-31": "5.93%", "2018-09-30": "10.65%", "2018-06-30": "10.09%", "2018-03-31": "10.54%", "2017-12-31": "11.52%", "2017-09-30": "11.70%", "2017-06-30": "14.11%", "2017-03-31": "9.45%", "2016-12-31": "7.14%", "2016-09-30": "-0.22%", "2016-06-30": "-1.83%", "2016-03-31": "2.55%", "2015-12-31": "1.82%", "2015-09-30": "8.52%", "2015-06-30": "8.24%", "2015-03-31": "9.93%", "2014-12-31": "12.64%", "2014-09-30": "14.02%", "2014-06-30": "15.58%", "2014-03-31": "15.69%", "2013-12-31": "15.58%", "2013-09-30": "16.27%", "2013-06-30": "14.96%", "2013-03-31": "12.69%", "2012-12-31": "14.37%", "2012-09-30": "12.88%", "2012-06-30": "13.35%", "2012-03-31": "15.56%", "2011-12-31": "15.75%", "2011-09-30": "18.72%", "2011-06-30": "17.15%", "2011-03-31": "18.96%", "2010-12-31": "19.86%", "2010-09-30": "19.30%", "2010-06-30": "23.99%", "2010-03-31": "23.60%", "2009-12-31": "12.25%", "2009-09-30": "-3.80%", "2009-06-30": "-12.18%", "2009-03-31": "-9.03%", "2008-12-31": "4.43%", "2008-09-30": "19.08%", "2008-06-30": "22.74%", "2008-03-31": "21.64%", "2007-12-31": "23.51%", "2007-09-30": "25.54%", "2007-06-30": "26.83%", "2007-03-31": "26.68%", "2006-12-31": "25.01%", "2006-09-30": "19.52%", "2006-06-30": "15.95%", "2006-03-31": "13.83%", "2005-12-31": "11.54%"}, "net profit margin": {"2020-09-30": "-8.71%", "2020-06-30": "-9.09%", "2020-03-31": "-0.66%", "2019-12-31": "6.24%", "2019-09-30": "3.83%", "2019-06-30": "5.30%", "2019-03-31": "5.17%", "2018-12-31": "4.52%", "2018-09-30": "8.94%", "2018-06-30": "8.15%", "2018-03-31": "8.29%", "2017-12-31": "8.47%", "2017-09-30": "7.20%", "2017-06-30": "8.60%", "2017-03-31": "6.40%", "2016-12-31": "4.99%", "2016-09-30": "1.24%", "2016-06-30": "0.14%", "2016-03-31": "1.93%", "2015-12-31": "1.94%", "2015-09-30": "4.92%", "2015-06-30": "4.98%", "2015-03-31": "4.54%", "2014-12-31": "4.13%", "2014-09-30": "1.27%", "2014-06-30": "1.77%", "2014-03-31": "2.82%", "2013-12-31": "4.07%", "2013-09-30": "5.39%", "2013-06-30": "4.61%", "2013-03-31": "3.16%", "2012-12-31": "4.04%", "2012-09-30": "6.08%", "2012-06-30": "6.09%", "2012-03-31": "7.39%", "2011-12-31": "7.52%", "2011-09-30": "8.76%", "2011-06-30": "7.74%", "2011-03-31": "8.57%", "2010-12-31": "8.82%", "2010-09-30": "8.32%", "2010-06-30": "11.23%", "2010-03-31": "11.02%", "2009-12-31": "4.00%", "2009-09-30": "-6.11%", "2009-06-30": "-11.43%", "2009-03-31": "24.62%", "2008-12-31": "32.60%", "2008-09-30": "38.41%", "2008-06-30": "40.54%", "2008-03-31": "13.07%", "2007-12-31": "12.85%", "2007-09-30": "14.08%", "2007-06-30": "13.90%", "2007-03-31": "13.12%", "2006-12-31": "12.39%", "2006-09-30": "8.92%", "2006-06-30": "7.42%", "2006-03-31": "6.95%", "2005-12-31": "6.08%"}, "pe ratio": {"current": "22.03", "2021-02-05": "0.00", "2020-09-30": "0.00", "2020-06-30": "0.00", "2020-03-31": "0.00", "2019-12-31": "17.05", "2019-09-30": "28.39", "2019-06-30": "22.21", "2019-03-31": "20.28", "2018-12-31": "22.96", "2018-09-30": "12.65", "2018-06-30": "13.60", "2018-03-31": "14.12", "2017-12-31": "14.27", "2017-09-30": "16.73", "2017-06-30": "13.83", "2017-03-31": "18.78", "2016-12-31": "24.51", "2016-09-30": "80.42", "2016-06-30": "1336.43", "2016-03-31": "54.82", "2015-12-31": "55.74", "2015-09-30": "19.49", "2015-06-30": "20.18", "2015-03-31": "23.38", "2014-12-31": "26.20", "2014-09-30": "82.04", "2014-06-30": "63.29", "2014-03-31": "39.98", "2013-12-31": "30.29", "2013-09-30": "22.88", "2013-06-30": "25.32", "2013-03-31": "37.32", "2012-12-31": "27.19", "2012-09-30": "18.03", "2012-06-30": "18.27", "2012-03-31": "14.51", "2011-12-31": "13.68", "2011-09-30": "10.69", "2011-06-30": "14.46", "2011-03-31": "13.55", "2010-12-31": "11.94", "2010-09-30": "12.33", "2010-06-30": "8.06", "2010-03-31": "9.22", "2009-12-31": "25.96", "2009-09-30": "0.00", "2009-06-30": "0.00", "2009-03-31": "3.71", "2008-12-31": "3.24", "2008-09-30": "3.32", "2008-06-30": "3.59", "2008-03-31": "10.63", "2007-12-31": "12.74", "2007-09-30": "11.04", "2007-06-30": "11.15", "2007-03-31": "10.17", "2006-12-31": "10.14"}, "price sales": {"2021-02-05": "1.08", "2020-09-30": "0.79", "2020-06-30": "0.78", "2020-03-31": "0.73", "2019-12-31": "1.07", "2019-09-30": "1.10", "2019-06-30": "1.19", "2019-03-31": "1.05", "2018-12-31": "1.03", "2018-09-30": "1.13", "2018-06-30": "1.11", "2018-03-31": "1.17", "2017-12-31": "1.21", "2017-09-30": "1.18", "2017-06-30": "1.17", "2017-03-31": "1.17", "2016-12-31": "1.18", "2016-09-30": "1.06", "2016-06-30": "1.08", "2016-03-31": "1.02", "2015-12-31": "1.02", "2015-09-30": "0.96", "2015-06-30": "1.01", "2015-03-31": "1.07", "2014-12-31": "1.09", "2014-09-30": "1.07", "2014-06-30": "1.13", "2014-03-31": "1.13", "2013-12-31": "1.24", "2013-09-30": "1.24", "2013-06-30": "1.17", "2013-03-31": "1.19", "2012-12-31": "1.10", "2012-09-30": "1.09", "2012-06-30": "1.11", "2012-03-31": "1.07", "2011-12-31": "1.03", "2011-09-30": "0.94", "2011-06-30": "1.13", "2011-03-31": "1.17", "2010-12-31": "1.05", "2010-09-30": "1.03", "2010-06-30": "0.91", "2010-03-31": "1.02", "2009-12-31": "1.05", "2009-09-30": "1.13", "2009-06-30": "0.96", "2009-03-31": "0.83", "2008-12-31": "1.12", "2008-09-30": "1.41", "2008-06-30": "1.76", "2008-03-31": "1.56", "2007-12-31": "1.84", "2007-09-30": "1.75", "2007-06-30": "1.75", "2007-03-31": "1.49", "2006-12-31": "1.38"}, "price book": {"current": "0.71", "2021-02-05": "0.71", "2020-09-30": "0.51", "2020-06-30": "0.52", "2020-03-31": "0.51", "2019-12-31": "0.69", "2019-09-30": "0.69", "2019-06-30": "0.73", "2019-03-31": "0.66", "2018-12-31": "0.66", "2018-09-30": "0.71", "2018-06-30": "0.69", "2018-03-31": "0.62", "2017-12-31": "0.67", "2017-09-30": "0.65", "2017-06-30": "0.64", "2017-03-31": "0.65", "2016-12-31": "0.66", "2016-09-30": "0.58", "2016-06-30": "0.59", "2016-03-31": "0.55", "2015-12-31": "0.56", "2015-09-30": "0.52", "2015-06-30": "0.56", "2015-03-31": "0.60", "2014-12-31": "0.61", "2014-09-30": "0.60", "2014-06-30": "0.64", "2014-03-31": "0.65", "2013-12-31": "0.72", "2013-09-30": "0.70", "2013-06-30": "0.67", "2013-03-31": "0.67", "2012-12-31": "0.62", "2012-09-30": "0.62", "2012-06-30": "0.64", "2012-03-31": "0.62", "2011-12-31": "0.61", "2011-09-30": "0.55", "2011-06-30": "0.69", "2011-03-31": "0.71", "2010-12-31": "0.66", "2010-09-30": "0.63", "2010-06-30": "0.58", "2010-03-31": "0.67", "2009-12-31": "0.69", "2009-09-30": "0.65", "2009-06-30": "0.59", "2009-03-31": "0.53", "2008-12-31": "0.67", "2008-09-30": "1.01", "2008-06-30": "1.13", "2008-03-31": "1.37", "2007-12-31": "1.40", "2007-09-30": "1.64", "2007-06-30": "1.76", "2007-03-31": "1.59", "2006-12-31": "1.50", "2006-09-30": "1.42", "2006-06-30": "1.47", "2006-03-31": "1.83"}, "price fcf": {"2021-02-05": "", "2020-09-30": "$2.81", "2020-06-30": "$2.00", "2020-03-31": "$3.10", "2019-12-31": "$2.31", "2019-09-30": "$3.53", "2019-06-30": "$5.20", "2019-03-31": "$8.77", "2018-12-31": "$10.09", "2018-09-30": "$9.99", "2018-06-30": "$7.41", "2018-03-31": "$6.10", "2017-12-31": "$4.62", "2017-09-30": "$4.34", "2017-06-30": "$5.35", "2017-03-31": "$2.50", "2016-12-31": "$3.35", "2016-09-30": "$5.83", "2016-06-30": "$6.35", "2016-03-31": "$6.90", "2015-12-31": "$5.58", "2015-09-30": "$1.92", "2015-06-30": "$2.81", "2015-03-31": "$3.06", "2014-12-31": "$3.31", "2014-09-30": "$4.06", "2014-06-30": "$2.70", "2014-03-31": "$0.06", "2013-12-31": "$0.92", "2013-09-30": "$1.42", "2013-06-30": "$1.64", "2013-03-31": "$3.92", "2012-12-31": "$4.22", "2012-09-30": "$6.39", "2012-06-30": "$6.48", "2012-03-31": "$5.00", "2011-12-31": "$7.04", "2011-09-30": "$1.06", "2011-06-30": "$-1.04", "2011-03-31": "$1.79", "2010-12-31": "$-0.38", "2010-09-30": "$5.92", "2010-06-30": "$6.50", "2010-03-31": "$3.83", "2009-12-31": "$4.95", "2009-09-30": "$4.11", "2009-06-30": "$-1.98", "2009-03-31": "$-0.62", "2008-12-31": "$-0.92", "2008-09-30": "$-2.89", "2008-06-30": "$4.63", "2008-03-31": "$6.93", "2007-12-31": "$5.41", "2007-09-30": "$4.35", "2007-06-30": "$1.90", "2007-03-31": "$0.04", "2006-12-31": "$1.27"}, "net worth": {"value": "$13.14B"}, "current ratio": {"2020-09-30": "0.21", "2020-06-30": "0.22", "2020-03-31": "0.22", "2019-12-31": "0.21", "2019-09-30": "0.21", "2019-06-30": "0.22", "2019-03-31": "0.22", "2018-12-31": "0.23", "2018-09-30": "0.23", "2018-06-30": "0.23", "2018-03-31": "0.22", "2017-12-31": "0.22", "2017-09-30": "0.22", "2017-06-30": "0.22", "2017-03-31": "0.22", "2016-12-31": "0.22", "2016-09-30": "0.21", "2016-06-30": "0.23", "2016-03-31": "0.23", "2015-12-31": "0.22", "2015-09-30": "0.22", "2015-06-30": "0.22", "2015-03-31": "0.22", "2014-12-31": "0.22", "2014-09-30": "0.24", "2014-06-30": "0.23", "2014-03-31": "0.23", "2013-12-31": "0.25", "2013-09-30": "0.24", "2013-06-30": "0.24", "2013-03-31": "0.24", "2012-12-31": "0.24", "2012-09-30": "0.24", "2012-06-30": "0.24", "2012-03-31": "0.25", "2011-12-31": "0.25", "2011-09-30": "0.26", "2011-06-30": "0.27", "2011-03-31": "0.27", "2010-12-31": "0.26", "2010-09-30": "0.29", "2010-06-30": "0.26", "2010-03-31": "0.26", "2009-12-31": "0.27", "2009-09-30": "0.29", "2009-06-30": "0.29", "2009-03-31": "0.29", "2008-12-31": "0.30", "2008-09-30": "0.30", "2008-06-30": "0.29", "2008-03-31": "0.29", "2007-12-31": "0.28", "2007-09-30": "0.29", "2007-06-30": "0.32", "2007-03-31": "0.31", "2006-12-31": "0.31", "2006-09-30": "0.33", "2006-06-30": "0.34", "2006-03-31": "0.34", "2005-12-31": "0.35", "2005-09-30": "0.37", "2005-06-30": "0.38", "2005-03-31": "0.38"}, "quick ratio": {"2020-09-30": "0.00", "2020-06-30": "0.00", "2020-03-31": "0.00", "2019-12-31": "0.00", "2019-09-30": "0.00", "2019-06-30": "0.00", "2019-03-31": "0.00", "2018-12-31": "0.00", "2018-09-30": "0.00", "2018-06-30": "0.00", "2018-03-31": "0.00", "2017-12-31": "0.00", "2017-09-30": "0.00", "2017-06-30": "0.00", "2017-03-31": "0.00", "2016-12-31": "0.00", "2016-09-30": "0.00", "2016-06-30": "0.00", "2016-03-31": "0.00", "2015-12-31": "0.00", "2015-09-30": "0.00", "2015-06-30": "0.00", "2015-03-31": "0.00", "2014-12-31": "0.00", "2014-09-30": "0.00", "2014-06-30": "0.00", "2014-03-31": "0.00", "2013-12-31": "0.00", "2013-09-30": "0.00", "2013-06-30": "0.00", "2013-03-31": "0.00", "2012-12-31": "0.00", "2012-09-30": "0.00", "2012-06-30": "0.00", "2012-03-31": "0.00", "2011-12-31": "0.00", "2011-09-30": "0.00", "2011-06-30": "0.00", "2011-03-31": "0.00", "2010-12-31": "0.00", "2010-09-30": "0.00", "2010-06-30": "0.00", "2010-03-31": "0.00", "2009-12-31": "0.00", "2009-09-30": "0.00", "2009-06-30": "0.00", "2009-03-31": "0.00", "2008-12-31": "0.00", "2008-09-30": "0.00", "2008-06-30": "0.00", "2008-03-31": "0.00", "2007-12-31": "0.00", "2007-09-30": "0.00", "2007-06-30": "0.00", "2007-03-31": "0.00", "2006-12-31": "0.00", "2006-09-30": "0.00", "2006-06-30": "0.00", "2006-03-31": "0.00", "2005-12-31": "0.00", "2005-09-30": "0.00", "2005-06-30": "0.00", "2005-03-31": "0.00"}, "debt equity ratio": {"current": "0.56", "2020-09-30": "3.27", "2020-06-30": "3.26", "2020-03-31": "3.13", "2019-12-31": "2.75", "2019-09-30": "2.71", "2019-06-30": "2.67", "2019-03-31": "2.67", "2018-12-31": "2.66", "2018-09-30": "2.60", "2018-06-30": "2.69", "2018-03-31": "2.39", "2017-12-31": "2.24", "2017-09-30": "2.27", "2017-06-30": "2.28", "2017-03-31": "2.25", "2016-12-31": "2.28", "2016-09-30": "2.35", "2016-06-30": "2.44", "2016-03-31": "2.34", "2015-12-31": "2.33", "2015-09-30": "2.21", "2015-06-30": "2.21", "2015-03-31": "2.19", "2014-12-31": "2.18", "2014-09-30": "2.13", "2014-06-30": "2.27", "2014-03-31": "2.26", "2013-12-31": "2.21", "2013-09-30": "2.20", "2013-06-30": "2.25", "2013-03-31": "2.26", "2012-12-31": "2.24", "2012-09-30": "2.20", "2012-06-30": "2.19", "2012-03-31": "2.20", "2011-12-31": "2.24", "2011-09-30": "2.24", "2011-06-30": "2.24", "2011-03-31": "2.24", "2010-12-31": "2.30", "2010-09-30": "2.27", "2010-06-30": "2.30", "2010-03-31": "2.45", "2009-12-31": "2.51", "2009-09-30": "2.55", "2009-06-30": "2.82", "2009-03-31": "3.12", "2008-12-31": "3.08", "2008-09-30": "3.66", "2008-06-30": "3.46", "2008-03-31": "3.46", "2007-12-31": "3.33", "2007-09-30": "3.57", "2007-06-30": "3.64", "2007-03-31": "3.54", "2006-12-31": "3.66", "2006-09-30": "3.71", "2006-06-30": "4.07", "2006-03-31": "4.36", "2005-12-31": "4.42", "2005-09-30": "4.82", "2005-06-30": "4.75", "2005-03-31": "5.10"}, "return on equity": {"2020-09-30": "-5.69%", "2020-06-30": "-5.76%", "2020-03-31": "-0.44%", "2019-12-31": "4.21%", "2019-09-30": "2.50%", "2019-06-30": "3.45%", "2019-03-31": "3.39%", "2018-12-31": "2.86%", "2018-09-30": "5.56%", "2018-06-30": "4.91%", "2018-03-31": "4.80%", "2017-12-31": "4.81%", "2017-09-30": "4.07%", "2017-06-30": "4.83%", "2017-03-31": "3.62%", "2016-12-31": "2.82%", "2016-09-30": "0.71%", "2016-06-30": "0.08%", "2016-03-31": "1.07%", "2015-12-31": "1.08%", "2015-09-30": "2.74%", "2015-06-30": "2.82%", "2015-03-31": "2.57%", "2014-12-31": "2.36%", "2014-09-30": "0.74%", "2014-06-30": "1.03%", "2014-03-31": "1.66%", "2013-12-31": "2.40%", "2013-09-30": "3.08%", "2013-06-30": "2.65%", "2013-03-31": "1.80%", "2012-12-31": "2.32%", "2012-09-30": "3.61%", "2012-06-30": "3.60%", "2012-03-31": "4.45%", "2011-12-31": "4.53%", "2011-09-30": "5.38%", "2011-06-30": "4.84%", "2011-03-31": "5.38%", "2010-12-31": "5.65%", "2010-09-30": "5.49%", "2010-06-30": "7.62%", "2010-03-31": "7.86%", "2009-12-31": "2.89%", "2009-09-30": "-4.31%", "2009-06-30": "-8.18%", "2009-03-31": "18.73%", "2008-12-31": "25.82%", "2008-09-30": "34.37%", "2008-06-30": "36.77%", "2008-03-31": "11.49%", "2007-12-31": "12.09%", "2007-09-30": "13.67%", "2007-06-30": "14.56%", "2007-03-31": "15.01%", "2006-12-31": "14.73%", "2006-09-30": "10.68%", "2006-06-30": "9.22%", "2006-03-31": "8.71%", "2005-12-31": "7.55%"}, "return on assets": {"2020-09-30": "-1.39%", "2020-06-30": "-1.46%", "2020-03-31": "-0.12%", "2019-12-31": "1.14%", "2019-09-30": "0.68%", "2019-06-30": "0.95%", "2019-03-31": "0.93%", "2018-12-31": "0.80%", "2018-09-30": "1.60%", "2018-06-30": "1.45%", "2018-03-31": "1.46%", "2017-12-31": "1.48%", "2017-09-30": "1.25%", "2017-06-30": "1.47%", "2017-03-31": "1.09%", "2016-12-31": "0.84%", "2016-09-30": "0.21%", "2016-06-30": "0.02%", "2016-03-31": "0.33%", "2015-12-31": "0.34%", "2015-09-30": "0.86%", "2015-06-30": "0.89%", "2015-03-31": "0.81%", "2014-12-31": "0.74%", "2014-09-30": "0.23%", "2014-06-30": "0.32%", "2014-03-31": "0.51%", "2013-12-31": "0.74%", "2013-09-30": "0.95%", "2013-06-30": "0.82%", "2013-03-31": "0.56%", "2012-12-31": "0.72%", "2012-09-30": "1.13%", "2012-06-30": "1.12%", "2012-03-31": "1.38%", "2011-12-31": "1.40%", "2011-09-30": "1.65%", "2011-06-30": "1.48%", "2011-03-31": "1.64%", "2010-12-31": "1.70%", "2010-09-30": "1.62%", "2010-06-30": "2.21%", "2010-03-31": "2.20%", "2009-12-31": "0.78%", "2009-09-30": "-1.11%", "2009-06-30": "-1.97%", "2009-03-31": "4.33%", "2008-12-31": "5.86%", "2008-09-30": "7.69%", "2008-06-30": "8.26%", "2008-03-31": "2.55%", "2007-12-31": "2.68%", "2007-09-30": "2.97%", "2007-06-30": "3.14%", "2007-03-31": "3.17%", "2006-12-31": "2.99%", "2006-09-30": "2.09%", "2006-06-30": "1.70%", "2006-03-31": "1.56%", "2005-12-31": "1.31%"}, "return on investments": {"2020-09-30": "-3.99%", "2020-06-30": "-4.21%", "2020-03-31": "0.26%", "2019-12-31": "5.10%", "2019-09-30": "3.61%", "2019-06-30": "4.51%", "2019-03-31": "4.57%", "2018-12-31": "4.20%", "2018-09-30": "6.12%", "2018-06-30": "5.97%", "2018-03-31": "5.99%", "2017-12-31": "6.33%", "2017-09-30": "6.38%", "2017-06-30": "7.03%", "2017-03-31": "5.24%", "2016-12-31": "4.34%", "2016-09-30": "1.50%", "2016-06-30": "0.87%", "2016-03-31": "2.59%", "2015-12-31": "2.27%", "2015-09-30": "4.90%", "2015-06-30": "4.80%", "2015-03-31": "5.46%", "2014-12-31": "6.55%", "2014-09-30": "7.15%", "2014-06-30": "7.82%", "2014-03-31": "7.85%", "2013-12-31": "7.84%", "2013-09-30": "7.91%", "2013-06-30": "7.48%", "2013-03-31": "6.52%", "2012-12-31": "7.31%", "2012-09-30": "6.94%", "2012-06-30": "7.20%", "2012-03-31": "8.32%", "2011-12-31": "8.51%", "2011-09-30": "10.02%", "2011-06-30": "9.40%", "2011-03-31": "10.27%", "2010-12-31": "10.74%", "2010-09-30": "10.64%", "2010-06-30": "13.09%", "2010-03-31": "13.33%", "2009-12-31": "11.36%", "2009-09-30": "6.07%", "2009-06-30": "2.39%", "2009-03-31": "3.82%", "2008-12-31": "6.65%", "2008-09-30": "12.94%", "2008-06-30": "15.54%", "2008-03-31": "14.22%", "2007-12-31": "16.32%", "2007-09-30": "17.69%", "2007-06-30": "19.71%", "2007-03-31": "21.46%", "2006-12-31": "20.93%", "2006-09-30": "17.51%", "2006-06-30": "14.95%", "2006-03-31": "13.24%", "2005-12-31": "11.70%"}, "return on tangible equity": {"2020-09-30": "-5.92%", "2020-06-30": "-5.99%", "2020-03-31": "-0.45%", "2019-12-31": "4.36%", "2019-09-30": "2.59%", "2019-06-30": "3.57%", "2019-03-31": "3.49%", "2018-12-31": "2.95%", "2018-09-30": "5.73%", "2018-06-30": "5.05%", "2018-03-31": "4.93%", "2017-12-31": "4.93%", "2017-09-30": "4.16%", "2017-06-30": "4.92%", "2017-03-31": "3.68%", "2016-12-31": "2.86%", "2016-09-30": "0.72%", "2016-06-30": "0.08%", "2016-03-31": "1.09%", "2015-12-31": "1.10%", "2015-09-30": "2.78%", "2015-06-30": "2.86%", "2015-03-31": "2.61%", "2014-12-31": "2.39%", "2014-09-30": "0.75%", "2014-06-30": "1.06%", "2014-03-31": "1.70%", "2013-12-31": "2.49%", "2013-09-30": "3.21%", "2013-06-30": "2.76%", "2013-03-31": "1.87%", "2012-12-31": "2.41%", "2012-09-30": "3.76%", "2012-06-30": "3.74%", "2012-03-31": "4.62%", "2011-12-31": "4.71%", "2011-09-30": "5.58%", "2011-06-30": "5.03%", "2011-03-31": "5.59%", "2010-12-31": "5.87%", "2010-09-30": "5.71%", "2010-06-30": "7.93%", "2010-03-31": "8.20%", "2009-12-31": "3.03%", "2009-09-30": "-4.52%", "2009-06-30": "-8.68%", "2009-03-31": "20.08%", "2008-12-31": "27.87%", "2008-09-30": "37.38%", "2008-06-30": "39.91%", "2008-03-31": "12.26%", "2007-12-31": "12.70%", "2007-09-30": "14.13%", "2007-06-30": "14.83%", "2007-03-31": "15.29%", "2006-12-31": "15.03%", "2006-09-30": "10.91%", "2006-06-30": "9.43%", "2006-03-31": "8.91%", "2005-12-31": "7.73%"}, "dividend yield history": {"last payout": "$0.25", "last yield": "0.52%"}}