{"ticker": "LOW", "price": {"title": "Lowe's Historical Annual Stock Price Data", "value": 175.73, "historical": {"2021": {"Average Stock Price": "170.0171", "Year Open": "160.3800", "Year High": "179.1700", "Year Low": "160.3800", "Year Close": "175.7300", "Annual % Change": "9.48%"}, "2020": {"Average Stock Price": "135.2315", "Year Open": "120.4600", "Year High": "177.7000", "Year Low": "65.0200", "Year Close": "160.5100", "Annual % Change": "34.03%"}, "2019": {"Average Stock Price": "106.3747", "Year Open": "92.2700", "Year High": "120.2300", "Year Low": "91.1700", "Year Close": "119.7600", "Annual % Change": "29.67%"}, "2018": {"Average Stock Price": "96.4345", "Year Open": "91.6200", "Year High": "116.8400", "Year Low": "81.4800", "Year Close": "92.3600", "Annual % Change": "-0.62%"}, "2017": {"Average Stock Price": "79.3894", "Year Open": "70.9500", "Year High": "92.9400", "Year Low": "70.9500", "Year Close": "92.9400", "Annual % Change": "30.68%"}, "2016": {"Average Stock Price": "74.1637", "Year Open": "75.2800", "Year High": "82.9400", "Year Low": "63.4000", "Year Close": "71.1200", "Annual % Change": "-6.47%"}, "2015": {"Average Stock Price": "71.5031", "Year Open": "67.7000", "Year High": "77.6100", "Year Low": "66.0800", "Year Close": "76.0400", "Annual % Change": "10.52%"}, "2014": {"Average Stock Price": "51.3775", "Year Open": "49.4400", "Year High": "68.8000", "Year Low": "44.6300", "Year Close": "68.8000", "Annual % Change": "38.85%"}, "2013": {"Average Stock Price": "43.1047", "Year Open": "36.1900", "Year High": "51.9500", "Year Low": "34.7600", "Year Close": "49.5500", "Annual % Change": "39.50%"}, "2012": {"Average Stock Price": "29.5423", "Year Open": "25.5200", "Year High": "36.0900", "Year Low": "24.8500", "Year Close": "35.5200", "Annual % Change": "39.95%"}, "2011": {"Average Stock Price": "23.5045", "Year Open": "25.1600", "Year High": "27.2800", "Year Low": "18.1100", "Year Close": "25.3800", "Annual % Change": "1.20%"}, "2010": {"Average Stock Price": "23.0277", "Year Open": "23.1600", "Year High": "28.2200", "Year Low": "19.5900", "Year Close": "25.0800", "Annual % Change": "7.23%"}, "2009": {"Average Stock Price": "20.2313", "Year Open": "22.6400", "Year High": "24.1700", "Year Low": "13.3900", "Year Close": "23.3900", "Annual % Change": "8.69%"}, "2008": {"Average Stock Price": "22.5246", "Year Open": "22.1800", "Year High": "27.3600", "Year Low": "16.8200", "Year Close": "21.5200", "Annual % Change": "-4.86%"}, "2007": {"Average Stock Price": "29.6754", "Year Open": "32.0400", "Year High": "34.9300", "Year Low": "21.8400", "Year Close": "22.6200", "Annual % Change": "-27.38%"}, "2006": {"Average Stock Price": "30.7034", "Year Open": "33.5350", "Year High": "34.6500", "Year Low": "26.3700", "Year Close": "31.1500", "Annual % Change": "-6.54%"}, "2005": {"Average Stock Price": "30.2705", "Year Open": "28.9800", "Year High": "34.7050", "Year Low": "25.7500", "Year Close": "33.3300", "Annual % Change": "15.75%"}, "2004": {"Average Stock Price": "26.9552", "Year Open": "26.9500", "Year High": "30.1250", "Year Low": "23.2450", "Year Close": "28.7950", "Annual % Change": "3.97%"}, "2003": {"Average Stock Price": "23.5406", "Year Open": "19.6750", "Year High": "30.0250", "Year Low": "17.0000", "Year Close": "27.6950", "Annual % Change": "47.71%"}, "2002": {"Average Stock Price": "21.2273", "Year Open": "22.6850", "Year High": "24.0500", "Year Low": "16.7500", "Year Close": "18.7500", "Annual % Change": "-19.20%"}, "2001": {"Average Stock Price": "16.9840", "Year Open": "11.1875", "Year High": "23.7500", "Year Low": "11.0950", "Year Close": "23.2050", "Annual % Change": "108.58%"}, "2000": {"Average Stock Price": "11.6245", "Year Open": "13.9375", "Year High": "15.8750", "Year Low": "9.3600", "Year Close": "11.1250", "Annual % Change": "-25.52%"}, "1999": {"Average Stock Price": "13.5719", "Year Open": "12.7025", "Year High": "16.2825", "Year Low": "10.7500", "Year Close": "14.9375", "Annual % Change": "16.72%"}, "1998": {"Average Stock Price": "8.9748", "Year Open": "5.9225", "Year High": "12.9225", "Year Low": "5.5000", "Year Close": "12.7975", "Annual % Change": "114.68%"}, "1997": {"Average Stock Price": "4.8397", "Year Open": "4.3750", "Year High": "6.1175", "Year Low": "4.0163", "Year Close": "5.9613", "Annual % Change": "33.89%"}, "1996": {"Average Stock Price": "4.4701", "Year Open": "4.2350", "Year High": "5.4219", "Year Low": "3.6563", "Year Close": "4.4525", "Annual % Change": "6.33%"}, "1995": {"Average Stock Price": "4.0435", "Year Open": "4.2813", "Year High": "4.8288", "Year Low": "3.3125", "Year Close": "4.1875", "Annual % Change": "-3.60%"}, "1994": {"Average Stock Price": "4.3072", "Year Open": "3.6094", "Year High": "5.0788", "Year Low": "3.3906", "Year Close": "4.3438", "Annual % Change": "16.81%"}, "1993": {"Average Stock Price": "2.4038", "Year Open": "1.5550", "Year High": "3.7188", "Year Low": "1.5156", "Year Close": "3.7188", "Annual % Change": "146.69%"}, "1992": {"Average Stock Price": "1.2542", "Year Open": "1.0313", "Year High": "1.5700", "Year Low": "1.0075", "Year Close": "1.5075", "Annual % Change": "41.34%"}, "1991": {"Average Stock Price": "0.9509", "Year Open": "0.7578", "Year High": "1.1444", "Year Low": "0.7422", "Year Close": "1.0666", "Annual % Change": "39.32%"}, "1990": {"Average Stock Price": "0.9381", "Year Open": "0.9141", "Year High": "1.5469", "Year Low": "0.5781", "Year Close": "0.7656", "Annual % Change": "-16.95%"}, "1989": {"Average Stock Price": "0.8291", "Year Open": "0.6522", "Year High": "1.0041", "Year Low": "0.6522", "Year Close": "0.9219", "Annual % Change": "40.47%"}, "1988": {"Average Stock Price": "0.6407", "Year Open": "0.5272", "Year High": "0.7500", "Year Low": "0.5272", "Year Close": "0.6563", "Annual % Change": "30.19%"}, "1987": {"Average Stock Price": "0.8054", "Year Open": "0.8125", "Year High": "1.0156", "Year Low": "0.4766", "Year Close": "0.5041", "Annual % Change": "-37.96%"}, "1986": {"Average Stock Price": "0.9755", "Year Open": "0.8006", "Year High": "1.2772", "Year Low": "0.7228", "Year Close": "0.8125", "Annual % Change": "0.51%"}}}, "market cap": {"value": "$130.26B"}, "income statement": {"Revenue": {"2020-01-31": "72148.00000", "2019-01-31": "71309.00000", "2018-01-31": "68619.00000", "2017-01-31": "65017.00000", "2016-01-31": "59074.00000", "2015-01-31": "56223.00000", "2014-01-31": "53417.00000", "2013-01-31": "50521.00000", "2012-01-31": "50208.00000", "2011-01-31": "48815.00000", "2010-01-31": "47220.00000", "2009-01-31": "48230.00000", "2008-01-31": "48283.00000", "2007-01-31": "46927.00000", "2006-01-31": "43243.00000", "2005-01-31": "36464.00000"}, "Cost Of Goods Sold": {"2020-01-31": "49205.00000", "2019-01-31": "48401.00000", "2018-01-31": "46185.00000", "2017-01-31": "43343.00000", "2016-01-31": "38504.00000", "2015-01-31": "36665.00000", "2014-01-31": "34941.00000", "2013-01-31": "33194.00000", "2012-01-31": "32858.00000", "2011-01-31": "31663.00000", "2010-01-31": "30757.00000", "2009-01-31": "31729.00000", "2008-01-31": "31556.00000", "2007-01-31": "30729.00000", "2006-01-31": "28453.00000", "2005-01-31": "24224.00000"}, "Gross Profit": {"2020-01-31": "22943.00000", "2019-01-31": "22908.00000", "2018-01-31": "22434.00000", "2017-01-31": "21674.00000", "2016-01-31": "20570.00000", "2015-01-31": "19558.00000", "2014-01-31": "18476.00000", "2013-01-31": "17327.00000", "2012-01-31": "17350.00000", "2011-01-31": "17152.00000", "2010-01-31": "16463.00000", "2009-01-31": "16501.00000", "2008-01-31": "16727.00000", "2007-01-31": "16198.00000", "2006-01-31": "14790.00000", "2005-01-31": "12240.00000"}, "Research And Development Expenses": {"2020-01-31": "", "2019-01-31": "", "2018-01-31": "", "2017-01-31": "", "2016-01-31": "", "2015-01-31": "", "2014-01-31": "", "2013-01-31": "", "2012-01-31": "", "2011-01-31": "", "2010-01-31": "", "2009-01-31": "", "2008-01-31": "", "2007-01-31": "", "2006-01-31": "", "2005-01-31": ""}, "SG&A Expenses": {"2020-01-31": "15367.00000", "2019-01-31": "17413.00000", "2018-01-31": "14444.00000", "2017-01-31": "14375.00000", "2016-01-31": "14105.00000", "2015-01-31": "13272.00000", "2014-01-31": "12865.00000", "2013-01-31": "12244.00000", "2012-01-31": "12593.00000", "2011-01-31": "12006.00000", "2010-01-31": "11737.00000", "2009-01-31": "11176.00000", "2008-01-31": "10515.00000", "2007-01-31": "9738.00000", "2006-01-31": "9014.00000", "2005-01-31": "7562.00000"}, "Other Operating Income Or Expenses": {"2020-01-31": "", "2019-01-31": "", "2018-01-31": "", "2017-01-31": "", "2016-01-31": "", "2015-01-31": "", "2014-01-31": "", "2013-01-31": "", "2012-01-31": "", "2011-01-31": "", "2010-01-31": "", "2009-01-31": "", "2008-01-31": "-141.00000", "2007-01-31": "-146.00000", "2006-01-31": "-142.00000", "2005-01-31": "-123.00000"}, "Operating Expenses": {"2020-01-31": "65834.00000", "2019-01-31": "67291.00000", "2018-01-31": "62033.00000", "2017-01-31": "59171.00000", "2016-01-31": "54103.00000", "2015-01-31": "51431.00000", "2014-01-31": "49744.00000", "2013-01-31": "47384.00000", "2012-01-31": "47302.00000", "2011-01-31": "45587.00000", "2010-01-31": "44395.00000", "2009-01-31": "44724.00000", "2008-01-31": "43772.00000", "2007-01-31": "41929.00000", "2006-01-31": "38747.00000", "2005-01-31": "32944.00000"}, "Operating Income": {"2020-01-31": "6314.00000", "2019-01-31": "4018.00000", "2018-01-31": "6586.00000", "2017-01-31": "5846.00000", "2016-01-31": "4971.00000", "2015-01-31": "4792.00000", "2014-01-31": "3673.00000", "2013-01-31": "3137.00000", "2012-01-31": "2906.00000", "2011-01-31": "3228.00000", "2010-01-31": "2825.00000", "2009-01-31": "3506.00000", "2008-01-31": "4511.00000", "2007-01-31": "4998.00000", "2006-01-31": "4496.00000", "2005-01-31": "3520.00000"}, "Total Non-Operating Income/Expense": {"2020-01-31": "-691.00000", "2019-01-31": "-624.00000", "2018-01-31": "-1097.00000", "2017-01-31": "-645.00000", "2016-01-31": "-552.00000", "2015-01-31": "-516.00000", "2014-01-31": "", "2013-01-31": "", "2012-01-31": "", "2011-01-31": "", "2010-01-31": "", "2009-01-31": "", "2008-01-31": "", "2007-01-31": "", "2006-01-31": "", "2005-01-31": ""}, "Pre-Tax Income": {"2020-01-31": "5623.00000", "2019-01-31": "3394.00000", "2018-01-31": "5489.00000", "2017-01-31": "5201.00000", "2016-01-31": "4419.00000", "2015-01-31": "4276.00000", "2014-01-31": "3673.00000", "2013-01-31": "3137.00000", "2012-01-31": "2906.00000", "2011-01-31": "3228.00000", "2010-01-31": "2825.00000", "2009-01-31": "3506.00000", "2008-01-31": "4511.00000", "2007-01-31": "4998.00000", "2006-01-31": "4496.00000", "2005-01-31": "3520.00000"}, "Income Taxes": {"2020-01-31": "1342.00000", "2019-01-31": "1080.00000", "2018-01-31": "2042.00000", "2017-01-31": "2108.00000", "2016-01-31": "1873.00000", "2015-01-31": "1578.00000", "2014-01-31": "1387.00000", "2013-01-31": "1178.00000", "2012-01-31": "1067.00000", "2011-01-31": "1218.00000", "2010-01-31": "1042.00000", "2009-01-31": "1311.00000", "2008-01-31": "1702.00000", "2007-01-31": "1893.00000", "2006-01-31": "1731.00000", "2005-01-31": "1353.00000"}, "Income After Taxes": {"2020-01-31": "4281.00000", "2019-01-31": "2314.00000", "2018-01-31": "3447.00000", "2017-01-31": "3093.00000", "2016-01-31": "2546.00000", "2015-01-31": "2698.00000", "2014-01-31": "2286.00000", "2013-01-31": "1959.00000", "2012-01-31": "1839.00000", "2011-01-31": "2010.00000", "2010-01-31": "1783.00000", "2009-01-31": "2195.00000", "2008-01-31": "2809.00000", "2007-01-31": "3105.00000", "2006-01-31": "2765.00000", "2005-01-31": "2167.00000"}, "Other Income": {"2020-01-31": "", "2019-01-31": "", "2018-01-31": "", "2017-01-31": "", "2016-01-31": "", "2015-01-31": "", "2014-01-31": "", "2013-01-31": "", "2012-01-31": "", "2011-01-31": "", "2010-01-31": "", "2009-01-31": "", "2008-01-31": "", "2007-01-31": "", "2006-01-31": "", "2005-01-31": ""}, "Income From Continuous Operations": {"2020-01-31": "4281.00000", "2019-01-31": "2314.00000", "2018-01-31": "3447.00000", "2017-01-31": "3093.00000", "2016-01-31": "2546.00000", "2015-01-31": "2698.00000", "2014-01-31": "2286.00000", "2013-01-31": "1959.00000", "2012-01-31": "1839.00000", "2011-01-31": "2010.00000", "2010-01-31": "1783.00000", "2009-01-31": "2195.00000", "2008-01-31": "2809.00000", "2007-01-31": "3105.00000", "2006-01-31": "2765.00000", "2005-01-31": "2167.00000"}, "Income From Discontinued Operations": {"2020-01-31": "", "2019-01-31": "", "2018-01-31": "", "2017-01-31": "", "2016-01-31": "", "2015-01-31": "", "2014-01-31": "", "2013-01-31": "", "2012-01-31": "", "2011-01-31": "", "2010-01-31": "", "2009-01-31": "", "2008-01-31": "", "2007-01-31": "", "2006-01-31": "", "2005-01-31": ""}, "Net Income": {"2020-01-31": "4268.00000", "2019-01-31": "2307.00000", "2018-01-31": "3436.00000", "2017-01-31": "3064.00000", "2016-01-31": "2534.00000", "2015-01-31": "2682.00000", "2014-01-31": "2270.00000", "2013-01-31": "1945.00000", "2012-01-31": "1824.00000", "2011-01-31": "1993.00000", "2010-01-31": "1770.00000", "2009-01-31": "2184.00000", "2008-01-31": "2799.00000", "2007-01-31": "3105.00000", "2006-01-31": "2765.00000", "2005-01-31": "2167.00000"}, "EBITDA": {"2020-01-31": "7724.00000", "2019-01-31": "6577.00000", "2018-01-31": "8126.00000", "2017-01-31": "7436.00000", "2016-01-31": "6558.00000", "2015-01-31": "6378.00000", "2014-01-31": "5711.00000", "2013-01-31": "5183.00000", "2012-01-31": "4856.00000", "2011-01-31": "5244.00000", "2010-01-31": "4845.00000", "2009-01-31": "5453.00000", "2008-01-31": "6169.00000", "2007-01-31": "6389.00000", "2006-01-31": "5705.00000", "2005-01-31": "4622.00000"}, "EBIT": {"2020-01-31": "6314.00000", "2019-01-31": "4018.00000", "2018-01-31": "6586.00000", "2017-01-31": "5846.00000", "2016-01-31": "4971.00000", "2015-01-31": "4792.00000", "2014-01-31": "4149.00000", "2013-01-31": "3560.00000", "2012-01-31": "3277.00000", "2011-01-31": "3560.00000", "2010-01-31": "3112.00000", "2009-01-31": "3786.00000", "2008-01-31": "4705.00000", "2007-01-31": "5152.00000", "2006-01-31": "4654.00000", "2005-01-31": "3696.00000"}, "Basic Shares Outstanding": {"2020-01-31": "777.00000", "2019-01-31": "811.00000", "2018-01-31": "839.00000", "2017-01-31": "880.00000", "2016-01-31": "927.00000", "2015-01-31": "988.00000", "2014-01-31": "1059.00000", "2013-01-31": "1150.00000", "2012-01-31": "1271.00000", "2011-01-31": "1401.00000", "2010-01-31": "1462.00000", "2009-01-31": "1457.00000", "2008-01-31": "1481.00000", "2007-01-31": "1535.00000", "2006-01-31": "1555.00000", "2005-01-31": "1554.00000"}, "Shares Outstanding": {"2020-01-31": "778.00000", "2019-01-31": "812.00000", "2018-01-31": "840.00000", "2017-01-31": "881.00000", "2016-01-31": "929.00000", "2015-01-31": "990.00000", "2014-01-31": "1061.00000", "2013-01-31": "1152.00000", "2012-01-31": "1273.00000", "2011-01-31": "1403.00000", "2010-01-31": "1464.00000", "2009-01-31": "1457.00000", "2008-01-31": "1507.00000", "2007-01-31": "1566.00000", "2006-01-31": "1607.00000", "2005-01-31": "1617.00000"}, "Basic EPS": {"2020-01-31": "5.49000", "2019-01-31": "2.84000", "2018-01-31": "4.09000", "2017-01-31": "3.48000", "2016-01-31": "2.73000", "2015-01-31": "2.71000", "2014-01-31": "2.14000", "2013-01-31": "1.69000", "2012-01-31": "1.43000", "2011-01-31": "1.42000", "2010-01-31": "1.21000", "2009-01-31": "1.50000", "2008-01-31": "1.89000", "2007-01-31": "2.02000", "2006-01-31": "1.78000", "2005-01-31": "1.39000"}, "EPS - Earnings Per Share": {"2020-01-31": "5.49000", "2019-01-31": "2.84000", "2018-01-31": "4.09000", "2017-01-31": "3.47000", "2016-01-31": "2.73000", "2015-01-31": "2.71000", "2014-01-31": "2.14000", "2013-01-31": "1.69000", "2012-01-31": "1.43000", "2011-01-31": "1.42000", "2010-01-31": "1.21000", "2009-01-31": "1.49000", "2008-01-31": "1.86000", "2007-01-31": "1.99000", "2006-01-31": "1.73000", "2005-01-31": "1.35000"}}, "income statement, quarterly": {"Revenue": {"2020-10-31": "22309.00000", "2020-07-31": "27302.00000", "2020-04-30": "19675.00000", "2020-01-31": "16027.00000", "2019-10-31": "17388.00000", "2019-07-31": "20992.00000", "2019-04-30": "17741.00000", "2019-01-31": "15646.00000", "2018-10-31": "17415.00000", "2018-07-31": "20888.00000", "2018-04-30": "17360.00000", "2018-01-31": "15494.00000", "2017-10-31": "16770.00000", "2017-07-31": "19495.00000", "2017-04-30": "16860.00000", "2017-01-31": "15784.00000", "2016-10-31": "15739.00000", "2016-07-31": "18260.00000", "2016-04-30": "15234.00000", "2016-01-31": "13237.00000", "2015-10-31": "14360.00000", "2015-07-31": "17348.00000", "2015-04-30": "14129.00000", "2015-01-31": "12540.00000", "2014-10-31": "13681.00000", "2014-07-31": "16599.00000", "2014-04-30": "13403.00000", "2014-01-31": "11661.00000", "2013-10-31": "12957.00000", "2013-07-31": "15711.00000", "2013-04-30": "13088.00000", "2013-01-31": "11046.00000", "2012-10-31": "12073.00000", "2012-07-31": "14249.00000", "2012-04-30": "13153.00000", "2012-01-31": "11628.00000", "2011-10-31": "11852.00000", "2011-07-31": "14543.00000", "2011-04-30": "12185.00000", "2011-01-31": "10479.00000", "2010-10-31": "11587.00000", "2010-07-31": "14361.00000", "2010-04-30": "12388.00000", "2010-01-31": "10169.00000", "2009-10-31": "11375.00000", "2009-07-31": "13844.00000", "2009-04-30": "11832.00000", "2009-01-31": "9984.00000", "2008-10-31": "11728.00000", "2008-07-31": "14509.00000", "2008-04-30": "12009.00000", "2008-01-31": "10379.00000", "2007-10-31": "11565.00000", "2007-07-31": "14167.00000", "2007-04-30": "12172.00000", "2007-01-31": "10406.00000", "2006-10-31": "11211.00000", "2006-07-31": "13389.00000", "2006-04-30": "11921.00000", "2006-01-31": "10809.00000", "2005-10-31": "10592.00000", "2005-07-31": "11929.00000", "2005-04-30": "9913.00000", "2005-01-31": "8550.00000"}, "Cost Of Goods Sold": {"2020-10-31": "15009.00000", "2020-07-31": "17998.00000", "2020-04-30": "13162.00000", "2020-01-31": "11045.00000", "2019-10-31": "11748.00000", "2019-07-31": "14252.00000", "2019-04-30": "12160.00000", "2019-01-31": "10748.00000", "2018-10-31": "12038.00000", "2018-07-31": "14003.00000", "2018-04-30": "11612.00000", "2018-01-31": "11243.00000", "2017-10-31": "11057.00000", "2017-07-31": "12825.00000", "2017-04-30": "11060.00000", "2017-01-31": "11142.00000", "2016-10-31": "10332.00000", "2016-07-31": "11972.00000", "2016-04-30": "9897.00000", "2016-01-31": "8650.00000", "2015-10-31": "9370.00000", "2015-07-31": "11367.00000", "2015-04-30": "9117.00000", "2015-01-31": "8193.00000", "2014-10-31": "8963.00000", "2014-07-31": "10864.00000", "2014-04-30": "8645.00000", "2014-01-31": "7618.00000", "2013-10-31": "8476.00000", "2013-07-31": "10314.00000", "2013-04-30": "8533.00000", "2013-01-31": "7260.00000", "2012-10-31": "7930.00000", "2012-07-31": "9415.00000", "2012-04-30": "8589.00000", "2012-01-31": "7650.00000", "2011-10-31": "7815.00000", "2011-07-31": "9527.00000", "2011-04-30": "7866.00000", "2011-01-31": "6752.00000", "2010-10-31": "7526.00000", "2010-07-31": "9355.00000", "2010-04-30": "8030.00000", "2010-01-31": "6615.00000", "2009-10-31": "7485.00000", "2009-07-31": "9021.00000", "2009-04-30": "7636.00000", "2009-01-31": "6616.00000", "2008-10-31": "7743.00000", "2008-07-31": "9527.00000", "2008-04-30": "7843.00000", "2008-01-31": "6758.00000", "2007-10-31": "7601.00000", "2007-07-31": "9284.00000", "2007-04-30": "7913.00000", "2007-01-31": "6720.00000", "2006-10-31": "7346.00000", "2006-07-31": "8911.00000", "2006-04-30": "7752.00000", "2006-01-31": "7024.00000", "2005-10-31": "7012.00000", "2005-07-31": "7902.00000", "2005-04-30": "6515.00000", "2005-01-31": "5620.00000"}, "Gross Profit": {"2020-10-31": "7300.00000", "2020-07-31": "9304.00000", "2020-04-30": "6513.00000", "2020-01-31": "4982.00000", "2019-10-31": "5640.00000", "2019-07-31": "6740.00000", "2019-04-30": "5581.00000", "2019-01-31": "4898.00000", "2018-10-31": "5377.00000", "2018-07-31": "6885.00000", "2018-04-30": "5748.00000", "2018-01-31": "4251.00000", "2017-10-31": "5713.00000", "2017-07-31": "6670.00000", "2017-04-30": "5800.00000", "2017-01-31": "4642.00000", "2016-10-31": "5407.00000", "2016-07-31": "6288.00000", "2016-04-30": "5337.00000", "2016-01-31": "4587.00000", "2015-10-31": "4990.00000", "2015-07-31": "5981.00000", "2015-04-30": "5012.00000", "2015-01-31": "4347.00000", "2014-10-31": "4718.00000", "2014-07-31": "5735.00000", "2014-04-30": "4758.00000", "2014-01-31": "4043.00000", "2013-10-31": "4481.00000", "2013-07-31": "5397.00000", "2013-04-30": "4555.00000", "2013-01-31": "3786.00000", "2012-10-31": "4143.00000", "2012-07-31": "4834.00000", "2012-04-30": "4564.00000", "2012-01-31": "3978.00000", "2011-10-31": "4037.00000", "2011-07-31": "5016.00000", "2011-04-30": "4319.00000", "2011-01-31": "3727.00000", "2010-10-31": "4061.00000", "2010-07-31": "5006.00000", "2010-04-30": "4358.00000", "2010-01-31": "3554.00000", "2009-10-31": "3890.00000", "2009-07-31": "4823.00000", "2009-04-30": "4196.00000", "2009-01-31": "3368.00000", "2008-10-31": "3985.00000", "2008-07-31": "4982.00000", "2008-04-30": "4166.00000", "2008-01-31": "3621.00000", "2007-10-31": "3964.00000", "2007-07-31": "4883.00000", "2007-04-30": "4259.00000", "2007-01-31": "3686.00000", "2006-10-31": "3865.00000", "2006-07-31": "4478.00000", "2006-04-30": "4169.00000", "2006-01-31": "3785.00000", "2005-10-31": "3580.00000", "2005-07-31": "4027.00000", "2005-04-30": "3398.00000", "2005-01-31": "2930.00000"}, "Research And Development Expenses": {"2020-10-31": "", "2020-07-31": "", "2020-04-30": "", "2020-01-31": "", "2019-10-31": "", "2019-07-31": "", "2019-04-30": "", "2019-01-31": "", "2018-10-31": "", "2018-07-31": "", "2018-04-30": "", "2018-01-31": "", "2017-10-31": "", "2017-07-31": "", "2017-04-30": "", "2017-01-31": "", "2016-10-31": "", "2016-07-31": "", "2016-04-30": "", "2016-01-31": "", "2015-10-31": "", "2015-07-31": "", "2015-04-30": "", "2015-01-31": "", "2014-10-31": "", "2014-07-31": "", "2014-04-30": "", "2014-01-31": "", "2013-10-31": "", "2013-07-31": "", "2013-04-30": "", "2013-01-31": "", "2012-10-31": "", "2012-07-31": "", "2012-04-30": "", "2012-01-31": "", "2011-10-31": "", "2011-07-31": "", "2011-04-30": "", "2011-01-31": "", "2010-10-31": "", "2010-07-31": "", "2010-04-30": "", "2010-01-31": "", "2009-10-31": "", "2009-07-31": "", "2009-04-30": "", "2009-01-31": "", "2008-10-31": "", "2008-07-31": "", "2008-04-30": "", "2008-01-31": "", "2007-10-31": "", "2007-07-31": "", "2007-04-30": "", "2007-01-31": "", "2006-10-31": "", "2006-07-31": "", "2006-04-30": "", "2006-01-31": "", "2005-10-31": "", "2005-07-31": "", "2005-04-30": "", "2005-01-31": ""}, "SG&A Expenses": {"2020-10-31": "4770.00000", "2020-07-31": "5020.00000", "2020-04-30": "4196.00000", "2020-01-31": "3685.00000", "2019-10-31": "3772.00000", "2019-07-31": "4048.00000", "2019-04-30": "3862.00000", "2019-01-31": "5096.00000", "2018-10-31": "3997.00000", "2018-07-31": "4386.00000", "2018-04-30": "3934.00000", "2018-01-31": "2829.00000", "2017-10-31": "3808.00000", "2017-07-31": "3931.00000", "2017-04-30": "3876.00000", "2017-01-31": "3034.00000", "2016-10-31": "4084.00000", "2016-07-31": "3866.00000", "2016-04-30": "3391.00000", "2016-01-31": "3769.00000", "2015-10-31": "3287.00000", "2015-07-31": "3634.00000", "2015-04-30": "3415.00000", "2015-01-31": "3157.00000", "2014-10-31": "3255.00000", "2014-07-31": "3541.00000", "2014-04-30": "3319.00000", "2014-01-31": "3045.00000", "2013-10-31": "3184.00000", "2013-07-31": "3414.00000", "2013-04-30": "3222.00000", "2013-01-31": "2808.00000", "2012-10-31": "3023.00000", "2012-07-31": "3172.00000", "2012-04-30": "3241.00000", "2012-01-31": "3008.00000", "2011-10-31": "3233.00000", "2011-07-31": "3232.00000", "2011-04-30": "3120.00000", "2011-01-31": "2793.00000", "2010-10-31": "2931.00000", "2010-07-31": "3189.00000", "2010-04-30": "3093.00000", "2010-01-31": "2775.00000", "2009-10-31": "2882.00000", "2009-07-31": "3123.00000", "2009-04-30": "2957.00000", "2009-01-31": "2711.00000", "2008-10-31": "2726.00000", "2008-07-31": "3014.00000", "2008-04-30": "2725.00000", "2008-01-31": "2488.00000", "2007-10-31": "2503.00000", "2007-07-31": "2839.00000", "2007-04-30": "2685.00000", "2007-01-31": "2334.00000", "2006-10-31": "2320.00000", "2006-07-31": "2617.00000", "2006-04-30": "2467.00000", "2006-01-31": "2303.00000", "2005-10-31": "2212.00000", "2005-07-31": "2363.00000", "2005-04-30": "2136.00000", "2005-01-31": "1834.00000"}, "Other Operating Income Or Expenses": {"2020-10-31": "", "2020-07-31": "", "2020-04-30": "", "2020-01-31": "", "2019-10-31": "", "2019-07-31": "", "2019-04-30": "", "2019-01-31": "", "2018-10-31": "", "2018-07-31": "", "2018-04-30": "", "2018-01-31": "", "2017-10-31": "", "2017-07-31": "", "2017-04-30": "", "2017-01-31": "", "2016-10-31": "", "2016-07-31": "", "2016-04-30": "", "2016-01-31": "", "2015-10-31": "", "2015-07-31": "", "2015-04-30": "", "2015-01-31": "", "2014-10-31": "", "2014-07-31": "", "2014-04-30": "", "2014-01-31": "", "2013-10-31": "", "2013-07-31": "", "2013-04-30": "", "2013-01-31": "", "2012-10-31": "", "2012-07-31": "", "2012-04-30": "", "2012-01-31": "", "2011-10-31": "", "2011-07-31": "", "2011-04-30": "", "2011-01-31": "", "2010-10-31": "", "2010-07-31": "", "2010-04-30": "", "2010-01-31": "", "2009-10-31": "", "2009-07-31": "", "2009-04-30": "", "2009-01-31": "", "2008-10-31": "-31.00000", "2008-07-31": "-21.00000", "2008-04-30": "-18.00000", "2008-01-31": "-62.00000", "2007-10-31": "-41.00000", "2007-07-31": "-26.00000", "2007-04-30": "-12.00000", "2007-01-31": "-49.00000", "2006-10-31": "-44.00000", "2006-07-31": "-28.00000", "2006-04-30": "-25.00000", "2006-01-31": "-57.00000", "2005-10-31": "-35.00000", "2005-07-31": "-25.00000", "2005-04-30": "-25.00000", "2005-01-31": "-51.00000"}, "Operating Expenses": {"2020-10-31": "20134.00000", "2020-07-31": "23345.00000", "2020-04-30": "17684.00000", "2020-01-31": "15069.00000", "2019-10-31": "15830.00000", "2019-07-31": "18611.00000", "2019-04-30": "16324.00000", "2019-01-31": "16213.00000", "2018-10-31": "16458.00000", "2018-07-31": "18725.00000", "2018-04-30": "15895.00000", "2018-01-31": "14396.00000", "2017-10-31": "15223.00000", "2017-07-31": "17113.00000", "2017-04-30": "15301.00000", "2017-01-31": "14514.00000", "2016-10-31": "14800.00000", "2016-07-31": "16209.00000", "2016-04-30": "13648.00000", "2016-01-31": "12390.00000", "2015-10-31": "13173.00000", "2015-07-31": "15509.00000", "2015-04-30": "13031.00000", "2015-01-31": "11337.00000", "2014-10-31": "12727.00000", "2014-07-31": "14906.00000", "2014-04-30": "12461.00000", "2014-01-31": "11161.00000", "2013-10-31": "12158.00000", "2013-07-31": "14205.00000", "2013-04-30": "12220.00000", "2013-01-31": "10591.00000", "2012-10-31": "11438.00000", "2012-07-31": "13052.00000", "2012-04-30": "12303.00000", "2012-01-31": "11143.00000", "2011-10-31": "11500.00000", "2011-07-31": "13214.00000", "2011-04-30": "11445.00000", "2011-01-31": "10023.00000", "2010-10-31": "10936.00000", "2010-07-31": "13026.00000", "2010-04-30": "11602.00000", "2010-01-31": "9848.00000", "2009-10-31": "10847.00000", "2009-07-31": "12628.00000", "2009-04-30": "11072.00000", "2009-01-31": "9725.00000", "2008-10-31": "10950.00000", "2008-07-31": "13012.00000", "2008-04-30": "11037.00000", "2008-01-31": "9726.00000", "2007-10-31": "10535.00000", "2007-07-31": "12531.00000", "2007-04-30": "10980.00000", "2007-01-31": "9455.00000", "2006-10-31": "10052.00000", "2006-07-31": "11869.00000", "2006-04-30": "10553.00000", "2006-01-31": "9681.00000", "2005-10-31": "9541.00000", "2005-07-31": "10565.00000", "2005-04-30": "8960.00000", "2005-01-31": "7741.00000"}, "Operating Income": {"2020-10-31": "2175.00000", "2020-07-31": "3957.00000", "2020-04-30": "1991.00000", "2020-01-31": "958.00000", "2019-10-31": "1558.00000", "2019-07-31": "2381.00000", "2019-04-30": "1417.00000", "2019-01-31": "-567.00000", "2018-10-31": "957.00000", "2018-07-31": "2163.00000", "2018-04-30": "1465.00000", "2018-01-31": "1098.00000", "2017-10-31": "1547.00000", "2017-07-31": "2382.00000", "2017-04-30": "1559.00000", "2017-01-31": "1270.00000", "2016-10-31": "939.00000", "2016-07-31": "2051.00000", "2016-04-30": "1586.00000", "2016-01-31": "847.00000", "2015-10-31": "1187.00000", "2015-07-31": "1839.00000", "2015-04-30": "1098.00000", "2015-01-31": "1203.00000", "2014-10-31": "954.00000", "2014-07-31": "1693.00000", "2014-04-30": "942.00000", "2014-01-31": "500.00000", "2013-10-31": "799.00000", "2013-07-31": "1506.00000", "2013-04-30": "868.00000", "2013-01-31": "455.00000", "2012-10-31": "635.00000", "2012-07-31": "1197.00000", "2012-04-30": "850.00000", "2012-01-31": "485.00000", "2011-10-31": "352.00000", "2011-07-31": "1329.00000", "2011-04-30": "740.00000", "2011-01-31": "456.00000", "2010-10-31": "651.00000", "2010-07-31": "1335.00000", "2010-04-30": "786.00000", "2010-01-31": "321.00000", "2009-10-31": "528.00000", "2009-07-31": "1216.00000", "2009-04-30": "760.00000", "2009-01-31": "259.00000", "2008-10-31": "778.00000", "2008-07-31": "1497.00000", "2008-04-30": "972.00000", "2008-01-31": "653.00000", "2007-10-31": "1030.00000", "2007-07-31": "1636.00000", "2007-04-30": "1192.00000", "2007-01-31": "951.00000", "2006-10-31": "1159.00000", "2006-07-31": "1520.00000", "2006-04-30": "1368.00000", "2006-01-31": "1128.00000", "2005-10-31": "1051.00000", "2005-07-31": "1364.00000", "2005-04-30": "953.00000", "2005-01-31": "809.00000"}, "Total Non-Operating Income/Expense": {"2020-10-31": "-1281.00000", "2020-07-31": "-219.00000", "2020-04-30": "-205.00000", "2020-01-31": "-183.00000", "2019-10-31": "-177.00000", "2019-07-31": "-169.00000", "2019-04-30": "-162.00000", "2019-01-31": "-158.00000", "2018-10-31": "-153.00000", "2018-07-31": "-153.00000", "2018-04-30": "-160.00000", "2018-01-31": "-153.00000", "2017-10-31": "-160.00000", "2017-07-31": "-159.00000", "2017-04-30": "-625.00000", "2017-01-31": "-160.00000", "2016-10-31": "-163.00000", "2016-07-31": "-166.00000", "2016-04-30": "-156.00000", "2016-01-31": "", "2015-10-31": "", "2015-07-31": "", "2015-04-30": "", "2015-01-31": "", "2014-10-31": "", "2014-07-31": "", "2014-04-30": "", "2014-01-31": "", "2013-10-31": "", "2013-07-31": "", "2013-04-30": "", "2013-01-31": "", "2012-10-31": "", "2012-07-31": "", "2012-04-30": "", "2012-01-31": "", "2011-10-31": "", "2011-07-31": "", "2011-04-30": "", "2011-01-31": "", "2010-10-31": "", "2010-07-31": "", "2010-04-30": "", "2010-01-31": "", "2009-10-31": "", "2009-07-31": "", "2009-04-30": "", "2009-01-31": "", "2008-10-31": "", "2008-07-31": "", "2008-04-30": "", "2008-01-31": "", "2007-10-31": "", "2007-07-31": "", "2007-04-30": "", "2007-01-31": "", "2006-10-31": "", "2006-07-31": "", "2006-04-30": "", "2006-01-31": "", "2005-10-31": "", "2005-07-31": "", "2005-04-30": "", "2005-01-31": ""}, "Pre-Tax Income": {"2020-10-31": "894.00000", "2020-07-31": "3738.00000", "2020-04-30": "1786.00000", "2020-01-31": "775.00000", "2019-10-31": "1381.00000", "2019-07-31": "2212.00000", "2019-04-30": "1255.00000", "2019-01-31": "-725.00000", "2018-10-31": "804.00000", "2018-07-31": "2010.00000", "2018-04-30": "1305.00000", "2018-01-31": "945.00000", "2017-10-31": "1387.00000", "2017-07-31": "2223.00000", "2017-04-30": "934.00000", "2017-01-31": "1110.00000", "2016-10-31": "776.00000", "2016-07-31": "1885.00000", "2016-04-30": "1430.00000", "2016-01-31": "295.00000", "2015-10-31": "1187.00000", "2015-07-31": "1839.00000", "2015-04-30": "1098.00000", "2015-01-31": "687.00000", "2014-10-31": "954.00000", "2014-07-31": "1693.00000", "2014-04-30": "942.00000", "2014-01-31": "500.00000", "2013-10-31": "799.00000", "2013-07-31": "1506.00000", "2013-04-30": "868.00000", "2013-01-31": "455.00000", "2012-10-31": "635.00000", "2012-07-31": "1197.00000", "2012-04-30": "850.00000", "2012-01-31": "485.00000", "2011-10-31": "352.00000", "2011-07-31": "1329.00000", "2011-04-30": "740.00000", "2011-01-31": "456.00000", "2010-10-31": "651.00000", "2010-07-31": "1335.00000", "2010-04-30": "786.00000", "2010-01-31": "321.00000", "2009-10-31": "528.00000", "2009-07-31": "1216.00000", "2009-04-30": "760.00000", "2009-01-31": "259.00000", "2008-10-31": "778.00000", "2008-07-31": "1497.00000", "2008-04-30": "972.00000", "2008-01-31": "653.00000", "2007-10-31": "1030.00000", "2007-07-31": "1636.00000", "2007-04-30": "1192.00000", "2007-01-31": "951.00000", "2006-10-31": "1159.00000", "2006-07-31": "1520.00000", "2006-04-30": "1368.00000", "2006-01-31": "1128.00000", "2005-10-31": "1051.00000", "2005-07-31": "1364.00000", "2005-04-30": "953.00000", "2005-01-31": "809.00000"}, "Income Taxes": {"2020-10-31": "202.00000", "2020-07-31": "910.00000", "2020-04-30": "449.00000", "2020-01-31": "265.00000", "2019-10-31": "332.00000", "2019-07-31": "536.00000", "2019-04-30": "209.00000", "2019-01-31": "98.00000", "2018-10-31": "175.00000", "2018-07-31": "490.00000", "2018-04-30": "317.00000", "2018-01-31": "391.00000", "2017-10-31": "515.00000", "2017-07-31": "804.00000", "2017-04-30": "332.00000", "2017-01-31": "447.00000", "2016-10-31": "397.00000", "2016-07-31": "718.00000", "2016-04-30": "546.00000", "2016-01-31": "284.00000", "2015-10-31": "451.00000", "2015-07-31": "713.00000", "2015-04-30": "425.00000", "2015-01-31": "237.00000", "2014-10-31": "369.00000", "2014-07-31": "654.00000", "2014-04-30": "318.00000", "2014-01-31": "194.00000", "2013-10-31": "300.00000", "2013-07-31": "565.00000", "2013-04-30": "328.00000", "2013-01-31": "166.00000", "2012-10-31": "239.00000", "2012-07-31": "450.00000", "2012-04-30": "323.00000", "2012-01-31": "162.00000", "2011-10-31": "127.00000", "2011-07-31": "499.00000", "2011-04-30": "279.00000", "2011-01-31": "171.00000", "2010-10-31": "247.00000", "2010-07-31": "503.00000", "2010-04-30": "297.00000", "2010-01-31": "117.00000", "2009-10-31": "184.00000", "2009-07-31": "457.00000", "2009-04-30": "284.00000", "2009-01-31": "97.00000", "2008-10-31": "290.00000", "2008-07-31": "559.00000", "2008-04-30": "365.00000", "2008-01-31": "245.00000", "2007-10-31": "387.00000", "2007-07-31": "617.00000", "2007-04-30": "453.00000", "2007-01-31": "338.00000", "2006-10-31": "443.00000", "2006-07-31": "585.00000", "2006-04-30": "527.00000", "2006-01-31": "434.00000", "2005-10-31": "405.00000", "2005-07-31": "525.00000", "2005-04-30": "367.00000", "2005-01-31": "310.00000"}, "Income After Taxes": {"2020-10-31": "692.00000", "2020-07-31": "2828.00000", "2020-04-30": "1337.00000", "2020-01-31": "510.00000", "2019-10-31": "1049.00000", "2019-07-31": "1676.00000", "2019-04-30": "1046.00000", "2019-01-31": "-823.00000", "2018-10-31": "629.00000", "2018-07-31": "1520.00000", "2018-04-30": "988.00000", "2018-01-31": "554.00000", "2017-10-31": "872.00000", "2017-07-31": "1419.00000", "2017-04-30": "602.00000", "2017-01-31": "663.00000", "2016-10-31": "379.00000", "2016-07-31": "1167.00000", "2016-04-30": "884.00000", "2016-01-31": "11.00000", "2015-10-31": "736.00000", "2015-07-31": "1126.00000", "2015-04-30": "673.00000", "2015-01-31": "450.00000", "2014-10-31": "585.00000", "2014-07-31": "1039.00000", "2014-04-30": "624.00000", "2014-01-31": "306.00000", "2013-10-31": "499.00000", "2013-07-31": "941.00000", "2013-04-30": "540.00000", "2013-01-31": "289.00000", "2012-10-31": "396.00000", "2012-07-31": "747.00000", "2012-04-30": "527.00000", "2012-01-31": "323.00000", "2011-10-31": "225.00000", "2011-07-31": "830.00000", "2011-04-30": "461.00000", "2011-01-31": "285.00000", "2010-10-31": "404.00000", "2010-07-31": "832.00000", "2010-04-30": "489.00000", "2010-01-31": "204.00000", "2009-10-31": "344.00000", "2009-07-31": "759.00000", "2009-04-30": "476.00000", "2009-01-31": "162.00000", "2008-10-31": "488.00000", "2008-07-31": "938.00000", "2008-04-30": "607.00000", "2008-01-31": "408.00000", "2007-10-31": "643.00000", "2007-07-31": "1019.00000", "2007-04-30": "739.00000", "2007-01-31": "613.00000", "2006-10-31": "716.00000", "2006-07-31": "935.00000", "2006-04-30": "841.00000", "2006-01-31": "694.00000", "2005-10-31": "646.00000", "2005-07-31": "839.00000", "2005-04-30": "586.00000", "2005-01-31": "499.00000"}, "Other Income": {"2020-10-31": "", "2020-07-31": "", "2020-04-30": "", "2020-01-31": "", "2019-10-31": "", "2019-07-31": "", "2019-04-30": "", "2019-01-31": "", "2018-10-31": "", "2018-07-31": "", "2018-04-30": "", "2018-01-31": "", "2017-10-31": "", "2017-07-31": "", "2017-04-30": "", "2017-01-31": "", "2016-10-31": "", "2016-07-31": "", "2016-04-30": "", "2016-01-31": "", "2015-10-31": "", "2015-07-31": "", "2015-04-30": "", "2015-01-31": "", "2014-10-31": "", "2014-07-31": "", "2014-04-30": "", "2014-01-31": "", "2013-10-31": "", "2013-07-31": "", "2013-04-30": "", "2013-01-31": "", "2012-10-31": "", "2012-07-31": "", "2012-04-30": "", "2012-01-31": "", "2011-10-31": "", "2011-07-31": "", "2011-04-30": "", "2011-01-31": "", "2010-10-31": "", "2010-07-31": "", "2010-04-30": "", "2010-01-31": "", "2009-10-31": "", "2009-07-31": "", "2009-04-30": "", "2009-01-31": "", "2008-10-31": "", "2008-07-31": "", "2008-04-30": "", "2008-01-31": "", "2007-10-31": "", "2007-07-31": "", "2007-04-30": "", "2007-01-31": "", "2006-10-31": "", "2006-07-31": "", "2006-04-30": "", "2006-01-31": "", "2005-10-31": "", "2005-07-31": "", "2005-04-30": "", "2005-01-31": ""}, "Income From Continuous Operations": {"2020-10-31": "692.00000", "2020-07-31": "2828.00000", "2020-04-30": "1337.00000", "2020-01-31": "510.00000", "2019-10-31": "1049.00000", "2019-07-31": "1676.00000", "2019-04-30": "1046.00000", "2019-01-31": "-823.00000", "2018-10-31": "629.00000", "2018-07-31": "1520.00000", "2018-04-30": "988.00000", "2018-01-31": "554.00000", "2017-10-31": "872.00000", "2017-07-31": "1419.00000", "2017-04-30": "602.00000", "2017-01-31": "663.00000", "2016-10-31": "379.00000", "2016-07-31": "1167.00000", "2016-04-30": "884.00000", "2016-01-31": "11.00000", "2015-10-31": "736.00000", "2015-07-31": "1126.00000", "2015-04-30": "673.00000", "2015-01-31": "450.00000", "2014-10-31": "585.00000", "2014-07-31": "1039.00000", "2014-04-30": "624.00000", "2014-01-31": "306.00000", "2013-10-31": "499.00000", "2013-07-31": "941.00000", "2013-04-30": "540.00000", "2013-01-31": "289.00000", "2012-10-31": "396.00000", "2012-07-31": "747.00000", "2012-04-30": "527.00000", "2012-01-31": "323.00000", "2011-10-31": "225.00000", "2011-07-31": "830.00000", "2011-04-30": "461.00000", "2011-01-31": "285.00000", "2010-10-31": "404.00000", "2010-07-31": "832.00000", "2010-04-30": "489.00000", "2010-01-31": "204.00000", "2009-10-31": "344.00000", "2009-07-31": "759.00000", "2009-04-30": "476.00000", "2009-01-31": "162.00000", "2008-10-31": "488.00000", "2008-07-31": "938.00000", "2008-04-30": "607.00000", "2008-01-31": "408.00000", "2007-10-31": "643.00000", "2007-07-31": "1019.00000", "2007-04-30": "739.00000", "2007-01-31": "613.00000", "2006-10-31": "716.00000", "2006-07-31": "935.00000", "2006-04-30": "841.00000", "2006-01-31": "694.00000", "2005-10-31": "646.00000", "2005-07-31": "839.00000", "2005-04-30": "586.00000", "2005-01-31": "499.00000"}, "Income From Discontinued Operations": {"2020-10-31": "", "2020-07-31": "", "2020-04-30": "", "2020-01-31": "", "2019-10-31": "", "2019-07-31": "", "2019-04-30": "", "2019-01-31": "", "2018-10-31": "", "2018-07-31": "", "2018-04-30": "", "2018-01-31": "", "2017-10-31": "", "2017-07-31": "", "2017-04-30": "", "2017-01-31": "", "2016-10-31": "", "2016-07-31": "", "2016-04-30": "", "2016-01-31": "", "2015-10-31": "", "2015-07-31": "", "2015-04-30": "", "2015-01-31": "", "2014-10-31": "", "2014-07-31": "", "2014-04-30": "", "2014-01-31": "", "2013-10-31": "", "2013-07-31": "", "2013-04-30": "", "2013-01-31": "", "2012-10-31": "", "2012-07-31": "", "2012-04-30": "", "2012-01-31": "", "2011-10-31": "", "2011-07-31": "", "2011-04-30": "", "2011-01-31": "", "2010-10-31": "", "2010-07-31": "", "2010-04-30": "", "2010-01-31": "", "2009-10-31": "", "2009-07-31": "", "2009-04-30": "", "2009-01-31": "", "2008-10-31": "", "2008-07-31": "", "2008-04-30": "", "2008-01-31": "", "2007-10-31": "", "2007-07-31": "", "2007-04-30": "", "2007-01-31": "", "2006-10-31": "", "2006-07-31": "", "2006-04-30": "", "2006-01-31": "", "2005-10-31": "", "2005-07-31": "", "2005-04-30": "", "2005-01-31": ""}, "Net Income": {"2020-10-31": "689.00000", "2020-07-31": "2816.00000", "2020-04-30": "1333.00000", "2020-01-31": "509.00000", "2019-10-31": "1046.00000", "2019-07-31": "1670.00000", "2019-04-30": "1043.00000", "2019-01-31": "-821.00000", "2018-10-31": "628.00000", "2018-07-31": "1515.00000", "2018-04-30": "985.00000", "2018-01-31": "553.00000", "2017-10-31": "870.00000", "2017-07-31": "1413.00000", "2017-04-30": "600.00000", "2017-01-31": "646.00000", "2016-10-31": "376.00000", "2016-07-31": "1162.00000", "2016-04-30": "880.00000", "2016-01-31": "10.00000", "2015-10-31": "733.00000", "2015-07-31": "1121.00000", "2015-04-30": "670.00000", "2015-01-31": "447.00000", "2014-10-31": "582.00000", "2014-07-31": "1033.00000", "2014-04-30": "620.00000", "2014-01-31": "303.00000", "2013-10-31": "495.00000", "2013-07-31": "935.00000", "2013-04-30": "537.00000", "2013-01-31": "286.00000", "2012-10-31": "393.00000", "2012-07-31": "742.00000", "2012-04-30": "524.00000", "2012-01-31": "320.00000", "2011-10-31": "223.00000", "2011-07-31": "823.00000", "2011-04-30": "458.00000", "2011-01-31": "283.00000", "2010-10-31": "400.00000", "2010-07-31": "825.00000", "2010-04-30": "485.00000", "2010-01-31": "204.00000", "2009-10-31": "341.00000", "2009-07-31": "753.00000", "2009-04-30": "472.00000", "2009-01-31": "161.00000", "2008-10-31": "486.00000", "2008-07-31": "933.00000", "2008-04-30": "604.00000", "2008-01-31": "398.00000", "2007-10-31": "643.00000", "2007-07-31": "1019.00000", "2007-04-30": "739.00000", "2007-01-31": "613.00000", "2006-10-31": "716.00000", "2006-07-31": "935.00000", "2006-04-30": "841.00000", "2006-01-31": "694.00000", "2005-10-31": "646.00000", "2005-07-31": "839.00000", "2005-04-30": "586.00000", "2005-01-31": "499.00000"}, "EBITDA": {"2020-10-31": "2580.00000", "2020-07-31": "4331.00000", "2020-04-30": "2364.00000", "2020-01-31": "1339.00000", "2019-10-31": "1903.00000", "2019-07-31": "2728.00000", "2019-04-30": "1754.00000", "2019-01-31": "786.00000", "2018-10-31": "1412.00000", "2018-07-31": "2527.00000", "2018-04-30": "1852.00000", "2018-01-31": "1490.00000", "2017-10-31": "1927.00000", "2017-07-31": "2761.00000", "2017-04-30": "1948.00000", "2017-01-31": "1670.00000", "2016-10-31": "1351.00000", "2016-07-31": "2446.00000", "2016-04-30": "1969.00000", "2016-01-31": "1242.00000", "2015-10-31": "1729.00000", "2015-07-31": "2372.00000", "2015-04-30": "1623.00000", "2015-01-31": "1590.00000", "2014-10-31": "1489.00000", "2014-07-31": "2219.00000", "2014-04-30": "1464.00000", "2014-01-31": "1023.00000", "2013-10-31": "1324.00000", "2013-07-31": "2007.00000", "2013-04-30": "1357.00000", "2013-01-31": "1003.00000", "2012-10-31": "1145.00000", "2012-07-31": "1686.00000", "2012-04-30": "1349.00000", "2012-01-31": "995.00000", "2011-10-31": "828.00000", "2011-07-31": "1808.00000", "2011-04-30": "1225.00000", "2011-01-31": "954.00000", "2010-10-31": "1155.00000", "2010-07-31": "1843.00000", "2010-04-30": "1292.00000", "2010-01-31": "807.00000", "2009-10-31": "1038.00000", "2009-07-31": "1728.00000", "2009-04-30": "1272.00000", "2009-01-31": "764.00000", "2008-10-31": "1259.00000", "2008-07-31": "1978.00000", "2008-04-30": "1452.00000", "2008-01-31": "1095.00000", "2007-10-31": "1448.00000", "2007-07-31": "2042.00000", "2007-04-30": "1584.00000", "2007-01-31": "1325.00000", "2006-10-31": "1520.00000", "2006-07-31": "1851.00000", "2006-04-30": "1693.00000", "2006-01-31": "1444.00000", "2005-10-31": "1350.00000", "2005-07-31": "1657.00000", "2005-04-30": "1254.00000", "2005-01-31": "1099.00000"}, "EBIT": {"2020-10-31": "2175.00000", "2020-07-31": "3957.00000", "2020-04-30": "1991.00000", "2020-01-31": "958.00000", "2019-10-31": "1558.00000", "2019-07-31": "2381.00000", "2019-04-30": "1417.00000", "2019-01-31": "-567.00000", "2018-10-31": "957.00000", "2018-07-31": "2163.00000", "2018-04-30": "1465.00000", "2018-01-31": "1098.00000", "2017-10-31": "1547.00000", "2017-07-31": "2382.00000", "2017-04-30": "1559.00000", "2017-01-31": "1270.00000", "2016-10-31": "939.00000", "2016-07-31": "2051.00000", "2016-04-30": "1586.00000", "2016-01-31": "439.00000", "2015-10-31": "1328.00000", "2015-07-31": "1972.00000", "2015-04-30": "1232.00000", "2015-01-31": "819.00000", "2014-10-31": "1088.00000", "2014-07-31": "1819.00000", "2014-04-30": "1066.00000", "2014-01-31": "628.00000", "2013-10-31": "924.00000", "2013-07-31": "1616.00000", "2013-04-30": "981.00000", "2013-01-31": "565.00000", "2012-10-31": "749.00000", "2012-07-31": "1293.00000", "2012-04-30": "953.00000", "2012-01-31": "587.00000", "2011-10-31": "443.00000", "2011-07-31": "1419.00000", "2011-04-30": "828.00000", "2011-01-31": "542.00000", "2010-10-31": "731.00000", "2010-07-31": "1419.00000", "2010-04-30": "868.00000", "2010-01-31": "377.00000", "2009-10-31": "605.00000", "2009-07-31": "1292.00000", "2009-04-30": "838.00000", "2009-01-31": "329.00000", "2008-10-31": "843.00000", "2008-07-31": "1566.00000", "2008-04-30": "1048.00000", "2008-01-31": "700.00000", "2007-10-31": "1080.00000", "2007-07-31": "1686.00000", "2007-04-30": "1239.00000", "2007-01-31": "995.00000", "2006-10-31": "1204.00000", "2006-07-31": "1550.00000", "2006-04-30": "1403.00000", "2006-01-31": "1164.00000", "2005-10-31": "1087.00000", "2005-07-31": "1403.00000", "2005-04-30": "1000.00000", "2005-01-31": "852.00000"}, "Basic Shares Outstanding": {"2020-10-31": "752.00000", "2020-07-31": "752.00000", "2020-04-30": "755.00000", "2020-01-31": "777.00000", "2019-10-31": "769.00000", "2019-07-31": "781.00000", "2019-04-30": "796.00000", "2019-01-31": "811.00000", "2018-10-31": "806.00000", "2018-07-31": "813.00000", "2018-04-30": "825.00000", "2018-01-31": "839.00000", "2017-10-31": "831.00000", "2017-07-31": "841.00000", "2017-04-30": "857.00000", "2017-01-31": "880.00000", "2016-10-31": "873.00000", "2016-07-31": "883.00000", "2016-04-30": "897.00000", "2016-01-31": "927.00000", "2015-10-31": "918.00000", "2015-07-31": "931.00000", "2015-04-30": "950.00000", "2015-01-31": "988.00000", "2014-10-31": "978.00000", "2014-07-31": "995.00000", "2014-04-30": "1015.00000", "2014-01-31": "1059.00000", "2013-10-31": "1047.00000", "2013-07-31": "1067.00000", "2013-04-30": "1088.00000", "2013-01-31": "1150.00000", "2012-10-31": "1126.00000", "2012-07-31": "1157.00000", "2012-04-30": "1206.00000", "2012-01-31": "1271.00000", "2011-10-31": "1250.00000", "2011-07-31": "1275.00000", "2011-04-30": "1324.00000", "2011-01-31": "1401.00000", "2010-10-31": "1390.00000", "2010-07-31": "1417.00000", "2010-04-30": "1438.00000", "2010-01-31": "1462.00000", "2009-10-31": "1466.00000", "2009-07-31": "1464.00000", "2009-04-30": "1462.00000", "2009-01-31": "1457.00000", "2008-10-31": "1459.00000", "2008-07-31": "1455.00000", "2008-04-30": "1454.00000", "2008-01-31": "1481.00000", "2007-10-31": "1470.00000", "2007-07-31": "1490.00000", "2007-04-30": "1510.00000", "2007-01-31": "1535.00000", "2006-10-31": "1522.00000", "2006-07-31": "1541.00000", "2006-04-30": "1557.00000", "2006-01-31": "1555.00000", "2005-10-31": "1559.00000", "2005-07-31": "1548.00000", "2005-04-30": "1548.00000", "2005-01-31": "1554.00000"}, "Shares Outstanding": {"2020-10-31": "754.00000", "2020-07-31": "753.00000", "2020-04-30": "756.00000", "2020-01-31": "778.00000", "2019-10-31": "770.00000", "2019-07-31": "781.00000", "2019-04-30": "797.00000", "2019-01-31": "812.00000", "2018-10-31": "807.00000", "2018-07-31": "814.00000", "2018-04-30": "826.00000", "2018-01-31": "840.00000", "2017-10-31": "832.00000", "2017-07-31": "842.00000", "2017-04-30": "858.00000", "2017-01-31": "881.00000", "2016-10-31": "874.00000", "2016-07-31": "885.00000", "2016-04-30": "899.00000", "2016-01-31": "929.00000", "2015-10-31": "921.00000", "2015-07-31": "933.00000", "2015-04-30": "952.00000", "2015-01-31": "990.00000", "2014-10-31": "980.00000", "2014-07-31": "996.00000", "2014-04-30": "1017.00000", "2014-01-31": "1061.00000", "2013-10-31": "1049.00000", "2013-07-31": "1068.00000", "2013-04-30": "1090.00000", "2013-01-31": "1152.00000", "2012-10-31": "1128.00000", "2012-07-31": "1159.00000", "2012-04-30": "1208.00000", "2012-01-31": "1273.00000", "2011-10-31": "1252.00000", "2011-07-31": "1278.00000", "2011-04-30": "1328.00000", "2011-01-31": "1403.00000", "2010-10-31": "1392.00000", "2010-07-31": "1419.00000", "2010-04-30": "1441.00000", "2010-01-31": "1464.00000", "2009-10-31": "1469.00000", "2009-07-31": "1466.00000", "2009-04-30": "1464.00000", "2009-01-31": "1457.00000", "2008-10-31": "1461.00000", "2008-07-31": "1470.00000", "2008-04-30": "1477.00000", "2008-01-31": "1507.00000", "2007-10-31": "1497.00000", "2007-07-31": "1518.00000", "2007-04-30": "1540.00000", "2007-01-31": "1566.00000", "2006-10-31": "1551.00000", "2006-07-31": "1571.00000", "2006-04-30": "1590.00000", "2006-01-31": "1607.00000", "2005-10-31": "1608.00000", "2005-07-31": "1605.00000", "2005-04-30": "1610.00000", "2005-01-31": "1617.00000"}, "Basic EPS": {"2020-10-31": "0.92000", "2020-07-31": "3.74000", "2020-04-30": "1.76000", "2020-01-31": "0.68000", "2019-10-31": "1.36000", "2019-07-31": "2.14000", "2019-04-30": "1.31000", "2019-01-31": "-0.99000", "2018-10-31": "0.78000", "2018-07-31": "1.86000", "2018-04-30": "1.19000", "2018-01-31": "0.66000", "2017-10-31": "1.05000", "2017-07-31": "1.68000", "2017-04-30": "0.70000", "2017-01-31": "0.75000", "2016-10-31": "0.43000", "2016-07-31": "1.32000", "2016-04-30": "0.98000", "2016-01-31": "0.03000", "2015-10-31": "0.80000", "2015-07-31": "1.20000", "2015-04-30": "0.70000", "2015-01-31": "0.47000", "2014-10-31": "0.59000", "2014-07-31": "1.04000", "2014-04-30": "0.61000", "2014-01-31": "0.30000", "2013-10-31": "0.47000", "2013-07-31": "0.88000", "2013-04-30": "0.49000", "2013-01-31": "0.27000", "2012-10-31": "0.35000", "2012-07-31": "0.64000", "2012-04-30": "0.43000", "2012-01-31": "0.25000", "2011-10-31": "0.18000", "2011-07-31": "0.65000", "2011-04-30": "0.35000", "2011-01-31": "0.21000", "2010-10-31": "0.29000", "2010-07-31": "0.58000", "2010-04-30": "0.34000", "2010-01-31": "0.15000", "2009-10-31": "0.23000", "2009-07-31": "0.51000", "2009-04-30": "0.32000", "2009-01-31": "0.11000", "2008-10-31": "0.33000", "2008-07-31": "0.64000", "2008-04-30": "0.42000", "2008-01-31": "0.28000", "2007-10-31": "0.44000", "2007-07-31": "0.68000", "2007-04-30": "0.49000", "2007-01-31": "0.40000", "2006-10-31": "0.47000", "2006-07-31": "0.61000", "2006-04-30": "0.54000", "2006-01-31": "0.45000", "2005-10-31": "0.41000", "2005-07-31": "0.54000", "2005-04-30": "0.38000", "2005-01-31": "0.31500"}, "EPS - Earnings Per Share": {"2020-10-31": "0.91000", "2020-07-31": "3.74000", "2020-04-30": "1.76000", "2020-01-31": "0.68000", "2019-10-31": "1.36000", "2019-07-31": "2.14000", "2019-04-30": "1.31000", "2019-01-31": "-0.99000", "2018-10-31": "0.78000", "2018-07-31": "1.86000", "2018-04-30": "1.19000", "2018-01-31": "0.66000", "2017-10-31": "1.05000", "2017-07-31": "1.68000", "2017-04-30": "0.70000", "2017-01-31": "0.75000", "2016-10-31": "0.43000", "2016-07-31": "1.31000", "2016-04-30": "0.98000", "2016-01-31": "0.03000", "2015-10-31": "0.80000", "2015-07-31": "1.20000", "2015-04-30": "0.70000", "2015-01-31": "0.47000", "2014-10-31": "0.59000", "2014-07-31": "1.04000", "2014-04-30": "0.61000", "2014-01-31": "0.30000", "2013-10-31": "0.47000", "2013-07-31": "0.88000", "2013-04-30": "0.49000", "2013-01-31": "0.27000", "2012-10-31": "0.35000", "2012-07-31": "0.64000", "2012-04-30": "0.43000", "2012-01-31": "0.27000", "2011-10-31": "0.18000", "2011-07-31": "0.64000", "2011-04-30": "0.34000", "2011-01-31": "0.21000", "2010-10-31": "0.29000", "2010-07-31": "0.58000", "2010-04-30": "0.34000", "2010-01-31": "0.15000", "2009-10-31": "0.23000", "2009-07-31": "0.51000", "2009-04-30": "0.32000", "2009-01-31": "0.12000", "2008-10-31": "0.33000", "2008-07-31": "0.63000", "2008-04-30": "0.41000", "2008-01-31": "0.28000", "2007-10-31": "0.43000", "2007-07-31": "0.67000", "2007-04-30": "0.48000", "2007-01-31": "0.40000", "2006-10-31": "0.46000", "2006-07-31": "0.60000", "2006-04-30": "0.53000", "2006-01-31": "0.44500", "2005-10-31": "0.40000", "2005-07-31": "0.52000", "2005-04-30": "0.36500", "2005-01-31": "0.31000"}}, "balance sheet": {"Cash On Hand": {"2020-01-31": "876.00000", "2019-01-31": "729.00000", "2018-01-31": "690.00000", "2017-01-31": "658.00000", "2016-01-31": "712.00000", "2015-01-31": "591.00000", "2014-01-31": "576.00000", "2013-01-31": "666.00000", "2012-01-31": "1300.00000", "2011-01-31": "1123.00000", "2010-01-31": "1057.00000", "2009-01-31": "661.00000", "2008-01-31": "530.00000", "2007-01-31": "796.00000", "2006-01-31": "876.00000", "2005-01-31": "813.00000"}, "Receivables": {"2020-01-31": "", "2019-01-31": "", "2018-01-31": "", "2017-01-31": "", "2016-01-31": "", "2015-01-31": "", "2014-01-31": "", "2013-01-31": "", "2012-01-31": "", "2011-01-31": "", "2010-01-31": "", "2009-01-31": "", "2008-01-31": "", "2007-01-31": "", "2006-01-31": "", "2005-01-31": "9.00000"}, "Inventory": {"2020-01-31": "13179.00000", "2019-01-31": "12561.00000", "2018-01-31": "11393.00000", "2017-01-31": "10458.00000", "2016-01-31": "9458.00000", "2015-01-31": "8911.00000", "2014-01-31": "9127.00000", "2013-01-31": "8600.00000", "2012-01-31": "8355.00000", "2011-01-31": "8321.00000", "2010-01-31": "8249.00000", "2009-01-31": "8209.00000", "2008-01-31": "7611.00000", "2007-01-31": "7144.00000", "2006-01-31": "6635.00000", "2005-01-31": "5911.00000"}, "Pre-Paid Expenses": {"2020-01-31": "", "2019-01-31": "", "2018-01-31": "", "2017-01-31": "", "2016-01-31": "", "2015-01-31": "", "2014-01-31": "", "2013-01-31": "", "2012-01-31": "", "2011-01-31": "", "2010-01-31": "", "2009-01-31": "", "2008-01-31": "", "2007-01-31": "", "2006-01-31": "", "2005-01-31": ""}, "Other Current Assets": {"2020-01-31": "1263.00000", "2019-01-31": "938.00000", "2018-01-31": "689.00000", "2017-01-31": "884.00000", "2016-01-31": "391.00000", "2015-01-31": "349.00000", "2014-01-31": "341.00000", "2013-01-31": "301.00000", "2012-01-31": "234.00000", "2011-01-31": "330.00000", "2010-01-31": "218.00000", "2009-01-31": "215.00000", "2008-01-31": "298.00000", "2007-01-31": "213.00000", "2006-01-31": "122.00000", "2005-01-31": "75.00000"}, "Total Current Assets": {"2020-01-31": "15318.00000", "2019-01-31": "14228.00000", "2018-01-31": "12772.00000", "2017-01-31": "12000.00000", "2016-01-31": "10561.00000", "2015-01-31": "9851.00000", "2014-01-31": "10296.00000", "2013-01-31": "9784.00000", "2012-01-31": "10072.00000", "2011-01-31": "9967.00000", "2010-01-31": "9732.00000", "2009-01-31": "9190.00000", "2008-01-31": "8686.00000", "2007-01-31": "8314.00000", "2006-01-31": "7788.00000", "2005-01-31": "6903.00000"}, "Property, Plant, And Equipment": {"2020-01-31": "18669.00000", "2019-01-31": "18432.00000", "2018-01-31": "19721.00000", "2017-01-31": "19949.00000", "2016-01-31": "19577.00000", "2015-01-31": "20034.00000", "2014-01-31": "20834.00000", "2013-01-31": "21477.00000", "2012-01-31": "21970.00000", "2011-01-31": "22089.00000", "2010-01-31": "22499.00000", "2009-01-31": "22722.00000", "2008-01-31": "21361.00000", "2007-01-31": "18971.00000", "2006-01-31": "16354.00000", "2005-01-31": "13911.00000"}, "Long-Term Investments": {"2020-01-31": "372.00000", "2019-01-31": "256.00000", "2018-01-31": "408.00000", "2017-01-31": "366.00000", "2016-01-31": "222.00000", "2015-01-31": "354.00000", "2014-01-31": "279.00000", "2013-01-31": "271.00000", "2012-01-31": "504.00000", "2011-01-31": "1008.00000", "2010-01-31": "277.00000", "2009-01-31": "253.00000", "2008-01-31": "509.00000", "2007-01-31": "165.00000", "2006-01-31": "294.00000", "2005-01-31": "146.00000"}, "Goodwill And Intangible Assets": {"2020-01-31": "303.00000", "2019-01-31": "303.00000", "2018-01-31": "1307.00000", "2017-01-31": "1082.00000", "2016-01-31": "154.00000", "2015-01-31": "", "2014-01-31": "", "2013-01-31": "", "2012-01-31": "", "2011-01-31": "", "2010-01-31": "", "2009-01-31": "", "2008-01-31": "", "2007-01-31": "", "2006-01-31": "", "2005-01-31": ""}, "Other Long-Term Assets": {"2020-01-31": "702.00000", "2019-01-31": "995.00000", "2018-01-31": "915.00000", "2017-01-31": "789.00000", "2016-01-31": "511.00000", "2015-01-31": "1349.00000", "2014-01-31": "1323.00000", "2013-01-31": "1134.00000", "2012-01-31": "1013.00000", "2011-01-31": "635.00000", "2010-01-31": "497.00000", "2009-01-31": "460.00000", "2008-01-31": "313.00000", "2007-01-31": "317.00000", "2006-01-31": "203.00000", "2005-01-31": "178.00000"}, "Total Long-Term Assets": {"2020-01-31": "24153.00000", "2019-01-31": "20280.00000", "2018-01-31": "22519.00000", "2017-01-31": "22408.00000", "2016-01-31": "20705.00000", "2015-01-31": "21870.00000", "2014-01-31": "22436.00000", "2013-01-31": "22882.00000", "2012-01-31": "23487.00000", "2011-01-31": "23732.00000", "2010-01-31": "23273.00000", "2009-01-31": "23435.00000", "2008-01-31": "22183.00000", "2007-01-31": "19453.00000", "2006-01-31": "16851.00000", "2005-01-31": "14235.00000"}, "Total Assets": {"2020-01-31": "39471.00000", "2019-01-31": "34508.00000", "2018-01-31": "35291.00000", "2017-01-31": "34408.00000", "2016-01-31": "31266.00000", "2015-01-31": "31721.00000", "2014-01-31": "32732.00000", "2013-01-31": "32666.00000", "2012-01-31": "33559.00000", "2011-01-31": "33699.00000", "2010-01-31": "33005.00000", "2009-01-31": "32625.00000", "2008-01-31": "30869.00000", "2007-01-31": "27767.00000", "2006-01-31": "24639.00000", "2005-01-31": "21138.00000"}, "Total Current Liabilities": {"2020-01-31": "15182.00000", "2019-01-31": "14497.00000", "2018-01-31": "12096.00000", "2017-01-31": "11974.00000", "2016-01-31": "10492.00000", "2015-01-31": "9348.00000", "2014-01-31": "8876.00000", "2013-01-31": "7708.00000", "2012-01-31": "7891.00000", "2011-01-31": "7119.00000", "2010-01-31": "7355.00000", "2009-01-31": "7560.00000", "2008-01-31": "7751.00000", "2007-01-31": "6539.00000", "2006-01-31": "5832.00000", "2005-01-31": "5648.00000"}, "Long Term Debt": {"2020-01-31": "16768.00000", "2019-01-31": "14391.00000", "2018-01-31": "15564.00000", "2017-01-31": "14394.00000", "2016-01-31": "11545.00000", "2015-01-31": "10806.00000", "2014-01-31": "10086.00000", "2013-01-31": "9030.00000", "2012-01-31": "7035.00000", "2011-01-31": "6537.00000", "2010-01-31": "4528.00000", "2009-01-31": "5039.00000", "2008-01-31": "5576.00000", "2007-01-31": "4325.00000", "2006-01-31": "3499.00000", "2005-01-31": "3060.00000"}, "Other Non-Current Liabilities": {"2020-01-31": "712.00000", "2019-01-31": "1149.00000", "2018-01-31": "955.00000", "2017-01-31": "843.00000", "2016-01-31": "846.00000", "2015-01-31": "869.00000", "2014-01-31": "896.00000", "2013-01-31": "901.00000", "2012-01-31": "865.00000", "2011-01-31": "833.00000", "2010-01-31": "906.00000", "2009-01-31": "1372.00000", "2008-01-31": "774.00000", "2007-01-31": "443.00000", "2006-01-31": "277.00000", "2005-01-31": "159.00000"}, "Total Long Term Liabilities": {"2020-01-31": "22317.00000", "2019-01-31": "16367.00000", "2018-01-31": "17322.00000", "2017-01-31": "16000.00000", "2016-01-31": "13120.00000", "2015-01-31": "12405.00000", "2014-01-31": "12003.00000", "2013-01-31": "11101.00000", "2012-01-31": "9135.00000", "2011-01-31": "8468.00000", "2010-01-31": "6581.00000", "2009-01-31": "7010.00000", "2008-01-31": "7020.00000", "2007-01-31": "5503.00000", "2006-01-31": "4511.00000", "2005-01-31": "3955.00000"}, "Total Liabilities": {"2020-01-31": "37499.00000", "2019-01-31": "30864.00000", "2018-01-31": "29418.00000", "2017-01-31": "27974.00000", "2016-01-31": "23612.00000", "2015-01-31": "21753.00000", "2014-01-31": "20879.00000", "2013-01-31": "18809.00000", "2012-01-31": "17026.00000", "2011-01-31": "15587.00000", "2010-01-31": "13936.00000", "2009-01-31": "14570.00000", "2008-01-31": "14771.00000", "2007-01-31": "12042.00000", "2006-01-31": "10343.00000", "2005-01-31": "9603.00000"}, "Common Stock Net": {"2020-01-31": "381.00000", "2019-01-31": "401.00000", "2018-01-31": "415.00000", "2017-01-31": "433.00000", "2016-01-31": "455.00000", "2015-01-31": "480.00000", "2014-01-31": "515.00000", "2013-01-31": "555.00000", "2012-01-31": "621.00000", "2011-01-31": "677.00000", "2010-01-31": "729.00000", "2009-01-31": "735.00000", "2008-01-31": "729.00000", "2007-01-31": "762.00000", "2006-01-31": "784.00000", "2005-01-31": "387.00000"}, "Retained Earnings (Accumulated Deficit)": {"2020-01-31": "1727.00000", "2019-01-31": "3452.00000", "2018-01-31": "5425.00000", "2017-01-31": "6241.00000", "2016-01-31": "7593.00000", "2015-01-31": "9591.00000", "2014-01-31": "11355.00000", "2013-01-31": "13224.00000", "2012-01-31": "15852.00000", "2011-01-31": "17371.00000", "2010-01-31": "18307.00000", "2009-01-31": "17049.00000", "2008-01-31": "15345.00000", "2007-01-31": "14860.00000", "2006-01-31": "12191.00000", "2005-01-31": "9634.00000"}, "Comprehensive Income": {"2020-01-31": "-136.00000", "2019-01-31": "-209.00000", "2018-01-31": "11.00000", "2017-01-31": "-240.00000", "2016-01-31": "-394.00000", "2015-01-31": "-103.00000", "2014-01-31": "-17.00000", "2013-01-31": "52.00000", "2012-01-31": "46.00000", "2011-01-31": "53.00000", "2010-01-31": "27.00000", "2009-01-31": "-6.00000", "2008-01-31": "8.00000", "2007-01-31": "1.00000", "2006-01-31": "1.00000", "2005-01-31": ""}, "Other Share Holders Equity": {"2020-01-31": "", "2019-01-31": "", "2018-01-31": "", "2017-01-31": "", "2016-01-31": "", "2015-01-31": "", "2014-01-31": "", "2013-01-31": "", "2012-01-31": "", "2011-01-31": "", "2010-01-31": "", "2009-01-31": "", "2008-01-31": "", "2007-01-31": "", "2006-01-31": "", "2005-01-31": ""}, "Share Holder Equity": {"2020-01-31": "1972.00000", "2019-01-31": "3644.00000", "2018-01-31": "5873.00000", "2017-01-31": "6434.00000", "2016-01-31": "7654.00000", "2015-01-31": "9968.00000", "2014-01-31": "11853.00000", "2013-01-31": "13857.00000", "2012-01-31": "16533.00000", "2011-01-31": "18112.00000", "2010-01-31": "19069.00000", "2009-01-31": "18055.00000", "2008-01-31": "16098.00000", "2007-01-31": "15725.00000", "2006-01-31": "14296.00000", "2005-01-31": "11535.00000"}, "Total Liabilities And Share Holders Equity": {"2020-01-31": "39471.00000", "2019-01-31": "34508.00000", "2018-01-31": "35291.00000", "2017-01-31": "34408.00000", "2016-01-31": "31266.00000", "2015-01-31": "31721.00000", "2014-01-31": "32732.00000", "2013-01-31": "32666.00000", "2012-01-31": "33559.00000", "2011-01-31": "33699.00000", "2010-01-31": "33005.00000", "2009-01-31": "32625.00000", "2008-01-31": "30869.00000", "2007-01-31": "27767.00000", "2006-01-31": "24639.00000", "2005-01-31": "21138.00000"}}, "balance sheet, quarterly": {"Cash On Hand": {"2020-10-31": "10101.00000", "2020-07-31": "12726.00000", "2020-04-30": "6156.00000", "2020-01-31": "876.00000", "2019-10-31": "921.00000", "2019-07-31": "2071.00000", "2019-04-30": "3163.00000", "2019-01-31": "729.00000", "2018-10-31": "1876.00000", "2018-07-31": "2642.00000", "2018-04-30": "1770.00000", "2018-01-31": "690.00000", "2017-10-31": "828.00000", "2017-07-31": "1815.00000", "2017-04-30": "2047.00000", "2017-01-31": "658.00000", "2016-10-31": "1083.00000", "2016-07-31": "2156.00000", "2016-04-30": "4735.00000", "2016-01-31": "712.00000", "2015-10-31": "1385.00000", "2015-07-31": "1089.00000", "2015-04-30": "1529.00000", "2015-01-31": "591.00000", "2014-10-31": "1773.00000", "2014-07-31": "1129.00000", "2014-04-30": "768.00000", "2014-01-31": "576.00000", "2013-10-31": "1216.00000", "2013-07-31": "1274.00000", "2013-04-30": "1199.00000", "2013-01-31": "666.00000", "2012-10-31": "1300.00000", "2012-07-31": "2296.00000", "2012-04-30": "3233.00000", "2012-01-31": "1300.00000", "2011-10-31": "969.00000", "2011-07-31": "908.00000", "2011-04-30": "1841.00000", "2011-01-31": "1123.00000", "2010-10-31": "1737.00000", "2010-07-31": "2007.00000", "2010-04-30": "3352.00000", "2010-01-31": "1057.00000", "2009-10-31": "1650.00000", "2009-07-31": "1511.00000", "2009-04-30": "1142.00000", "2009-01-31": "661.00000", "2008-10-31": "767.00000", "2008-07-31": "854.00000", "2008-04-30": "1208.00000", "2008-01-31": "530.00000", "2007-10-31": "567.00000", "2007-07-31": "662.00000", "2007-04-30": "1200.00000", "2007-01-31": "796.00000", "2006-10-31": "1121.00000", "2006-07-31": "772.00000", "2006-04-30": "1657.00000", "2006-01-31": "876.00000", "2005-10-31": "2309.00000", "2005-07-31": "1419.00000", "2005-04-30": "1226.00000", "2005-01-31": "813.00000"}, "Receivables": {"2020-10-31": "", "2020-07-31": "", "2020-04-30": "", "2020-01-31": "", "2019-10-31": "", "2019-07-31": "", "2019-04-30": "", "2019-01-31": "", "2018-10-31": "", "2018-07-31": "", "2018-04-30": "", "2018-01-31": "", "2017-10-31": "", "2017-07-31": "", "2017-04-30": "", "2017-01-31": "", "2016-10-31": "", "2016-07-31": "", "2016-04-30": "", "2016-01-31": "", "2015-10-31": "", "2015-07-31": "", "2015-04-30": "", "2015-01-31": "", "2014-10-31": "", "2014-07-31": "", "2014-04-30": "", "2014-01-31": "", "2013-10-31": "", "2013-07-31": "", "2013-04-30": "", "2013-01-31": "", "2012-10-31": "", "2012-07-31": "", "2012-04-30": "", "2012-01-31": "", "2011-10-31": "", "2011-07-31": "", "2011-04-30": "", "2011-01-31": "", "2010-10-31": "", "2010-07-31": "", "2010-04-30": "", "2010-01-31": "", "2009-10-31": "", "2009-07-31": "", "2009-04-30": "", "2009-01-31": "", "2008-10-31": "", "2008-07-31": "", "2008-04-30": "", "2008-01-31": "", "2007-10-31": "", "2007-07-31": "", "2007-04-30": "", "2007-01-31": "", "2006-10-31": "", "2006-07-31": "", "2006-04-30": "", "2006-01-31": "", "2005-10-31": "", "2005-07-31": "", "2005-04-30": "18.00000", "2005-01-31": "9.00000"}, "Inventory": {"2020-10-31": "15712.00000", "2020-07-31": "13831.00000", "2020-04-30": "14283.00000", "2020-01-31": "13179.00000", "2019-10-31": "13716.00000", "2019-07-31": "13730.00000", "2019-04-30": "15026.00000", "2019-01-31": "12561.00000", "2018-10-31": "12365.00000", "2018-07-31": "11885.00000", "2018-04-30": "13204.00000", "2018-01-31": "11393.00000", "2017-10-31": "12393.00000", "2017-07-31": "11407.00000", "2017-04-30": "12254.00000", "2017-01-31": "10458.00000", "2016-10-31": "10990.00000", "2016-07-31": "10604.00000", "2016-04-30": "11055.00000", "2016-01-31": "9458.00000", "2015-10-31": "10434.00000", "2015-07-31": "9704.00000", "2015-04-30": "10614.00000", "2015-01-31": "8911.00000", "2014-10-31": "9762.00000", "2014-07-31": "9315.00000", "2014-04-30": "10515.00000", "2014-01-31": "9127.00000", "2013-10-31": "9593.00000", "2013-07-31": "9106.00000", "2013-04-30": "10274.00000", "2013-01-31": "8600.00000", "2012-10-31": "8995.00000", "2012-07-31": "8699.00000", "2012-04-30": "9786.00000", "2012-01-31": "8355.00000", "2011-10-31": "8990.00000", "2011-07-31": "8825.00000", "2011-04-30": "9661.00000", "2011-01-31": "8321.00000", "2010-10-31": "8543.00000", "2010-07-31": "8653.00000", "2010-04-30": "9899.00000", "2010-01-31": "8249.00000", "2009-10-31": "8424.00000", "2009-07-31": "8189.00000", "2009-04-30": "9013.00000", "2009-01-31": "8209.00000", "2008-10-31": "8327.00000", "2008-07-31": "7939.00000", "2008-04-30": "8438.00000", "2008-01-31": "7611.00000", "2007-10-31": "7775.00000", "2007-07-31": "7799.00000", "2007-04-30": "8501.00000", "2007-01-31": "7144.00000", "2006-10-31": "7219.00000", "2006-07-31": "7176.00000", "2006-04-30": "7817.00000", "2006-01-31": "6635.00000", "2005-10-31": "6429.00000", "2005-07-31": "6165.00000", "2005-04-30": "6618.00000", "2005-01-31": "5911.00000"}, "Pre-Paid Expenses": {"2020-10-31": "", "2020-07-31": "", "2020-04-30": "", "2020-01-31": "", "2019-10-31": "", "2019-07-31": "", "2019-04-30": "", "2019-01-31": "", "2018-10-31": "", "2018-07-31": "", "2018-04-30": "", "2018-01-31": "", "2017-10-31": "", "2017-07-31": "", "2017-04-30": "", "2017-01-31": "", "2016-10-31": "", "2016-07-31": "", "2016-04-30": "", "2016-01-31": "", "2015-10-31": "", "2015-07-31": "", "2015-04-30": "", "2015-01-31": "", "2014-10-31": "", "2014-07-31": "", "2014-04-30": "", "2014-01-31": "", "2013-10-31": "", "2013-07-31": "", "2013-04-30": "", "2013-01-31": "", "2012-10-31": "", "2012-07-31": "", "2012-04-30": "", "2012-01-31": "", "2011-10-31": "", "2011-07-31": "", "2011-04-30": "", "2011-01-31": "", "2010-10-31": "", "2010-07-31": "", "2010-04-30": "", "2010-01-31": "", "2009-10-31": "", "2009-07-31": "", "2009-04-30": "", "2009-01-31": "", "2008-10-31": "", "2008-07-31": "", "2008-04-30": "", "2008-01-31": "", "2007-10-31": "", "2007-07-31": "", "2007-04-30": "", "2007-01-31": "", "2006-10-31": "", "2006-07-31": "", "2006-04-30": "", "2006-01-31": "", "2005-10-31": "", "2005-07-31": "", "2005-04-30": "", "2005-01-31": ""}, "Other Current Assets": {"2020-10-31": "1103.00000", "2020-07-31": "1160.00000", "2020-04-30": "1487.00000", "2020-01-31": "1263.00000", "2019-10-31": "1025.00000", "2019-07-31": "995.00000", "2019-04-30": "1146.00000", "2019-01-31": "938.00000", "2018-10-31": "897.00000", "2018-07-31": "956.00000", "2018-04-30": "1059.00000", "2018-01-31": "689.00000", "2017-10-31": "788.00000", "2017-07-31": "811.00000", "2017-04-30": "975.00000", "2017-01-31": "884.00000", "2016-10-31": "655.00000", "2016-07-31": "591.00000", "2016-04-30": "683.00000", "2016-01-31": "391.00000", "2015-10-31": "321.00000", "2015-07-31": "322.00000", "2015-04-30": "393.00000", "2015-01-31": "349.00000", "2014-10-31": "334.00000", "2014-07-31": "355.00000", "2014-04-30": "386.00000", "2014-01-31": "341.00000", "2013-10-31": "336.00000", "2013-07-31": "309.00000", "2013-04-30": "313.00000", "2013-01-31": "301.00000", "2012-10-31": "300.00000", "2012-07-31": "325.00000", "2012-04-30": "330.00000", "2012-01-31": "234.00000", "2011-10-31": "227.00000", "2011-07-31": "213.00000", "2011-04-30": "239.00000", "2011-01-31": "330.00000", "2010-10-31": "219.00000", "2010-07-31": "256.00000", "2010-04-30": "242.00000", "2010-01-31": "218.00000", "2009-10-31": "213.00000", "2009-07-31": "216.00000", "2009-04-30": "264.00000", "2009-01-31": "215.00000", "2008-10-31": "197.00000", "2008-07-31": "236.00000", "2008-04-30": "253.00000", "2008-01-31": "298.00000", "2007-10-31": "193.00000", "2007-07-31": "181.00000", "2007-04-30": "155.00000", "2007-01-31": "213.00000", "2006-10-31": "125.00000", "2006-07-31": "215.00000", "2006-04-30": "139.00000", "2006-01-31": "122.00000", "2005-10-31": "200.00000", "2005-07-31": "113.00000", "2005-04-30": "89.00000", "2005-01-31": "75.00000"}, "Total Current Assets": {"2020-10-31": "26916.00000", "2020-07-31": "27717.00000", "2020-04-30": "21926.00000", "2020-01-31": "15318.00000", "2019-10-31": "15662.00000", "2019-07-31": "16796.00000", "2019-04-30": "19335.00000", "2019-01-31": "14228.00000", "2018-10-31": "15138.00000", "2018-07-31": "15483.00000", "2018-04-30": "16033.00000", "2018-01-31": "12772.00000", "2017-10-31": "14009.00000", "2017-07-31": "14033.00000", "2017-04-30": "15276.00000", "2017-01-31": "12000.00000", "2016-10-31": "12728.00000", "2016-07-31": "13351.00000", "2016-04-30": "16473.00000", "2016-01-31": "10561.00000", "2015-10-31": "12140.00000", "2015-07-31": "11115.00000", "2015-04-30": "12536.00000", "2015-01-31": "9851.00000", "2014-10-31": "12130.00000", "2014-07-31": "11075.00000", "2014-04-30": "11952.00000", "2014-01-31": "10296.00000", "2013-10-31": "11365.00000", "2013-07-31": "10913.00000", "2013-04-30": "12014.00000", "2013-01-31": "9784.00000", "2012-10-31": "10830.00000", "2012-07-31": "11599.00000", "2012-04-30": "13628.00000", "2012-01-31": "10072.00000", "2011-10-31": "10423.00000", "2011-07-31": "10168.00000", "2011-04-30": "11973.00000", "2011-01-31": "9967.00000", "2010-10-31": "10701.00000", "2010-07-31": "11121.00000", "2010-04-30": "13695.00000", "2010-01-31": "9732.00000", "2009-10-31": "10431.00000", "2009-07-31": "10033.00000", "2009-04-30": "10541.00000", "2009-01-31": "9190.00000", "2008-10-31": "9521.00000", "2008-07-31": "9304.00000", "2008-04-30": "10158.00000", "2008-01-31": "8686.00000", "2007-10-31": "8776.00000", "2007-07-31": "8851.00000", "2007-04-30": "10057.00000", "2007-01-31": "8314.00000", "2006-10-31": "8622.00000", "2006-07-31": "8328.00000", "2006-04-30": "9788.00000", "2006-01-31": "7788.00000", "2005-10-31": "9042.00000", "2005-07-31": "7818.00000", "2005-04-30": "8087.00000", "2005-01-31": "6903.00000"}, "Property, Plant, And Equipment": {"2020-10-31": "18683.00000", "2020-07-31": "18612.00000", "2020-04-30": "18501.00000", "2020-01-31": "18669.00000", "2019-10-31": "18371.00000", "2019-07-31": "18203.00000", "2019-04-30": "18150.00000", "2019-01-31": "18432.00000", "2018-10-31": "18923.00000", "2018-07-31": "19172.00000", "2018-04-30": "19500.00000", "2018-01-31": "19721.00000", "2017-10-31": "19818.00000", "2017-07-31": "19762.00000", "2017-04-30": "19748.00000", "2017-01-31": "19949.00000", "2016-10-31": "20037.00000", "2016-07-31": "20274.00000", "2016-04-30": "19463.00000", "2016-01-31": "19577.00000", "2015-10-31": "19655.00000", "2015-07-31": "19751.00000", "2015-04-30": "19892.00000", "2015-01-31": "20034.00000", "2014-10-31": "20180.00000", "2014-07-31": "20368.00000", "2014-04-30": "20617.00000", "2014-01-31": "20834.00000", "2013-10-31": "20973.00000", "2013-07-31": "20969.00000", "2013-04-30": "21257.00000", "2013-01-31": "21477.00000", "2012-10-31": "21591.00000", "2012-07-31": "21734.00000", "2012-04-30": "21821.00000", "2012-01-31": "21970.00000", "2011-10-31": "21888.00000", "2011-07-31": "22195.00000", "2011-04-30": "22060.00000", "2011-01-31": "22089.00000", "2010-10-31": "22180.00000", "2010-07-31": "22274.00000", "2010-04-30": "22379.00000", "2010-01-31": "22499.00000", "2009-10-31": "22557.00000", "2009-07-31": "22727.00000", "2009-04-30": "22715.00000", "2009-01-31": "22722.00000", "2008-10-31": "22602.00000", "2008-07-31": "22066.00000", "2008-04-30": "21641.00000", "2008-01-31": "21361.00000", "2007-10-31": "20755.00000", "2007-07-31": "19825.00000", "2007-04-30": "19187.00000", "2007-01-31": "18971.00000", "2006-10-31": "18188.00000", "2006-07-31": "17321.00000", "2006-04-30": "16760.00000", "2006-01-31": "16354.00000", "2005-10-31": "15410.00000", "2005-07-31": "14782.00000", "2005-04-30": "14310.00000", "2005-01-31": "13911.00000"}, "Long-Term Investments": {"2020-10-31": "202.00000", "2020-07-31": "326.00000", "2020-04-30": "300.00000", "2020-01-31": "372.00000", "2019-10-31": "363.00000", "2019-07-31": "179.00000", "2019-04-30": "235.00000", "2019-01-31": "256.00000", "2018-10-31": "290.00000", "2018-07-31": "87.00000", "2018-04-30": "321.00000", "2018-01-31": "408.00000", "2017-10-31": "370.00000", "2017-07-31": "360.00000", "2017-04-30": "477.00000", "2017-01-31": "366.00000", "2016-10-31": "436.00000", "2016-07-31": "604.00000", "2016-04-30": "400.00000", "2016-01-31": "222.00000", "2015-10-31": "382.00000", "2015-07-31": "412.00000", "2015-04-30": "384.00000", "2015-01-31": "354.00000", "2014-10-31": "395.00000", "2014-07-31": "382.00000", "2014-04-30": "360.00000", "2014-01-31": "279.00000", "2013-10-31": "439.00000", "2013-07-31": "306.00000", "2013-04-30": "272.00000", "2013-01-31": "271.00000", "2012-10-31": "350.00000", "2012-07-31": "485.00000", "2012-04-30": "710.00000", "2012-01-31": "504.00000", "2011-10-31": "705.00000", "2011-07-31": "857.00000", "2011-04-30": "1209.00000", "2011-01-31": "1008.00000", "2010-10-31": "865.00000", "2010-07-31": "730.00000", "2010-04-30": "832.00000", "2010-01-31": "277.00000", "2009-10-31": "864.00000", "2009-07-31": "900.00000", "2009-04-30": "448.00000", "2009-01-31": "253.00000", "2008-10-31": "466.00000", "2008-07-31": "798.00000", "2008-04-30": "537.00000", "2008-01-31": "509.00000", "2007-10-31": "333.00000", "2007-07-31": "627.00000", "2007-04-30": "406.00000", "2007-01-31": "165.00000", "2006-10-31": "121.00000", "2006-07-31": "200.00000", "2006-04-30": "277.00000", "2006-01-31": "294.00000", "2005-10-31": "296.00000", "2005-07-31": "190.00000", "2005-04-30": "161.00000", "2005-01-31": "146.00000"}, "Goodwill And Intangible Assets": {"2020-10-31": "", "2020-07-31": "", "2020-04-30": "", "2020-01-31": "", "2019-10-31": "", "2019-07-31": "", "2019-04-30": "", "2019-01-31": "303.00000", "2018-10-31": "1272.00000", "2018-07-31": "1271.00000", "2018-04-30": "1288.00000", "2018-01-31": "1307.00000", "2017-10-31": "1327.00000", "2017-07-31": "1255.00000", "2017-04-30": "1081.00000", "2017-01-31": "1082.00000", "2016-10-31": "1034.00000", "2016-07-31": "1074.00000", "2016-04-30": "154.00000", "2016-01-31": "154.00000", "2015-10-31": "154.00000", "2015-07-31": "154.00000", "2015-04-30": "", "2015-01-31": "", "2014-10-31": "", "2014-07-31": "", "2014-04-30": "", "2014-01-31": "", "2013-10-31": "", "2013-07-31": "", "2013-04-30": "", "2013-01-31": "", "2012-10-31": "", "2012-07-31": "", "2012-04-30": "", "2012-01-31": "", "2011-10-31": "", "2011-07-31": "", "2011-04-30": "", "2011-01-31": "", "2010-10-31": "", "2010-07-31": "", "2010-04-30": "", "2010-01-31": "", "2009-10-31": "", "2009-07-31": "", "2009-04-30": "", "2009-01-31": "", "2008-10-31": "", "2008-07-31": "", "2008-04-30": "", "2008-01-31": "", "2007-10-31": "", "2007-07-31": "", "2007-04-30": "", "2007-01-31": "", "2006-10-31": "", "2006-07-31": "", "2006-04-30": "", "2006-01-31": "", "2005-10-31": "", "2005-07-31": "", "2005-04-30": "", "2005-01-31": ""}, "Other Long-Term Assets": {"2020-10-31": "1015.00000", "2020-07-31": "1043.00000", "2020-04-30": "1014.00000", "2020-01-31": "1005.00000", "2019-10-31": "1016.00000", "2019-07-31": "1038.00000", "2019-04-30": "1078.00000", "2019-01-31": "995.00000", "2018-10-31": "805.00000", "2018-07-31": "843.00000", "2018-04-30": "896.00000", "2018-01-31": "915.00000", "2017-10-31": "912.00000", "2017-07-31": "930.00000", "2017-04-30": "759.00000", "2017-01-31": "789.00000", "2016-10-31": "804.00000", "2016-07-31": "918.00000", "2016-04-30": "533.00000", "2016-01-31": "511.00000", "2015-10-31": "1018.00000", "2015-07-31": "1050.00000", "2015-04-30": "1343.00000", "2015-01-31": "1349.00000", "2014-10-31": "1327.00000", "2014-07-31": "1312.00000", "2014-04-30": "1300.00000", "2014-01-31": "1323.00000", "2013-10-31": "1300.00000", "2013-07-31": "1220.00000", "2013-04-30": "1188.00000", "2013-01-31": "1134.00000", "2012-10-31": "1182.00000", "2012-07-31": "1214.00000", "2012-04-30": "1049.00000", "2012-01-31": "1013.00000", "2011-10-31": "850.00000", "2011-07-31": "825.00000", "2011-04-30": "642.00000", "2011-01-31": "635.00000", "2010-10-31": "595.00000", "2010-07-31": "508.00000", "2010-04-30": "508.00000", "2010-01-31": "497.00000", "2009-10-31": "496.00000", "2009-07-31": "462.00000", "2009-04-30": "444.00000", "2009-01-31": "460.00000", "2008-10-31": "440.00000", "2008-07-31": "381.00000", "2008-04-30": "318.00000", "2008-01-31": "313.00000", "2007-10-31": "325.00000", "2007-07-31": "341.00000", "2007-04-30": "319.00000", "2007-01-31": "317.00000", "2006-10-31": "242.00000", "2006-07-31": "188.00000", "2006-04-30": "203.00000", "2006-01-31": "203.00000", "2005-10-31": "205.00000", "2005-07-31": "198.00000", "2005-04-30": "192.00000", "2005-01-31": "178.00000"}, "Total Long-Term Assets": {"2020-10-31": "23964.00000", "2020-07-31": "24046.00000", "2020-04-30": "23906.00000", "2020-01-31": "24153.00000", "2019-10-31": "24102.00000", "2019-07-31": "23899.00000", "2019-04-30": "23884.00000", "2019-01-31": "20280.00000", "2018-10-31": "21575.00000", "2018-07-31": "21622.00000", "2018-04-30": "22204.00000", "2018-01-31": "22519.00000", "2017-10-31": "22774.00000", "2017-07-31": "22635.00000", "2017-04-30": "22337.00000", "2017-01-31": "22408.00000", "2016-10-31": "22642.00000", "2016-07-31": "23120.00000", "2016-04-30": "20704.00000", "2016-01-31": "20705.00000", "2015-10-31": "21504.00000", "2015-07-31": "21621.00000", "2015-04-30": "21779.00000", "2015-01-31": "21870.00000", "2014-10-31": "21902.00000", "2014-07-31": "22062.00000", "2014-04-30": "22277.00000", "2014-01-31": "22436.00000", "2013-10-31": "22712.00000", "2013-07-31": "22495.00000", "2013-04-30": "22717.00000", "2013-01-31": "22882.00000", "2012-10-31": "23123.00000", "2012-07-31": "23433.00000", "2012-04-30": "23580.00000", "2012-01-31": "23487.00000", "2011-10-31": "23443.00000", "2011-07-31": "23877.00000", "2011-04-30": "23911.00000", "2011-01-31": "23732.00000", "2010-10-31": "23640.00000", "2010-07-31": "23512.00000", "2010-04-30": "23719.00000", "2010-01-31": "23273.00000", "2009-10-31": "23917.00000", "2009-07-31": "24089.00000", "2009-04-30": "23607.00000", "2009-01-31": "23435.00000", "2008-10-31": "23508.00000", "2008-07-31": "23245.00000", "2008-04-30": "22496.00000", "2008-01-31": "22183.00000", "2007-10-31": "21413.00000", "2007-07-31": "20793.00000", "2007-04-30": "19912.00000", "2007-01-31": "19453.00000", "2006-10-31": "18551.00000", "2006-07-31": "17709.00000", "2006-04-30": "17240.00000", "2006-01-31": "16851.00000", "2005-10-31": "15911.00000", "2005-07-31": "15170.00000", "2005-04-30": "14663.00000", "2005-01-31": "14235.00000"}, "Total Assets": {"2020-10-31": "50880.00000", "2020-07-31": "51763.00000", "2020-04-30": "45832.00000", "2020-01-31": "39471.00000", "2019-10-31": "39764.00000", "2019-07-31": "40695.00000", "2019-04-30": "43219.00000", "2019-01-31": "34508.00000", "2018-10-31": "36713.00000", "2018-07-31": "37105.00000", "2018-04-30": "38237.00000", "2018-01-31": "35291.00000", "2017-10-31": "36783.00000", "2017-07-31": "36668.00000", "2017-04-30": "37613.00000", "2017-01-31": "34408.00000", "2016-10-31": "35370.00000", "2016-07-31": "36471.00000", "2016-04-30": "37177.00000", "2016-01-31": "31266.00000", "2015-10-31": "33644.00000", "2015-07-31": "32736.00000", "2015-04-30": "34315.00000", "2015-01-31": "31721.00000", "2014-10-31": "34032.00000", "2014-07-31": "33137.00000", "2014-04-30": "34229.00000", "2014-01-31": "32732.00000", "2013-10-31": "34077.00000", "2013-07-31": "33408.00000", "2013-04-30": "34731.00000", "2013-01-31": "32666.00000", "2012-10-31": "33953.00000", "2012-07-31": "35032.00000", "2012-04-30": "37208.00000", "2012-01-31": "33559.00000", "2011-10-31": "33866.00000", "2011-07-31": "34045.00000", "2011-04-30": "35884.00000", "2011-01-31": "33699.00000", "2010-10-31": "34341.00000", "2010-07-31": "34633.00000", "2010-04-30": "37414.00000", "2010-01-31": "33005.00000", "2009-10-31": "34348.00000", "2009-07-31": "34122.00000", "2009-04-30": "34148.00000", "2009-01-31": "32625.00000", "2008-10-31": "33029.00000", "2008-07-31": "32549.00000", "2008-04-30": "32654.00000", "2008-01-31": "30869.00000", "2007-10-31": "30189.00000", "2007-07-31": "29644.00000", "2007-04-30": "29969.00000", "2007-01-31": "27767.00000", "2006-10-31": "27173.00000", "2006-07-31": "26037.00000", "2006-04-30": "27028.00000", "2006-01-31": "24639.00000", "2005-10-31": "24953.00000", "2005-07-31": "22988.00000", "2005-04-30": "22750.00000", "2005-01-31": "21138.00000"}, "Total Current Liabilities": {"2020-10-31": "19564.00000", "2020-07-31": "21370.00000", "2020-04-30": "18325.00000", "2020-01-31": "15182.00000", "2019-10-31": "15063.00000", "2019-07-31": "15835.00000", "2019-04-30": "17781.00000", "2019-01-31": "14497.00000", "2018-10-31": "15069.00000", "2018-07-31": "14581.00000", "2018-04-30": "15774.00000", "2018-01-31": "12096.00000", "2017-10-31": "13738.00000", "2017-07-31": "13625.00000", "2017-04-30": "14686.00000", "2017-01-31": "11974.00000", "2016-10-31": "12633.00000", "2016-07-31": "13183.00000", "2016-04-30": "14121.00000", "2016-01-31": "10492.00000", "2015-10-31": "12162.00000", "2015-07-31": "12141.00000", "2015-04-30": "12970.00000", "2015-01-31": "9348.00000", "2014-10-31": "10804.00000", "2014-07-31": "10013.00000", "2014-04-30": "10814.00000", "2014-01-31": "8876.00000", "2013-10-31": "9403.00000", "2013-07-31": "9340.00000", "2013-04-30": "10439.00000", "2013-01-31": "7708.00000", "2012-10-31": "8614.00000", "2012-07-31": "9022.00000", "2012-04-30": "10996.00000", "2012-01-31": "7891.00000", "2011-10-31": "9156.00000", "2011-07-31": "8677.00000", "2011-04-30": "9921.00000", "2011-01-31": "7119.00000", "2010-10-31": "8008.00000", "2010-07-31": "7993.00000", "2010-04-30": "10881.00000", "2010-01-31": "7355.00000", "2009-10-31": "8489.00000", "2009-07-31": "8459.00000", "2009-04-30": "8735.00000", "2009-01-31": "7560.00000", "2008-10-31": "8431.00000", "2008-07-31": "8528.00000", "2008-04-30": "8973.00000", "2008-01-31": "7751.00000", "2007-10-31": "7192.00000", "2007-07-31": "8040.00000", "2007-04-30": "8621.00000", "2007-01-31": "6539.00000", "2006-10-31": "6714.00000", "2006-07-31": "6662.00000", "2006-04-30": "7980.00000", "2006-01-31": "5832.00000", "2005-10-31": "6610.00000", "2005-07-31": "6190.00000", "2005-04-30": "6807.00000", "2005-01-31": "5648.00000"}, "Long Term Debt": {"2020-10-31": "21185.00000", "2020-07-31": "20197.00000", "2020-04-30": "20200.00000", "2020-01-31": "16768.00000", "2019-10-31": "16635.00000", "2019-07-31": "16538.00000", "2019-04-30": "16542.00000", "2019-01-31": "14391.00000", "2018-10-31": "14460.00000", "2018-07-31": "14937.00000", "2018-04-30": "14948.00000", "2018-01-31": "15564.00000", "2017-10-31": "15570.00000", "2017-07-31": "15788.00000", "2017-04-30": "15770.00000", "2017-01-31": "14394.00000", "2016-10-31": "14395.00000", "2016-07-31": "14618.00000", "2016-04-30": "14322.00000", "2016-01-31": "11545.00000", "2015-10-31": "11530.00000", "2015-07-31": "10336.00000", "2015-04-30": "10324.00000", "2015-01-31": "10806.00000", "2014-10-31": "10806.00000", "2014-07-31": "10063.00000", "2014-04-30": "10080.00000", "2014-01-31": "10086.00000", "2013-10-31": "10090.00000", "2013-07-31": "9015.00000", "2013-04-30": "9026.00000", "2013-01-31": "9030.00000", "2012-10-31": "9004.00000", "2012-07-31": "9008.00000", "2012-04-30": "9018.00000", "2012-01-31": "7035.00000", "2011-10-31": "6025.00000", "2011-07-31": "6581.00000", "2011-04-30": "6538.00000", "2011-01-31": "6537.00000", "2010-10-31": "5539.00000", "2010-07-31": "5533.00000", "2010-04-30": "5531.00000", "2010-01-31": "4528.00000", "2009-10-31": "4524.00000", "2009-07-31": "4515.00000", "2009-04-30": "5023.00000", "2009-01-31": "5039.00000", "2008-10-31": "5044.00000", "2008-07-31": "5050.00000", "2008-04-30": "5576.00000", "2008-01-31": "5576.00000", "2007-10-31": "5580.00000", "2007-07-31": "4301.00000", "2007-04-30": "4306.00000", "2007-01-31": "4325.00000", "2006-10-31": "4337.00000", "2006-07-31": "3410.00000", "2006-04-30": "3446.00000", "2006-01-31": "3499.00000", "2005-10-31": "3749.00000", "2005-07-31": "2810.00000", "2005-04-30": "3058.00000", "2005-01-31": "3060.00000"}, "Other Non-Current Liabilities": {"2020-10-31": "1144.00000", "2020-07-31": "1000.00000", "2020-04-30": "761.00000", "2020-01-31": "712.00000", "2019-10-31": "791.00000", "2019-07-31": "759.00000", "2019-04-30": "759.00000", "2019-01-31": "1149.00000", "2018-10-31": "963.00000", "2018-07-31": "978.00000", "2018-04-30": "962.00000", "2018-01-31": "955.00000", "2017-10-31": "939.00000", "2017-07-31": "929.00000", "2017-04-30": "857.00000", "2017-01-31": "843.00000", "2016-10-31": "889.00000", "2016-07-31": "904.00000", "2016-04-30": "796.00000", "2016-01-31": "846.00000", "2015-10-31": "843.00000", "2015-07-31": "833.00000", "2015-04-30": "817.00000", "2015-01-31": "869.00000", "2014-10-31": "864.00000", "2014-07-31": "891.00000", "2014-04-30": "862.00000", "2014-01-31": "896.00000", "2013-10-31": "881.00000", "2013-07-31": "868.00000", "2013-04-30": "857.00000", "2013-01-31": "901.00000", "2012-10-31": "904.00000", "2012-07-31": "872.00000", "2012-04-30": "863.00000", "2012-01-31": "865.00000", "2011-10-31": "867.00000", "2011-07-31": "856.00000", "2011-04-30": "818.00000", "2011-01-31": "833.00000", "2010-10-31": "825.00000", "2010-07-31": "830.00000", "2010-04-30": "886.00000", "2010-01-31": "906.00000", "2009-10-31": "1421.00000", "2009-07-31": "1468.00000", "2009-04-30": "1420.00000", "2009-01-31": "1372.00000", "2008-10-31": "846.00000", "2008-07-31": "824.00000", "2008-04-30": "787.00000", "2008-01-31": "774.00000", "2007-10-31": "748.00000", "2007-07-31": "706.00000", "2007-04-30": "659.00000", "2007-01-31": "443.00000", "2006-10-31": "353.00000", "2006-07-31": "334.00000", "2006-04-30": "304.00000", "2006-01-31": "277.00000", "2005-10-31": "290.00000", "2005-07-31": "252.00000", "2005-04-30": "208.00000", "2005-01-31": "159.00000"}, "Total Long Term Liabilities": {"2020-10-31": "27243.00000", "2020-07-31": "26037.00000", "2020-04-30": "25791.00000", "2020-01-31": "22317.00000", "2019-10-31": "22243.00000", "2019-07-31": "22220.00000", "2019-04-30": "22202.00000", "2019-01-31": "16367.00000", "2018-10-31": "16250.00000", "2018-07-31": "16743.00000", "2018-04-30": "16718.00000", "2018-01-31": "17322.00000", "2017-10-31": "17303.00000", "2017-07-31": "17507.00000", "2017-04-30": "17396.00000", "2017-01-31": "16000.00000", "2016-10-31": "16029.00000", "2016-07-31": "16266.00000", "2016-04-30": "15844.00000", "2016-01-31": "13120.00000", "2015-10-31": "13104.00000", "2015-07-31": "11908.00000", "2015-04-30": "11868.00000", "2015-01-31": "12405.00000", "2014-10-31": "12498.00000", "2014-07-31": "11884.00000", "2014-04-30": "11933.00000", "2014-01-31": "12003.00000", "2013-10-31": "12023.00000", "2013-07-31": "11006.00000", "2013-04-30": "11040.00000", "2013-01-31": "11101.00000", "2012-10-31": "11114.00000", "2012-07-31": "11186.00000", "2012-04-30": "11009.00000", "2012-01-31": "9135.00000", "2011-10-31": "7901.00000", "2011-07-31": "8589.00000", "2011-04-30": "8504.00000", "2011-01-31": "8468.00000", "2010-10-31": "7441.00000", "2010-07-31": "7427.00000", "2010-04-30": "7514.00000", "2010-01-31": "6581.00000", "2009-10-31": "6440.00000", "2009-07-31": "6487.00000", "2009-04-30": "6976.00000", "2009-01-31": "7010.00000", "2008-10-31": "6641.00000", "2008-07-31": "6515.00000", "2008-04-30": "7062.00000", "2008-01-31": "7020.00000", "2007-10-31": "6943.00000", "2007-07-31": "5635.00000", "2007-04-30": "5622.00000", "2007-01-31": "5503.00000", "2006-10-31": "5373.00000", "2006-07-31": "4455.00000", "2006-04-30": "4467.00000", "2006-01-31": "4511.00000", "2005-10-31": "4784.00000", "2005-07-31": "3753.00000", "2005-04-30": "3968.00000", "2005-01-31": "3955.00000"}, "Total Liabilities": {"2020-10-31": "46807.00000", "2020-07-31": "47407.00000", "2020-04-30": "44116.00000", "2020-01-31": "37499.00000", "2019-10-31": "37306.00000", "2019-07-31": "38055.00000", "2019-04-30": "39983.00000", "2019-01-31": "30864.00000", "2018-10-31": "31319.00000", "2018-07-31": "31324.00000", "2018-04-30": "32492.00000", "2018-01-31": "29418.00000", "2017-10-31": "31041.00000", "2017-07-31": "31132.00000", "2017-04-30": "32082.00000", "2017-01-31": "27974.00000", "2016-10-31": "28662.00000", "2016-07-31": "29449.00000", "2016-04-30": "29965.00000", "2016-01-31": "23612.00000", "2015-10-31": "25266.00000", "2015-07-31": "24049.00000", "2015-04-30": "24838.00000", "2015-01-31": "21753.00000", "2014-10-31": "23302.00000", "2014-07-31": "21897.00000", "2014-04-30": "22747.00000", "2014-01-31": "20879.00000", "2013-10-31": "21426.00000", "2013-07-31": "20346.00000", "2013-04-30": "21479.00000", "2013-01-31": "18809.00000", "2012-10-31": "19728.00000", "2012-07-31": "20208.00000", "2012-04-30": "22005.00000", "2012-01-31": "17026.00000", "2011-10-31": "17057.00000", "2011-07-31": "17266.00000", "2011-04-30": "18425.00000", "2011-01-31": "15587.00000", "2010-10-31": "15449.00000", "2010-07-31": "15420.00000", "2010-04-30": "18395.00000", "2010-01-31": "13936.00000", "2009-10-31": "14929.00000", "2009-07-31": "14946.00000", "2009-04-30": "15711.00000", "2009-01-31": "14570.00000", "2008-10-31": "15072.00000", "2008-07-31": "15043.00000", "2008-04-30": "16035.00000", "2008-01-31": "14771.00000", "2007-10-31": "14135.00000", "2007-07-31": "13675.00000", "2007-04-30": "14243.00000", "2007-01-31": "12042.00000", "2006-10-31": "12087.00000", "2006-07-31": "11117.00000", "2006-04-30": "12447.00000", "2006-01-31": "10343.00000", "2005-10-31": "11394.00000", "2005-07-31": "9943.00000", "2005-04-30": "10775.00000", "2005-01-31": "9603.00000"}, "Common Stock Net": {"2020-10-31": "376.00000", "2020-07-31": "378.00000", "2020-04-30": "377.00000", "2020-01-31": "381.00000", "2019-10-31": "384.00000", "2019-07-31": "388.00000", "2019-04-30": "397.00000", "2019-01-31": "401.00000", "2018-10-31": "403.00000", "2018-07-31": "406.00000", "2018-04-30": "411.00000", "2018-01-31": "415.00000", "2017-10-31": "415.00000", "2017-07-31": "419.00000", "2017-04-30": "426.00000", "2017-01-31": "433.00000", "2016-10-31": "437.00000", "2016-07-31": "440.00000", "2016-04-30": "447.00000", "2016-01-31": "455.00000", "2015-10-31": "459.00000", "2015-07-31": "464.00000", "2015-04-30": "473.00000", "2015-01-31": "480.00000", "2014-10-31": "487.00000", "2014-07-31": "496.00000", "2014-04-30": "506.00000", "2014-01-31": "515.00000", "2013-10-31": "525.00000", "2013-07-31": "532.00000", "2013-04-30": "544.00000", "2013-01-31": "555.00000", "2012-10-31": "561.00000", "2012-07-31": "576.00000", "2012-04-30": "594.00000", "2012-01-31": "621.00000", "2011-10-31": "630.00000", "2011-07-31": "630.00000", "2011-04-30": "659.00000", "2011-01-31": "677.00000", "2010-10-31": "697.00000", "2010-07-31": "711.00000", "2010-04-30": "722.00000", "2010-01-31": "729.00000", "2009-10-31": "739.00000", "2009-07-31": "738.00000", "2009-04-30": "737.00000", "2009-01-31": "735.00000", "2008-10-31": "734.00000", "2008-07-31": "732.00000", "2008-04-30": "731.00000", "2008-01-31": "729.00000", "2007-10-31": "735.00000", "2007-07-31": "742.00000", "2007-04-30": "753.00000", "2007-01-31": "762.00000", "2006-10-31": "760.00000", "2006-07-31": "769.00000", "2006-04-30": "778.00000", "2006-01-31": "784.00000", "2005-10-31": "780.00000", "2005-07-31": "780.00000", "2005-04-30": "387.00000", "2005-01-31": "387.00000"}, "Retained Earnings (Accumulated Deficit)": {"2020-10-31": "3942.00000", "2020-07-31": "4134.00000", "2020-04-30": "1722.00000", "2020-01-31": "1727.00000", "2019-10-31": "2238.00000", "2019-07-31": "2439.00000", "2019-04-30": "3095.00000", "2019-01-31": "3452.00000", "2018-10-31": "5156.00000", "2018-07-31": "5517.00000", "2018-04-30": "5405.00000", "2018-01-31": "5425.00000", "2017-10-31": "5289.00000", "2017-07-31": "5253.00000", "2017-04-30": "5346.00000", "2017-01-31": "6241.00000", "2016-10-31": "6376.00000", "2016-07-31": "6839.00000", "2016-04-30": "7074.00000", "2016-01-31": "7593.00000", "2015-10-31": "8298.00000", "2015-07-31": "8533.00000", "2015-04-30": "9085.00000", "2015-01-31": "9591.00000", "2014-10-31": "10271.00000", "2014-07-31": "10749.00000", "2014-04-30": "10985.00000", "2014-01-31": "11355.00000", "2013-10-31": "12103.00000", "2013-07-31": "12504.00000", "2013-04-30": "12618.00000", "2013-01-31": "13224.00000", "2012-10-31": "13602.00000", "2012-07-31": "14199.00000", "2012-04-30": "14557.00000", "2012-01-31": "15852.00000", "2011-10-31": "16109.00000", "2011-07-31": "16060.00000", "2011-04-30": "16715.00000", "2011-01-31": "17371.00000", "2010-10-31": "18144.00000", "2010-07-31": "18454.00000", "2010-04-30": "18246.00000", "2010-01-31": "18307.00000", "2009-10-31": "18236.00000", "2009-07-31": "18025.00000", "2009-04-30": "17399.00000", "2009-01-31": "17049.00000", "2008-10-31": "17012.00000", "2008-07-31": "16648.00000", "2008-04-30": "15835.00000", "2008-01-31": "15345.00000", "2007-10-31": "15281.00000", "2007-07-31": "15210.00000", "2007-04-30": "14968.00000", "2007-01-31": "14860.00000", "2006-10-31": "14323.00000", "2006-07-31": "13843.00000", "2006-04-30": "12985.00000", "2006-01-31": "12191.00000", "2005-10-31": "11544.00000", "2005-07-31": "10944.00000", "2005-04-30": "10152.00000", "2005-01-31": "9634.00000"}, "Comprehensive Income": {"2020-10-31": "-245.00000", "2020-07-31": "-285.00000", "2020-04-30": "-393.00000", "2020-01-31": "-136.00000", "2019-10-31": "-164.00000", "2019-07-31": "-187.00000", "2019-04-30": "-256.00000", "2019-01-31": "-209.00000", "2018-10-31": "-165.00000", "2018-07-31": "-142.00000", "2018-04-30": "-71.00000", "2018-01-31": "11.00000", "2017-10-31": "38.00000", "2017-07-31": "-136.00000", "2017-04-30": "-241.00000", "2017-01-31": "-240.00000", "2016-10-31": "-214.00000", "2016-07-31": "-366.00000", "2016-04-30": "-309.00000", "2016-01-31": "-394.00000", "2015-10-31": "-379.00000", "2015-07-31": "-310.00000", "2015-04-30": "-81.00000", "2015-01-31": "-103.00000", "2014-10-31": "-28.00000", "2014-07-31": "-5.00000", "2014-04-30": "-9.00000", "2014-01-31": "-17.00000", "2013-10-31": "23.00000", "2013-07-31": "26.00000", "2013-04-30": "52.00000", "2013-01-31": "52.00000", "2012-10-31": "53.00000", "2012-07-31": "47.00000", "2012-04-30": "52.00000", "2012-01-31": "46.00000", "2011-10-31": "46.00000", "2011-07-31": "82.00000", "2011-04-30": "85.00000", "2011-01-31": "53.00000", "2010-10-31": "45.00000", "2010-07-31": "39.00000", "2010-04-30": "45.00000", "2010-01-31": "27.00000", "2009-10-31": "46.00000", "2009-07-31": "46.00000", "2009-04-30": "5.00000", "2009-01-31": "-6.00000", "2008-10-31": "-4.00000", "2008-07-31": "8.00000", "2008-04-30": "5.00000", "2008-01-31": "8.00000", "2007-10-31": "18.00000", "2007-07-31": "6.00000", "2007-04-30": "5.00000", "2007-01-31": "1.00000", "2006-10-31": "3.00000", "2006-07-31": "1.00000", "2006-04-30": "2.00000", "2006-01-31": "1.00000", "2005-10-31": "", "2005-07-31": "1.00000", "2005-04-30": "-1.00000", "2005-01-31": ""}, "Other Share Holders Equity": {"2020-10-31": "", "2020-07-31": "", "2020-04-30": "", "2020-01-31": "", "2019-10-31": "", "2019-07-31": "", "2019-04-30": "", "2019-01-31": "", "2018-10-31": "", "2018-07-31": "", "2018-04-30": "", "2018-01-31": "", "2017-10-31": "", "2017-07-31": "", "2017-04-30": "", "2017-01-31": "", "2016-10-31": "", "2016-07-31": "", "2016-04-30": "", "2016-01-31": "", "2015-10-31": "", "2015-07-31": "", "2015-04-30": "", "2015-01-31": "", "2014-10-31": "", "2014-07-31": "", "2014-04-30": "", "2014-01-31": "", "2013-10-31": "", "2013-07-31": "", "2013-04-30": "", "2013-01-31": "", "2012-10-31": "", "2012-07-31": "", "2012-04-30": "", "2012-01-31": "", "2011-10-31": "", "2011-07-31": "", "2011-04-30": "", "2011-01-31": "", "2010-10-31": "", "2010-07-31": "", "2010-04-30": "", "2010-01-31": "", "2009-10-31": "", "2009-07-31": "", "2009-04-30": "", "2009-01-31": "", "2008-10-31": "", "2008-07-31": "", "2008-04-30": "", "2008-01-31": "", "2007-10-31": "", "2007-07-31": "", "2007-04-30": "", "2007-01-31": "", "2006-10-31": "", "2006-07-31": "", "2006-04-30": "", "2006-01-31": "", "2005-10-31": "", "2005-07-31": "", "2005-04-30": "", "2005-01-31": ""}, "Share Holder Equity": {"2020-10-31": "4073.00000", "2020-07-31": "4356.00000", "2020-04-30": "1716.00000", "2020-01-31": "1972.00000", "2019-10-31": "2458.00000", "2019-07-31": "2640.00000", "2019-04-30": "3236.00000", "2019-01-31": "3644.00000", "2018-10-31": "5394.00000", "2018-07-31": "5781.00000", "2018-04-30": "5745.00000", "2018-01-31": "5873.00000", "2017-10-31": "5742.00000", "2017-07-31": "5536.00000", "2017-04-30": "5531.00000", "2017-01-31": "6434.00000", "2016-10-31": "6708.00000", "2016-07-31": "7022.00000", "2016-04-30": "7212.00000", "2016-01-31": "7654.00000", "2015-10-31": "8378.00000", "2015-07-31": "8687.00000", "2015-04-30": "9477.00000", "2015-01-31": "9968.00000", "2014-10-31": "10730.00000", "2014-07-31": "11240.00000", "2014-04-30": "11482.00000", "2014-01-31": "11853.00000", "2013-10-31": "12651.00000", "2013-07-31": "13062.00000", "2013-04-30": "13252.00000", "2013-01-31": "13857.00000", "2012-10-31": "14225.00000", "2012-07-31": "14824.00000", "2012-04-30": "15203.00000", "2012-01-31": "16533.00000", "2011-10-31": "16809.00000", "2011-07-31": "16779.00000", "2011-04-30": "17459.00000", "2011-01-31": "18112.00000", "2010-10-31": "18892.00000", "2010-07-31": "19213.00000", "2010-04-30": "19019.00000", "2010-01-31": "19069.00000", "2009-10-31": "19419.00000", "2009-07-31": "19176.00000", "2009-04-30": "18437.00000", "2009-01-31": "18055.00000", "2008-10-31": "17957.00000", "2008-07-31": "17506.00000", "2008-04-30": "16619.00000", "2008-01-31": "16098.00000", "2007-10-31": "16054.00000", "2007-07-31": "15969.00000", "2007-04-30": "15726.00000", "2007-01-31": "15725.00000", "2006-10-31": "15086.00000", "2006-07-31": "14920.00000", "2006-04-30": "14581.00000", "2006-01-31": "14296.00000", "2005-10-31": "13559.00000", "2005-07-31": "13045.00000", "2005-04-30": "11975.00000", "2005-01-31": "11535.00000"}, "Total Liabilities And Share Holders Equity": {"2020-10-31": "50880.00000", "2020-07-31": "51763.00000", "2020-04-30": "45832.00000", "2020-01-31": "39471.00000", "2019-10-31": "39764.00000", "2019-07-31": "40695.00000", "2019-04-30": "43219.00000", "2019-01-31": "34508.00000", "2018-10-31": "36713.00000", "2018-07-31": "37105.00000", "2018-04-30": "38237.00000", "2018-01-31": "35291.00000", "2017-10-31": "36783.00000", "2017-07-31": "36668.00000", "2017-04-30": "37613.00000", "2017-01-31": "34408.00000", "2016-10-31": "35370.00000", "2016-07-31": "36471.00000", "2016-04-30": "37177.00000", "2016-01-31": "31266.00000", "2015-10-31": "33644.00000", "2015-07-31": "32736.00000", "2015-04-30": "34315.00000", "2015-01-31": "31721.00000", "2014-10-31": "34032.00000", "2014-07-31": "33137.00000", "2014-04-30": "34229.00000", "2014-01-31": "32732.00000", "2013-10-31": "34077.00000", "2013-07-31": "33408.00000", "2013-04-30": "34731.00000", "2013-01-31": "32666.00000", "2012-10-31": "33953.00000", "2012-07-31": "35032.00000", "2012-04-30": "37208.00000", "2012-01-31": "33559.00000", "2011-10-31": "33866.00000", "2011-07-31": "34045.00000", "2011-04-30": "35884.00000", "2011-01-31": "33699.00000", "2010-10-31": "34341.00000", "2010-07-31": "34633.00000", "2010-04-30": "37414.00000", "2010-01-31": "33005.00000", "2009-10-31": "34348.00000", "2009-07-31": "34122.00000", "2009-04-30": "34148.00000", "2009-01-31": "32625.00000", "2008-10-31": "33029.00000", "2008-07-31": "32549.00000", "2008-04-30": "32654.00000", "2008-01-31": "30869.00000", "2007-10-31": "30189.00000", "2007-07-31": "29644.00000", "2007-04-30": "29969.00000", "2007-01-31": "27767.00000", "2006-10-31": "27173.00000", "2006-07-31": "26037.00000", "2006-04-30": "27028.00000", "2006-01-31": "24639.00000", "2005-10-31": "24953.00000", "2005-07-31": "22988.00000", "2005-04-30": "22750.00000", "2005-01-31": "21138.00000"}}, "cash flow statement": {"Net Income/Loss": {"2020-01-31": "4281.00000", "2019-01-31": "2314.00000", "2018-01-31": "3447.00000", "2017-01-31": "3093.00000", "2016-01-31": "2546.00000", "2015-01-31": "2698.00000", "2014-01-31": "2286.00000", "2013-01-31": "1959.00000", "2012-01-31": "1839.00000", "2011-01-31": "2010.00000", "2010-01-31": "1783.00000", "2009-01-31": "2195.00000", "2008-01-31": "2809.00000", "2007-01-31": "3105.00000", "2006-01-31": "2765.00000", "2005-01-31": "2167.00000"}, "Total Depreciation And Amortization - Cash Flow": {"2020-01-31": "1410.00000", "2019-01-31": "2559.00000", "2018-01-31": "1540.00000", "2017-01-31": "1590.00000", "2016-01-31": "1587.00000", "2015-01-31": "1586.00000", "2014-01-31": "1562.00000", "2013-01-31": "1623.00000", "2012-01-31": "1579.00000", "2011-01-31": "1684.00000", "2010-01-31": "1733.00000", "2009-01-31": "1667.00000", "2008-01-31": "1464.00000", "2007-01-31": "1237.00000", "2006-01-31": "1051.00000", "2005-01-31": "926.00000"}, "Other Non-Cash Items": {"2020-01-31": "872.00000", "2019-01-31": "562.00000", "2018-01-31": "574.00000", "2017-01-31": "563.00000", "2016-01-31": "673.00000", "2015-01-31": "77.00000", "2014-01-31": "54.00000", "2013-01-31": "91.00000", "2012-01-31": "629.00000", "2011-01-31": "89.00000", "2010-01-31": "172.00000", "2009-01-31": "261.00000", "2008-01-31": "152.00000", "2007-01-31": "79.00000", "2006-01-31": "70.00000", "2005-01-31": "227.00000"}, "Total Non-Cash Items": {"2020-01-31": "2282.00000", "2019-01-31": "3121.00000", "2018-01-31": "2114.00000", "2017-01-31": "2153.00000", "2016-01-31": "2260.00000", "2015-01-31": "1663.00000", "2014-01-31": "1616.00000", "2013-01-31": "1714.00000", "2012-01-31": "2208.00000", "2011-01-31": "1773.00000", "2010-01-31": "1905.00000", "2009-01-31": "1928.00000", "2008-01-31": "1616.00000", "2007-01-31": "1316.00000", "2006-01-31": "1121.00000", "2005-01-31": "1153.00000"}, "Change In Accounts Receivable": {"2020-01-31": "", "2019-01-31": "", "2018-01-31": "", "2017-01-31": "", "2016-01-31": "", "2015-01-31": "", "2014-01-31": "", "2013-01-31": "", "2012-01-31": "", "2011-01-31": "", "2010-01-31": "", "2009-01-31": "", "2008-01-31": "", "2007-01-31": "", "2006-01-31": "", "2005-01-31": ""}, "Change In Inventories": {"2020-01-31": "-600.00000", "2019-01-31": "-1289.00000", "2018-01-31": "-791.00000", "2017-01-31": "-178.00000", "2016-01-31": "-582.00000", "2015-01-31": "170.00000", "2014-01-31": "-396.00000", "2013-01-31": "-244.00000", "2012-01-31": "-33.00000", "2011-01-31": "-64.00000", "2010-01-31": "-28.00000", "2009-01-31": "-611.00000", "2008-01-31": "-464.00000", "2007-01-31": "-509.00000", "2006-01-31": "-785.00000", "2005-01-31": "-1358.00000"}, "Change In Accounts Payable": {"2020-01-31": "-637.00000", "2019-01-31": "1720.00000", "2018-01-31": "-92.00000", "2017-01-31": "653.00000", "2016-01-31": "524.00000", "2015-01-31": "127.00000", "2014-01-31": "291.00000", "2013-01-31": "303.00000", "2012-01-31": "-5.00000", "2011-01-31": "60.00000", "2010-01-31": "175.00000", "2009-01-31": "402.00000", "2008-01-31": "185.00000", "2007-01-31": "692.00000", "2006-01-31": "137.00000", "2005-01-31": "483.00000"}, "Change In Assets/Liabilities": {"2020-01-31": "-1030.00000", "2019-01-31": "327.00000", "2018-01-31": "387.00000", "2017-01-31": "-104.00000", "2016-01-31": "36.00000", "2015-01-31": "271.00000", "2014-01-31": "314.00000", "2013-01-31": "30.00000", "2012-01-31": "340.00000", "2011-01-31": "73.00000", "2010-01-31": "219.00000", "2009-01-31": "208.00000", "2008-01-31": "201.00000", "2007-01-31": "-102.00000", "2006-01-31": "604.00000", "2005-01-31": "628.00000"}, "Total Change In Assets/Liabilities": {"2020-01-31": "-2267.00000", "2019-01-31": "758.00000", "2018-01-31": "-496.00000", "2017-01-31": "371.00000", "2016-01-31": "-22.00000", "2015-01-31": "568.00000", "2014-01-31": "209.00000", "2013-01-31": "89.00000", "2012-01-31": "302.00000", "2011-01-31": "69.00000", "2010-01-31": "366.00000", "2009-01-31": "-1.00000", "2008-01-31": "-78.00000", "2007-01-31": "81.00000", "2006-01-31": "-44.00000", "2005-01-31": "-247.00000"}, "Cash Flow From Operating Activities": {"2020-01-31": "4296.00000", "2019-01-31": "6193.00000", "2018-01-31": "5065.00000", "2017-01-31": "5617.00000", "2016-01-31": "4784.00000", "2015-01-31": "4929.00000", "2014-01-31": "4111.00000", "2013-01-31": "3762.00000", "2012-01-31": "4349.00000", "2011-01-31": "3852.00000", "2010-01-31": "4054.00000", "2009-01-31": "4122.00000", "2008-01-31": "4347.00000", "2007-01-31": "4502.00000", "2006-01-31": "3842.00000", "2005-01-31": "3073.00000"}, "Net Change In Property, Plant, And Equipment": {"2020-01-31": "-1321.00000", "2019-01-31": "-1098.00000", "2018-01-31": "-1078.00000", "2017-01-31": "-1130.00000", "2016-01-31": "-1140.00000", "2015-01-31": "-828.00000", "2014-01-31": "-865.00000", "2013-01-31": "-1081.00000", "2012-01-31": "-1777.00000", "2011-01-31": "-1304.00000", "2010-01-31": "-1781.00000", "2009-01-31": "-3237.00000", "2008-01-31": "-3953.00000", "2007-01-31": "-3844.00000", "2006-01-31": "-3318.00000", "2005-01-31": "-2841.00000"}, "Net Change In Intangible Assets": {"2020-01-31": "", "2019-01-31": "", "2018-01-31": "", "2017-01-31": "", "2016-01-31": "", "2015-01-31": "", "2014-01-31": "", "2013-01-31": "", "2012-01-31": "", "2011-01-31": "", "2010-01-31": "", "2009-01-31": "", "2008-01-31": "", "2007-01-31": "", "2006-01-31": "", "2005-01-31": ""}, "Net Acquisitions/Divestitures": {"2020-01-31": "", "2019-01-31": "", "2018-01-31": "-509.00000", "2017-01-31": "-2356.00000", "2016-01-31": "", "2015-01-31": "", "2014-01-31": "-203.00000", "2013-01-31": "", "2012-01-31": "-100.00000", "2011-01-31": "", "2010-01-31": "", "2009-01-31": "", "2008-01-31": "", "2007-01-31": "", "2006-01-31": "", "2005-01-31": ""}, "Net Change In Short-term Investments": {"2020-01-31": "", "2019-01-31": "", "2018-01-31": "", "2017-01-31": "", "2016-01-31": "-50.00000", "2015-01-31": "-15.00000", "2014-01-31": "-50.00000", "2013-01-31": "393.00000", "2012-01-31": "-1433.00000", "2011-01-31": "-2605.00000", "2010-01-31": "-1827.00000", "2009-01-31": "", "2008-01-31": "263.00000", "2007-01-31": "288.00000", "2006-01-31": "-27.00000", "2005-01-31": "619.00000"}, "Net Change In Long-Term Investments": {"2020-01-31": "-48.00000", "2019-01-31": "20.00000", "2018-01-31": "133.00000", "2017-01-31": "62.00000", "2016-01-31": "-125.00000", "2015-01-31": "-241.00000", "2014-01-31": "-173.00000", "2013-01-31": "-219.00000", "2012-01-31": "1888.00000", "2011-01-31": "1739.00000", "2010-01-31": "1724.00000", "2009-01-31": "67.00000", "2008-01-31": "-426.00000", "2007-01-31": "-143.00000", "2006-01-31": "-299.00000", "2005-01-31": "-128.00000"}, "Net Change In Investments - Total": {"2020-01-31": "-48.00000", "2019-01-31": "20.00000", "2018-01-31": "133.00000", "2017-01-31": "62.00000", "2016-01-31": "-175.00000", "2015-01-31": "-256.00000", "2014-01-31": "-223.00000", "2013-01-31": "174.00000", "2012-01-31": "455.00000", "2011-01-31": "-866.00000", "2010-01-31": "-103.00000", "2009-01-31": "67.00000", "2008-01-31": "-163.00000", "2007-01-31": "145.00000", "2006-01-31": "-326.00000", "2005-01-31": "491.00000"}, "Investing Activities - Other": {"2020-01-31": "", "2019-01-31": "-2.00000", "2018-01-31": "13.00000", "2017-01-31": "63.00000", "2016-01-31": "-28.00000", "2015-01-31": "-4.00000", "2014-01-31": "5.00000", "2013-01-31": "4.00000", "2012-01-31": "-15.00000", "2011-01-31": "-14.00000", "2010-01-31": "-2.00000", "2009-01-31": "-56.00000", "2008-01-31": "-7.00000", "2007-01-31": "-16.00000", "2006-01-31": "-30.00000", "2005-01-31": "-12.00000"}, "Cash Flow From Investing Activities": {"2020-01-31": "-1369.00000", "2019-01-31": "-1080.00000", "2018-01-31": "-1441.00000", "2017-01-31": "-3361.00000", "2016-01-31": "-1343.00000", "2015-01-31": "-1088.00000", "2014-01-31": "-1286.00000", "2013-01-31": "-903.00000", "2012-01-31": "-1437.00000", "2011-01-31": "-2184.00000", "2010-01-31": "-1886.00000", "2009-01-31": "-3226.00000", "2008-01-31": "-4123.00000", "2007-01-31": "-3715.00000", "2006-01-31": "-3674.00000", "2005-01-31": "-2362.00000"}, "Net Long-Term Debt": {"2020-01-31": "2859.00000", "2019-01-31": "-326.00000", "2018-01-31": "119.00000", "2017-01-31": "2094.00000", "2016-01-31": "1166.00000", "2015-01-31": "1191.00000", "2014-01-31": "938.00000", "2013-01-31": "1393.00000", "2012-01-31": "956.00000", "2011-01-31": "1433.00000", "2010-01-31": "-27.00000", "2009-01-31": "-558.00000", "2008-01-31": "1200.00000", "2007-01-31": "956.00000", "2006-01-31": "380.00000", "2005-01-31": "-82.00000"}, "Net Current Debt": {"2020-01-31": "220.00000", "2019-01-31": "-415.00000", "2018-01-31": "625.00000", "2017-01-31": "466.00000", "2016-01-31": "43.00000", "2015-01-31": "-386.00000", "2014-01-31": "386.00000", "2013-01-31": "", "2012-01-31": "", "2011-01-31": "", "2010-01-31": "-1007.00000", "2009-01-31": "-57.00000", "2008-01-31": "1041.00000", "2007-01-31": "23.00000", "2006-01-31": "", "2005-01-31": ""}, "Debt Issuance/Retirement Net - Total": {"2020-01-31": "3079.00000", "2019-01-31": "-741.00000", "2018-01-31": "744.00000", "2017-01-31": "2560.00000", "2016-01-31": "1209.00000", "2015-01-31": "805.00000", "2014-01-31": "1324.00000", "2013-01-31": "1393.00000", "2012-01-31": "956.00000", "2011-01-31": "1433.00000", "2010-01-31": "-1034.00000", "2009-01-31": "-615.00000", "2008-01-31": "2241.00000", "2007-01-31": "979.00000", "2006-01-31": "380.00000", "2005-01-31": "-82.00000"}, "Net Common Equity Issued/Repurchased": {"2020-01-31": "-4195.00000", "2019-01-31": "-2923.00000", "2018-01-31": "-3053.00000", "2017-01-31": "-3456.00000", "2016-01-31": "-3800.00000", "2015-01-31": "-3768.00000", "2014-01-31": "-3545.00000", "2013-01-31": "-4044.00000", "2012-01-31": "-2837.00000", "2011-01-31": "-2514.00000", "2010-01-31": "-376.00000", "2009-01-31": "166.00000", "2008-01-31": "-2126.00000", "2007-01-31": "-1561.00000", "2006-01-31": "-484.00000", "2005-01-31": "-849.00000"}, "Net Total Equity Issued/Repurchased": {"2020-01-31": "-4195.00000", "2019-01-31": "-2923.00000", "2018-01-31": "-3053.00000", "2017-01-31": "-3456.00000", "2016-01-31": "-3800.00000", "2015-01-31": "-3768.00000", "2014-01-31": "-3545.00000", "2013-01-31": "-4044.00000", "2012-01-31": "-2837.00000", "2011-01-31": "-2514.00000", "2010-01-31": "-376.00000", "2009-01-31": "166.00000", "2008-01-31": "-2126.00000", "2007-01-31": "-1561.00000", "2006-01-31": "-484.00000", "2005-01-31": "-849.00000"}, "Total Common And Preferred Stock Dividends Paid": {"2020-01-31": "-1618.00000", "2019-01-31": "-1455.00000", "2018-01-31": "-1288.00000", "2017-01-31": "-1121.00000", "2016-01-31": "-957.00000", "2015-01-31": "-822.00000", "2014-01-31": "-733.00000", "2013-01-31": "-704.00000", "2012-01-31": "-647.00000", "2011-01-31": "-571.00000", "2010-01-31": "-391.00000", "2009-01-31": "-491.00000", "2008-01-31": "-428.00000", "2007-01-31": "-276.00000", "2006-01-31": "-171.00000", "2005-01-31": "-116.00000"}, "Financial Activities - Other": {"2020-01-31": "-1.00000", "2019-01-31": "-5.00000", "2018-01-31": "-10.00000", "2017-01-31": "-75.00000", "2016-01-31": "55.00000", "2015-01-31": "24.00000", "2014-01-31": "-15.00000", "2013-01-31": "22.00000", "2012-01-31": "-21.00000", "2011-01-31": "1.00000", "2010-01-31": "", "2009-01-31": "1.00000", "2008-01-31": "6.00000", "2007-01-31": "12.00000", "2006-01-31": "", "2005-01-31": ""}, "Cash Flow From Financial Activities": {"2020-01-31": "-2735.00000", "2019-01-31": "-5124.00000", "2018-01-31": "-3607.00000", "2017-01-31": "-2092.00000", "2016-01-31": "-3493.00000", "2015-01-31": "-3761.00000", "2014-01-31": "-2969.00000", "2013-01-31": "-3333.00000", "2012-01-31": "-2549.00000", "2011-01-31": "-1651.00000", "2010-01-31": "-1801.00000", "2009-01-31": "-939.00000", "2008-01-31": "-307.00000", "2007-01-31": "-846.00000", "2006-01-31": "-275.00000", "2005-01-31": "-1047.00000"}, "Net Cash Flow": {"2020-01-31": "205.00000", "2019-01-31": "-77.00000", "2018-01-31": "30.00000", "2017-01-31": "153.00000", "2016-01-31": "-61.00000", "2015-01-31": "75.00000", "2014-01-31": "-150.00000", "2013-01-31": "-473.00000", "2012-01-31": "362.00000", "2011-01-31": "20.00000", "2010-01-31": "387.00000", "2009-01-31": "-36.00000", "2008-01-31": "-83.00000", "2007-01-31": "-59.00000", "2006-01-31": "-107.00000", "2005-01-31": "-336.00000"}, "Stock-Based Compensation": {"2020-01-31": "98.00000", "2019-01-31": "74.00000", "2018-01-31": "99.00000", "2017-01-31": "90.00000", "2016-01-31": "117.00000", "2015-01-31": "119.00000", "2014-01-31": "100.00000", "2013-01-31": "100.00000", "2012-01-31": "107.00000", "2011-01-31": "115.00000", "2010-01-31": "102.00000", "2009-01-31": "95.00000", "2008-01-31": "99.00000", "2007-01-31": "62.00000", "2006-01-31": "76.00000", "2005-01-31": "70.00000"}, "Common Stock Dividends Paid": {"2020-01-31": "-1618.00000", "2019-01-31": "-1455.00000", "2018-01-31": "-1288.00000", "2017-01-31": "-1121.00000", "2016-01-31": "-957.00000", "2015-01-31": "-822.00000", "2014-01-31": "-733.00000", "2013-01-31": "-704.00000", "2012-01-31": "-647.00000", "2011-01-31": "-571.00000", "2010-01-31": "-391.00000", "2009-01-31": "-491.00000", "2008-01-31": "-428.00000", "2007-01-31": "-276.00000", "2006-01-31": "-171.00000", "2005-01-31": "-116.00000"}}, "cash flow statement, quarterly": {"Net Income/Loss": {"2020-10-31": 692, "2020-07-31": 2828, "2020-04-30": "1337.00000", "2020-01-31": 510, "2019-10-31": 1049, "2019-07-31": 1676, "2019-04-30": "1046.00000", "2019-01-31": -824, "2018-10-31": 629, "2018-07-31": 1521, "2018-04-30": "988.00000", "2018-01-31": 554, "2017-10-31": 872, "2017-07-31": 1419, "2017-04-30": "602.00000", "2017-01-31": 663, "2016-10-31": 379, "2016-07-31": 1167, "2016-04-30": "884.00000", "2016-01-31": 11, "2015-10-31": 736, "2015-07-31": 1126, "2015-04-30": "673.00000", "2015-01-31": 450, "2014-10-31": 585, "2014-07-31": 1039, "2014-04-30": "624.00000", "2014-01-31": 306, "2013-10-31": 498, "2013-07-31": 942, "2013-04-30": "540.00000", "2013-01-31": 289, "2012-10-31": 395, "2012-07-31": 748, "2012-04-30": "527.00000", "2012-01-31": 322, "2011-10-31": 225, "2011-07-31": 831, "2011-04-30": "461.00000", "2011-01-31": 285, "2010-10-31": 404, "2010-07-31": 832, "2010-04-30": "489.00000", "2010-01-31": 205, "2009-10-31": 343, "2009-07-31": 759, "2009-04-30": "476.00000", "2009-01-31": 162, "2008-10-31": 488, "2008-07-31": 938, "2008-04-30": "607.00000", "2008-01-31": 408, "2007-10-31": 643, "2007-07-31": 1019, "2007-04-30": "739.00000", "2007-01-31": 613, "2006-10-31": 716, "2006-07-31": 935, "2006-04-30": "841.00000", "2006-01-31": 693, "2005-10-31": 647, "2005-07-31": 839, "2005-04-30": "586.00000", "2005-01-31": 2167}, "Total Depreciation And Amortization - Cash Flow": {"2020-10-31": 405, "2020-07-31": 374, "2020-04-30": "373.00000", "2020-01-31": 381, "2019-10-31": 345, "2019-07-31": 347, "2019-04-30": "337.00000", "2019-01-31": 1353, "2018-10-31": 455, "2018-07-31": 364, "2018-04-30": "387.00000", "2018-01-31": 392, "2017-10-31": 380, "2017-07-31": 379, "2017-04-30": "389.00000", "2017-01-31": 400, "2016-10-31": 412, "2016-07-31": 395, "2016-04-30": "383.00000", "2016-01-31": 395, "2015-10-31": 401, "2015-07-31": 400, "2015-04-30": "391.00000", "2015-01-31": 387, "2014-10-31": 401, "2014-07-31": 400, "2014-04-30": "398.00000", "2014-01-31": 395, "2013-10-31": 400, "2013-07-31": 391, "2013-04-30": "376.00000", "2013-01-31": 438, "2012-10-31": 396, "2012-07-31": 393, "2012-04-30": "396.00000", "2012-01-31": 408, "2011-10-31": 385, "2011-07-31": 389, "2011-04-30": "397.00000", "2011-01-31": 412, "2010-10-31": 424, "2010-07-31": 424, "2010-04-30": "424.00000", "2010-01-31": 430, "2009-10-31": 433, "2009-07-31": 436, "2009-04-30": "434.00000", "2009-01-31": 435, "2008-10-31": 416, "2008-07-31": 412, "2008-04-30": "404.00000", "2008-01-31": 395, "2007-10-31": 368, "2007-07-31": 356, "2007-04-30": "345.00000", "2007-01-31": 330, "2006-10-31": 316, "2006-07-31": 301, "2006-04-30": "290.00000", "2006-01-31": 280, "2005-10-31": 263, "2005-07-31": 254, "2005-04-30": "254.00000", "2005-01-31": 926}, "Other Non-Cash Items": {"2020-10-31": 1278, "2020-07-31": 158, "2020-04-30": "206.00000", "2020-01-31": 451, "2019-10-31": 225, "2019-07-31": 148, "2019-04-30": "48.00000", "2019-01-31": 216, "2018-10-31": 95, "2018-07-31": 242, "2018-04-30": "9.00000", "2018-01-31": 215, "2017-10-31": 1, "2017-07-31": -86, "2017-04-30": "444.00000", "2017-01-31": 134, "2016-10-31": 451, "2016-07-31": -113, "2016-04-30": "91.00000", "2016-01-31": 664, "2015-10-31": 6, "2015-07-31": -12, "2015-04-30": "15.00000", "2015-01-31": 123, "2014-10-31": -22, "2014-07-31": -26, "2014-04-30": "2.00000", "2014-01-31": 38, "2013-10-31": -11, "2013-07-31": 15, "2013-04-30": "12.00000", "2013-01-31": 22, "2012-10-31": 9, "2012-07-31": 231, "2012-04-30": "-171.00000", "2012-01-31": 334, "2011-10-31": 182, "2011-07-31": 115, "2011-04-30": "-2.00000", "2011-01-31": 80, "2010-10-31": 81, "2010-07-31": -17, "2010-04-30": "-55.00000", "2010-01-31": 96, "2009-10-31": 59, "2009-07-31": 67, "2009-04-30": "-50.00000", "2009-01-31": 27, "2008-10-31": 199, "2008-07-31": -31, "2008-04-30": "66.00000", "2008-01-31": 92, "2007-10-31": -5, "2007-07-31": -1, "2007-04-30": "66.00000", "2007-01-31": 42, "2006-10-31": 31, "2006-07-31": 25, "2006-04-30": "-19.00000", "2006-01-31": -34, "2005-10-31": 95, "2005-07-31": 34, "2005-04-30": "-25.00000", "2005-01-31": 227}, "Total Non-Cash Items": {"2020-10-31": 1683, "2020-07-31": 532, "2020-04-30": "579.00000", "2020-01-31": 832, "2019-10-31": 570, "2019-07-31": 495, "2019-04-30": "385.00000", "2019-01-31": 1569, "2018-10-31": 550, "2018-07-31": 606, "2018-04-30": "396.00000", "2018-01-31": 607, "2017-10-31": 381, "2017-07-31": 293, "2017-04-30": "833.00000", "2017-01-31": 534, "2016-10-31": 863, "2016-07-31": 282, "2016-04-30": "474.00000", "2016-01-31": 1059, "2015-10-31": 407, "2015-07-31": 388, "2015-04-30": "406.00000", "2015-01-31": 510, "2014-10-31": 379, "2014-07-31": 374, "2014-04-30": "400.00000", "2014-01-31": 433, "2013-10-31": 389, "2013-07-31": 406, "2013-04-30": "388.00000", "2013-01-31": 460, "2012-10-31": 405, "2012-07-31": 624, "2012-04-30": "225.00000", "2012-01-31": 742, "2011-10-31": 567, "2011-07-31": 504, "2011-04-30": "395.00000", "2011-01-31": 492, "2010-10-31": 505, "2010-07-31": 407, "2010-04-30": "369.00000", "2010-01-31": 526, "2009-10-31": 492, "2009-07-31": 503, "2009-04-30": "384.00000", "2009-01-31": 462, "2008-10-31": 615, "2008-07-31": 381, "2008-04-30": "470.00000", "2008-01-31": 487, "2007-10-31": 363, "2007-07-31": 355, "2007-04-30": "411.00000", "2007-01-31": 372, "2006-10-31": 347, "2006-07-31": 326, "2006-04-30": "271.00000", "2006-01-31": 246, "2005-10-31": 358, "2005-07-31": 288, "2005-04-30": "229.00000", "2005-01-31": 1153}, "Change In Accounts Receivable": {"2020-10-31": 0, "2020-07-31": 0, "2020-04-30": "", "2020-01-31": 0, "2019-10-31": 0, "2019-07-31": 0, "2019-04-30": "", "2019-01-31": 0, "2018-10-31": 0, "2018-07-31": 0, "2018-04-30": "", "2018-01-31": 0, "2017-10-31": 0, "2017-07-31": 0, "2017-04-30": "", "2017-01-31": 0, "2016-10-31": 0, "2016-07-31": 0, "2016-04-30": "", "2016-01-31": 0, "2015-10-31": 0, "2015-07-31": 0, "2015-04-30": "", "2015-01-31": 0, "2014-10-31": 0, "2014-07-31": 0, "2014-04-30": "", "2014-01-31": 0, "2013-10-31": 0, "2013-07-31": 0, "2013-04-30": "", "2013-01-31": 0, "2012-10-31": 0, "2012-07-31": 0, "2012-04-30": "", "2012-01-31": 0, "2011-10-31": 0, "2011-07-31": 0, "2011-04-30": "", "2011-01-31": 0, "2010-10-31": 0, "2010-07-31": 0, "2010-04-30": "", "2010-01-31": 0, "2009-10-31": 0, "2009-07-31": 0, "2009-04-30": "", "2009-01-31": 0, "2008-10-31": 0, "2008-07-31": 0, "2008-04-30": "", "2008-01-31": 0, "2007-10-31": 0, "2007-07-31": 0, "2007-04-30": "", "2007-01-31": 0, "2006-10-31": 0, "2006-07-31": 0, "2006-04-30": "", "2006-01-31": 0, "2005-10-31": 0, "2005-07-31": 0, "2005-04-30": "", "2005-01-31": 0}, "Change In Inventories": {"2020-10-31": -1871, "2020-07-31": 509, "2020-04-30": "-1183.00000", "2020-01-31": 529, "2019-10-31": 24, "2019-07-31": 1325, "2019-04-30": "-2478.00000", "2019-01-31": -259, "2018-10-31": -481, "2018-07-31": 1297, "2018-04-30": "-1846.00000", "2018-01-31": 992, "2017-10-31": -933, "2017-07-31": 958, "2017-04-30": "-1808.00000", "2017-01-31": 540, "2016-10-31": -408, "2016-07-31": 1246, "2016-04-30": "-1556.00000", "2016-01-31": 954, "2015-10-31": -732, "2015-07-31": 883, "2015-04-30": "-1687.00000", "2015-01-31": 811, "2014-10-31": -459, "2014-07-31": 1202, "2014-04-30": "-1384.00000", "2014-01-31": 451, "2013-10-31": -330, "2013-07-31": 1157, "2013-04-30": "-1674.00000", "2013-01-31": 396, "2012-10-31": -295, "2012-07-31": 1087, "2012-04-30": "-1432.00000", "2012-01-31": 636, "2011-10-31": -174, "2011-07-31": 834, "2011-04-30": "-1329.00000", "2011-01-31": 224, "2010-10-31": 112, "2010-07-31": 1244, "2010-04-30": "-1644.00000", "2010-01-31": 175, "2009-10-31": -235, "2009-07-31": 833, "2009-04-30": "-801.00000", "2009-01-31": 114, "2008-10-31": -397, "2008-07-31": 500, "2008-04-30": "-828.00000", "2008-01-31": 166, "2007-10-31": 25, "2007-07-31": 702, "2007-04-30": "-1357.00000", "2007-01-31": 75, "2006-10-31": -43, "2006-07-31": 641, "2006-04-30": "-1182.00000", "2006-01-31": -206, "2005-10-31": -263, "2005-07-31": 453, "2005-04-30": "-769.00000", "2005-01-31": -1358}, "Change In Accounts Payable": {"2020-10-31": -160, "2020-07-31": 2052, "2020-04-30": "3207.00000", "2020-01-31": -1160, "2019-10-31": -679, "2019-07-31": -1997, "2019-04-30": "3199.00000", "2019-01-31": -988, "2018-10-31": 300, "2018-07-31": -1113, "2018-04-30": "3521.00000", "2018-01-31": -2343, "2017-10-31": 220, "2017-07-31": -1260, "2017-04-30": "3291.00000", "2017-01-31": -1206, "2016-10-31": 136, "2016-07-31": -1446, "2016-04-30": "3169.00000", "2016-01-31": -1694, "2015-10-31": 213, "2015-07-31": -888, "2015-04-30": "2893.00000", "2015-01-31": -1325, "2014-10-31": 272, "2014-07-31": -861, "2014-04-30": "2041.00000", "2014-01-31": -772, "2013-10-31": 54, "2013-07-31": -1372, "2013-04-30": "2381.00000", "2013-01-31": -761, "2012-10-31": 333, "2012-07-31": -1894, "2012-04-30": "2625.00000", "2012-01-31": -897, "2011-10-31": -134, "2011-07-31": -1313, "2011-04-30": "2339.00000", "2011-01-31": -608, "2010-10-31": 68, "2010-07-31": -2173, "2010-04-30": "2773.00000", "2010-01-31": -758, "2009-10-31": 75, "2009-07-31": -874, "2009-04-30": "1732.00000", "2009-01-31": -722, "2008-10-31": 51, "2008-07-31": -560, "2008-04-30": "1633.00000", "2008-01-31": -183, "2007-10-31": -275, "2007-07-31": -1044, "2007-04-30": "1687.00000", "2007-01-31": 108, "2006-10-31": -213, "2006-07-31": -924, "2006-04-30": "1721.00000", "2006-01-31": -369, "2005-10-31": 214, "2005-07-31": -484, "2005-04-30": "776.00000", "2005-01-31": 483}, "Change In Assets/Liabilities": {"2020-10-31": -611, "2020-07-31": 1381, "2020-04-30": "510.00000", "2020-01-31": -526, "2019-10-31": -436, "2019-07-31": -53, "2019-04-30": "-15.00000", "2019-01-31": -103, "2018-10-31": 13, "2018-07-31": 47, "2018-04-30": "370.00000", "2018-01-31": -117, "2017-10-31": -242, "2017-07-31": 369, "2017-04-30": "377.00000", "2017-01-31": -183, "2016-10-31": -329, "2016-07-31": 159, "2016-04-30": "249.00000", "2016-01-31": -92, "2015-10-31": -242, "2015-07-31": 177, "2015-04-30": "193.00000", "2015-01-31": -201, "2014-10-31": -16, "2014-07-31": 175, "2014-04-30": "313.00000", "2014-01-31": -166, "2013-10-31": -108, "2013-07-31": 231, "2013-04-30": "357.00000", "2013-01-31": -130, "2012-10-31": -126, "2012-07-31": -236, "2012-04-30": "522.00000", "2012-01-31": -346, "2011-10-31": 115, "2011-07-31": 14, "2011-04-30": "557.00000", "2011-01-31": -374, "2010-10-31": -38, "2010-07-31": -264, "2010-04-30": "749.00000", "2010-01-31": -461, "2009-10-31": -24, "2009-07-31": 150, "2009-04-30": "554.00000", "2009-01-31": -252, "2008-10-31": -267, "2008-07-31": 71, "2008-04-30": "656.00000", "2008-01-31": -316, "2007-10-31": -49, "2007-07-31": -93, "2007-04-30": "659.00000", "2007-01-31": -309, "2006-10-31": 232, "2006-07-31": -484, "2006-04-30": "459.00000", "2006-01-31": 118, "2005-10-31": 175, "2005-07-31": -65, "2005-04-30": "376.00000", "2005-01-31": 628}, "Total Change In Assets/Liabilities": {"2020-10-31": -2642, "2020-07-31": 3942, "2020-04-30": "2534.00000", "2020-01-31": -1157, "2019-10-31": -1091, "2019-07-31": -725, "2019-04-30": "706.00000", "2019-01-31": -1350, "2018-10-31": -168, "2018-07-31": 231, "2018-04-30": "2045.00000", "2018-01-31": -1468, "2017-10-31": -955, "2017-07-31": 67, "2017-04-30": "1860.00000", "2017-01-31": -849, "2016-10-31": -601, "2016-07-31": -41, "2016-04-30": "1862.00000", "2016-01-31": -832, "2015-10-31": -761, "2015-07-31": 172, "2015-04-30": "1399.00000", "2015-01-31": -715, "2014-10-31": -203, "2014-07-31": 516, "2014-04-30": "970.00000", "2014-01-31": -487, "2013-10-31": -384, "2013-07-31": 16, "2013-04-30": "1064.00000", "2013-01-31": -495, "2012-10-31": -88, "2012-07-31": -1043, "2012-04-30": "1715.00000", "2012-01-31": -607, "2011-10-31": -193, "2011-07-31": -465, "2011-04-30": "1567.00000", "2011-01-31": -758, "2010-10-31": 142, "2010-07-31": -1193, "2010-04-30": "1878.00000", "2010-01-31": -1044, "2009-10-31": -184, "2009-07-31": 109, "2009-04-30": "1485.00000", "2009-01-31": -860, "2008-10-31": -613, "2008-07-31": 11, "2008-04-30": "1461.00000", "2008-01-31": -333, "2007-10-31": -299, "2007-07-31": -435, "2007-04-30": "989.00000", "2007-01-31": -126, "2006-10-31": -24, "2006-07-31": -767, "2006-04-30": "998.00000", "2006-01-31": -457, "2005-10-31": 126, "2005-07-31": -96, "2005-04-30": "383.00000", "2005-01-31": -247}, "Cash Flow From Operating Activities": {"2020-10-31": -267, "2020-07-31": 7302, "2020-04-30": "4450.00000", "2020-01-31": 185, "2019-10-31": 528, "2019-07-31": 1446, "2019-04-30": "2137.00000", "2019-01-31": -605, "2018-10-31": 1011, "2018-07-31": 2358, "2018-04-30": "3429.00000", "2018-01-31": -307, "2017-10-31": 298, "2017-07-31": 1779, "2017-04-30": "3295.00000", "2017-01-31": 348, "2016-10-31": 641, "2016-07-31": 1408, "2016-04-30": "3220.00000", "2016-01-31": 238, "2015-10-31": 382, "2015-07-31": 1686, "2015-04-30": "2478.00000", "2015-01-31": 245, "2014-10-31": 761, "2014-07-31": 1929, "2014-04-30": "1994.00000", "2014-01-31": 252, "2013-10-31": 503, "2013-07-31": 1364, "2013-04-30": "1992.00000", "2013-01-31": 254, "2012-10-31": 712, "2012-07-31": 329, "2012-04-30": "2467.00000", "2012-01-31": 457, "2011-10-31": 599, "2011-07-31": 870, "2011-04-30": "2423.00000", "2011-01-31": 19, "2010-10-31": 1051, "2010-07-31": 46, "2010-04-30": "2736.00000", "2010-01-31": -313, "2009-10-31": 651, "2009-07-31": 1371, "2009-04-30": "2345.00000", "2009-01-31": -236, "2008-10-31": 490, "2008-07-31": 1330, "2008-04-30": "2538.00000", "2008-01-31": 562, "2007-10-31": 707, "2007-07-31": 939, "2007-04-30": "2139.00000", "2007-01-31": 859, "2006-10-31": 1039, "2006-07-31": 494, "2006-04-30": "2110.00000", "2006-01-31": 482, "2005-10-31": 1131, "2005-07-31": 1031, "2005-04-30": "1198.00000", "2005-01-31": 3073}, "Net Change In Property, Plant, And Equipment": {"2020-10-31": -448, "2020-07-31": -361, "2020-04-30": "-303.00000", "2020-01-31": -465, "2019-10-31": -372, "2019-07-31": -303, "2019-04-30": "-181.00000", "2019-01-31": -302, "2018-10-31": -283, "2018-07-31": -294, "2018-04-30": "-219.00000", "2018-01-31": -312, "2017-10-31": -300, "2017-07-31": -270, "2017-04-30": "-196.00000", "2017-01-31": -338, "2016-10-31": -319, "2016-07-31": -276, "2016-04-30": "-197.00000", "2016-01-31": -347, "2015-10-31": -243, "2015-07-31": -321, "2015-04-30": "-229.00000", "2015-01-31": -285, "2014-10-31": -183, "2014-07-31": -182, "2014-04-30": "-178.00000", "2014-01-31": -317, "2013-10-31": -219, "2013-07-31": -139, "2013-04-30": "-190.00000", "2013-01-31": -239, "2012-10-31": -269, "2012-07-31": -265, "2012-04-30": "-308.00000", "2012-01-31": -539, "2011-10-31": -478, "2011-07-31": -452, "2011-04-30": "-308.00000", "2011-01-31": -316, "2010-10-31": -385, "2010-07-31": -325, "2010-04-30": "-278.00000", "2010-01-31": -384, "2009-10-31": -388, "2009-07-31": -448, "2009-04-30": "-561.00000", "2009-01-31": -724, "2008-10-31": -913, "2008-07-31": -799, "2008-04-30": "-801.00000", "2008-01-31": -1092, "2007-10-31": -1189, "2007-07-31": -979, "2007-04-30": "-693.00000", "2007-01-31": -1150, "2006-10-31": -1161, "2006-07-31": -810, "2006-04-30": "-723.00000", "2006-01-31": -1085, "2005-10-31": -905, "2005-07-31": -720, "2005-04-30": "-608.00000", "2005-01-31": -2841}, "Net Change In Intangible Assets": {"2020-10-31": 0, "2020-07-31": 0, "2020-04-30": "", "2020-01-31": 0, "2019-10-31": 0, "2019-07-31": 0, "2019-04-30": "", "2019-01-31": 0, "2018-10-31": 0, "2018-07-31": 0, "2018-04-30": "", "2018-01-31": 0, "2017-10-31": 0, "2017-07-31": 0, "2017-04-30": "", "2017-01-31": 0, "2016-10-31": 0, "2016-07-31": 0, "2016-04-30": "", "2016-01-31": 0, "2015-10-31": 0, "2015-07-31": 0, "2015-04-30": "", "2015-01-31": 0, "2014-10-31": 0, "2014-07-31": 0, "2014-04-30": "", "2014-01-31": 0, "2013-10-31": 0, "2013-07-31": 0, "2013-04-30": "", "2013-01-31": 0, "2012-10-31": 0, "2012-07-31": 0, "2012-04-30": "", "2012-01-31": 0, "2011-10-31": 0, "2011-07-31": 0, "2011-04-30": "", "2011-01-31": 0, "2010-10-31": 0, "2010-07-31": 0, "2010-04-30": "", "2010-01-31": 0, "2009-10-31": 0, "2009-07-31": 0, "2009-04-30": "", "2009-01-31": 0, "2008-10-31": 0, "2008-07-31": 0, "2008-04-30": "", "2008-01-31": 0, "2007-10-31": 0, "2007-07-31": 0, "2007-04-30": "", "2007-01-31": 0, "2006-10-31": 0, "2006-07-31": 0, "2006-04-30": "", "2006-01-31": 0, "2005-10-31": 0, "2005-07-31": 0, "2005-04-30": "", "2005-01-31": 0}, "Net Acquisitions/Divestitures": {"2020-10-31": 0, "2020-07-31": 0, "2020-04-30": "", "2020-01-31": 0, "2019-10-31": 0, "2019-07-31": 0, "2019-04-30": "", "2019-01-31": 0, "2018-10-31": 0, "2018-07-31": 0, "2018-04-30": "", "2018-01-31": 0, "2017-10-31": -4, "2017-07-31": -505, "2017-04-30": "", "2017-01-31": -72, "2016-10-31": 0, "2016-07-31": -2284, "2016-04-30": "", "2016-01-31": 0, "2015-10-31": 0, "2015-07-31": 0, "2015-04-30": "", "2015-01-31": 0, "2014-10-31": 0, "2014-07-31": 0, "2014-04-30": "", "2014-01-31": 0, "2013-10-31": -203, "2013-07-31": 0, "2013-04-30": "", "2013-01-31": 0, "2012-10-31": 0, "2012-07-31": 0, "2012-04-30": "", "2012-01-31": -100, "2011-10-31": 0, "2011-07-31": 0, "2011-04-30": "", "2011-01-31": 0, "2010-10-31": 0, "2010-07-31": 0, "2010-04-30": "", "2010-01-31": 0, "2009-10-31": 0, "2009-07-31": 0, "2009-04-30": "", "2009-01-31": 0, "2008-10-31": 0, "2008-07-31": 0, "2008-04-30": "", "2008-01-31": 0, "2007-10-31": 0, "2007-07-31": 0, "2007-04-30": "", "2007-01-31": 0, "2006-10-31": 0, "2006-07-31": 0, "2006-04-30": "", "2006-01-31": 0, "2005-10-31": 0, "2005-07-31": 0, "2005-04-30": "", "2005-01-31": 0}, "Net Change In Short-term Investments": {"2020-10-31": 0, "2020-07-31": 0, "2020-04-30": "", "2020-01-31": 0, "2019-10-31": 0, "2019-07-31": 0, "2019-04-30": "", "2019-01-31": 0, "2018-10-31": 0, "2018-07-31": 0, "2018-04-30": "", "2018-01-31": 0, "2017-10-31": 0, "2017-07-31": 94, "2017-04-30": "-94.00000", "2017-01-31": 31, "2016-10-31": 213, "2016-07-31": -198, "2016-04-30": "-46.00000", "2016-01-31": 12, "2015-10-31": -62, "2015-07-31": 0, "2015-04-30": "", "2015-01-31": 127, "2014-10-31": -142, "2014-07-31": 163, "2014-04-30": "-163.00000", "2014-01-31": 480, "2013-10-31": -227, "2013-07-31": -219, "2013-04-30": "-84.00000", "2013-01-31": 1726, "2012-10-31": -157, "2012-07-31": -468, "2012-04-30": "-708.00000", "2012-01-31": -233, "2011-10-31": -252, "2011-07-31": -321, "2011-04-30": "-627.00000", "2011-01-31": -572, "2010-10-31": -575, "2010-07-31": -287, "2010-04-30": "-1171.00000", "2010-01-31": -1827, "2009-10-31": 0, "2009-07-31": -54, "2009-04-30": "54.00000", "2009-01-31": -86, "2008-10-31": 10, "2008-07-31": 54, "2008-04-30": "22.00000", "2008-01-31": 2, "2007-10-31": 105, "2007-07-31": 296, "2007-04-30": "-140.00000", "2007-01-31": 46, "2006-10-31": 71, "2006-07-31": 174, "2006-04-30": "-3.00000", "2006-01-31": 471, "2005-10-31": -427, "2005-07-31": 46, "2005-04-30": "-117.00000", "2005-01-31": 619}, "Net Change In Long-Term Investments": {"2020-10-31": -644, "2020-07-31": -909, "2020-04-30": "37.00000", "2020-01-31": -41, "2019-10-31": -34, "2019-07-31": -24, "2019-04-30": "51.00000", "2019-01-31": 9, "2018-10-31": -21, "2018-07-31": 49, "2018-04-30": "-17.00000", "2018-01-31": -57, "2017-10-31": 25, "2017-07-31": 165, "2017-04-30": "", "2017-01-31": 62, "2016-10-31": 0, "2016-07-31": 0, "2016-04-30": "", "2016-01-31": -19, "2015-10-31": 55, "2015-07-31": -149, "2015-04-30": "-12.00000", "2015-01-31": -45, "2014-10-31": -38, "2014-07-31": -224, "2014-04-30": "66.00000", "2014-01-31": -427, "2013-10-31": 143, "2013-07-31": 95, "2013-04-30": "16.00000", "2013-01-31": -1625, "2012-10-31": 668, "2012-07-31": 181, "2012-04-30": "557.00000", "2012-01-31": 420, "2011-10-31": 440, "2011-07-31": 506, "2011-04-30": "522.00000", "2011-01-31": 533, "2010-10-31": 597, "2010-07-31": 243, "2010-04-30": "366.00000", "2010-01-31": 2434, "2009-10-31": -51, "2009-07-31": -363, "2009-04-30": "-296.00000", "2009-01-31": 327, "2008-10-31": 241, "2008-07-31": -400, "2008-04-30": "-101.00000", "2008-01-31": -197, "2007-10-31": 284, "2007-07-31": -274, "2007-04-30": "-239.00000", "2007-01-31": -59, "2006-10-31": 0, "2006-07-31": -38, "2006-04-30": "-46.00000", "2006-01-31": -60, "2005-10-31": -115, "2005-07-31": -68, "2005-04-30": "-56.00000", "2005-01-31": -128}, "Net Change In Investments - Total": {"2020-10-31": -644, "2020-07-31": -909, "2020-04-30": "37.00000", "2020-01-31": -41, "2019-10-31": -34, "2019-07-31": -24, "2019-04-30": "51.00000", "2019-01-31": 9, "2018-10-31": -21, "2018-07-31": 49, "2018-04-30": "-17.00000", "2018-01-31": -57, "2017-10-31": 25, "2017-07-31": 259, "2017-04-30": "-94.00000", "2017-01-31": 93, "2016-10-31": 213, "2016-07-31": -198, "2016-04-30": "-46.00000", "2016-01-31": -7, "2015-10-31": -7, "2015-07-31": -149, "2015-04-30": "-12.00000", "2015-01-31": 82, "2014-10-31": -180, "2014-07-31": -61, "2014-04-30": "-97.00000", "2014-01-31": 53, "2013-10-31": -84, "2013-07-31": -124, "2013-04-30": "-68.00000", "2013-01-31": 101, "2012-10-31": 511, "2012-07-31": -287, "2012-04-30": "-151.00000", "2012-01-31": 187, "2011-10-31": 188, "2011-07-31": 185, "2011-04-30": "-105.00000", "2011-01-31": -39, "2010-10-31": 22, "2010-07-31": -44, "2010-04-30": "-805.00000", "2010-01-31": 607, "2009-10-31": -51, "2009-07-31": -417, "2009-04-30": "-242.00000", "2009-01-31": 241, "2008-10-31": 251, "2008-07-31": -346, "2008-04-30": "-79.00000", "2008-01-31": -195, "2007-10-31": 389, "2007-07-31": 22, "2007-04-30": "-379.00000", "2007-01-31": -13, "2006-10-31": 71, "2006-07-31": 136, "2006-04-30": "-49.00000", "2006-01-31": 411, "2005-10-31": -542, "2005-07-31": -22, "2005-04-30": "-173.00000", "2005-01-31": 491}, "Investing Activities - Other": {"2020-10-31": 0, "2020-07-31": -2, "2020-04-30": "-22.00000", "2020-01-31": 0, "2019-10-31": 1, "2019-07-31": 0, "2019-04-30": "-1.00000", "2019-01-31": 1, "2018-10-31": -4, "2018-07-31": 1, "2018-04-30": "", "2018-01-31": 0, "2017-10-31": 3, "2017-07-31": 11, "2017-04-30": "-1.00000", "2017-01-31": 8, "2016-10-31": -12, "2016-07-31": 173, "2016-04-30": "-106.00000", "2016-01-31": -3, "2015-10-31": 0, "2015-07-31": -25, "2015-04-30": "", "2015-01-31": 2, "2014-10-31": 1, "2014-07-31": -2, "2014-04-30": "-5.00000", "2014-01-31": 1, "2013-10-31": 1, "2013-07-31": 8, "2013-04-30": "-5.00000", "2013-01-31": 18, "2012-10-31": 7, "2012-07-31": -10, "2012-04-30": "-11.00000", "2012-01-31": -2, "2011-10-31": 1, "2011-07-31": -16, "2011-04-30": "2.00000", "2011-01-31": 39, "2010-10-31": -37, "2010-07-31": -15, "2010-04-30": "-1.00000", "2010-01-31": 17, "2009-10-31": -19, "2009-07-31": -15, "2009-04-30": "15.00000", "2009-01-31": -3, "2008-10-31": -16, "2008-07-31": -37, "2008-04-30": "", "2008-01-31": 13, "2007-10-31": 3, "2007-07-31": -10, "2007-04-30": "-13.00000", "2007-01-31": -8, "2006-10-31": -21, "2006-07-31": 16, "2006-04-30": "-3.00000", "2006-01-31": 4, "2005-10-31": 1, "2005-07-31": -14, "2005-04-30": "-21.00000", "2005-01-31": -12}, "Cash Flow From Investing Activities": {"2020-10-31": -1092, "2020-07-31": -1272, "2020-04-30": "-288.00000", "2020-01-31": -506, "2019-10-31": -405, "2019-07-31": -327, "2019-04-30": "-131.00000", "2019-01-31": -292, "2018-10-31": -308, "2018-07-31": -244, "2018-04-30": "-236.00000", "2018-01-31": -369, "2017-10-31": -276, "2017-07-31": -505, "2017-04-30": "-291.00000", "2017-01-31": -309, "2016-10-31": -118, "2016-07-31": -2585, "2016-04-30": "-349.00000", "2016-01-31": -357, "2015-10-31": -250, "2015-07-31": -495, "2015-04-30": "-241.00000", "2015-01-31": -201, "2014-10-31": -362, "2014-07-31": -245, "2014-04-30": "-280.00000", "2014-01-31": -263, "2013-10-31": -505, "2013-07-31": -255, "2013-04-30": "-263.00000", "2013-01-31": -120, "2012-10-31": 249, "2012-07-31": -562, "2012-04-30": "-470.00000", "2012-01-31": -454, "2011-10-31": -289, "2011-07-31": -283, "2011-04-30": "-411.00000", "2011-01-31": -316, "2010-10-31": -400, "2010-07-31": -384, "2010-04-30": "-1084.00000", "2010-01-31": 240, "2009-10-31": -458, "2009-07-31": -880, "2009-04-30": "-788.00000", "2009-01-31": -486, "2008-10-31": -678, "2008-07-31": -1182, "2008-04-30": "-880.00000", "2008-01-31": -1274, "2007-10-31": -797, "2007-07-31": -967, "2007-04-30": "-1085.00000", "2007-01-31": -1171, "2006-10-31": -1111, "2006-07-31": -658, "2006-04-30": "-775.00000", "2006-01-31": -670, "2005-10-31": -1446, "2005-07-31": -756, "2005-04-30": "-802.00000", "2005-01-31": -2362}, "Net Long-Term Debt": {"2020-10-31": -1046, "2020-07-31": -25, "2020-04-30": "3418.00000", "2020-01-31": 979, "2019-10-31": -463, "2019-07-31": -13, "2019-04-30": "2356.00000", "2019-01-31": -38, "2018-10-31": -264, "2018-07-31": -11, "2018-04-30": "-13.00000", "2018-01-31": -13, "2017-10-31": -262, "2017-07-31": -16, "2017-04-30": "410.00000", "2017-01-31": -27, "2016-10-31": -651, "2016-07-31": -11, "2016-04-30": "2783.00000", "2016-01-31": -11, "2015-10-31": 1208, "2015-07-31": -21, "2015-04-30": "-10.00000", "2015-01-31": -12, "2014-10-31": 1228, "2014-07-31": -13, "2014-04-30": "-12.00000", "2014-01-31": -13, "2013-10-31": 973, "2013-07-31": -11, "2013-04-30": "-11.00000", "2013-01-31": -11, "2012-10-31": -560, "2012-07-31": -10, "2012-04-30": "1974.00000", "2012-01-31": 984, "2011-10-31": -10, "2011-07-31": -9, "2011-04-30": "-9.00000", "2011-01-31": 984, "2010-10-31": -8, "2010-07-31": -510, "2010-04-30": "967.00000", "2010-01-31": -3, "2009-10-31": -8, "2009-07-31": -8, "2009-04-30": "-8.00000", "2009-01-31": -7, "2008-10-31": -7, "2008-07-31": -539, "2008-04-30": "-5.00000", "2008-01-31": -5, "2007-10-31": 1232, "2007-07-31": -14, "2007-04-30": "-13.00000", "2007-01-31": -11, "2006-10-31": 983, "2006-07-31": -9, "2006-04-30": "-7.00000", "2006-01-31": -584, "2005-10-31": 980, "2005-07-31": -8, "2005-04-30": "-8.00000", "2005-01-31": -82}, "Net Current Debt": {"2020-10-31": 0, "2020-07-31": 0, "2020-04-30": "-941.00000", "2020-01-31": 305, "2019-10-31": 637, "2019-07-31": 0, "2019-04-30": "-722.00000", "2019-01-31": 722, "2018-10-31": 0, "2018-07-31": 3, "2018-04-30": "-1140.00000", "2018-01-31": 965, "2017-10-31": 171, "2017-07-31": 0, "2017-04-30": "-511.00000", "2017-01-31": 510, "2016-10-31": 0, "2016-07-31": 0, "2016-04-30": "-44.00000", "2016-01-31": 43, "2015-10-31": 0, "2015-07-31": 0, "2015-04-30": "", "2015-01-31": 0, "2014-10-31": 0, "2014-07-31": 0, "2014-04-30": "-386.00000", "2014-01-31": 386, "2013-10-31": 0, "2013-07-31": 0, "2013-04-30": "", "2013-01-31": 0, "2012-10-31": 0, "2012-07-31": 0, "2012-04-30": "", "2012-01-31": 0, "2011-10-31": 0, "2011-07-31": 0, "2011-04-30": "", "2011-01-31": 0, "2010-10-31": 0, "2010-07-31": 0, "2010-04-30": "", "2010-01-31": -5, "2009-10-31": -15, "2009-07-31": -1, "2009-04-30": "-986.00000", "2009-01-31": 729, "2008-10-31": 87, "2008-07-31": 42, "2008-04-30": "-915.00000", "2008-01-31": 1050, "2007-10-31": -541, "2007-07-31": 555, "2007-04-30": "-23.00000", "2007-01-31": 23, "2006-10-31": 0, "2006-07-31": 0, "2006-04-30": "", "2006-01-31": 0, "2005-10-31": 0, "2005-07-31": 0, "2005-04-30": "", "2005-01-31": 0}, "Debt Issuance/Retirement Net - Total": {"2020-10-31": -1046, "2020-07-31": -25, "2020-04-30": "2477.00000", "2020-01-31": 1284, "2019-10-31": 174, "2019-07-31": -13, "2019-04-30": "1634.00000", "2019-01-31": 684, "2018-10-31": -264, "2018-07-31": -8, "2018-04-30": "-1153.00000", "2018-01-31": 952, "2017-10-31": -91, "2017-07-31": -16, "2017-04-30": "-101.00000", "2017-01-31": 483, "2016-10-31": -651, "2016-07-31": -11, "2016-04-30": "2739.00000", "2016-01-31": 32, "2015-10-31": 1208, "2015-07-31": -21, "2015-04-30": "-10.00000", "2015-01-31": -12, "2014-10-31": 1228, "2014-07-31": -13, "2014-04-30": "-398.00000", "2014-01-31": 373, "2013-10-31": 973, "2013-07-31": -11, "2013-04-30": "-11.00000", "2013-01-31": -11, "2012-10-31": -560, "2012-07-31": -10, "2012-04-30": "1974.00000", "2012-01-31": 984, "2011-10-31": -10, "2011-07-31": -9, "2011-04-30": "-9.00000", "2011-01-31": 984, "2010-10-31": -8, "2010-07-31": -510, "2010-04-30": "967.00000", "2010-01-31": -8, "2009-10-31": -23, "2009-07-31": -9, "2009-04-30": "-994.00000", "2009-01-31": 722, "2008-10-31": 80, "2008-07-31": -497, "2008-04-30": "-920.00000", "2008-01-31": 1045, "2007-10-31": 691, "2007-07-31": 541, "2007-04-30": "-36.00000", "2007-01-31": 12, "2006-10-31": 983, "2006-07-31": -9, "2006-04-30": "-7.00000", "2006-01-31": -584, "2005-10-31": 980, "2005-07-31": -8, "2005-04-30": "-8.00000", "2005-01-31": -82}, "Net Common Equity Issued/Repurchased": {"2020-10-31": -543, "2020-07-31": 79, "2020-04-30": "-962.00000", "2020-01-31": -624, "2019-10-31": -873, "2019-07-31": -1904, "2019-04-30": "-794.00000", "2019-01-31": -498, "2018-10-31": -629, "2018-07-31": -1076, "2018-04-30": "-720.00000", "2018-01-31": -86, "2017-10-31": -544, "2017-07-31": -1224, "2017-04-30": "-1199.00000", "2017-01-31": -490, "2016-10-31": -594, "2016-07-31": -1139, "2016-04-30": "-1233.00000", "2016-01-31": -487, "2015-10-31": -746, "2015-07-31": -1479, "2015-04-30": "-1088.00000", "2015-01-31": -908, "2014-10-31": -877, "2014-07-31": -1097, "2014-04-30": "-886.00000", "2014-01-31": -865, "2013-10-31": -753, "2013-07-31": -921, "2013-04-30": "-1006.00000", "2013-01-31": -503, "2012-10-31": -838, "2012-07-31": -967, "2012-04-30": "-1736.00000", "2012-01-31": -458, "2011-10-31": -1, "2011-07-31": -1362, "2011-04-30": "-1016.00000", "2011-01-31": -961, "2010-10-31": -600, "2010-07-31": -508, "2010-04-30": "-445.00000", "2010-01-31": -431, "2009-10-31": 11, "2009-07-31": 43, "2009-04-30": "1.00000", "2009-01-31": 41, "2008-10-31": 77, "2008-07-31": 38, "2008-04-30": "10.00000", "2008-01-31": -274, "2007-10-31": -485, "2007-07-31": -688, "2007-04-30": "-679.00000", "2007-01-31": 76, "2006-10-31": -495, "2006-07-31": -575, "2006-04-30": "-567.00000", "2006-01-31": -204, "2005-10-31": -160, "2005-07-31": -20, "2005-04-30": "-100.00000", "2005-01-31": -849}, "Net Total Equity Issued/Repurchased": {"2020-10-31": -543, "2020-07-31": 79, "2020-04-30": "-962.00000", "2020-01-31": -624, "2019-10-31": -873, "2019-07-31": -1904, "2019-04-30": "-794.00000", "2019-01-31": -498, "2018-10-31": -629, "2018-07-31": -1076, "2018-04-30": "-720.00000", "2018-01-31": -86, "2017-10-31": -544, "2017-07-31": -1224, "2017-04-30": "-1199.00000", "2017-01-31": -490, "2016-10-31": -594, "2016-07-31": -1139, "2016-04-30": "-1233.00000", "2016-01-31": -487, "2015-10-31": -746, "2015-07-31": -1479, "2015-04-30": "-1088.00000", "2015-01-31": -908, "2014-10-31": -877, "2014-07-31": -1097, "2014-04-30": "-886.00000", "2014-01-31": -865, "2013-10-31": -753, "2013-07-31": -921, "2013-04-30": "-1006.00000", "2013-01-31": -503, "2012-10-31": -838, "2012-07-31": -967, "2012-04-30": "-1736.00000", "2012-01-31": -458, "2011-10-31": -1, "2011-07-31": -1362, "2011-04-30": "-1016.00000", "2011-01-31": -961, "2010-10-31": -600, "2010-07-31": -508, "2010-04-30": "-445.00000", "2010-01-31": -431, "2009-10-31": 11, "2009-07-31": 43, "2009-04-30": "1.00000", "2009-01-31": 41, "2008-10-31": 77, "2008-07-31": 38, "2008-04-30": "10.00000", "2008-01-31": -274, "2007-10-31": -485, "2007-07-31": -688, "2007-04-30": "-679.00000", "2007-01-31": 76, "2006-10-31": -495, "2006-07-31": -575, "2006-04-30": "-567.00000", "2006-01-31": -204, "2005-10-31": -160, "2005-07-31": -20, "2005-04-30": "-100.00000", "2005-01-31": -849}, "Total Common And Preferred Stock Dividends Paid": {"2020-10-31": -416, "2020-07-31": -416, "2020-04-30": "-420.00000", "2020-01-31": -423, "2019-10-31": -428, "2019-07-31": -382, "2019-04-30": "-385.00000", "2019-01-31": -387, "2018-10-31": -390, "2018-07-31": -338, "2018-04-30": "-340.00000", "2018-01-31": -341, "2017-10-31": -344, "2017-07-31": -299, "2017-04-30": "-304.00000", "2017-01-31": -306, "2016-10-31": -309, "2016-07-31": -251, "2016-04-30": "-255.00000", "2016-01-31": -257, "2015-10-31": -260, "2015-07-31": -218, "2015-04-30": "-222.00000", "2015-01-31": -225, "2014-10-31": -228, "2014-07-31": -183, "2014-04-30": "-186.00000", "2014-01-31": -190, "2013-10-31": -191, "2013-07-31": -174, "2013-04-30": "-178.00000", "2013-01-31": -180, "2012-10-31": -184, "2012-07-31": -166, "2012-04-30": "-174.00000", "2012-01-31": -177, "2011-10-31": -176, "2011-07-31": -145, "2011-04-30": "-149.00000", "2011-01-31": -153, "2010-10-31": -157, "2010-07-31": -130, "2010-04-30": "-131.00000", "2010-01-31": 0, "2009-10-31": -132, "2009-07-31": -133, "2009-04-30": "-126.00000", "2009-01-31": -125, "2008-10-31": -124, "2008-07-31": -125, "2008-04-30": "-117.00000", "2008-01-31": -116, "2007-10-31": -118, "2007-07-31": -119, "2007-04-30": "-75.00000", "2007-01-31": -76, "2006-10-31": -76, "2006-07-31": -77, "2006-04-30": "-47.00000", "2006-01-31": -46, "2005-10-31": -47, "2005-07-31": -47, "2005-04-30": "-31.00000", "2005-01-31": -116}, "Financial Activities - Other": {"2020-10-31": -28, "2020-07-31": -1, "2020-04-30": "-3.00000", "2020-01-31": 6, "2019-10-31": 0, "2019-07-31": 2, "2019-04-30": "-9.00000", "2019-01-31": -2, "2018-10-31": -1, "2018-07-31": 0, "2018-04-30": "-2.00000", "2018-01-31": -2, "2017-10-31": 1, "2017-07-31": -8, "2017-04-30": "-1.00000", "2017-01-31": -123, "2016-10-31": 8, "2016-07-31": 7, "2016-04-30": "33.00000", "2016-01-31": 9, "2015-10-31": -4, "2015-07-31": 0, "2015-04-30": "50.00000", "2015-01-31": 8, "2014-10-31": 4, "2014-07-31": -11, "2014-04-30": "23.00000", "2014-01-31": -14, "2013-10-31": -9, "2013-07-31": 3, "2013-04-30": "5.00000", "2013-01-31": 11, "2012-10-31": -2, "2012-07-31": 17, "2012-04-30": "-4.00000", "2012-01-31": -12, "2011-10-31": -12, "2011-07-31": 0, "2011-04-30": "3.00000", "2011-01-31": 0, "2010-10-31": 0, "2010-07-31": 1, "2010-04-30": "", "2010-01-31": 0, "2009-10-31": 0, "2009-07-31": 0, "2009-04-30": "", "2009-01-31": 0, "2008-10-31": 0, "2008-07-31": 0, "2008-04-30": "1.00000", "2008-01-31": 2, "2007-10-31": 1, "2007-07-31": 2, "2007-04-30": "1.00000", "2007-01-31": 7, "2006-10-31": 1, "2006-07-31": 1, "2006-04-30": "3.00000", "2006-01-31": 0, "2005-10-31": 0, "2005-07-31": 0, "2005-04-30": "", "2005-01-31": 0}, "Cash Flow From Financial Activities": {"2020-10-31": -2033, "2020-07-31": -363, "2020-04-30": "1092.00000", "2020-01-31": 243, "2019-10-31": -1127, "2019-07-31": -2297, "2019-04-30": "446.00000", "2019-01-31": -203, "2018-10-31": -1284, "2018-07-31": -1422, "2018-04-30": "-2215.00000", "2018-01-31": 523, "2017-10-31": -978, "2017-07-31": -1547, "2017-04-30": "-1605.00000", "2017-01-31": -436, "2016-10-31": -1546, "2016-07-31": -1394, "2016-04-30": "1284.00000", "2016-01-31": -703, "2015-10-31": 198, "2015-07-31": -1718, "2015-04-30": "-1270.00000", "2015-01-31": -1137, "2014-10-31": 127, "2014-07-31": -1304, "2014-04-30": "-1447.00000", "2014-01-31": -696, "2013-10-31": 20, "2013-07-31": -1103, "2013-04-30": "-1190.00000", "2013-01-31": -683, "2012-10-31": -1584, "2012-07-31": -1126, "2012-04-30": "60.00000", "2012-01-31": 337, "2011-10-31": -199, "2011-07-31": -1516, "2011-04-30": "-1171.00000", "2011-01-31": -130, "2010-10-31": -765, "2010-07-31": -1147, "2010-04-30": "391.00000", "2010-01-31": -439, "2009-10-31": -144, "2009-07-31": -99, "2009-04-30": "-1119.00000", "2009-01-31": 638, "2008-10-31": 33, "2008-07-31": -584, "2008-04-30": "-1026.00000", "2008-01-31": 657, "2007-10-31": 89, "2007-07-31": -264, "2007-04-30": "-789.00000", "2007-01-31": 19, "2006-10-31": 413, "2006-07-31": -660, "2006-04-30": "-618.00000", "2006-01-31": -834, "2005-10-31": 773, "2005-07-31": -75, "2005-04-30": "-139.00000", "2005-01-31": -1047}, "Net Cash Flow": {"2020-10-31": -3392, "2020-07-31": 5686, "2020-04-30": "5239.00000", "2020-01-31": -78, "2019-10-31": -1002, "2019-07-31": -1177, "2019-04-30": "2462.00000", "2019-01-31": -1157, "2018-10-31": -583, "2018-07-31": 686, "2018-04-30": "977.00000", "2018-01-31": -155, "2017-10-31": -953, "2017-07-31": -267, "2017-04-30": "1405.00000", "2017-01-31": -402, "2016-10-31": -1028, "2016-07-31": -2573, "2016-04-30": "4156.00000", "2016-01-31": -822, "2015-10-31": 326, "2015-07-31": -533, "2015-04-30": "968.00000", "2015-01-31": -1096, "2014-10-31": 523, "2014-07-31": 381, "2014-04-30": "267.00000", "2014-01-31": -710, "2013-10-31": 16, "2013-07-31": 4, "2013-04-30": "540.00000", "2013-01-31": -550, "2012-10-31": -619, "2012-07-31": -1362, "2012-04-30": "2058.00000", "2012-01-31": 339, "2011-10-31": 107, "2011-07-31": -928, "2011-04-30": "844.00000", "2011-01-31": -426, "2010-10-31": -113, "2010-07-31": -1486, "2010-04-30": "2045.00000", "2010-01-31": -509, "2009-10-31": 54, "2009-07-31": 405, "2009-04-30": "437.00000", "2009-01-31": -77, "2008-10-31": -155, "2008-07-31": -436, "2008-04-30": "632.00000", "2008-01-31": -55, "2007-10-31": -1, "2007-07-31": -292, "2007-04-30": "265.00000", "2007-01-31": -293, "2006-10-31": 341, "2006-07-31": -824, "2006-04-30": "717.00000", "2006-01-31": -1022, "2005-10-31": 458, "2005-07-31": 200, "2005-04-30": "257.00000", "2005-01-31": -336}, "Stock-Based Compensation": {"2020-10-31": 43, "2020-07-31": 37, "2020-04-30": "27.00000", "2020-01-31": 23, "2019-10-31": 24, "2019-07-31": 9, "2019-04-30": "42.00000", "2019-01-31": -5, "2018-10-31": 17, "2018-07-31": 38, "2018-04-30": "24.00000", "2018-01-31": 21, "2017-10-31": 23, "2017-07-31": 29, "2017-04-30": "26.00000", "2017-01-31": 19, "2016-10-31": 22, "2016-07-31": 24, "2016-04-30": "25.00000", "2016-01-31": 33, "2015-10-31": 27, "2015-07-31": 28, "2015-04-30": "29.00000", "2015-01-31": 35, "2014-10-31": 31, "2014-07-31": 25, "2014-04-30": "28.00000", "2014-01-31": 30, "2013-10-31": 26, "2013-07-31": 26, "2013-04-30": "18.00000", "2013-01-31": 25, "2012-10-31": 21, "2012-07-31": 29, "2012-04-30": "25.00000", "2012-01-31": 26, "2011-10-31": 22, "2011-07-31": 29, "2011-04-30": "30.00000", "2011-01-31": 31, "2010-10-31": 29, "2010-07-31": 29, "2010-04-30": "26.00000", "2010-01-31": 24, "2009-10-31": 28, "2009-07-31": 26, "2009-04-30": "24.00000", "2009-01-31": 16, "2008-10-31": 25, "2008-07-31": 26, "2008-04-30": "28.00000", "2008-01-31": 30, "2007-10-31": 24, "2007-07-31": 23, "2007-04-30": "22.00000", "2007-01-31": 6, "2006-10-31": 21, "2006-07-31": 24, "2006-04-30": "11.00000", "2006-01-31": 19, "2005-10-31": 19, "2005-07-31": 22, "2005-04-30": "16.00000", "2005-01-31": 70}, "Common Stock Dividends Paid": {"2020-10-31": -416, "2020-07-31": -416, "2020-04-30": "-420.00000", "2020-01-31": -423, "2019-10-31": -428, "2019-07-31": -382, "2019-04-30": "-385.00000", "2019-01-31": -387, "2018-10-31": -390, "2018-07-31": -338, "2018-04-30": "-340.00000", "2018-01-31": -341, "2017-10-31": -344, "2017-07-31": -299, "2017-04-30": "-304.00000", "2017-01-31": -306, "2016-10-31": -309, "2016-07-31": -251, "2016-04-30": "-255.00000", "2016-01-31": -257, "2015-10-31": -260, "2015-07-31": -218, "2015-04-30": "-222.00000", "2015-01-31": -225, "2014-10-31": -228, "2014-07-31": -183, "2014-04-30": "-186.00000", "2014-01-31": -190, "2013-10-31": -191, "2013-07-31": -174, "2013-04-30": "-178.00000", "2013-01-31": -180, "2012-10-31": -184, "2012-07-31": -166, "2012-04-30": "-174.00000", "2012-01-31": -177, "2011-10-31": -176, "2011-07-31": -145, "2011-04-30": "-149.00000", "2011-01-31": -153, "2010-10-31": -157, "2010-07-31": -130, "2010-04-30": "-131.00000", "2010-01-31": 0, "2009-10-31": -132, "2009-07-31": -133, "2009-04-30": "-126.00000", "2009-01-31": -125, "2008-10-31": -124, "2008-07-31": -125, "2008-04-30": "-117.00000", "2008-01-31": -116, "2007-10-31": -118, "2007-07-31": -119, "2007-04-30": "-75.00000", "2007-01-31": -76, "2006-10-31": -76, "2006-07-31": -77, "2006-04-30": "-47.00000", "2006-01-31": -46, "2005-10-31": -47, "2005-07-31": -47, "2005-04-30": "-31.00000", "2005-01-31": -116}}, "financial ratios": {"Current Ratio": {"2020-01-31": "1.00900", "2019-01-31": "0.98140", "2018-01-31": "1.05590", "2017-01-31": "1.00220", "2016-01-31": "1.00660", "2015-01-31": "1.05380", "2014-01-31": "1.16000", "2013-01-31": "1.26930", "2012-01-31": "1.27640", "2011-01-31": "1.40010", "2010-01-31": "1.32320", "2009-01-31": "1.21560", "2008-01-31": "1.12060", "2007-01-31": "1.27140", "2006-01-31": "1.33540", "2005-01-31": "1.22220"}, "Long-term Debt / Capital": {"2020-01-31": "0.89480", "2019-01-31": "0.79790", "2018-01-31": "0.72600", "2017-01-31": "0.69110", "2016-01-31": "0.60130", "2015-01-31": "0.52020", "2014-01-31": "0.45970", "2013-01-31": "0.39450", "2012-01-31": "0.29850", "2011-01-31": "0.26520", "2010-01-31": "0.19190", "2009-01-31": "0.21820", "2008-01-31": "0.25730", "2007-01-31": "0.21570", "2006-01-31": "0.19660", "2005-01-31": "0.20970"}, "Debt/Equity Ratio": {"2020-01-31": "9.79010", "2019-01-31": "4.45200", "2018-01-31": "2.89380", "2017-01-31": "2.44000", "2016-01-31": "1.65260", "2015-01-31": "1.13940", "2014-01-31": "0.88760", "2013-01-31": "0.65500", "2012-01-31": "0.46130", "2011-01-31": "0.36290", "2010-01-31": "0.26640", "2009-01-31": "0.33560", "2008-01-31": "0.41500", "2007-01-31": "0.28210", "2006-01-31": "0.24700", "2005-01-31": "0.31990"}, "Gross Margin": {"2020-01-31": "31.79990", "2019-01-31": "32.12500", "2018-01-31": "32.69360", "2017-01-31": "33.33590", "2016-01-31": "34.82070", "2015-01-31": "34.78650", "2014-01-31": "34.58820", "2013-01-31": "34.29660", "2012-01-31": "34.55620", "2011-01-31": "35.13670", "2010-01-31": "34.86450", "2009-01-31": "34.21320", "2008-01-31": "34.64370", "2007-01-31": "34.51740", "2006-01-31": "34.20210", "2005-01-31": "33.56740"}, "Operating Margin": {"2020-01-31": "8.75150", "2019-01-31": "5.63460", "2018-01-31": "9.59790", "2017-01-31": "8.99150", "2016-01-31": "8.41490", "2015-01-31": "8.52320", "2014-01-31": "6.87610", "2013-01-31": "6.20930", "2012-01-31": "5.78790", "2011-01-31": "6.61270", "2010-01-31": "5.98260", "2009-01-31": "7.26930", "2008-01-31": "9.34280", "2007-01-31": "10.65060", "2006-01-31": "10.39710", "2005-01-31": "9.65340"}, "EBIT Margin": {"2020-01-31": "8.75150", "2019-01-31": "5.63460", "2018-01-31": "9.59790", "2017-01-31": "8.99150", "2016-01-31": "8.41490", "2015-01-31": "8.52320", "2014-01-31": "7.76720", "2013-01-31": "7.04660", "2012-01-31": "6.52680", "2011-01-31": "7.29280", "2010-01-31": "6.59040", "2009-01-31": "7.84990", "2008-01-31": "9.74460", "2007-01-31": "10.97880", "2006-01-31": "10.76240", "2005-01-31": "10.13600"}, "EBITDA Margin": {"2020-01-31": "10.70580", "2019-01-31": "9.22320", "2018-01-31": "11.84220", "2017-01-31": "11.43700", "2016-01-31": "11.10130", "2015-01-31": "11.34410", "2014-01-31": "10.69140", "2013-01-31": "10.25910", "2012-01-31": "9.67180", "2011-01-31": "10.74260", "2010-01-31": "10.26050", "2009-01-31": "11.30620", "2008-01-31": "12.77680", "2007-01-31": "13.61480", "2006-01-31": "13.19290", "2005-01-31": "12.67550"}, "Pre-Tax Profit Margin": {"2020-01-31": "7.79370", "2019-01-31": "4.75960", "2018-01-31": "7.99920", "2017-01-31": "7.99940", "2016-01-31": "7.48040", "2015-01-31": "7.60540", "2014-01-31": "6.87610", "2013-01-31": "6.20930", "2012-01-31": "5.78790", "2011-01-31": "6.61270", "2010-01-31": "5.98260", "2009-01-31": "7.26930", "2008-01-31": "9.34280", "2007-01-31": "10.65060", "2006-01-31": "10.39710", "2005-01-31": "9.65340"}, "Net Profit Margin": {"2020-01-31": "5.91560", "2019-01-31": "3.23520", "2018-01-31": "5.00740", "2017-01-31": "4.71260", "2016-01-31": "4.28950", "2015-01-31": "4.77030", "2014-01-31": "4.24960", "2013-01-31": "3.84990", "2012-01-31": "3.63290", "2011-01-31": "4.08280", "2010-01-31": "3.74840", "2009-01-31": "4.52830", "2008-01-31": "5.79710", "2007-01-31": "6.61670", "2006-01-31": "6.39410", "2005-01-31": "5.94280"}, "Asset Turnover": {"2020-01-31": "1.82790", "2019-01-31": "2.06640", "2018-01-31": "1.94440", "2017-01-31": "1.88960", "2016-01-31": "1.88940", "2015-01-31": "1.77240", "2014-01-31": "1.63200", "2013-01-31": "1.54660", "2012-01-31": "1.49610", "2011-01-31": "1.44860", "2010-01-31": "1.43070", "2009-01-31": "1.47830", "2008-01-31": "1.56410", "2007-01-31": "1.69000", "2006-01-31": "1.75510", "2005-01-31": "1.72500"}, "Inventory Turnover Ratio": {"2020-01-31": "3.73360", "2019-01-31": "3.85330", "2018-01-31": "4.05380", "2017-01-31": "4.14450", "2016-01-31": "4.07110", "2015-01-31": "4.11460", "2014-01-31": "3.82830", "2013-01-31": "3.85980", "2012-01-31": "3.93270", "2011-01-31": "3.80520", "2010-01-31": "3.72860", "2009-01-31": "3.86510", "2008-01-31": "4.14610", "2007-01-31": "4.30140", "2006-01-31": "4.28830", "2005-01-31": "4.09810"}, "Receiveable Turnover": {"2020-01-31": "", "2019-01-31": "", "2018-01-31": "", "2017-01-31": "", "2016-01-31": "", "2015-01-31": "", "2014-01-31": "", "2013-01-31": "", "2012-01-31": "", "2011-01-31": "", "2010-01-31": "", "2009-01-31": "", "2008-01-31": "", "2007-01-31": "", "2006-01-31": "", "2005-01-31": "4051.55600"}, "Days Sales In Receivables": {"2020-01-31": "", "2019-01-31": "", "2018-01-31": "", "2017-01-31": "", "2016-01-31": "", "2015-01-31": "", "2014-01-31": "", "2013-01-31": "", "2012-01-31": "", "2011-01-31": "", "2010-01-31": "", "2009-01-31": "", "2008-01-31": "", "2007-01-31": "", "2006-01-31": "", "2005-01-31": "0.09010"}, "ROE - Return On Equity": {"2020-01-31": "217.08920", "2019-01-31": "63.50160", "2018-01-31": "58.69230", "2017-01-31": "48.07270", "2016-01-31": "33.26370", "2015-01-31": "27.06660", "2014-01-31": "19.28630", "2013-01-31": "14.13730", "2012-01-31": "11.12320", "2011-01-31": "11.09760", "2010-01-31": "9.35030", "2009-01-31": "12.15730", "2008-01-31": "17.44940", "2007-01-31": "19.74560", "2006-01-31": "19.34110", "2005-01-31": "18.78630"}, "Return On Tangible Equity": {"2020-01-31": "256.50090", "2019-01-31": "69.26070", "2018-01-31": "75.49280", "2017-01-31": "57.79150", "2016-01-31": "33.94670", "2015-01-31": "27.06660", "2014-01-31": "19.28630", "2013-01-31": "14.13730", "2012-01-31": "11.12320", "2011-01-31": "11.09760", "2010-01-31": "9.35030", "2009-01-31": "12.15730", "2008-01-31": "17.44940", "2007-01-31": "19.74560", "2006-01-31": "19.34110", "2005-01-31": "18.78630"}, "ROA - Return On Assets": {"2020-01-31": "10.84590", "2019-01-31": "6.70570", "2018-01-31": "9.76740", "2017-01-31": "8.98920", "2016-01-31": "8.14300", "2015-01-31": "8.50540", "2014-01-31": "6.98400", "2013-01-31": "5.99710", "2012-01-31": "5.47990", "2011-01-31": "5.96460", "2010-01-31": "5.40220", "2009-01-31": "6.72800", "2008-01-31": "9.09970", "2007-01-31": "11.18230", "2006-01-31": "11.22210", "2005-01-31": "10.25170"}, "ROI - Return On Investment": {"2020-01-31": "22.84420", "2019-01-31": "12.83060", "2018-01-31": "16.07970", "2017-01-31": "14.85020", "2016-01-31": "13.26110", "2015-01-31": "12.98740", "2014-01-31": "10.41980", "2013-01-31": "8.55940", "2012-01-31": "7.80300", "2011-01-31": "8.15450", "2010-01-31": "7.55600", "2009-01-31": "9.50460", "2008-01-31": "12.96020", "2007-01-31": "15.48630", "2006-01-31": "15.53810", "2005-01-31": "14.84760"}, "Book Value Per Share": {"2020-01-31": "2.58450", "2019-01-31": "4.54930", "2018-01-31": "7.07590", "2017-01-31": "7.42960", "2016-01-31": "8.41100", "2015-01-31": "10.38330", "2014-01-31": "11.50780", "2013-01-31": "12.48380", "2012-01-31": "13.32230", "2011-01-31": "13.37670", "2010-01-31": "13.06990", "2009-01-31": "12.28230", "2008-01-31": "11.04120", "2007-01-31": "10.31150", "2006-01-31": "9.11730", "2005-01-31": "7.45160"}, "Operating Cash Flow Per Share": {"2020-01-31": -2.1049, "2019-01-31": 1.597, "2018-01-31": -0.3459, "2017-01-31": 1.2261, "2016-01-31": 0.1708, "2015-01-31": 1.1042, "2014-01-31": 0.609, "2013-01-31": -0.1507, "2012-01-31": 0.6708, "2011-01-31": -0.0236, "2010-01-31": -0.06, "2009-01-31": -0.0554, "2008-01-31": 0.0097, "2007-01-31": 0.484, "2006-01-31": 0.4904, "2005-01-31": 1.9004}, "Free Cash Flow Per Share": {"2020-01-31": -2.4507, "2019-01-31": 1.5282, "2018-01-31": -0.3467, "2017-01-31": 1.1706, "2016-01-31": -0.2199, "2015-01-31": 1.083, "2014-01-31": 0.7321, "2013-01-31": 0.3069, "2012-01-31": 0.2043, "2011-01-31": 0.2635, "2010-01-31": 0.9452, "2009-01-31": 0.346, "2008-01-31": -0.1588, "2007-01-31": 0.0941, "2006-01-31": 0.1826, "2005-01-31": 0.1435}}, "financial ratios, quarterly": {"Current Ratio": {"2020-10-31": "1.37580", "2020-07-31": "1.29700", "2020-04-30": "1.19650", "2020-01-31": "1.00900", "2019-10-31": "1.03980", "2019-07-31": "1.06070", "2019-04-30": "1.08740", "2019-01-31": "0.98140", "2018-10-31": "1.00460", "2018-07-31": "1.06190", "2018-04-30": "1.01640", "2018-01-31": "1.05590", "2017-10-31": "1.01970", "2017-07-31": "1.02990", "2017-04-30": "1.04020", "2017-01-31": "1.00220", "2016-10-31": "1.00750", "2016-07-31": "1.01270", "2016-04-30": "1.16660", "2016-01-31": "1.00660", "2015-10-31": "0.99820", "2015-07-31": "0.91550", "2015-04-30": "0.96650", "2015-01-31": "1.05380", "2014-10-31": "1.12270", "2014-07-31": "1.10610", "2014-04-30": "1.10520", "2014-01-31": "1.16000", "2013-10-31": "1.20870", "2013-07-31": "1.16840", "2013-04-30": "1.15090", "2013-01-31": "1.26930", "2012-10-31": "1.25730", "2012-07-31": "1.28560", "2012-04-30": "1.23940", "2012-01-31": "1.27640", "2011-10-31": "1.13840", "2011-07-31": "1.17180", "2011-04-30": "1.20680", "2011-01-31": "1.40010", "2010-10-31": "1.33630", "2010-07-31": "1.39130", "2010-04-30": "1.25860", "2010-01-31": "1.32320", "2009-10-31": "1.22880", "2009-07-31": "1.18610", "2009-04-30": "1.20680", "2009-01-31": "1.21560", "2008-10-31": "1.12930", "2008-07-31": "1.09100", "2008-04-30": "1.13210", "2008-01-31": "1.12060", "2007-10-31": "1.22020", "2007-07-31": "1.10090", "2007-04-30": "1.16660", "2007-01-31": "1.27140", "2006-10-31": "1.28420", "2006-07-31": "1.25010", "2006-04-30": "1.22660", "2006-01-31": "1.33540", "2005-10-31": "1.36790", "2005-07-31": "1.26300", "2005-04-30": "1.18800", "2005-01-31": "1.22220"}, "Long-term Debt / Capital": {"2020-10-31": "0.83870", "2020-07-31": "0.82260", "2020-04-30": "0.92170", "2020-01-31": "0.89480", "2019-10-31": "0.87130", "2019-07-31": "0.86230", "2019-04-30": "0.83640", "2019-01-31": "0.79790", "2018-10-31": "0.72830", "2018-07-31": "0.72100", "2018-04-30": "0.72240", "2018-01-31": "0.72600", "2017-10-31": "0.73060", "2017-07-31": "0.74040", "2017-04-30": "0.74030", "2017-01-31": "0.69110", "2016-10-31": "0.68210", "2016-07-31": "0.67550", "2016-04-30": "0.66510", "2016-01-31": "0.60130", "2015-10-31": "0.57920", "2015-07-31": "0.54330", "2015-04-30": "0.52140", "2015-01-31": "0.52020", "2014-10-31": "0.50180", "2014-07-31": "0.47240", "2014-04-30": "0.46750", "2014-01-31": "0.45970", "2013-10-31": "0.44370", "2013-07-31": "0.40830", "2013-04-30": "0.40520", "2013-01-31": "0.39450", "2012-10-31": "0.38760", "2012-07-31": "0.37800", "2012-04-30": "0.37230", "2012-01-31": "0.29850", "2011-10-31": "0.26390", "2011-07-31": "0.28170", "2011-04-30": "0.27250", "2011-01-31": "0.26520", "2010-10-31": "0.22670", "2010-07-31": "0.22360", "2010-04-30": "0.22530", "2010-01-31": "0.19190", "2009-10-31": "0.18890", "2009-07-31": "0.19060", "2009-04-30": "0.21410", "2009-01-31": "0.21820", "2008-10-31": "0.21930", "2008-07-31": "0.22390", "2008-04-30": "0.25120", "2008-01-31": "0.25730", "2007-10-31": "0.25790", "2007-07-31": "0.21220", "2007-04-30": "0.21500", "2007-01-31": "0.21570", "2006-10-31": "0.22330", "2006-07-31": "0.18600", "2006-04-30": "0.19120", "2006-01-31": "0.19660", "2005-10-31": "0.21660", "2005-07-31": "0.17720", "2005-04-30": "0.20340", "2005-01-31": "0.20970"}, "Debt/Equity Ratio": {"2020-10-31": "5.35080", "2020-07-31": "5.00600", "2020-04-30": "12.70630", "2020-01-31": "9.79010", "2019-10-31": "7.26040", "2019-07-31": "6.64660", "2019-04-30": "5.42340", "2019-01-31": "4.45200", "2018-10-31": "2.88780", "2018-07-31": "2.73850", "2018-04-30": "2.75790", "2018-01-31": "2.89380", "2017-10-31": "2.79310", "2017-07-31": "2.90530", "2017-04-30": "2.90450", "2017-01-31": "2.44000", "2016-10-31": "2.26520", "2016-07-31": "2.25160", "2016-04-30": "2.13600", "2016-01-31": "1.65260", "2015-10-31": "1.50250", "2015-07-31": "1.30660", "2015-04-30": "1.19760", "2015-01-31": "1.13940", "2014-10-31": "1.05840", "2014-07-31": "0.90010", "2014-04-30": "0.88200", "2014-01-31": "0.88760", "2013-10-31": "0.80160", "2013-07-31": "0.69380", "2013-04-30": "0.68470", "2013-01-31": "0.65500", "2012-10-31": "0.63610", "2012-07-31": "0.64770", "2012-04-30": "0.63220", "2012-01-31": "0.46130", "2011-10-31": "0.39350", "2011-07-31": "0.39450", "2011-04-30": "0.37670", "2011-01-31": "0.36290", "2010-10-31": "0.29510", "2010-07-31": "0.28990", "2010-04-30": "0.31900", "2010-01-31": "0.26640", "2009-10-31": "0.26140", "2009-07-31": "0.26470", "2009-04-30": "0.27530", "2009-01-31": "0.33560", "2008-10-31": "0.29670", "2008-07-31": "0.30100", "2008-04-30": "0.34640", "2008-01-31": "0.41500", "2007-10-31": "0.35080", "2007-07-31": "0.30940", "2007-04-30": "0.27970", "2007-01-31": "0.28210", "2006-10-31": "0.29340", "2006-07-31": "0.23070", "2006-04-30": "0.23860", "2006-01-31": "0.24700", "2005-10-31": "0.32310", "2005-07-31": "0.26390", "2005-04-30": "0.30810", "2005-01-31": "0.31990"}, "Gross Margin": {"2020-10-31": "32.72220", "2020-07-31": "34.07810", "2020-04-30": "33.10290", "2020-01-31": "31.08500", "2019-10-31": "32.43620", "2019-07-31": "32.10750", "2019-04-30": "31.45820", "2019-01-31": "31.30510", "2018-10-31": "30.87570", "2018-07-31": "32.96150", "2018-04-30": "33.11060", "2018-01-31": "27.43640", "2017-10-31": "34.06680", "2017-07-31": "34.21390", "2017-04-30": "34.40100", "2017-01-31": "29.40950", "2016-10-31": "34.35420", "2016-07-31": "34.43590", "2016-04-30": "35.03350", "2016-01-31": "34.65290", "2015-10-31": "34.74930", "2015-07-31": "34.47660", "2015-04-30": "35.47310", "2015-01-31": "34.66510", "2014-10-31": "34.48580", "2014-07-31": "34.55030", "2014-04-30": "35.49950", "2014-01-31": "34.67110", "2013-10-31": "34.58360", "2013-07-31": "34.35170", "2013-04-30": "34.80290", "2013-01-31": "34.27490", "2012-10-31": "34.31620", "2012-07-31": "33.92520", "2012-04-30": "34.69930", "2012-01-31": "34.21050", "2011-10-31": "34.06180", "2011-07-31": "34.49080", "2011-04-30": "35.44520", "2011-01-31": "35.56640", "2010-10-31": "35.04790", "2010-07-31": "34.85830", "2010-04-30": "35.17920", "2010-01-31": "34.94940", "2009-10-31": "34.19780", "2009-07-31": "34.83820", "2009-04-30": "35.46320", "2009-01-31": "33.73400", "2008-10-31": "33.97850", "2008-07-31": "34.33730", "2008-04-30": "34.69070", "2008-01-31": "34.88780", "2007-10-31": "34.27580", "2007-07-31": "34.46740", "2007-04-30": "34.99010", "2007-01-31": "35.42190", "2006-10-31": "34.47510", "2006-07-31": "33.44540", "2006-04-30": "34.97190", "2006-01-31": "35.01710", "2005-10-31": "33.79910", "2005-07-31": "33.75810", "2005-04-30": "34.27820", "2005-01-31": "34.26900"}, "Operating Margin": {"2020-10-31": "9.74940", "2020-07-31": "14.49340", "2020-04-30": "10.11940", "2020-01-31": "5.97740", "2019-10-31": "8.96020", "2019-07-31": "11.34240", "2019-04-30": "7.98710", "2019-01-31": "-3.62390", "2018-10-31": "5.49530", "2018-07-31": "10.35520", "2018-04-30": "8.43890", "2018-01-31": "7.08660", "2017-10-31": "9.22480", "2017-07-31": "12.21850", "2017-04-30": "9.24670", "2017-01-31": "8.04610", "2016-10-31": "5.96610", "2016-07-31": "11.23220", "2016-04-30": "10.41090", "2016-01-31": "6.39870", "2015-10-31": "8.26600", "2015-07-31": "10.60070", "2015-04-30": "7.77130", "2015-01-31": "9.59330", "2014-10-31": "6.97320", "2014-07-31": "10.19940", "2014-04-30": "7.02830", "2014-01-31": "4.28780", "2013-10-31": "6.16660", "2013-07-31": "9.58560", "2013-04-30": "6.63200", "2013-01-31": "4.11910", "2012-10-31": "5.25970", "2012-07-31": "8.40060", "2012-04-30": "6.46240", "2012-01-31": "4.17100", "2011-10-31": "2.97000", "2011-07-31": "9.13840", "2011-04-30": "6.07300", "2011-01-31": "4.35160", "2010-10-31": "5.61840", "2010-07-31": "9.29600", "2010-04-30": "6.34490", "2010-01-31": "3.15670", "2009-10-31": "4.64180", "2009-07-31": "8.78360", "2009-04-30": "6.42330", "2009-01-31": "2.59420", "2008-10-31": "6.63370", "2008-07-31": "10.31770", "2008-04-30": "8.09390", "2008-01-31": "6.29160", "2007-10-31": "8.90620", "2007-07-31": "11.54800", "2007-04-30": "9.79300", "2007-01-31": "9.13900", "2006-10-31": "10.33810", "2006-07-31": "11.35260", "2006-04-30": "11.47560", "2006-01-31": "10.43580", "2005-10-31": "9.92260", "2005-07-31": "11.43430", "2005-04-30": "9.61360", "2005-01-31": "9.46200"}, "EBIT Margin": {"2020-10-31": "9.74940", "2020-07-31": "14.49340", "2020-04-30": "10.11940", "2020-01-31": "5.97740", "2019-10-31": "8.96020", "2019-07-31": "11.34240", "2019-04-30": "7.98710", "2019-01-31": "-3.62390", "2018-10-31": "5.49530", "2018-07-31": "10.35520", "2018-04-30": "8.43890", "2018-01-31": "7.08660", "2017-10-31": "9.22480", "2017-07-31": "12.21850", "2017-04-30": "9.24670", "2017-01-31": "8.04610", "2016-10-31": "5.96610", "2016-07-31": "11.23220", "2016-04-30": "10.41090", "2016-01-31": "3.31650", "2015-10-31": "9.24790", "2015-07-31": "11.36730", "2015-04-30": "8.71970", "2015-01-31": "6.53110", "2014-10-31": "7.95260", "2014-07-31": "10.95850", "2014-04-30": "7.95340", "2014-01-31": "5.38550", "2013-10-31": "7.13130", "2013-07-31": "10.28580", "2013-04-30": "7.49540", "2013-01-31": "5.11500", "2012-10-31": "6.20390", "2012-07-31": "9.07430", "2012-04-30": "7.24550", "2012-01-31": "5.04820", "2011-10-31": "3.73780", "2011-07-31": "9.75730", "2011-04-30": "6.79520", "2011-01-31": "5.17220", "2010-10-31": "6.30880", "2010-07-31": "9.88090", "2010-04-30": "7.00680", "2010-01-31": "3.70730", "2009-10-31": "5.31870", "2009-07-31": "9.33260", "2009-04-30": "7.08250", "2009-01-31": "3.29530", "2008-10-31": "7.18790", "2008-07-31": "10.79330", "2008-04-30": "8.72680", "2008-01-31": "6.74440", "2007-10-31": "9.33850", "2007-07-31": "11.90090", "2007-04-30": "10.17910", "2007-01-31": "9.56180", "2006-10-31": "10.73950", "2006-07-31": "11.57670", "2006-04-30": "11.76920", "2006-01-31": "10.76880", "2005-10-31": "10.26250", "2005-07-31": "11.76130", "2005-04-30": "10.08780", "2005-01-31": "9.96490"}, "EBITDA Margin": {"2020-10-31": "", "2020-07-31": "", "2020-04-30": "", "2020-01-31": "", "2019-10-31": "", "2019-07-31": "", "2019-04-30": "", "2019-01-31": "", "2018-10-31": "", "2018-07-31": "", "2018-04-30": "", "2018-01-31": "", "2017-10-31": "", "2017-07-31": "", "2017-04-30": "", "2017-01-31": "", "2016-10-31": "", "2016-07-31": "", "2016-04-30": "", "2016-01-31": "", "2015-10-31": "", "2015-07-31": "", "2015-04-30": "", "2015-01-31": "", "2014-10-31": "", "2014-07-31": "", "2014-04-30": "", "2014-01-31": "", "2013-10-31": "", "2013-07-31": "", "2013-04-30": "", "2013-01-31": "", "2012-10-31": "", "2012-07-31": "", "2012-04-30": "", "2012-01-31": "", "2011-10-31": "", "2011-07-31": "", "2011-04-30": "", "2011-01-31": "", "2010-10-31": "", "2010-07-31": "", "2010-04-30": "", "2010-01-31": "", "2009-10-31": "", "2009-07-31": "", "2009-04-30": "", "2009-01-31": "", "2008-10-31": "", "2008-07-31": "", "2008-04-30": "", "2008-01-31": "", "2007-10-31": "", "2007-07-31": "", "2007-04-30": "", "2007-01-31": "", "2006-10-31": "", "2006-07-31": "", "2006-04-30": "", "2006-01-31": "", "2005-10-31": "", "2005-07-31": "", "2005-04-30": "", "2005-01-31": ""}, "Pre-Tax Profit Margin": {"2020-10-31": "4.00740", "2020-07-31": "13.69130", "2020-04-30": "9.07750", "2020-01-31": "4.83560", "2019-10-31": "7.94230", "2019-07-31": "10.53740", "2019-04-30": "7.07400", "2019-01-31": "-4.63380", "2018-10-31": "4.61670", "2018-07-31": "9.62270", "2018-04-30": "7.51730", "2018-01-31": "6.09910", "2017-10-31": "8.27070", "2017-07-31": "11.40290", "2017-04-30": "5.53970", "2017-01-31": "7.03240", "2016-10-31": "4.93040", "2016-07-31": "10.32310", "2016-04-30": "9.38690", "2016-01-31": "2.22860", "2015-10-31": "8.26600", "2015-07-31": "10.60070", "2015-04-30": "7.77130", "2015-01-31": "5.47850", "2014-10-31": "6.97320", "2014-07-31": "10.19940", "2014-04-30": "7.02830", "2014-01-31": "4.28780", "2013-10-31": "6.16660", "2013-07-31": "9.58560", "2013-04-30": "6.63200", "2013-01-31": "4.11910", "2012-10-31": "5.25970", "2012-07-31": "8.40060", "2012-04-30": "6.46240", "2012-01-31": "4.17100", "2011-10-31": "2.97000", "2011-07-31": "9.13840", "2011-04-30": "6.07300", "2011-01-31": "4.35160", "2010-10-31": "5.61840", "2010-07-31": "9.29600", "2010-04-30": "6.34490", "2010-01-31": "3.15670", "2009-10-31": "4.64180", "2009-07-31": "8.78360", "2009-04-30": "6.42330", "2009-01-31": "2.59420", "2008-10-31": "6.63370", "2008-07-31": "10.31770", "2008-04-30": "8.09390", "2008-01-31": "6.29160", "2007-10-31": "8.90620", "2007-07-31": "11.54800", "2007-04-30": "9.79300", "2007-01-31": "9.13900", "2006-10-31": "10.33810", "2006-07-31": "11.35260", "2006-04-30": "11.47560", "2006-01-31": "10.43580", "2005-10-31": "9.92260", "2005-07-31": "11.43430", "2005-04-30": "9.61360", "2005-01-31": "9.46200"}, "Net Profit Margin": {"2020-10-31": "3.08840", "2020-07-31": "10.31430", "2020-04-30": "6.77510", "2020-01-31": "3.17590", "2019-10-31": "6.01560", "2019-07-31": "7.95540", "2019-04-30": "5.87900", "2019-01-31": "-5.24730", "2018-10-31": "3.60610", "2018-07-31": "7.25300", "2018-04-30": "5.67400", "2018-01-31": "3.56910", "2017-10-31": "5.18780", "2017-07-31": "7.24800", "2017-04-30": "3.55870", "2017-01-31": "4.09280", "2016-10-31": "2.38900", "2016-07-31": "6.36360", "2016-04-30": "5.77660", "2016-01-31": "0.07550", "2015-10-31": "5.10450", "2015-07-31": "6.46180", "2015-04-30": "4.74200", "2015-01-31": "3.56460", "2014-10-31": "4.25410", "2014-07-31": "6.22330", "2014-04-30": "4.62580", "2014-01-31": "2.59840", "2013-10-31": "3.82030", "2013-07-31": "5.95120", "2013-04-30": "4.10300", "2013-01-31": "2.58920", "2012-10-31": "3.25520", "2012-07-31": "5.20740", "2012-04-30": "3.98390", "2012-01-31": "2.75200", "2011-10-31": "1.88150", "2011-07-31": "5.65910", "2011-04-30": "3.75870", "2011-01-31": "2.70060", "2010-10-31": "3.45210", "2010-07-31": "5.74470", "2010-04-30": "3.91510", "2010-01-31": "2.00610", "2009-10-31": "2.99780", "2009-07-31": "5.43920", "2009-04-30": "3.98920", "2009-01-31": "1.61260", "2008-10-31": "4.14390", "2008-07-31": "6.43050", "2008-04-30": "5.02960", "2008-01-31": "3.83470", "2007-10-31": "5.55990", "2007-07-31": "7.19280", "2007-04-30": "6.07130", "2007-01-31": "5.89080", "2006-10-31": "6.38660", "2006-07-31": "6.98330", "2006-04-30": "7.05480", "2006-01-31": "6.42060", "2005-10-31": "6.09890", "2005-07-31": "7.03330", "2005-04-30": "5.91140", "2005-01-31": "5.83630"}, "Asset Turnover": {"2020-10-31": "0.43850", "2020-07-31": "0.52740", "2020-04-30": "0.42930", "2020-01-31": "0.40600", "2019-10-31": "0.43730", "2019-07-31": "0.51580", "2019-04-30": "0.41050", "2019-01-31": "0.45340", "2018-10-31": "0.47440", "2018-07-31": "0.56290", "2018-04-30": "0.45400", "2018-01-31": "0.43900", "2017-10-31": "0.45590", "2017-07-31": "0.53170", "2017-04-30": "0.44820", "2017-01-31": "0.45870", "2016-10-31": "0.44500", "2016-07-31": "0.50070", "2016-04-30": "0.40980", "2016-01-31": "0.42340", "2015-10-31": "0.42680", "2015-07-31": "0.52990", "2015-04-30": "0.41170", "2015-01-31": "0.39530", "2014-10-31": "0.40200", "2014-07-31": "0.50090", "2014-04-30": "0.39160", "2014-01-31": "0.35630", "2013-10-31": "0.38020", "2013-07-31": "0.47030", "2013-04-30": "0.37680", "2013-01-31": "0.33810", "2012-10-31": "0.35560", "2012-07-31": "0.40670", "2012-04-30": "0.35350", "2012-01-31": "0.34650", "2011-10-31": "0.35000", "2011-07-31": "0.42720", "2011-04-30": "0.33960", "2011-01-31": "0.31100", "2010-10-31": "0.33740", "2010-07-31": "0.41470", "2010-04-30": "0.33110", "2010-01-31": "0.30810", "2009-10-31": "0.33120", "2009-07-31": "0.40570", "2009-04-30": "0.34650", "2009-01-31": "0.30600", "2008-10-31": "0.35510", "2008-07-31": "0.44580", "2008-04-30": "0.36780", "2008-01-31": "0.33620", "2007-10-31": "0.38310", "2007-07-31": "0.47790", "2007-04-30": "0.40620", "2007-01-31": "0.37480", "2006-10-31": "0.41260", "2006-07-31": "0.51420", "2006-04-30": "0.44110", "2006-01-31": "0.43870", "2005-10-31": "0.42450", "2005-07-31": "0.51890", "2005-04-30": "0.43570", "2005-01-31": "0.40450"}, "Inventory Turnover Ratio": {"2020-10-31": "0.95530", "2020-07-31": "1.30130", "2020-04-30": "0.92150", "2020-01-31": "0.83810", "2019-10-31": "0.85650", "2019-07-31": "1.03800", "2019-04-30": "0.80930", "2019-01-31": "0.85570", "2018-10-31": "0.97360", "2018-07-31": "1.17820", "2018-04-30": "0.87940", "2018-01-31": "0.98680", "2017-10-31": "0.89220", "2017-07-31": "1.12430", "2017-04-30": "0.90260", "2017-01-31": "1.06540", "2016-10-31": "0.94010", "2016-07-31": "1.12900", "2016-04-30": "0.89530", "2016-01-31": "0.91460", "2015-10-31": "0.89800", "2015-07-31": "1.17140", "2015-04-30": "0.85900", "2015-01-31": "0.91940", "2014-10-31": "0.91820", "2014-07-31": "1.16630", "2014-04-30": "0.82220", "2014-01-31": "0.83470", "2013-10-31": "0.88360", "2013-07-31": "1.13270", "2013-04-30": "0.83050", "2013-01-31": "0.84420", "2012-10-31": "0.88160", "2012-07-31": "1.08230", "2012-04-30": "0.87770", "2012-01-31": "0.91560", "2011-10-31": "0.86930", "2011-07-31": "1.07950", "2011-04-30": "0.81420", "2011-01-31": "0.81140", "2010-10-31": "0.88100", "2010-07-31": "1.08110", "2010-04-30": "0.81120", "2010-01-31": "0.80190", "2009-10-31": "0.88850", "2009-07-31": "1.10160", "2009-04-30": "0.84720", "2009-01-31": "0.80590", "2008-10-31": "0.92990", "2008-07-31": "1.20000", "2008-04-30": "0.92950", "2008-01-31": "0.88790", "2007-10-31": "0.97760", "2007-07-31": "1.19040", "2007-04-30": "0.93080", "2007-01-31": "0.94060", "2006-10-31": "1.01760", "2006-07-31": "1.24180", "2006-04-30": "0.99170", "2006-01-31": "1.05860", "2005-10-31": "1.09070", "2005-07-31": "1.28180", "2005-04-30": "0.98440", "2005-01-31": "0.95080"}, "Receiveable Turnover": {"2020-10-31": "", "2020-07-31": "", "2020-04-30": "", "2020-01-31": "", "2019-10-31": "", "2019-07-31": "", "2019-04-30": "", "2019-01-31": "", "2018-10-31": "", "2018-07-31": "", "2018-04-30": "", "2018-01-31": "", "2017-10-31": "", "2017-07-31": "", "2017-04-30": "", "2017-01-31": "", "2016-10-31": "", "2016-07-31": "", "2016-04-30": "", "2016-01-31": "", "2015-10-31": "", "2015-07-31": "", "2015-04-30": "", "2015-01-31": "", "2014-10-31": "", "2014-07-31": "", "2014-04-30": "", "2014-01-31": "", "2013-10-31": "", "2013-07-31": "", "2013-04-30": "", "2013-01-31": "", "2012-10-31": "", "2012-07-31": "", "2012-04-30": "", "2012-01-31": "", "2011-10-31": "", "2011-07-31": "", "2011-04-30": "", "2011-01-31": "", "2010-10-31": "", "2010-07-31": "", "2010-04-30": "", "2010-01-31": "", "2009-10-31": "", "2009-07-31": "", "2009-04-30": "", "2009-01-31": "", "2008-10-31": "", "2008-07-31": "", "2008-04-30": "", "2008-01-31": "", "2007-10-31": "", "2007-07-31": "", "2007-04-30": "", "2007-01-31": "", "2006-10-31": "", "2006-07-31": "", "2006-04-30": "", "2006-01-31": "", "2005-10-31": "", "2005-07-31": "", "2005-04-30": "550.72220", "2005-01-31": "950.00000"}, "Days Sales In Receivables": {"2020-10-31": "", "2020-07-31": "", "2020-04-30": "", "2020-01-31": "", "2019-10-31": "", "2019-07-31": "", "2019-04-30": "", "2019-01-31": "", "2018-10-31": "", "2018-07-31": "", "2018-04-30": "", "2018-01-31": "", "2017-10-31": "", "2017-07-31": "", "2017-04-30": "", "2017-01-31": "", "2016-10-31": "", "2016-07-31": "", "2016-04-30": "", "2016-01-31": "", "2015-10-31": "", "2015-07-31": "", "2015-04-30": "", "2015-01-31": "", "2014-10-31": "", "2014-07-31": "", "2014-04-30": "", "2014-01-31": "", "2013-10-31": "", "2013-07-31": "", "2013-04-30": "", "2013-01-31": "", "2012-10-31": "", "2012-07-31": "", "2012-04-30": "", "2012-01-31": "", "2011-10-31": "", "2011-07-31": "", "2011-04-30": "", "2011-01-31": "", "2010-10-31": "", "2010-07-31": "", "2010-04-30": "", "2010-01-31": "", "2009-10-31": "", "2009-07-31": "", "2009-04-30": "", "2009-01-31": "", "2008-10-31": "", "2008-07-31": "", "2008-04-30": "", "2008-01-31": "", "2007-10-31": "", "2007-07-31": "", "2007-04-30": "", "2007-01-31": "", "2006-10-31": "", "2006-07-31": "", "2006-04-30": "", "2006-01-31": "", "2005-10-31": "", "2005-07-31": "", "2005-04-30": "0.16340", "2005-01-31": "0.09470"}, "ROE - Return On Equity": {"2020-10-31": "16.98990", "2020-07-31": "64.92190", "2020-04-30": "77.91380", "2020-01-31": "25.86210", "2019-10-31": "42.67700", "2019-07-31": "63.48490", "2019-04-30": "32.32390", "2019-01-31": "-22.58510", "2018-10-31": "11.66110", "2018-07-31": "26.29300", "2018-04-30": "17.19760", "2018-01-31": "9.43300", "2017-10-31": "15.18640", "2017-07-31": "25.63220", "2017-04-30": "10.88410", "2017-01-31": "10.30460", "2016-10-31": "5.65000", "2016-07-31": "16.61920", "2016-04-30": "12.25740", "2016-01-31": "0.14370", "2015-10-31": "8.78490", "2015-07-31": "12.96190", "2015-04-30": "7.10140", "2015-01-31": "4.51440", "2014-10-31": "5.45200", "2014-07-31": "9.24380", "2014-04-30": "5.43460", "2014-01-31": "2.58160", "2013-10-31": "3.94440", "2013-07-31": "7.20410", "2013-04-30": "4.07490", "2013-01-31": "2.08560", "2012-10-31": "2.78380", "2012-07-31": "5.03910", "2012-04-30": "3.46640", "2012-01-31": "1.95370", "2011-10-31": "1.33860", "2011-07-31": "4.94670", "2011-04-30": "2.64050", "2011-01-31": "1.57350", "2010-10-31": "2.13850", "2010-07-31": "4.33040", "2010-04-30": "2.57110", "2010-01-31": "1.06980", "2009-10-31": "1.77150", "2009-07-31": "3.95810", "2009-04-30": "2.58180", "2009-01-31": "0.89730", "2008-10-31": "2.71760", "2008-07-31": "5.35820", "2008-04-30": "3.65240", "2008-01-31": "2.53450", "2007-10-31": "4.00520", "2007-07-31": "6.38110", "2007-04-30": "4.69920", "2007-01-31": "3.89830", "2006-10-31": "4.74610", "2006-07-31": "6.26680", "2006-04-30": "5.76780", "2006-01-31": "4.85450", "2005-10-31": "4.76440", "2005-07-31": "6.43160", "2005-04-30": "4.89350", "2005-01-31": "4.32600"}, "Return On Tangible Equity": {"2020-10-31": "16.98990", "2020-07-31": "64.92190", "2020-04-30": "77.91380", "2020-01-31": "25.86210", "2019-10-31": "42.67700", "2019-07-31": "63.48490", "2019-04-30": "32.32390", "2019-01-31": "-24.63330", "2018-10-31": "15.25960", "2018-07-31": "33.70290", "2018-04-30": "22.16740", "2018-01-31": "12.13320", "2017-10-31": "19.75090", "2017-07-31": "33.14650", "2017-04-30": "13.52810", "2017-01-31": "12.38790", "2016-10-31": "6.67960", "2016-07-31": "19.62000", "2016-04-30": "12.52480", "2016-01-31": "0.14670", "2015-10-31": "8.94940", "2015-07-31": "13.19580", "2015-04-30": "7.10140", "2015-01-31": "4.51440", "2014-10-31": "5.45200", "2014-07-31": "9.24380", "2014-04-30": "5.43460", "2014-01-31": "2.58160", "2013-10-31": "3.94440", "2013-07-31": "7.20410", "2013-04-30": "4.07490", "2013-01-31": "2.08560", "2012-10-31": "2.78380", "2012-07-31": "5.03910", "2012-04-30": "3.46640", "2012-01-31": "1.95370", "2011-10-31": "1.33860", "2011-07-31": "4.94670", "2011-04-30": "2.64050", "2011-01-31": "1.57350", "2010-10-31": "2.13850", "2010-07-31": "4.33040", "2010-04-30": "2.57110", "2010-01-31": "1.06980", "2009-10-31": "1.77150", "2009-07-31": "3.95810", "2009-04-30": "2.58180", "2009-01-31": "0.89730", "2008-10-31": "2.71760", "2008-07-31": "5.35820", "2008-04-30": "3.65240", "2008-01-31": "2.53450", "2007-10-31": "4.00520", "2007-07-31": "6.38110", "2007-04-30": "4.69920", "2007-01-31": "3.89830", "2006-10-31": "4.74610", "2006-07-31": "6.26680", "2006-04-30": "5.76780", "2006-01-31": "4.85450", "2005-10-31": "4.76440", "2005-07-31": "6.43160", "2005-04-30": "4.89350", "2005-01-31": "4.32600"}, "ROA - Return On Assets": {"2020-10-31": "1.36010", "2020-07-31": "5.46340", "2020-04-30": "2.91720", "2020-01-31": "1.29210", "2019-10-31": "2.63810", "2019-07-31": "4.11840", "2019-04-30": "2.42020", "2019-01-31": "-2.38500", "2018-10-31": "1.71330", "2018-07-31": "4.09650", "2018-04-30": "2.58390", "2018-01-31": "1.56980", "2017-10-31": "2.37070", "2017-07-31": "3.86990", "2017-04-30": "1.60050", "2017-01-31": "1.92690", "2016-10-31": "1.07150", "2016-07-31": "3.19980", "2016-04-30": "2.37780", "2016-01-31": "0.03520", "2015-10-31": "2.18760", "2015-07-31": "3.43960", "2015-04-30": "1.96120", "2015-01-31": "1.41860", "2014-10-31": "1.71900", "2014-07-31": "3.13550", "2014-04-30": "1.82300", "2014-01-31": "0.93490", "2013-10-31": "1.46430", "2013-07-31": "2.81670", "2013-04-30": "1.55480", "2013-01-31": "0.88470", "2012-10-31": "1.16630", "2012-07-31": "2.13230", "2012-04-30": "1.41640", "2012-01-31": "0.96250", "2011-10-31": "0.66440", "2011-07-31": "2.43800", "2011-04-30": "1.28470", "2011-01-31": "0.84570", "2010-10-31": "1.17640", "2010-07-31": "2.40230", "2010-04-30": "1.30700", "2010-01-31": "0.61810", "2009-10-31": "1.00150", "2009-07-31": "2.22440", "2009-04-30": "1.39390", "2009-01-31": "0.49660", "2008-10-31": "1.47750", "2008-07-31": "2.88180", "2008-04-30": "1.85890", "2008-01-31": "1.32170", "2007-10-31": "2.12990", "2007-07-31": "3.43750", "2007-04-30": "2.46590", "2007-01-31": "2.20770", "2006-10-31": "2.63500", "2006-07-31": "3.59100", "2006-04-30": "3.11160", "2006-01-31": "2.81670", "2005-10-31": "2.58890", "2005-07-31": "3.64970", "2005-04-30": "2.57580", "2005-01-31": "2.36070"}, "ROI - Return On Investment": {"2020-10-31": "2.73970", "2020-07-31": "11.51790", "2020-04-30": "6.10060", "2020-01-31": "2.72150", "2019-10-31": "5.49420", "2019-07-31": "8.73920", "2019-04-30": "5.28870", "2019-01-31": "-4.56330", "2018-10-31": "3.16810", "2018-07-31": "7.33660", "2018-04-30": "4.77460", "2018-01-31": "2.58430", "2017-10-31": "4.09160", "2017-07-31": "6.65450", "2017-04-30": "2.82620", "2017-01-31": "3.18320", "2016-10-31": "1.79600", "2016-07-31": "5.39280", "2016-04-30": "4.10510", "2016-01-31": "0.05730", "2015-10-31": "3.69700", "2015-07-31": "5.91920", "2015-04-30": "3.39880", "2015-01-31": "2.16620", "2014-10-31": "2.71640", "2014-07-31": "4.87720", "2014-04-30": "2.89400", "2014-01-31": "1.39480", "2013-10-31": "2.19430", "2013-07-31": "4.26240", "2013-04-30": "2.42390", "2013-01-31": "1.26270", "2012-10-31": "1.70480", "2012-07-31": "3.13440", "2012-04-30": "2.17580", "2012-01-31": "1.37050", "2011-10-31": "0.98540", "2011-07-31": "3.55310", "2011-04-30": "1.92110", "2011-01-31": "1.15620", "2010-10-31": "1.65360", "2010-07-31": "3.36220", "2010-04-30": "1.99190", "2010-01-31": "0.86450", "2009-10-31": "1.43670", "2009-07-31": "3.20370", "2009-04-30": "2.02900", "2009-01-31": "0.70150", "2008-10-31": "2.12160", "2008-07-31": "4.15850", "2008-04-30": "2.73490", "2008-01-31": "1.88240", "2007-10-31": "2.97220", "2007-07-31": "5.02710", "2007-04-30": "3.68910", "2007-01-31": "3.05740", "2006-10-31": "3.68640", "2006-07-31": "5.10090", "2006-04-30": "4.66520", "2006-01-31": "3.90000", "2005-10-31": "3.73240", "2005-07-31": "5.29170", "2005-04-30": "3.89810", "2005-01-31": "3.41900"}, "Book Value Per Share": {"2020-10-31": "5.41620", "2020-07-31": "5.76190", "2020-04-30": "2.27280", "2020-01-31": "2.58450", "2019-10-31": "3.20050", "2019-07-31": "3.40210", "2019-04-30": "4.07040", "2019-01-31": "4.54930", "2018-10-31": "6.69230", "2018-07-31": "7.12820", "2018-04-30": "6.98910", "2018-01-31": "7.07590", "2017-10-31": "6.90970", "2017-07-31": "6.61410", "2017-04-30": "6.48420", "2017-01-31": "7.42960", "2016-10-31": "7.68380", "2016-07-31": "7.97050", "2016-04-30": "8.06710", "2016-01-31": "8.41100", "2015-10-31": "9.13630", "2015-07-31": "9.36100", "2015-04-30": "10.00740", "2015-01-31": "10.38330", "2014-10-31": "11.01640", "2014-07-31": "11.34210", "2014-04-30": "11.34590", "2014-01-31": "11.50780", "2013-10-31": "12.04860", "2013-07-31": "12.28790", "2013-04-30": "12.18020", "2013-01-31": "12.48380", "2012-10-31": "12.66700", "2012-07-31": "12.86810", "2012-04-30": "12.80790", "2012-01-31": "13.32230", "2011-10-31": "13.34050", "2011-07-31": "13.31670", "2011-04-30": "13.24660", "2011-01-31": "13.37670", "2010-10-31": "13.55240", "2010-07-31": "13.50180", "2010-04-30": "13.18020", "2010-01-31": "13.06990", "2009-10-31": "13.14760", "2009-07-31": "12.98310", "2009-04-30": "12.50810", "2009-01-31": "12.28230", "2008-10-31": "12.24060", "2008-07-31": "11.95770", "2008-04-30": "11.36730", "2008-01-31": "11.04120", "2007-10-31": "10.92110", "2007-07-31": "10.75350", "2007-04-30": "10.44220", "2007-01-31": "10.31150", "2006-10-31": "9.92500", "2006-07-31": "9.70090", "2006-04-30": "9.37680", "2006-01-31": "9.11730", "2005-10-31": "8.69170", "2005-07-31": "8.36220", "2005-04-30": "7.74580", "2005-01-31": "7.45160"}, "Operating Cash Flow Per Share": {"2020-10-31": -0.3748, "2020-07-31": 9.7207, "2020-04-30": "5.88620", "2020-01-31": 0.1829, "2019-10-31": 0.7513, "2019-07-31": 1.9064, "2019-04-30": "2.68130", "2019-01-31": -0.797, "2018-10-31": 1.3145, "2018-07-31": 2.958, "2018-04-30": "4.15130", "2018-01-31": -0.4269, "2017-10-31": 0.4306, "2017-07-31": 2.1858, "2017-04-30": "3.84030", "2017-01-31": 0.3471, "2016-10-31": 0.7992, "2016-07-31": 1.6476, "2016-04-30": "3.58180", "2016-01-31": 0.2137, "2015-10-31": 0.4729, "2015-07-31": 1.8601, "2015-04-30": "2.60290", "2015-01-31": 0.1992, "2014-10-31": 0.8408, "2014-07-31": 1.9781, "2014-04-30": "1.96070", "2014-01-31": 0.1959, "2013-10-31": 0.5364, "2013-07-31": 1.3148, "2013-04-30": "1.82750", "2013-01-31": 0.1557, "2012-10-31": 0.6975, "2012-07-31": 0.3702, "2012-04-30": "2.04220", "2012-01-31": 0.3077, "2011-10-31": 0.5319, "2011-07-31": 0.7522, "2011-04-30": "1.82450", "2011-01-31": -0.0081, "2010-10-31": 0.7931, "2010-07-31": 0.0618, "2010-04-30": "1.89870", "2010-01-31": -0.2037, "2009-10-31": 0.438, "2009-07-31": 0.933, "2009-04-30": "1.60180", "2009-01-31": -0.1538, "2008-10-31": 0.3516, "2008-07-31": 0.913, "2008-04-30": "1.71830", "2008-01-31": 0.3561, "2007-10-31": 0.5007, "2007-07-31": 0.6387, "2007-04-30": "1.38900", "2007-01-31": 0.526, "2006-10-31": 0.6913, "2006-07-31": 0.3305, "2006-04-30": "1.32700", "2006-01-31": 0.3012, "2005-10-31": 0.7008, "2005-07-31": 0.6447, "2005-04-30": "0.74410", "2005-01-31": 1.9004}, "Free Cash Flow Per Share": {"2020-10-31": -0.9678, "2020-07-31": 9.2396, "2020-04-30": "5.48550", "2020-01-31": -0.4034, "2019-10-31": 0.2593, "2019-07-31": 1.5138, "2019-04-30": "2.45420", "2019-01-31": -1.1628, "2018-10-31": 0.9583, "2018-07-31": 2.5929, "2018-04-30": "3.88620", "2018-01-31": -0.7897, "2017-10-31": 0.0634, "2017-07-31": 1.8608, "2017-04-30": "3.61190", "2017-01-31": -0.0293, "2016-10-31": 0.4275, "2016-07-31": 1.3323, "2016-04-30": "3.36260", "2016-01-31": -0.1524, "2015-10-31": 0.2014, "2015-07-31": 1.5111, "2015-04-30": "2.36240", "2015-01-31": -0.0831, "2014-10-31": 0.6482, "2014-07-31": 1.7917, "2014-04-30": "1.78560", "2014-01-31": -0.0969, "2013-10-31": 0.322, "2013-07-31": 1.1811, "2013-04-30": "1.65320", "2013-01-31": -0.0362, "2012-10-31": 0.4455, "2012-07-31": 0.1307, "2012-04-30": "1.78730", "2012-01-31": -0.0994, "2011-10-31": 0.1378, "2011-07-31": 0.3894, "2011-04-30": "1.59260", "2011-01-31": -0.2277, "2010-10-31": 0.5082, "2010-07-31": -0.1702, "2010-04-30": "1.70580", "2010-01-31": -0.4692, "2009-10-31": 0.1753, "2009-07-31": 0.6279, "2009-04-30": "1.21860", "2009-01-31": -0.6554, "2008-10-31": -0.2801, "2008-07-31": 0.3669, "2008-04-30": "1.17600", "2008-01-31": -0.3558, "2007-10-31": -0.309, "2007-07-31": -0.0128, "2007-04-30": "0.93900", "2007-01-31": -0.1917, "2006-10-31": -0.0698, "2006-07-31": -0.1906, "2006-04-30": "0.87230", "2006-01-31": -0.3748, "2005-10-31": 0.1395, "2005-07-31": 0.1949, "2005-04-30": "0.36650", "2005-01-31": 0.1435}}, "revenue": {"Lowe's Annual Revenue (Millions of US $)": {"2020": "$72,148", "2019": "$71,309", "2018": "$68,619", "2017": "$65,017", "2016": "$59,074", "2015": "$56,223", "2014": "$53,417", "2013": "$50,521", "2012": "$50,208", "2011": "$48,815", "2010": "$47,220", "2009": "$48,230", "2008": "$48,283", "2007": "$46,927", "2006": "$43,243", "2005": "$36,464"}, "Lowe's Quarterly Revenue (Millions of US $)": {"2020-10-31": "$22,309", "2020-07-31": "$27,302", "2020-04-30": "$19,675", "2020-01-31": "$16,027", "2019-10-31": "$17,388", "2019-07-31": "$20,992", "2019-04-30": "$17,741", "2019-01-31": "$15,646", "2018-10-31": "$17,415", "2018-07-31": "$20,888", "2018-04-30": "$17,360", "2018-01-31": "$15,494", "2017-10-31": "$16,770", "2017-07-31": "$19,495", "2017-04-30": "$16,860", "2017-01-31": "$15,784", "2016-10-31": "$15,739", "2016-07-31": "$18,260", "2016-04-30": "$15,234", "2016-01-31": "$13,237", "2015-10-31": "$14,360", "2015-07-31": "$17,348", "2015-04-30": "$14,129", "2015-01-31": "$12,540", "2014-10-31": "$13,681", "2014-07-31": "$16,599", "2014-04-30": "$13,403", "2014-01-31": "$11,661", "2013-10-31": "$12,957", "2013-07-31": "$15,711", "2013-04-30": "$13,088", "2013-01-31": "$11,046", "2012-10-31": "$12,073", "2012-07-31": "$14,249", "2012-04-30": "$13,153", "2012-01-31": "$11,628", "2011-10-31": "$11,852", "2011-07-31": "$14,543", "2011-04-30": "$12,185", "2011-01-31": "$10,479", "2010-10-31": "$11,587", "2010-07-31": "$14,361", "2010-04-30": "$12,388", "2010-01-31": "$10,169", "2009-10-31": "$11,375", "2009-07-31": "$13,844", "2009-04-30": "$11,832", "2009-01-31": "$9,984", "2008-10-31": "$11,728", "2008-07-31": "$14,509", "2008-04-30": "$12,009", "2008-01-31": "$10,379", "2007-10-31": "$11,565", "2007-07-31": "$14,167", "2007-04-30": "$12,172", "2007-01-31": "$10,406", "2006-10-31": "$11,211", "2006-07-31": "$13,389", "2006-04-30": "$11,921", "2006-01-31": "$10,809", "2005-10-31": "$10,592", "2005-07-31": "$11,929", "2005-04-30": "$9,913", "2005-01-31": "$8,550"}}, "gross-profit": {"Lowe's Annual Gross Profit (Millions of US $)": {"2020": "$22,943", "2019": "$22,908", "2018": "$22,434", "2017": "$21,674", "2016": "$20,570", "2015": "$19,558", "2014": "$18,476", "2013": "$17,327", "2012": "$17,350", "2011": "$17,152", "2010": "$16,463", "2009": "$16,501", "2008": "$16,727", "2007": "$16,198", "2006": "$14,790", "2005": "$12,240"}, "Lowe's Quarterly Gross Profit (Millions of US $)": {"2020-10-31": "$7,300", "2020-07-31": "$9,304", "2020-04-30": "$6,513", "2020-01-31": "$4,982", "2019-10-31": "$5,640", "2019-07-31": "$6,740", "2019-04-30": "$5,581", "2019-01-31": "$4,898", "2018-10-31": "$5,377", "2018-07-31": "$6,885", "2018-04-30": "$5,748", "2018-01-31": "$4,251", "2017-10-31": "$5,713", "2017-07-31": "$6,670", "2017-04-30": "$5,800", "2017-01-31": "$4,642", "2016-10-31": "$5,407", "2016-07-31": "$6,288", "2016-04-30": "$5,337", "2016-01-31": "$4,587", "2015-10-31": "$4,990", "2015-07-31": "$5,981", "2015-04-30": "$5,012", "2015-01-31": "$4,347", "2014-10-31": "$4,718", "2014-07-31": "$5,735", "2014-04-30": "$4,758", "2014-01-31": "$4,043", "2013-10-31": "$4,481", "2013-07-31": "$5,397", "2013-04-30": "$4,555", "2013-01-31": "$3,786", "2012-10-31": "$4,143", "2012-07-31": "$4,834", "2012-04-30": "$4,564", "2012-01-31": "$3,978", "2011-10-31": "$4,037", "2011-07-31": "$5,016", "2011-04-30": "$4,319", "2011-01-31": "$3,727", "2010-10-31": "$4,061", "2010-07-31": "$5,006", "2010-04-30": "$4,358", "2010-01-31": "$3,554", "2009-10-31": "$3,890", "2009-07-31": "$4,823", "2009-04-30": "$4,196", "2009-01-31": "$3,368", "2008-10-31": "$3,985", "2008-07-31": "$4,982", "2008-04-30": "$4,166", "2008-01-31": "$3,621", "2007-10-31": "$3,964", "2007-07-31": "$4,883", "2007-04-30": "$4,259", "2007-01-31": "$3,686", "2006-10-31": "$3,865", "2006-07-31": "$4,478", "2006-04-30": "$4,169", "2006-01-31": "$3,785", "2005-10-31": "$3,580", "2005-07-31": "$4,027", "2005-04-30": "$3,398", "2005-01-31": "$2,930"}}, "operating-income": {"Lowe's Annual Operating Income (Millions of US $)": {"2020": "$6,314", "2019": "$4,018", "2018": "$6,586", "2017": "$5,846", "2016": "$4,971", "2015": "$4,792", "2014": "$3,673", "2013": "$3,137", "2012": "$2,906", "2011": "$3,228", "2010": "$2,825", "2009": "$3,506", "2008": "$4,511", "2007": "$4,998", "2006": "$4,496", "2005": "$3,520"}, "Lowe's Quarterly Operating Income (Millions of US $)": {"2020-10-31": "$2,175", "2020-07-31": "$3,957", "2020-04-30": "$1,991", "2020-01-31": "$958", "2019-10-31": "$1,558", "2019-07-31": "$2,381", "2019-04-30": "$1,417", "2019-01-31": "$-567", "2018-10-31": "$957", "2018-07-31": "$2,163", "2018-04-30": "$1,465", "2018-01-31": "$1,098", "2017-10-31": "$1,547", "2017-07-31": "$2,382", "2017-04-30": "$1,559", "2017-01-31": "$1,270", "2016-10-31": "$939", "2016-07-31": "$2,051", "2016-04-30": "$1,586", "2016-01-31": "$847", "2015-10-31": "$1,187", "2015-07-31": "$1,839", "2015-04-30": "$1,098", "2015-01-31": "$1,203", "2014-10-31": "$954", "2014-07-31": "$1,693", "2014-04-30": "$942", "2014-01-31": "$500", "2013-10-31": "$799", "2013-07-31": "$1,506", "2013-04-30": "$868", "2013-01-31": "$455", "2012-10-31": "$635", "2012-07-31": "$1,197", "2012-04-30": "$850", "2012-01-31": "$485", "2011-10-31": "$352", "2011-07-31": "$1,329", "2011-04-30": "$740", "2011-01-31": "$456", "2010-10-31": "$651", "2010-07-31": "$1,335", "2010-04-30": "$786", "2010-01-31": "$321", "2009-10-31": "$528", "2009-07-31": "$1,216", "2009-04-30": "$760", "2009-01-31": "$259", "2008-10-31": "$778", "2008-07-31": "$1,497", "2008-04-30": "$972", "2008-01-31": "$653", "2007-10-31": "$1,030", "2007-07-31": "$1,636", "2007-04-30": "$1,192", "2007-01-31": "$951", "2006-10-31": "$1,159", "2006-07-31": "$1,520", "2006-04-30": "$1,368", "2006-01-31": "$1,128", "2005-10-31": "$1,051", "2005-07-31": "$1,364", "2005-04-30": "$953", "2005-01-31": "$809"}}, "ebitda": {"Lowe's Annual EBITDA (Millions of US $)": {"2020": "$7,724", "2019": "$6,577", "2018": "$8,126", "2017": "$7,436", "2016": "$6,558", "2015": "$6,378", "2014": "$5,711", "2013": "$5,183", "2012": "$4,856", "2011": "$5,244", "2010": "$4,845", "2009": "$5,453", "2008": "$6,169", "2007": "$6,389", "2006": "$5,705", "2005": "$4,622"}, "Lowe's Quarterly EBITDA (Millions of US $)": {"2020-10-31": "$2,580", "2020-07-31": "$4,331", "2020-04-30": "$2,364", "2020-01-31": "$1,339", "2019-10-31": "$1,903", "2019-07-31": "$2,728", "2019-04-30": "$1,754", "2019-01-31": "$786", "2018-10-31": "$1,412", "2018-07-31": "$2,527", "2018-04-30": "$1,852", "2018-01-31": "$1,490", "2017-10-31": "$1,927", "2017-07-31": "$2,761", "2017-04-30": "$1,948", "2017-01-31": "$1,670", "2016-10-31": "$1,351", "2016-07-31": "$2,446", "2016-04-30": "$1,969", "2016-01-31": "$1,242", "2015-10-31": "$1,729", "2015-07-31": "$2,372", "2015-04-30": "$1,623", "2015-01-31": "$1,590", "2014-10-31": "$1,489", "2014-07-31": "$2,219", "2014-04-30": "$1,464", "2014-01-31": "$1,023", "2013-10-31": "$1,324", "2013-07-31": "$2,007", "2013-04-30": "$1,357", "2013-01-31": "$1,003", "2012-10-31": "$1,145", "2012-07-31": "$1,686", "2012-04-30": "$1,349", "2012-01-31": "$995", "2011-10-31": "$828", "2011-07-31": "$1,808", "2011-04-30": "$1,225", "2011-01-31": "$954", "2010-10-31": "$1,155", "2010-07-31": "$1,843", "2010-04-30": "$1,292", "2010-01-31": "$807", "2009-10-31": "$1,038", "2009-07-31": "$1,728", "2009-04-30": "$1,272", "2009-01-31": "$764", "2008-10-31": "$1,259", "2008-07-31": "$1,978", "2008-04-30": "$1,452", "2008-01-31": "$1,095", "2007-10-31": "$1,448", "2007-07-31": "$2,042", "2007-04-30": "$1,584", "2007-01-31": "$1,325", "2006-10-31": "$1,520", "2006-07-31": "$1,851", "2006-04-30": "$1,693", "2006-01-31": "$1,444", "2005-10-31": "$1,350", "2005-07-31": "$1,657", "2005-04-30": "$1,254", "2005-01-31": "$1,099"}}, "net-income": {"Lowe's Annual Net Income (Millions of US $)": {"2020": "$4,268", "2019": "$2,307", "2018": "$3,436", "2017": "$3,064", "2016": "$2,534", "2015": "$2,682", "2014": "$2,270", "2013": "$1,945", "2012": "$1,824", "2011": "$1,993", "2010": "$1,770", "2009": "$2,184", "2008": "$2,799", "2007": "$3,105", "2006": "$2,765", "2005": "$2,167"}, "Lowe's Quarterly Net Income (Millions of US $)": {"2020-10-31": "$689", "2020-07-31": "$2,816", "2020-04-30": "$1,333", "2020-01-31": "$509", "2019-10-31": "$1,046", "2019-07-31": "$1,670", "2019-04-30": "$1,043", "2019-01-31": "$-821", "2018-10-31": "$628", "2018-07-31": "$1,515", "2018-04-30": "$985", "2018-01-31": "$553", "2017-10-31": "$870", "2017-07-31": "$1,413", "2017-04-30": "$600", "2017-01-31": "$646", "2016-10-31": "$376", "2016-07-31": "$1,162", "2016-04-30": "$880", "2016-01-31": "$10", "2015-10-31": "$733", "2015-07-31": "$1,121", "2015-04-30": "$670", "2015-01-31": "$447", "2014-10-31": "$582", "2014-07-31": "$1,033", "2014-04-30": "$620", "2014-01-31": "$303", "2013-10-31": "$495", "2013-07-31": "$935", "2013-04-30": "$537", "2013-01-31": "$286", "2012-10-31": "$393", "2012-07-31": "$742", "2012-04-30": "$524", "2012-01-31": "$320", "2011-10-31": "$223", "2011-07-31": "$823", "2011-04-30": "$458", "2011-01-31": "$283", "2010-10-31": "$400", "2010-07-31": "$825", "2010-04-30": "$485", "2010-01-31": "$204", "2009-10-31": "$341", "2009-07-31": "$753", "2009-04-30": "$472", "2009-01-31": "$161", "2008-10-31": "$486", "2008-07-31": "$933", "2008-04-30": "$604", "2008-01-31": "$398", "2007-10-31": "$643", "2007-07-31": "$1,019", "2007-04-30": "$739", "2007-01-31": "$613", "2006-10-31": "$716", "2006-07-31": "$935", "2006-04-30": "$841", "2006-01-31": "$694", "2005-10-31": "$646", "2005-07-31": "$839", "2005-04-30": "$586", "2005-01-31": "$499"}}, "eps-earnings-per-share-diluted": {"Lowe's Annual EPS": {"2020": "$5.49", "2019": "$2.84", "2018": "$4.09", "2017": "$3.47", "2016": "$2.73", "2015": "$2.71", "2014": "$2.14", "2013": "$1.69", "2012": "$1.43", "2011": "$1.42", "2010": "$1.21", "2009": "$1.49", "2008": "$1.86", "2007": "$1.99", "2006": "$1.73", "2005": "$1.35"}, "Lowe's Quarterly EPS": {"2020-10-31": "$0.91", "2020-07-31": "$3.74", "2020-04-30": "$1.76", "2020-01-31": "$0.68", "2019-10-31": "$1.36", "2019-07-31": "$2.14", "2019-04-30": "$1.31", "2019-01-31": "$-0.99", "2018-10-31": "$0.78", "2018-07-31": "$1.86", "2018-04-30": "$1.19", "2018-01-31": "$0.66", "2017-10-31": "$1.05", "2017-07-31": "$1.68", "2017-04-30": "$0.70", "2017-01-31": "$0.75", "2016-10-31": "$0.43", "2016-07-31": "$1.31", "2016-04-30": "$0.98", "2016-01-31": "$0.03", "2015-10-31": "$0.80", "2015-07-31": "$1.20", "2015-04-30": "$0.70", "2015-01-31": "$0.47", "2014-10-31": "$0.59", "2014-07-31": "$1.04", "2014-04-30": "$0.61", "2014-01-31": "$0.30", "2013-10-31": "$0.47", "2013-07-31": "$0.88", "2013-04-30": "$0.49", "2013-01-31": "$0.27", "2012-10-31": "$0.35", "2012-07-31": "$0.64", "2012-04-30": "$0.43", "2012-01-31": "$0.27", "2011-10-31": "$0.18", "2011-07-31": "$0.64", "2011-04-30": "$0.34", "2011-01-31": "$0.21", "2010-10-31": "$0.29", "2010-07-31": "$0.58", "2010-04-30": "$0.34", "2010-01-31": "$0.15", "2009-10-31": "$0.23", "2009-07-31": "$0.51", "2009-04-30": "$0.32", "2009-01-31": "$0.12", "2008-10-31": "$0.33", "2008-07-31": "$0.63", "2008-04-30": "$0.41", "2008-01-31": "$0.28", "2007-10-31": "$0.43", "2007-07-31": "$0.67", "2007-04-30": "$0.48", "2007-01-31": "$0.40", "2006-10-31": "$0.46", "2006-07-31": "$0.60", "2006-04-30": "$0.53", "2006-01-31": "$0.45", "2005-10-31": "$0.40", "2005-07-31": "$0.52", "2005-04-30": "$0.37", "2005-01-31": "$0.31"}}, "shares-outstanding": {"Lowe's Annual Shares Outstanding (Millions of Shares)": {"2020": "778", "2019": "812", "2018": "840", "2017": "881", "2016": "929", "2015": "990", "2014": "1,061", "2013": "1,152", "2012": "1,273", "2011": "1,403", "2010": "1,464", "2009": "1,457", "2008": "1,507", "2007": "1,566", "2006": "1,607", "2005": "1,617"}, "Lowe's Quarterly Shares Outstanding (Millions of Shares)": {"2020-10-31": "754", "2020-07-31": "753", "2020-04-30": "756", "2020-01-31": "778", "2019-10-31": "770", "2019-07-31": "781", "2019-04-30": "797", "2019-01-31": "812", "2018-10-31": "807", "2018-07-31": "814", "2018-04-30": "826", "2018-01-31": "840", "2017-10-31": "832", "2017-07-31": "842", "2017-04-30": "858", "2017-01-31": "881", "2016-10-31": "874", "2016-07-31": "885", "2016-04-30": "899", "2016-01-31": "929", "2015-10-31": "921", "2015-07-31": "933", "2015-04-30": "952", "2015-01-31": "990", "2014-10-31": "980", "2014-07-31": "996", "2014-04-30": "1,017", "2014-01-31": "1,061", "2013-10-31": "1,049", "2013-07-31": "1,068", "2013-04-30": "1,090", "2013-01-31": "1,152", "2012-10-31": "1,128", "2012-07-31": "1,159", "2012-04-30": "1,208", "2012-01-31": "1,273", "2011-10-31": "1,252", "2011-07-31": "1,278", "2011-04-30": "1,328", "2011-01-31": "1,403", "2010-10-31": "1,392", "2010-07-31": "1,419", "2010-04-30": "1,441", "2010-01-31": "1,464", "2009-10-31": "1,469", "2009-07-31": "1,466", "2009-04-30": "1,464", "2009-01-31": "1,457", "2008-10-31": "1,461", "2008-07-31": "1,470", "2008-04-30": "1,477", "2008-01-31": "1,507", "2007-10-31": "1,497", "2007-07-31": "1,518", "2007-04-30": "1,540", "2007-01-31": "1,566", "2006-10-31": "1,551", "2006-07-31": "1,571", "2006-04-30": "1,590", "2006-01-31": "1,607", "2005-10-31": "1,608", "2005-07-31": "1,605", "2005-04-30": "1,610", "2005-01-31": "1,617"}}, "total-assets": {"Lowe's Annual Total Assets (Millions of US $)": {"2020": "$39,471", "2019": "$34,508", "2018": "$35,291", "2017": "$34,408", "2016": "$31,266", "2015": "$31,721", "2014": "$32,732", "2013": "$32,666", "2012": "$33,559", "2011": "$33,699", "2010": "$33,005", "2009": "$32,625", "2008": "$30,869", "2007": "$27,767", "2006": "$24,639", "2005": "$21,138"}, "Lowe's Quarterly Total Assets (Millions of US $)": {"2020-10-31": "$50,880", "2020-07-31": "$51,763", "2020-04-30": "$45,832", "2020-01-31": "$39,471", "2019-10-31": "$39,764", "2019-07-31": "$40,695", "2019-04-30": "$43,219", "2019-01-31": "$34,508", "2018-10-31": "$36,713", "2018-07-31": "$37,105", "2018-04-30": "$38,237", "2018-01-31": "$35,291", "2017-10-31": "$36,783", "2017-07-31": "$36,668", "2017-04-30": "$37,613", "2017-01-31": "$34,408", "2016-10-31": "$35,370", "2016-07-31": "$36,471", "2016-04-30": "$37,177", "2016-01-31": "$31,266", "2015-10-31": "$33,644", "2015-07-31": "$32,736", "2015-04-30": "$34,315", "2015-01-31": "$31,721", "2014-10-31": "$34,032", "2014-07-31": "$33,137", "2014-04-30": "$34,229", "2014-01-31": "$32,732", "2013-10-31": "$34,077", "2013-07-31": "$33,408", "2013-04-30": "$34,731", "2013-01-31": "$32,666", "2012-10-31": "$33,953", "2012-07-31": "$35,032", "2012-04-30": "$37,208", "2012-01-31": "$33,559", "2011-10-31": "$33,866", "2011-07-31": "$34,045", "2011-04-30": "$35,884", "2011-01-31": "$33,699", "2010-10-31": "$34,341", "2010-07-31": "$34,633", "2010-04-30": "$37,414", "2010-01-31": "$33,005", "2009-10-31": "$34,348", "2009-07-31": "$34,122", "2009-04-30": "$34,148", "2009-01-31": "$32,625", "2008-10-31": "$33,029", "2008-07-31": "$32,549", "2008-04-30": "$32,654", "2008-01-31": "$30,869", "2007-10-31": "$30,189", "2007-07-31": "$29,644", "2007-04-30": "$29,969", "2007-01-31": "$27,767", "2006-10-31": "$27,173", "2006-07-31": "$26,037", "2006-04-30": "$27,028", "2006-01-31": "$24,639", "2005-10-31": "$24,953", "2005-07-31": "$22,988", "2005-04-30": "$22,750", "2005-01-31": "$21,138"}}, "cash-on-hand": {"Lowe's Annual Cash on Hand (Millions of US $)": {"2020": "$876", "2019": "$729", "2018": "$690", "2017": "$658", "2016": "$712", "2015": "$591", "2014": "$576", "2013": "$666", "2012": "$1,300", "2011": "$1,123", "2010": "$1,057", "2009": "$661", "2008": "$530", "2007": "$796", "2006": "$876", "2005": "$813"}, "Lowe's Quarterly Cash on Hand (Millions of US $)": {"2020-10-31": "$10,101", "2020-07-31": "$12,726", "2020-04-30": "$6,156", "2020-01-31": "$876", "2019-10-31": "$921", "2019-07-31": "$2,071", "2019-04-30": "$3,163", "2019-01-31": "$729", "2018-10-31": "$1,876", "2018-07-31": "$2,642", "2018-04-30": "$1,770", "2018-01-31": "$690", "2017-10-31": "$828", "2017-07-31": "$1,815", "2017-04-30": "$2,047", "2017-01-31": "$658", "2016-10-31": "$1,083", "2016-07-31": "$2,156", "2016-04-30": "$4,735", "2016-01-31": "$712", "2015-10-31": "$1,385", "2015-07-31": "$1,089", "2015-04-30": "$1,529", "2015-01-31": "$591", "2014-10-31": "$1,773", "2014-07-31": "$1,129", "2014-04-30": "$768", "2014-01-31": "$576", "2013-10-31": "$1,216", "2013-07-31": "$1,274", "2013-04-30": "$1,199", "2013-01-31": "$666", "2012-10-31": "$1,300", "2012-07-31": "$2,296", "2012-04-30": "$3,233", "2012-01-31": "$1,300", "2011-10-31": "$969", "2011-07-31": "$908", "2011-04-30": "$1,841", "2011-01-31": "$1,123", "2010-10-31": "$1,737", "2010-07-31": "$2,007", "2010-04-30": "$3,352", "2010-01-31": "$1,057", "2009-10-31": "$1,650", "2009-07-31": "$1,511", "2009-04-30": "$1,142", "2009-01-31": "$661", "2008-10-31": "$767", "2008-07-31": "$854", "2008-04-30": "$1,208", "2008-01-31": "$530", "2007-10-31": "$567", "2007-07-31": "$662", "2007-04-30": "$1,200", "2007-01-31": "$796", "2006-10-31": "$1,121", "2006-07-31": "$772", "2006-04-30": "$1,657", "2006-01-31": "$876", "2005-10-31": "$2,309", "2005-07-31": "$1,419", "2005-04-30": "$1,226", "2005-01-31": "$813"}}, "long-term-debt": {"Lowe's Annual Long Term Debt (Millions of US $)": {"2020": "$16,768", "2019": "$14,391", "2018": "$15,564", "2017": "$14,394", "2016": "$11,545", "2015": "$10,806", "2014": "$10,086", "2013": "$9,030", "2012": "$7,035", "2011": "$6,537", "2010": "$4,528", "2009": "$5,039", "2008": "$5,576", "2007": "$4,325", "2006": "$3,499", "2005": "$3,060"}, "Lowe's Quarterly Long Term Debt (Millions of US $)": {"2020-10-31": "$21,185", "2020-07-31": "$20,197", "2020-04-30": "$20,200", "2020-01-31": "$16,768", "2019-10-31": "$16,635", "2019-07-31": "$16,538", "2019-04-30": "$16,542", "2019-01-31": "$14,391", "2018-10-31": "$14,460", "2018-07-31": "$14,937", "2018-04-30": "$14,948", "2018-01-31": "$15,564", "2017-10-31": "$15,570", "2017-07-31": "$15,788", "2017-04-30": "$15,770", "2017-01-31": "$14,394", "2016-10-31": "$14,395", "2016-07-31": "$14,618", "2016-04-30": "$14,322", "2016-01-31": "$11,545", "2015-10-31": "$11,530", "2015-07-31": "$10,336", "2015-04-30": "$10,324", "2015-01-31": "$10,806", "2014-10-31": "$10,806", "2014-07-31": "$10,063", "2014-04-30": "$10,080", "2014-01-31": "$10,086", "2013-10-31": "$10,090", "2013-07-31": "$9,015", "2013-04-30": "$9,026", "2013-01-31": "$9,030", "2012-10-31": "$9,004", "2012-07-31": "$9,008", "2012-04-30": "$9,018", "2012-01-31": "$7,035", "2011-10-31": "$6,025", "2011-07-31": "$6,581", "2011-04-30": "$6,538", "2011-01-31": "$6,537", "2010-10-31": "$5,539", "2010-07-31": "$5,533", "2010-04-30": "$5,531", "2010-01-31": "$4,528", "2009-10-31": "$4,524", "2009-07-31": "$4,515", "2009-04-30": "$5,023", "2009-01-31": "$5,039", "2008-10-31": "$5,044", "2008-07-31": "$5,050", "2008-04-30": "$5,576", "2008-01-31": "$5,576", "2007-10-31": "$5,580", "2007-07-31": "$4,301", "2007-04-30": "$4,306", "2007-01-31": "$4,325", "2006-10-31": "$4,337", "2006-07-31": "$3,410", "2006-04-30": "$3,446", "2006-01-31": "$3,499", "2005-10-31": "$3,749", "2005-07-31": "$2,810", "2005-04-30": "$3,058", "2005-01-31": "$3,060"}}, "total-liabilities": {"Lowe's Annual Total Liabilities (Millions of US $)": {"2020": "$37,499", "2019": "$30,864", "2018": "$29,418", "2017": "$27,974", "2016": "$23,612", "2015": "$21,753", "2014": "$20,879", "2013": "$18,809", "2012": "$17,026", "2011": "$15,587", "2010": "$13,936", "2009": "$14,570", "2008": "$14,771", "2007": "$12,042", "2006": "$10,343", "2005": "$9,603"}, "Lowe's Quarterly Total Liabilities (Millions of US $)": {"2020-10-31": "$46,807", "2020-07-31": "$47,407", "2020-04-30": "$44,116", "2020-01-31": "$37,499", "2019-10-31": "$37,306", "2019-07-31": "$38,055", "2019-04-30": "$39,983", "2019-01-31": "$30,864", "2018-10-31": "$31,319", "2018-07-31": "$31,324", "2018-04-30": "$32,492", "2018-01-31": "$29,418", "2017-10-31": "$31,041", "2017-07-31": "$31,132", "2017-04-30": "$32,082", "2017-01-31": "$27,974", "2016-10-31": "$28,662", "2016-07-31": "$29,449", "2016-04-30": "$29,965", "2016-01-31": "$23,612", "2015-10-31": "$25,266", "2015-07-31": "$24,049", "2015-04-30": "$24,838", "2015-01-31": "$21,753", "2014-10-31": "$23,302", "2014-07-31": "$21,897", "2014-04-30": "$22,747", "2014-01-31": "$20,879", "2013-10-31": "$21,426", "2013-07-31": "$20,346", "2013-04-30": "$21,479", "2013-01-31": "$18,809", "2012-10-31": "$19,728", "2012-07-31": "$20,208", "2012-04-30": "$22,005", "2012-01-31": "$17,026", "2011-10-31": "$17,057", "2011-07-31": "$17,266", "2011-04-30": "$18,425", "2011-01-31": "$15,587", "2010-10-31": "$15,449", "2010-07-31": "$15,420", "2010-04-30": "$18,395", "2010-01-31": "$13,936", "2009-10-31": "$14,929", "2009-07-31": "$14,946", "2009-04-30": "$15,711", "2009-01-31": "$14,570", "2008-10-31": "$15,072", "2008-07-31": "$15,043", "2008-04-30": "$16,035", "2008-01-31": "$14,771", "2007-10-31": "$14,135", "2007-07-31": "$13,675", "2007-04-30": "$14,243", "2007-01-31": "$12,042", "2006-10-31": "$12,087", "2006-07-31": "$11,117", "2006-04-30": "$12,447", "2006-01-31": "$10,343", "2005-10-31": "$11,394", "2005-07-31": "$9,943", "2005-04-30": "$10,775", "2005-01-31": "$9,603"}}, "total-share-holder-equity": {"Lowe's Annual Share Holder Equity (Millions of US $)": {"2020": "$1,972", "2019": "$3,644", "2018": "$5,873", "2017": "$6,434", "2016": "$7,654", "2015": "$9,968", "2014": "$11,853", "2013": "$13,857", "2012": "$16,533", "2011": "$18,112", "2010": "$19,069", "2009": "$18,055", "2008": "$16,098", "2007": "$15,725", "2006": "$14,296", "2005": "$11,535"}, "Lowe's Quarterly Share Holder Equity (Millions of US $)": {"2020-10-31": "$4,073", "2020-07-31": "$4,356", "2020-04-30": "$1,716", "2020-01-31": "$1,972", "2019-10-31": "$2,458", "2019-07-31": "$2,640", "2019-04-30": "$3,236", "2019-01-31": "$3,644", "2018-10-31": "$5,394", "2018-07-31": "$5,781", "2018-04-30": "$5,745", "2018-01-31": "$5,873", "2017-10-31": "$5,742", "2017-07-31": "$5,536", "2017-04-30": "$5,531", "2017-01-31": "$6,434", "2016-10-31": "$6,708", "2016-07-31": "$7,022", "2016-04-30": "$7,212", "2016-01-31": "$7,654", "2015-10-31": "$8,378", "2015-07-31": "$8,687", "2015-04-30": "$9,477", "2015-01-31": "$9,968", "2014-10-31": "$10,730", "2014-07-31": "$11,240", "2014-04-30": "$11,482", "2014-01-31": "$11,853", "2013-10-31": "$12,651", "2013-07-31": "$13,062", "2013-04-30": "$13,252", "2013-01-31": "$13,857", "2012-10-31": "$14,225", "2012-07-31": "$14,824", "2012-04-30": "$15,203", "2012-01-31": "$16,533", "2011-10-31": "$16,809", "2011-07-31": "$16,779", "2011-04-30": "$17,459", "2011-01-31": "$18,112", "2010-10-31": "$18,892", "2010-07-31": "$19,213", "2010-04-30": "$19,019", "2010-01-31": "$19,069", "2009-10-31": "$19,419", "2009-07-31": "$19,176", "2009-04-30": "$18,437", "2009-01-31": "$18,055", "2008-10-31": "$17,957", "2008-07-31": "$17,506", "2008-04-30": "$16,619", "2008-01-31": "$16,098", "2007-10-31": "$16,054", "2007-07-31": "$15,969", "2007-04-30": "$15,726", "2007-01-31": "$15,725", "2006-10-31": "$15,086", "2006-07-31": "$14,920", "2006-04-30": "$14,581", "2006-01-31": "$14,296", "2005-10-31": "$13,559", "2005-07-31": "$13,045", "2005-04-30": "$11,975", "2005-01-31": "$11,535"}}, "profit-margins": {"current": "6.29%"}, "gross margin": {"2020-10-31": "32.94%", "2020-07-31": "32.89%", "2020-04-30": "32.23%", "2020-01-31": "31.80%", "2019-10-31": "31.85%", "2019-07-31": "31.47%", "2019-04-30": "31.72%", "2019-01-31": "32.12%", "2018-10-31": "31.28%", "2018-07-31": "32.05%", "2018-04-30": "32.38%", "2018-01-31": "32.69%", "2017-10-31": "33.12%", "2017-07-31": "33.18%", "2017-04-30": "33.22%", "2017-01-31": "33.34%", "2016-10-31": "34.61%", "2016-07-31": "34.71%", "2016-04-30": "34.72%", "2016-01-31": "34.82%", "2015-10-31": "34.83%", "2015-07-31": "34.76%", "2015-04-30": "34.79%", "2015-01-31": "34.79%", "2014-10-31": "34.79%", "2014-07-31": "34.82%", "2014-04-30": "34.76%", "2014-01-31": "34.59%", "2013-10-31": "34.50%", "2013-07-31": "34.44%", "2013-04-30": "34.32%", "2013-01-31": "34.30%", "2012-10-31": "34.28%", "2012-07-31": "34.22%", "2012-04-30": "34.38%", "2012-01-31": "34.56%", "2011-10-31": "34.85%", "2011-07-31": "35.09%", "2011-04-30": "35.20%", "2011-01-31": "35.14%", "2010-10-31": "35.00%", "2010-07-31": "34.80%", "2010-04-30": "34.80%", "2010-01-31": "34.86%", "2009-10-31": "34.61%", "2009-07-31": "34.55%", "2009-04-30": "34.40%", "2009-01-31": "34.21%", "2008-10-31": "34.46%", "2008-07-31": "34.53%", "2008-04-30": "34.57%", "2008-01-31": "34.64%", "2007-10-31": "34.76%", "2007-07-31": "34.81%", "2007-04-30": "34.52%", "2007-01-31": "34.52%", "2006-10-31": "34.43%", "2006-07-31": "34.28%", "2006-04-30": "34.39%", "2006-01-31": "34.20%", "2005-10-31": "34.00%"}, "operating margin": {"2020-10-31": "10.64%", "2020-07-31": "10.53%", "2020-04-30": "9.30%", "2020-01-31": "8.75%", "2019-10-31": "6.67%", "2019-07-31": "5.83%", "2019-04-30": "5.54%", "2019-01-31": "5.63%", "2018-10-31": "7.99%", "2018-07-31": "8.90%", "2018-04-30": "9.39%", "2018-01-31": "9.60%", "2017-10-31": "9.81%", "2017-07-31": "9.06%", "2017-04-30": "8.73%", "2017-01-31": "8.99%", "2016-10-31": "8.68%", "2016-07-31": "9.28%", "2016-04-30": "9.07%", "2016-01-31": "8.41%", "2015-10-31": "9.13%", "2015-07-31": "8.83%", "2015-04-30": "8.69%", "2015-01-31": "8.52%", "2014-10-31": "7.39%", "2014-07-31": "7.20%", "2014-04-30": "6.97%", "2014-01-31": "6.88%", "2013-10-31": "6.87%", "2013-07-31": "6.67%", "2013-04-30": "6.25%", "2013-01-31": "6.21%", "2012-10-31": "6.20%", "2012-07-31": "5.67%", "2012-04-30": "5.89%", "2012-01-31": "5.79%", "2011-10-31": "5.86%", "2011-07-31": "6.51%", "2011-04-30": "6.55%", "2011-01-31": "6.61%", "2010-10-31": "6.38%", "2010-07-31": "6.15%", "2010-04-30": "5.97%", "2010-01-31": "5.98%", "2009-10-31": "5.87%", "2009-07-31": "6.36%", "2009-04-30": "6.85%", "2009-01-31": "7.27%", "2008-10-31": "8.02%", "2008-07-31": "8.57%", "2008-04-30": "8.92%", "2008-01-31": "9.34%", "2007-10-31": "9.95%", "2007-07-31": "10.30%", "2007-04-30": "10.22%", "2007-01-31": "10.65%", "2006-10-31": "10.93%", "2006-07-31": "10.85%", "2006-04-30": "10.85%", "2006-01-31": "10.40%", "2005-10-31": "10.19%"}, "ebitda margin": {"2020-10-31": "12.44%", "2020-07-31": "12.36%", "2020-04-30": "11.25%", "2020-01-31": "10.71%", "2019-10-31": "9.99%", "2019-07-31": "9.30%", "2019-04-30": "9.04%", "2019-01-31": "9.22%", "2018-10-31": "10.23%", "2018-07-31": "11.06%", "2018-04-30": "11.62%", "2018-01-31": "11.84%", "2017-10-31": "12.05%", "2017-07-31": "11.39%", "2017-04-30": "11.13%", "2017-01-31": "11.44%", "2016-10-31": "11.22%", "2016-07-31": "12.09%", "2016-04-30": "12.15%", "2016-01-31": "11.79%", "2015-10-31": "12.53%", "2015-07-31": "12.26%", "2015-04-30": "12.15%", "2015-01-31": "12.03%", "2014-10-31": "11.19%", "2014-07-31": "11.04%", "2014-04-30": "10.83%", "2014-01-31": "10.69%", "2013-10-31": "10.78%", "2013-07-31": "10.62%", "2013-04-30": "10.29%", "2013-01-31": "10.26%", "2012-10-31": "10.13%", "2012-07-31": "9.55%", "2012-04-30": "9.73%", "2012-01-31": "9.67%", "2011-10-31": "9.81%", "2011-07-31": "10.54%", "2011-04-30": "10.65%", "2011-01-31": "10.74%", "2010-10-31": "10.51%", "2010-07-31": "10.31%", "2010-04-30": "10.18%", "2010-01-31": "10.26%", "2009-10-31": "10.21%", "2009-07-31": "10.60%", "2009-04-30": "10.97%", "2009-01-31": "11.31%", "2008-10-31": "11.90%", "2008-07-31": "12.33%", "2008-04-30": "12.55%", "2008-01-31": "12.78%", "2007-10-31": "13.25%", "2007-07-31": "13.49%", "2007-04-30": "13.31%", "2007-01-31": "13.61%", "2006-10-31": "13.75%", "2006-07-31": "13.57%", "2006-04-30": "13.58%", "2006-01-31": "13.19%", "2005-10-31": "13.08%"}, "pre tax profit margin": {"2020-10-31": "8.43%", "2020-07-31": "9.55%", "2020-04-30": "8.31%", "2020-01-31": "7.79%", "2019-10-31": "5.74%", "2019-07-31": "4.94%", "2019-04-30": "4.66%", "2019-01-31": "4.76%", "2018-10-31": "7.12%", "2018-07-31": "8.01%", "2018-04-30": "8.48%", "2018-01-31": "8.00%", "2017-10-31": "8.21%", "2017-07-31": "7.43%", "2017-04-30": "7.06%", "2017-01-31": "8.00%", "2016-10-31": "7.02%", "2016-07-31": "7.85%", "2016-04-30": "7.89%", "2016-01-31": "7.48%", "2015-10-31": "8.24%", "2015-07-31": "7.93%", "2015-04-30": "7.78%", "2015-01-31": "7.61%", "2014-10-31": "7.39%", "2014-07-31": "7.20%", "2014-04-30": "6.97%", "2014-01-31": "6.88%", "2013-10-31": "6.87%", "2013-07-31": "6.67%", "2013-04-30": "6.25%", "2013-01-31": "6.21%", "2012-10-31": "6.20%", "2012-07-31": "5.67%", "2012-04-30": "5.89%", "2012-01-31": "5.79%", "2011-10-31": "5.86%", "2011-07-31": "6.51%", "2011-04-30": "6.55%", "2011-01-31": "6.61%", "2010-10-31": "6.38%", "2010-07-31": "6.15%", "2010-04-30": "5.97%", "2010-01-31": "5.98%", "2009-10-31": "5.87%", "2009-07-31": "6.36%", "2009-04-30": "6.85%", "2009-01-31": "7.27%", "2008-10-31": "8.02%", "2008-07-31": "8.57%", "2008-04-30": "8.92%", "2008-01-31": "9.34%", "2007-10-31": "9.95%", "2007-07-31": "10.30%", "2007-04-30": "10.22%", "2007-01-31": "10.65%", "2006-10-31": "10.93%", "2006-07-31": "10.85%", "2006-04-30": "10.85%", "2006-01-31": "10.40%", "2005-10-31": "10.19%"}, "net profit margin": {"2020-10-31": "6.27%", "2020-07-31": "7.10%", "2020-04-30": "6.15%", "2020-01-31": "5.92%", "2019-10-31": "4.09%", "2019-07-31": "3.51%", "2019-04-30": "3.30%", "2019-01-31": "3.24%", "2018-10-31": "5.17%", "2018-07-31": "5.56%", "2018-04-30": "5.53%", "2018-01-31": "5.01%", "2017-10-31": "5.12%", "2017-07-31": "4.47%", "2017-04-30": "4.18%", "2017-01-31": "4.71%", "2016-10-31": "3.89%", "2016-07-31": "4.56%", "2016-04-30": "4.56%", "2016-01-31": "4.29%", "2015-10-31": "5.09%", "2015-07-31": "4.89%", "2015-04-30": "4.80%", "2015-01-31": "4.77%", "2014-10-31": "4.59%", "2014-07-31": "4.49%", "2014-04-30": "4.38%", "2014-01-31": "4.25%", "2013-10-31": "4.27%", "2013-07-31": "4.14%", "2013-04-30": "3.88%", "2013-01-31": "3.85%", "2012-10-31": "3.87%", "2012-07-31": "3.56%", "2012-04-30": "3.69%", "2012-01-31": "3.63%", "2011-10-31": "3.64%", "2011-07-31": "4.03%", "2011-04-30": "4.04%", "2011-01-31": "4.08%", "2010-10-31": "3.95%", "2010-07-31": "3.84%", "2010-04-30": "3.73%", "2010-01-31": "3.75%", "2009-10-31": "3.67%", "2009-07-31": "3.95%", "2009-04-30": "4.27%", "2009-01-31": "4.53%", "2008-10-31": "4.98%", "2008-07-31": "5.32%", "2008-04-30": "5.54%", "2008-01-31": "5.80%", "2007-10-31": "6.24%", "2007-07-31": "6.44%", "2007-04-30": "6.37%", "2007-01-31": "6.62%", "2006-10-31": "6.73%", "2006-07-31": "6.67%", "2006-04-30": "6.67%", "2006-01-31": "6.39%", "2005-10-31": "6.27%"}, "pe ratio": {"current": "21.06", "2021-02-11": "24.86", "2020-10-31": "22.28", "2020-07-31": "19.67", "2020-04-30": "17.51", "2020-01-31": "20.90", "2019-10-31": "28.91", "2019-07-31": "30.87", "2019-04-30": "37.55", "2019-01-31": "33.14", "2018-10-31": "20.31", "2018-07-31": "19.90", "2018-04-30": "17.07", "2018-01-31": "24.17", "2017-10-31": "18.07", "2017-07-31": "20.45", "2017-04-30": "24.89", "2017-01-31": "19.62", "2016-10-31": "22.57", "2016-07-31": "24.41", "2016-04-30": "23.28", "2016-01-31": "24.13", "2015-10-31": "21.23", "2015-07-31": "21.29", "2015-04-30": "22.25", "2015-01-31": "22.55", "2014-10-31": "20.25", "2014-07-31": "17.71", "2014-04-30": "18.11", "2014-01-31": "19.21", "2013-10-31": "20.88", "2013-07-31": "19.76", "2013-04-30": "19.30", "2013-01-31": "19.78", "2012-10-31": "16.70", "2012-07-31": "14.49", "2012-04-30": "17.86", "2012-01-31": "16.12", "2011-10-31": "13.02", "2011-07-31": "12.29", "2011-04-30": "15.49", "2011-01-31": "14.57", "2010-10-31": "13.13", "2010-07-31": "13.29", "2010-04-30": "18.27", "2010-01-31": "14.78", "2009-10-31": "13.65", "2009-07-31": "14.37", "2009-04-30": "12.42", "2009-01-31": "9.87", "2008-10-31": "10.48", "2008-07-31": "9.21", "2008-04-30": "11.18", "2008-01-31": "11.25", "2007-10-31": "10.72", "2007-07-31": "10.96", "2007-04-30": "12.36", "2007-01-31": "13.27", "2006-10-31": "11.64"}, "price sales": {"2021-02-11": "1.56", "2020-10-31": "1.40", "2020-07-31": "1.40", "2020-04-30": "1.08", "2020-01-31": "1.24", "2019-10-31": "1.20", "2019-07-31": "1.10", "2019-04-30": "1.24", "2019-01-31": "1.06", "2018-10-31": "1.05", "2018-07-31": "1.11", "2018-04-30": "0.95", "2018-01-31": "1.22", "2017-10-31": "0.93", "2017-07-31": "0.92", "2017-04-30": "1.04", "2017-01-31": "0.92", "2016-10-31": "0.88", "2016-07-31": "1.12", "2016-04-30": "1.06", "2016-01-31": "1.03", "2015-10-31": "1.09", "2015-07-31": "1.05", "2015-04-30": "1.07", "2015-01-31": "1.08", "2014-10-31": "0.93", "2014-07-31": "0.80", "2014-04-30": "0.80", "2014-01-31": "0.82", "2013-10-31": "0.90", "2013-07-31": "0.83", "2013-04-30": "0.75", "2013-01-31": "0.76", "2012-10-31": "0.65", "2012-07-31": "0.52", "2012-04-30": "0.66", "2012-01-31": "0.58", "2011-10-31": "0.48", "2011-07-31": "0.50", "2011-04-30": "0.63", "2011-01-31": "0.60", "2010-10-31": "0.52", "2010-07-31": "0.51", "2010-04-30": "0.68", "2010-01-31": "0.55", "2009-10-31": "0.50", "2009-07-31": "0.56", "2009-04-30": "0.53", "2009-01-31": "0.45", "2008-10-31": "0.53", "2008-07-31": "0.50", "2008-04-30": "0.62", "2008-01-31": "0.66", "2007-10-31": "0.67", "2007-07-31": "0.71", "2007-04-30": "0.79", "2007-01-31": "0.88", "2006-10-31": "0.79"}, "price book": {"current": "31.98", "2021-02-11": "32.45", "2020-10-31": "29.09", "2020-07-31": "25.67", "2020-04-30": "45.60", "2020-01-31": "44.24", "2019-10-31": "34.14", "2019-07-31": "29.04", "2019-04-30": "26.94", "2019-01-31": "20.40", "2018-10-31": "13.66", "2018-07-31": "13.31", "2018-04-30": "11.21", "2018-01-31": "14.00", "2017-10-31": "10.91", "2017-07-31": "10.97", "2017-04-30": "12.21", "2017-01-31": "9.14", "2016-10-31": "8.02", "2016-07-31": "9.49", "2016-04-30": "8.63", "2016-01-31": "7.77", "2015-10-31": "7.34", "2015-07-31": "6.71", "2015-04-30": "6.20", "2015-01-31": "5.86", "2014-10-31": "4.65", "2014-07-31": "3.76", "2014-04-30": "3.59", "2014-01-31": "3.56", "2013-10-31": "3.64", "2013-07-31": "3.18", "2013-04-30": "2.76", "2013-01-31": "2.66", "2012-10-31": "2.22", "2012-07-31": "1.70", "2012-04-30": "2.11", "2012-01-31": "1.72", "2011-10-31": "1.34", "2011-07-31": "1.37", "2011-04-30": "1.66", "2011-01-31": "1.55", "2010-10-31": "1.31", "2010-07-31": "1.27", "2010-04-30": "1.69", "2010-01-31": "1.36", "2009-10-31": "1.21", "2009-07-31": "1.41", "2009-04-30": "1.39", "2009-01-31": "1.20", "2008-10-31": "1.42", "2008-07-31": "1.36", "2008-04-30": "1.76", "2008-01-31": "1.90", "2007-10-31": "1.94", "2007-07-31": "2.05", "2007-04-30": "2.30", "2007-01-31": "2.56", "2006-10-31": "2.38", "2006-07-31": "2.28", "2006-04-30": "2.62", "2006-01-31": "2.71"}, "price fcf": {"2021-02-11": "", "2020-10-31": "$13.35", "2020-07-31": "$14.58", "2020-04-30": "$6.86", "2020-01-31": "$3.82", "2019-10-31": "$3.06", "2019-07-31": "$3.76", "2019-04-30": "$4.84", "2019-01-31": "$6.27", "2018-10-31": "$6.65", "2018-07-31": "$5.75", "2018-04-30": "$5.02", "2018-01-31": "$4.75", "2017-10-31": "$5.51", "2017-07-31": "$5.87", "2017-04-30": "$5.34", "2017-01-31": "$5.09", "2016-10-31": "$4.97", "2016-07-31": "$4.74", "2016-04-30": "$4.92", "2016-01-31": "$3.92", "2015-10-31": "$3.99", "2015-07-31": "$4.44", "2015-04-30": "$4.72", "2015-01-31": "$4.14", "2014-10-31": "$4.13", "2014-07-31": "$3.80", "2014-04-30": "$3.19", "2014-01-31": "$3.06", "2013-10-31": "$3.12", "2013-07-31": "$3.24", "2013-04-30": "$2.19", "2013-01-31": "$2.33", "2012-10-31": "$2.26", "2012-07-31": "$1.96", "2012-04-30": "$2.22", "2012-01-31": "$2.02", "2011-10-31": "$1.89", "2011-07-31": "$2.26", "2011-04-30": "$1.70", "2011-01-31": "$1.82", "2010-10-31": "$1.57", "2010-07-31": "$1.24", "2010-04-30": "$2.04", "2010-01-31": "$1.55", "2009-10-31": "$1.37", "2009-07-31": "$0.91", "2009-04-30": "$0.65", "2009-01-31": "$0.61", "2008-10-31": "$0.91", "2008-07-31": "$0.88", "2008-04-30": "$0.50", "2008-01-31": "$0.26", "2007-10-31": "$0.43", "2007-07-31": "$0.66", "2007-04-30": "$0.49", "2007-01-31": "$0.42", "2006-10-31": "$0.94"}, "net worth": {"value": "$130.26B"}, "current ratio": {"current": "1.38", "2020-10-31": "1.38", "2020-07-31": "1.30", "2020-04-30": "1.20", "2020-01-31": "1.01", "2019-10-31": "1.04", "2019-07-31": "1.06", "2019-04-30": "1.09", "2019-01-31": "0.98", "2018-10-31": "1.01", "2018-07-31": "1.06", "2018-04-30": "1.02", "2018-01-31": "1.06", "2017-10-31": "1.02", "2017-07-31": "1.03", "2017-04-30": "1.04", "2017-01-31": "1.00", "2016-10-31": "1.01", "2016-07-31": "1.01", "2016-04-30": "1.17", "2016-01-31": "1.01", "2015-10-31": "1.00", "2015-07-31": "0.92", "2015-04-30": "0.97", "2015-01-31": "1.05", "2014-10-31": "1.12", "2014-07-31": "1.11", "2014-04-30": "1.11", "2014-01-31": "1.16", "2013-10-31": "1.21", "2013-07-31": "1.17", "2013-04-30": "1.15", "2013-01-31": "1.27", "2012-10-31": "1.26", "2012-07-31": "1.29", "2012-04-30": "1.24", "2012-01-31": "1.28", "2011-10-31": "1.14", "2011-07-31": "1.17", "2011-04-30": "1.21", "2011-01-31": "1.40", "2010-10-31": "1.34", "2010-07-31": "1.39", "2010-04-30": "1.26", "2010-01-31": "1.32", "2009-10-31": "1.23", "2009-07-31": "1.19", "2009-04-30": "1.21", "2009-01-31": "1.22", "2008-10-31": "1.13", "2008-07-31": "1.09", "2008-04-30": "1.13", "2008-01-31": "1.12", "2007-10-31": "1.22", "2007-07-31": "1.10", "2007-04-30": "1.17", "2007-01-31": "1.27", "2006-10-31": "1.28", "2006-07-31": "1.25", "2006-04-30": "1.23", "2006-01-31": "1.34", "2005-10-31": "1.37", "2005-07-31": "1.26", "2005-04-30": "1.19", "2005-01-31": "1.22"}, "quick ratio": {"2020-10-31": "0.57", "2020-07-31": "0.65", "2020-04-30": "0.42", "2020-01-31": "0.14", "2019-10-31": "0.13", "2019-07-31": "0.19", "2019-04-30": "0.24", "2019-01-31": "0.12", "2018-10-31": "0.18", "2018-07-31": "0.25", "2018-04-30": "0.18", "2018-01-31": "0.11", "2017-10-31": "0.12", "2017-07-31": "0.19", "2017-04-30": "0.21", "2017-01-31": "0.13", "2016-10-31": "0.14", "2016-07-31": "0.21", "2016-04-30": "0.38", "2016-01-31": "0.11", "2015-10-31": "0.14", "2015-07-31": "0.12", "2015-04-30": "0.15", "2015-01-31": "0.10", "2014-10-31": "0.22", "2014-07-31": "0.18", "2014-04-30": "0.13", "2014-01-31": "0.13", "2013-10-31": "0.19", "2013-07-31": "0.19", "2013-04-30": "0.17", "2013-01-31": "0.15", "2012-10-31": "0.21", "2012-07-31": "0.32", "2012-04-30": "0.35", "2012-01-31": "0.22", "2011-10-31": "0.16", "2011-07-31": "0.16", "2011-04-30": "0.23", "2011-01-31": "0.23", "2010-10-31": "0.27", "2010-07-31": "0.31", "2010-04-30": "0.35", "2010-01-31": "0.20", "2009-10-31": "0.24", "2009-07-31": "0.22", "2009-04-30": "0.18", "2009-01-31": "0.13", "2008-10-31": "0.14", "2008-07-31": "0.16", "2008-04-30": "0.19", "2008-01-31": "0.14", "2007-10-31": "0.14", "2007-07-31": "0.13", "2007-04-30": "0.18", "2007-01-31": "0.18", "2006-10-31": "0.21", "2006-07-31": "0.17", "2006-04-30": "0.25", "2006-01-31": "0.20", "2005-10-31": "0.40", "2005-07-31": "0.27", "2005-04-30": "0.22", "2005-01-31": "0.18"}, "debt equity ratio": {"current": "5.20", "2020-10-31": "11.49", "2020-07-31": "10.88", "2020-04-30": "25.71", "2020-01-31": "19.02", "2019-10-31": "15.18", "2019-07-31": "14.42", "2019-04-30": "12.36", "2019-01-31": "8.47", "2018-10-31": "5.81", "2018-07-31": "5.42", "2018-04-30": "5.66", "2018-01-31": "5.01", "2017-10-31": "5.41", "2017-07-31": "5.62", "2017-04-30": "5.80", "2017-01-31": "4.35", "2016-10-31": "4.27", "2016-07-31": "4.19", "2016-04-30": "4.16", "2016-01-31": "3.09", "2015-10-31": "3.02", "2015-07-31": "2.77", "2015-04-30": "2.62", "2015-01-31": "2.18", "2014-10-31": "2.17", "2014-07-31": "1.95", "2014-04-30": "1.98", "2014-01-31": "1.76", "2013-10-31": "1.69", "2013-07-31": "1.56", "2013-04-30": "1.62", "2013-01-31": "1.36", "2012-10-31": "1.39", "2012-07-31": "1.36", "2012-04-30": "1.45", "2012-01-31": "1.03", "2011-10-31": "1.02", "2011-07-31": "1.03", "2011-04-30": "1.06", "2011-01-31": "0.86", "2010-10-31": "0.82", "2010-07-31": "0.80", "2010-04-30": "0.97", "2010-01-31": "0.73", "2009-10-31": "0.77", "2009-07-31": "0.78", "2009-04-30": "0.85", "2009-01-31": "0.81", "2008-10-31": "0.84", "2008-07-31": "0.86", "2008-04-30": "0.97", "2008-01-31": "0.92", "2007-10-31": "0.88", "2007-07-31": "0.86", "2007-04-30": "0.91", "2007-01-31": "0.77", "2006-10-31": "0.80", "2006-07-31": "0.75", "2006-04-30": "0.85", "2006-01-31": "0.72", "2005-10-31": "0.84", "2005-07-31": "0.76", "2005-04-30": "0.90", "2005-01-31": "0.83"}, "return on equity": {"2020-10-31": "176.51%", "2020-07-31": "217.25%", "2020-04-30": "207.51%", "2020-01-31": "165.65%", "2019-10-31": "98.11%", "2019-07-31": "67.59%", "2019-04-30": "52.40%", "2019-01-31": "44.87%", "2018-10-31": "64.60%", "2018-07-31": "67.81%", "2018-04-30": "66.75%", "2018-01-31": "60.59%", "2017-10-31": "60.73%", "2017-07-31": "50.15%", "2017-04-30": "43.34%", "2017-01-31": "44.77%", "2016-10-31": "33.96%", "2016-07-31": "36.81%", "2016-04-30": "34.37%", "2016-01-31": "29.64%", "2015-10-31": "32.55%", "2015-07-31": "29.03%", "2015-04-30": "26.39%", "2015-01-31": "24.71%", "2014-10-31": "22.41%", "2014-07-31": "20.76%", "2014-04-30": "19.19%", "2014-01-31": "17.87%", "2013-10-31": "17.06%", "2013-07-31": "15.82%", "2013-04-30": "13.95%", "2013-01-31": "13.39%", "2012-10-31": "13.02%", "2012-07-31": "11.42%", "2012-04-30": "11.57%", "2012-01-31": "10.80%", "2011-10-31": "10.34%", "2011-07-31": "11.03%", "2011-04-30": "10.67%", "2011-01-31": "10.60%", "2010-10-31": "10.05%", "2010-07-31": "9.67%", "2010-04-30": "9.30%", "2010-01-31": "9.30%", "2009-10-31": "9.20%", "2009-07-31": "10.17%", "2009-04-30": "11.41%", "2009-01-31": "12.46%", "2008-10-31": "14.20%", "2008-07-31": "15.56%", "2008-04-30": "16.46%", "2008-01-31": "17.54%", "2007-10-31": "18.99%", "2007-07-31": "19.75%", "2007-04-30": "19.55%", "2007-01-31": "20.59%", "2006-10-31": "21.64%", "2006-07-31": "21.73%", "2006-04-30": "21.77%", "2006-01-31": "20.92%", "2005-10-31": "20.51%"}, "return on assets": {"2020-10-31": "11.38%", "2020-07-31": "12.90%", "2020-04-30": "11.00%", "2020-01-31": "10.46%", "2019-10-31": "7.43%", "2019-07-31": "6.50%", "2019-04-30": "6.24%", "2019-01-31": "6.30%", "2018-10-31": "9.99%", "2018-07-31": "10.64%", "2018-04-30": "10.40%", "2018-01-31": "9.39%", "2017-10-31": "9.70%", "2017-07-31": "8.43%", "2017-04-30": "7.74%", "2017-01-31": "8.55%", "2016-10-31": "6.92%", "2016-07-31": "8.04%", "2016-04-30": "8.14%", "2016-01-31": "7.68%", "2015-10-31": "8.97%", "2015-07-31": "8.49%", "2015-04-30": "8.20%", "2015-01-31": "8.06%", "2014-10-31": "7.57%", "2014-07-31": "7.31%", "2014-04-30": "7.00%", "2014-01-31": "6.73%", "2013-10-31": "6.68%", "2013-07-31": "6.38%", "2013-04-30": "5.74%", "2013-01-31": "5.60%", "2012-10-31": "5.66%", "2012-07-31": "5.18%", "2012-04-30": "5.45%", "2012-01-31": "5.31%", "2011-10-31": "5.20%", "2011-07-31": "5.69%", "2011-04-30": "5.68%", "2011-01-31": "5.69%", "2010-10-31": "5.49%", "2010-07-31": "5.32%", "2010-04-30": "5.14%", "2010-01-31": "5.22%", "2009-10-31": "5.11%", "2009-07-31": "5.59%", "2009-04-30": "6.20%", "2009-01-31": "6.68%", "2008-10-31": "7.50%", "2008-07-31": "8.17%", "2008-04-30": "8.64%", "2008-01-31": "9.28%", "2007-10-31": "10.25%", "2007-07-31": "10.78%", "2007-04-30": "10.83%", "2007-01-31": "11.50%", "2006-10-31": "12.15%", "2006-07-31": "12.14%", "2006-04-30": "12.13%", "2006-01-31": "11.60%", "2005-10-31": "11.19%"}, "return on investments": {"2020-10-31": "40.15%", "2020-07-31": "40.16%", "2020-04-30": "34.91%", "2020-01-31": "32.89%", "2019-10-31": "25.18%", "2019-07-31": "21.80%", "2019-04-30": "20.26%", "2019-01-31": "20.27%", "2018-10-31": "27.49%", "2018-07-31": "29.81%", "2018-04-30": "30.63%", "2018-01-31": "30.86%", "2017-10-31": "31.89%", "2017-07-31": "29.09%", "2017-04-30": "27.42%", "2017-01-31": "27.48%", "2016-10-31": "25.99%", "2016-07-31": "27.57%", "2016-04-30": "27.41%", "2016-01-31": "25.51%", "2015-10-31": "26.80%", "2015-07-31": "25.11%", "2015-04-30": "23.73%", "2015-01-31": "22.50%", "2014-10-31": "18.94%", "2014-07-31": "17.97%", "2014-04-30": "16.97%", "2014-01-31": "16.50%", "2013-10-31": "16.13%", "2013-07-31": "15.32%", "2013-04-30": "13.68%", "2013-01-31": "13.32%", "2012-10-31": "13.36%", "2012-07-31": "12.21%", "2012-04-30": "12.84%", "2012-01-31": "12.40%", "2011-10-31": "12.13%", "2011-07-31": "13.17%", "2011-04-30": "13.01%", "2011-01-31": "13.13%", "2010-10-31": "12.71%", "2010-07-31": "12.27%", "2010-04-30": "11.91%", "2010-01-31": "11.93%", "2009-10-31": "11.73%", "2009-07-31": "12.92%", "2009-04-30": "14.30%", "2009-01-31": "15.44%", "2008-10-31": "17.44%", "2008-07-31": "18.86%", "2008-04-30": "20.01%", "2008-01-31": "21.58%", "2007-10-31": "23.46%", "2007-07-31": "24.76%", "2007-04-30": "24.78%", "2007-01-31": "26.36%", "2006-10-31": "28.13%", "2006-07-31": "28.36%", "2006-04-30": "28.48%", "2006-01-31": "27.25%", "2005-10-31": "26.61%"}, "return on tangible equity": {"2020-10-31": "176.51%", "2020-07-31": "217.25%", "2020-04-30": "207.51%", "2020-01-31": "165.65%", "2019-10-31": "100.66%", "2019-07-31": "75.57%", "2019-04-30": "62.20%", "2019-01-31": "56.17%", "2018-10-31": "83.40%", "2018-07-31": "87.43%", "2018-04-30": "86.26%", "2018-01-31": "77.60%", "2017-10-31": "76.31%", "2017-07-31": "61.45%", "2017-04-30": "51.98%", "2017-01-31": "51.00%", "2016-10-31": "37.10%", "2016-07-31": "38.77%", "2016-04-30": "35.05%", "2016-01-31": "30.05%", "2015-10-31": "32.83%", "2015-07-31": "29.14%", "2015-04-30": "26.39%", "2015-01-31": "24.71%", "2014-10-31": "22.41%", "2014-07-31": "20.76%", "2014-04-30": "19.19%", "2014-01-31": "17.87%", "2013-10-31": "17.06%", "2013-07-31": "15.82%", "2013-04-30": "13.95%", "2013-01-31": "13.39%", "2012-10-31": "13.02%", "2012-07-31": "11.42%", "2012-04-30": "11.57%", "2012-01-31": "10.80%", "2011-10-31": "10.34%", "2011-07-31": "11.03%", "2011-04-30": "10.67%", "2011-01-31": "10.60%", "2010-10-31": "10.05%", "2010-07-31": "9.67%", "2010-04-30": "9.30%", "2010-01-31": "9.30%", "2009-10-31": "9.20%", "2009-07-31": "10.17%", "2009-04-30": "11.41%", "2009-01-31": "12.46%", "2008-10-31": "14.20%", "2008-07-31": "15.56%", "2008-04-30": "16.46%", "2008-01-31": "17.54%", "2007-10-31": "18.99%", "2007-07-31": "19.75%", "2007-04-30": "19.55%", "2007-01-31": "20.59%", "2006-10-31": "21.64%", "2006-07-31": "21.73%", "2006-04-30": "21.77%", "2006-01-31": "20.92%", "2005-10-31": "20.51%"}, "dividend yield history": {"last payout": "$2.40", "last yield": "1.35%"}}