{"ticker": "LULU", "price": {"title": "Lululemon Athletica Inc Historical Annual Stock Price Data", "value": 334.08, "historical": {"2020": {"Average Stock Price": "290.7740", "Year Open": "233.4200", "Year High": "398.2900", "Year Low": "138.9800", "Year Close": "348.0300", "Annual % Change": "50.23%"}, "2019": {"Average Stock Price": "180.3610", "Year Open": "123.3500", "Year High": "233.1900", "Year Low": "123.3500", "Year Close": "231.6700", "Annual % Change": "90.50%"}, "2018": {"Average Stock Price": "114.6959", "Year Open": "79.6900", "Year High": "162.4900", "Year Low": "76.6700", "Year Close": "121.6100", "Annual % Change": "54.74%"}, "2017": {"Average Stock Price": "61.1822", "Year Open": "66.8500", "Year High": "79.6100", "Year Low": "47.9100", "Year Close": "78.5900", "Annual % Change": "20.93%"}, "2016": {"Average Stock Price": "65.0450", "Year Open": "55.8600", "Year High": "80.6500", "Year Low": "53.9100", "Year Close": "64.9900", "Annual % Change": "23.86%"}, "2015": {"Average Stock Price": "60.0402", "Year Open": "55.3400", "Year High": "69.7700", "Year Low": "44.0900", "Year Close": "52.4700", "Annual % Change": "-5.95%"}, "2014": {"Average Stock Price": "45.2917", "Year Open": "58.5900", "Year High": "59.6000", "Year Low": "37.2500", "Year Close": "55.7900", "Annual % Change": "-5.49%"}, "2013": {"Average Stock Price": "69.7467", "Year Open": "74.0200", "Year High": "82.2800", "Year Low": "57.8800", "Year Close": "59.0300", "Annual % Change": "-22.56%"}, "2012": {"Average Stock Price": "68.0815", "Year Open": "47.0300", "Year High": "80.3000", "Year Low": "47.0300", "Year Close": "76.2300", "Annual % Change": "63.37%"}, "2011": {"Average Stock Price": "48.1524", "Year Open": "35.7900", "Year High": "63.7600", "Year Low": "33.4750", "Year Close": "46.6600", "Annual % Change": "36.39%"}, "2010": {"Average Stock Price": "20.7586", "Year Open": "15.4550", "Year High": "36.7550", "Year Low": "13.1350", "Year Close": "34.2100", "Annual % Change": "127.31%"}, "2009": {"Average Stock Price": "8.1735", "Year Open": "3.8950", "Year High": "15.4200", "Year Low": "2.2450", "Year Close": "15.0500", "Annual % Change": "279.57%"}, "2008": {"Average Stock Price": "12.0717", "Year Open": "22.4100", "Year High": "22.4100", "Year Low": "3.5400", "Year Close": "3.9650", "Annual % Change": "-83.26%"}, "2007": {"Average Stock Price": "20.5206", "Year Open": "14.0000", "Year High": "29.0000", "Year Low": "14.0000", "Year Close": "23.6850", "Annual % Change": "0.00%"}}}, "market cap": {"value": "$43.54B"}, "income statement": {"Revenue": {"2020-01-31": "3979.29600", "2019-01-31": "3288.31900", "2018-01-31": "2649.18100", "2017-01-31": "2344.39200", "2016-01-31": "2060.52300", "2015-01-31": "1797.21300", "2014-01-31": "1591.18800", "2013-01-31": "1370.35800", "2012-01-31": "1000.83900", "2011-01-31": "711.70400", "2010-01-31": "452.89800", "2009-01-31": "353.48800", "2008-01-31": "269.94200", "2007-01-31": "147.96420", "2006-01-31": "84.12910"}, "Cost Of Goods Sold": {"2020-01-31": "1755.91000", "2019-01-31": "1472.03200", "2018-01-31": "1250.39100", "2017-01-31": "1144.77500", "2016-01-31": "1063.35700", "2015-01-31": "883.03300", "2014-01-31": "751.11200", "2013-01-31": "607.53200", "2012-01-31": "431.48800", "2011-01-31": "316.75700", "2010-01-31": "229.81200", "2009-01-31": "174.42100", "2008-01-31": "125.01500", "2007-01-31": "72.24950", "2006-01-31": "41.17700"}, "Gross Profit": {"2020-01-31": "2223.38600", "2019-01-31": "1816.28700", "2018-01-31": "1398.79000", "2017-01-31": "1199.61700", "2016-01-31": "997.16590", "2015-01-31": "914.18000", "2014-01-31": "840.07600", "2013-01-31": "762.82600", "2012-01-31": "569.35100", "2011-01-31": "394.94700", "2010-01-31": "223.08600", "2009-01-31": "179.06700", "2008-01-31": "144.92700", "2007-01-31": "75.71470", "2006-01-31": "42.95210"}, "Research And Development Expenses": {"2020-01-31": "", "2019-01-31": "", "2018-01-31": "", "2017-01-31": "", "2016-01-31": "", "2015-01-31": "", "2014-01-31": "", "2013-01-31": "", "2012-01-31": "", "2011-01-31": "", "2010-01-31": "", "2009-01-31": "", "2008-01-31": "", "2007-01-31": "", "2006-01-31": ""}, "SG&A Expenses": {"2020-01-31": "1334.27600", "2019-01-31": "1110.45100", "2018-01-31": "904.26400", "2017-01-31": "778.46500", "2016-01-31": "628.09000", "2015-01-31": "538.14700", "2014-01-31": "448.71800", "2013-01-31": "386.38700", "2012-01-31": "282.39300", "2011-01-31": "214.55600", "2010-01-31": "136.16100", "2009-01-31": "118.09800", "2008-01-31": "93.37600", "2007-01-31": "51.86270", "2006-01-31": "26.41630"}, "Other Operating Income Or Expenses": {"2020-01-31": "", "2019-01-31": "", "2018-01-31": "-38.52500", "2017-01-31": "", "2016-01-31": "", "2015-01-31": "", "2014-01-31": "", "2013-01-31": "", "2012-01-31": "", "2011-01-31": "", "2010-01-31": "-0.37900", "2009-01-31": "-4.40500", "2008-01-31": "", "2007-01-31": "-7.22830", "2006-01-31": "-12.80910"}, "Operating Expenses": {"2020-01-31": "3090.18600", "2019-01-31": "2582.48300", "2018-01-31": "2193.18000", "2017-01-31": "1923.24000", "2016-01-31": "1691.44700", "2015-01-31": "1421.18000", "2014-01-31": "1199.83000", "2013-01-31": "993.91890", "2012-01-31": "713.88100", "2011-01-31": "531.31300", "2010-01-31": "366.35200", "2009-01-31": "296.92400", "2008-01-31": "218.39100", "2007-01-31": "131.34060", "2006-01-31": "80.40240"}, "Operating Income": {"2020-01-31": "889.10990", "2019-01-31": "705.83620", "2018-01-31": "456.00100", "2017-01-31": "421.15210", "2016-01-31": "369.07590", "2015-01-31": "376.03310", "2014-01-31": "391.35800", "2013-01-31": "376.43910", "2012-01-31": "286.95800", "2011-01-31": "180.39100", "2010-01-31": "86.54600", "2009-01-31": "56.56400", "2008-01-31": "51.55100", "2007-01-31": "16.62360", "2006-01-31": "3.72670"}, "Total Non-Operating Income/Expense": {"2020-01-31": "8.28300", "2019-01-31": "9.41400", "2018-01-31": "3.99700", "2017-01-31": "1.57700", "2016-01-31": "-0.58100", "2015-01-31": "7.10200", "2014-01-31": "5.76800", "2013-01-31": "4.95700", "2012-01-31": "2.50000", "2011-01-31": "2.88600", "2010-01-31": "0.16400", "2009-01-31": "0.82100", "2008-01-31": "1.02900", "2007-01-31": "0.10440", "2006-01-31": "0.00350"}, "Pre-Tax Income": {"2020-01-31": "897.39300", "2019-01-31": "715.25000", "2018-01-31": "459.99800", "2017-01-31": "422.72900", "2016-01-31": "368.49500", "2015-01-31": "383.13500", "2014-01-31": "397.12600", "2013-01-31": "381.39600", "2012-01-31": "289.45800", "2011-01-31": "183.27700", "2010-01-31": "86.71000", "2009-01-31": "57.38500", "2008-01-31": "52.58000", "2007-01-31": "16.72810", "2006-01-31": "3.73030"}, "Income Taxes": {"2020-01-31": "251.79700", "2019-01-31": "231.44900", "2018-01-31": "201.33600", "2017-01-31": "119.34800", "2016-01-31": "102.44800", "2015-01-31": "144.10200", "2014-01-31": "117.57900", "2013-01-31": "109.96500", "2012-01-31": "104.49400", "2011-01-31": "61.08000", "2010-01-31": "28.42900", "2009-01-31": "16.88400", "2008-01-31": "20.46400", "2007-01-31": "8.75170", "2006-01-31": "2.33610"}, "Income After Taxes": {"2020-01-31": "645.59600", "2019-01-31": "483.80100", "2018-01-31": "258.66200", "2017-01-31": "303.38100", "2016-01-31": "266.04700", "2015-01-31": "239.03300", "2014-01-31": "279.54700", "2013-01-31": "271.43100", "2012-01-31": "184.96400", "2011-01-31": "122.19700", "2010-01-31": "58.28100", "2009-01-31": "40.50100", "2008-01-31": "32.11600", "2007-01-31": "7.97640", "2006-01-31": "1.39410"}, "Other Income": {"2020-01-31": "", "2019-01-31": "", "2018-01-31": "", "2017-01-31": "", "2016-01-31": "", "2015-01-31": "", "2014-01-31": "", "2013-01-31": "", "2012-01-31": "", "2011-01-31": "", "2010-01-31": "", "2009-01-31": "", "2008-01-31": "", "2007-01-31": "", "2006-01-31": ""}, "Income From Continuous Operations": {"2020-01-31": "645.59600", "2019-01-31": "483.80100", "2018-01-31": "258.66200", "2017-01-31": "303.38100", "2016-01-31": "266.04700", "2015-01-31": "239.03300", "2014-01-31": "279.54700", "2013-01-31": "271.43100", "2012-01-31": "184.96400", "2011-01-31": "122.19700", "2010-01-31": "58.28100", "2009-01-31": "40.50100", "2008-01-31": "32.11600", "2007-01-31": "7.97640", "2006-01-31": "1.39410"}, "Income From Discontinued Operations": {"2020-01-31": "", "2019-01-31": "", "2018-01-31": "", "2017-01-31": "", "2016-01-31": "", "2015-01-31": "", "2014-01-31": "", "2013-01-31": "", "2012-01-31": "", "2011-01-31": "", "2010-01-31": "", "2009-01-31": "-1.13800", "2008-01-31": "-1.27400", "2007-01-31": "-0.31000", "2006-01-31": ""}, "Net Income": {"2020-01-31": "645.59600", "2019-01-31": "483.80100", "2018-01-31": "258.66200", "2017-01-31": "303.38100", "2016-01-31": "266.04700", "2015-01-31": "239.03300", "2014-01-31": "279.54700", "2013-01-31": "270.55600", "2012-01-31": "184.06300", "2011-01-31": "121.84700", "2010-01-31": "58.28100", "2009-01-31": "39.36300", "2008-01-31": "30.84200", "2007-01-31": "7.66630", "2006-01-31": "1.39410"}, "EBITDA": {"2020-01-31": "1051.04300", "2019-01-31": "828.32020", "2018-01-31": "564.23600", "2017-01-31": "508.84910", "2016-01-31": "442.45890", "2015-01-31": "434.39710", "2014-01-31": "440.42600", "2013-01-31": "419.43910", "2012-01-31": "317.21700", "2011-01-31": "205.00500", "2010-01-31": "107.37800", "2009-01-31": "72.38700", "2008-01-31": "59.84200", "2007-01-31": "21.21030", "2006-01-31": "6.19300"}, "EBIT": {"2020-01-31": "889.10990", "2019-01-31": "705.83620", "2018-01-31": "456.00100", "2017-01-31": "421.15210", "2016-01-31": "369.07590", "2015-01-31": "376.03310", "2014-01-31": "391.35800", "2013-01-31": "376.43910", "2012-01-31": "286.95800", "2011-01-31": "180.39100", "2010-01-31": "86.54600", "2009-01-31": "56.56400", "2008-01-31": "51.55100", "2007-01-31": "16.62360", "2006-01-31": "3.72670"}, "Basic Shares Outstanding": {"2020-01-31": "130.39300", "2019-01-31": "133.41300", "2018-01-31": "135.98800", "2017-01-31": "137.08600", "2016-01-31": "140.36500", "2015-01-31": "143.93500", "2014-01-31": "144.91300", "2013-01-31": "144.00000", "2012-01-31": "143.19600", "2011-01-31": "141.72000", "2010-01-31": "140.50200", "2009-01-31": "137.42200", "2008-01-31": "132.86000", "2007-01-31": "130.31400", "2006-01-31": "77.44800"}, "Shares Outstanding": {"2020-01-31": "130.95500", "2019-01-31": "133.97100", "2018-01-31": "136.19800", "2017-01-31": "137.30200", "2016-01-31": "140.61000", "2015-01-31": "144.29800", "2014-01-31": "146.04300", "2013-01-31": "145.80600", "2012-01-31": "145.27800", "2011-01-31": "143.85800", "2010-01-31": "141.89800", "2009-01-31": "141.88400", "2008-01-31": "138.59600", "2007-01-31": "130.60800", "2006-01-31": "77.44800"}, "Basic EPS": {"2020-01-31": "4.95000", "2019-01-31": "3.63000", "2018-01-31": "1.90000", "2017-01-31": "2.21000", "2016-01-31": "1.90000", "2015-01-31": "1.66000", "2014-01-31": "1.93000", "2013-01-31": "1.88000", "2012-01-31": "1.29000", "2011-01-31": "0.86000", "2010-01-31": "0.41000", "2009-01-31": "0.28500", "2008-01-31": "0.23000", "2007-01-31": "0.06000", "2006-01-31": "0.02000"}, "EPS - Earnings Per Share": {"2020-01-31": "4.93000", "2019-01-31": "3.61000", "2018-01-31": "1.90000", "2017-01-31": "2.21000", "2016-01-31": "1.89000", "2015-01-31": "1.66000", "2014-01-31": "1.91000", "2013-01-31": "1.85000", "2012-01-31": "1.27000", "2011-01-31": "0.85000", "2010-01-31": "0.41000", "2009-01-31": "0.27500", "2008-01-31": "0.22500", "2007-01-31": "0.06000", "2006-01-31": "0.02000"}}, "income statement, quarterly": {"Revenue": {"2020-10-31": "1117.42600", "2020-07-31": "902.94200", "2020-04-30": "651.96200", "2020-01-31": "1397.49100", "2019-10-31": "916.13800", "2019-07-31": "883.35200", "2019-04-30": "782.31500", "2019-01-31": "1167.45800", "2018-10-31": "747.65500", "2018-07-31": "723.50000", "2018-04-30": "649.70600", "2018-01-31": "928.80190", "2017-10-31": "619.01800", "2017-07-31": "581.05400", "2017-04-30": "520.30700", "2017-01-31": "789.94010", "2016-10-31": "544.41600", "2016-07-31": "514.52000", "2016-04-30": "495.51600", "2016-01-31": "704.27590", "2015-10-31": "479.69300", "2015-07-31": "453.01000", "2015-04-30": "423.54400", "2015-01-31": "602.49100", "2014-10-31": "419.39600", "2014-07-31": "390.70800", "2014-04-30": "384.61800", "2014-01-31": "520.99290", "2013-10-31": "379.90000", "2013-07-31": "344.51300", "2013-04-30": "345.78200", "2013-01-31": "485.48900", "2012-10-31": "316.53700", "2012-07-31": "282.63400", "2012-04-30": "285.69800", "2012-01-31": "371.52000", "2011-10-31": "230.21600", "2011-07-31": "212.32300", "2011-04-30": "186.78000", "2011-01-31": "245.39900", "2010-10-31": "175.80000", "2010-07-31": "152.20800", "2010-04-30": "138.29700", "2010-01-31": "160.60600", "2009-10-31": "112.89100", "2009-07-31": "97.72100", "2009-04-30": "81.68000", "2009-01-31": "103.92700", "2008-10-31": "87.04700", "2008-07-31": "85.48400", "2008-04-30": "77.03000", "2008-01-31": "102.32720", "2007-10-31": "64.92510", "2007-07-31": "57.90020", "2007-04-30": "44.78950", "2006-10-31": "35.96760", "2006-07-31": "32.51740"}, "Cost Of Goods Sold": {"2020-10-31": "490.07200", "2020-07-31": "413.44100", "2020-04-30": "317.56000", "2020-01-31": "586.66500", "2019-10-31": "411.09400", "2019-07-31": "397.55600", "2019-04-30": "360.59500", "2019-01-31": "498.87500", "2018-10-31": "340.87800", "2018-07-31": "327.30600", "2018-04-30": "304.97300", "2018-01-31": "406.29100", "2017-10-31": "297.05600", "2017-07-31": "283.63200", "2017-04-30": "263.41200", "2017-01-31": "362.04100", "2016-10-31": "265.99000", "2016-07-31": "260.35900", "2016-04-30": "256.38500", "2016-01-31": "349.80910", "2015-10-31": "254.89600", "2015-07-31": "240.98500", "2015-04-30": "217.66700", "2015-01-31": "292.45000", "2014-10-31": "208.30800", "2014-07-31": "193.40100", "2014-04-30": "188.87400", "2014-01-31": "242.20300", "2013-10-31": "175.29400", "2013-07-31": "158.55800", "2013-04-30": "175.05700", "2013-01-31": "210.98200", "2012-10-31": "141.23700", "2012-07-31": "126.87900", "2012-04-30": "128.43400", "2012-01-31": "162.47600", "2011-10-31": "101.70300", "2011-07-31": "90.25600", "2011-04-30": "77.05300", "2011-01-31": "101.93900", "2010-10-31": "78.96800", "2010-07-31": "71.91000", "2010-04-30": "63.94000", "2010-01-31": "74.04600", "2009-10-31": "56.55300", "2009-07-31": "52.55700", "2009-04-30": "46.65600", "2009-01-31": "52.23000", "2008-10-31": "45.15400", "2008-07-31": "41.10800", "2008-04-30": "35.92900", "2008-01-31": "46.26050", "2007-10-31": "29.40920", "2007-07-31": "27.16670", "2007-04-30": "22.17860", "2006-10-31": "17.22740", "2006-07-31": "16.61410"}, "Gross Profit": {"2020-10-31": "627.35400", "2020-07-31": "489.50100", "2020-04-30": "334.40200", "2020-01-31": "810.82590", "2019-10-31": "505.04400", "2019-07-31": "485.79600", "2019-04-30": "421.72000", "2019-01-31": "668.58300", "2018-10-31": "406.77700", "2018-07-31": "396.19400", "2018-04-30": "344.73300", "2018-01-31": "522.51090", "2017-10-31": "321.96200", "2017-07-31": "297.42200", "2017-04-30": "256.89500", "2017-01-31": "427.89900", "2016-10-31": "278.42600", "2016-07-31": "254.16100", "2016-04-30": "239.13100", "2016-01-31": "354.46690", "2015-10-31": "224.79700", "2015-07-31": "212.02500", "2015-04-30": "205.87700", "2015-01-31": "310.04090", "2014-10-31": "211.08800", "2014-07-31": "197.30700", "2014-04-30": "195.74400", "2014-01-31": "278.78990", "2013-10-31": "204.60600", "2013-07-31": "185.95500", "2013-04-30": "170.72500", "2013-01-31": "274.50700", "2012-10-31": "175.30000", "2012-07-31": "155.75500", "2012-04-30": "157.26400", "2012-01-31": "209.04400", "2011-10-31": "128.51300", "2011-07-31": "122.06700", "2011-04-30": "109.72700", "2011-01-31": "143.46000", "2010-10-31": "96.83200", "2010-07-31": "80.29800", "2010-04-30": "74.35700", "2010-01-31": "86.56000", "2009-10-31": "56.33800", "2009-07-31": "45.16400", "2009-04-30": "35.02400", "2009-01-31": "51.69700", "2008-10-31": "41.89300", "2008-07-31": "44.37600", "2008-04-30": "41.10100", "2008-01-31": "56.06670", "2007-10-31": "35.51590", "2007-07-31": "30.73350", "2007-04-30": "22.61090", "2006-10-31": "18.74020", "2006-07-31": "15.90330"}, "Research And Development Expenses": {"2020-10-31": "", "2020-07-31": "", "2020-04-30": "", "2020-01-31": "", "2019-10-31": "", "2019-07-31": "", "2019-04-30": "", "2019-01-31": "", "2018-10-31": "", "2018-07-31": "", "2018-04-30": "", "2018-01-31": "", "2017-10-31": "", "2017-07-31": "", "2017-04-30": "", "2017-01-31": "", "2016-10-31": "", "2016-07-31": "", "2016-04-30": "", "2016-01-31": "", "2015-10-31": "", "2015-07-31": "", "2015-04-30": "", "2015-01-31": "", "2014-10-31": "", "2014-07-31": "", "2014-04-30": "", "2014-01-31": "", "2013-10-31": "", "2013-07-31": "", "2013-04-30": "", "2013-01-31": "", "2012-10-31": "", "2012-07-31": "", "2012-04-30": "", "2012-01-31": "", "2011-10-31": "", "2011-07-31": "", "2011-04-30": "", "2011-01-31": "", "2010-10-31": "", "2010-07-31": "", "2010-04-30": "", "2010-01-31": "", "2009-10-31": "", "2009-07-31": "", "2009-04-30": "", "2009-01-31": "", "2008-10-31": "", "2008-07-31": "", "2008-04-30": "", "2008-01-31": "", "2007-10-31": "", "2007-07-31": "", "2007-04-30": "", "2006-10-31": "", "2006-07-31": ""}, "SG&A Expenses": {"2020-10-31": "411.66200", "2020-07-31": "352.90400", "2020-04-30": "301.65100", "2020-01-31": "394.34600", "2019-10-31": "329.20800", "2019-07-31": "317.81400", "2019-04-30": "292.90800", "2019-01-31": "337.16310", "2018-10-31": "270.87400", "2018-07-31": "261.98600", "2018-04-30": "240.42800", "2018-01-31": "264.23200", "2017-10-31": "215.36700", "2017-07-31": "225.52400", "2017-04-30": "199.14100", "2017-01-31": "231.27000", "2016-10-31": "185.45100", "2016-07-31": "180.20200", "2016-04-30": "181.54200", "2016-01-31": "188.18400", "2015-10-31": "156.61900", "2015-07-31": "145.44600", "2015-04-30": "137.84100", "2015-01-31": "152.85300", "2014-10-31": "129.93200", "2014-07-31": "129.41900", "2014-04-30": "125.94300", "2014-01-31": "124.64300", "2013-10-31": "112.27000", "2013-07-31": "106.96900", "2013-04-30": "104.83600", "2013-01-31": "121.93200", "2012-10-31": "94.68900", "2012-07-31": "85.56700", "2012-04-30": "84.19900", "2012-01-31": "92.97700", "2011-10-31": "68.79200", "2011-07-31": "62.58400", "2011-04-30": "58.04000", "2011-01-31": "72.16200", "2010-10-31": "54.45600", "2010-07-31": "46.05500", "2010-04-30": "41.88300", "2010-01-31": "44.74600", "2009-10-31": "35.41200", "2009-07-31": "30.83200", "2009-04-30": "25.17100", "2009-01-31": "31.27400", "2008-10-31": "28.83800", "2008-07-31": "28.83200", "2008-04-30": "29.15400", "2008-01-31": "33.85510", "2007-10-31": "23.26850", "2007-07-31": "20.48970", "2007-04-30": "15.76270", "2006-10-31": "14.04590", "2006-07-31": "12.66720"}, "Other Operating Income Or Expenses": {"2020-10-31": "-8.53100", "2020-07-31": "-11.46400", "2020-04-30": "", "2020-01-31": "", "2019-10-31": "", "2019-07-31": "", "2019-04-30": "", "2019-01-31": "", "2018-10-31": "", "2018-07-31": "", "2018-04-30": "", "2018-01-31": "-2.00100", "2017-10-31": "-21.00700", "2017-07-31": "-3.18600", "2017-04-30": "-12.33100", "2017-01-31": "", "2016-10-31": "", "2016-07-31": "", "2016-04-30": "", "2016-01-31": "", "2015-10-31": "", "2015-07-31": "", "2015-04-30": "", "2015-01-31": "", "2014-10-31": "", "2014-07-31": "", "2014-04-30": "", "2014-01-31": "", "2013-10-31": "", "2013-07-31": "", "2013-04-30": "", "2013-01-31": "", "2012-10-31": "", "2012-07-31": "", "2012-04-30": "", "2012-01-31": "", "2011-10-31": "", "2011-07-31": "", "2011-04-30": "", "2011-01-31": "", "2010-10-31": "", "2010-07-31": "", "2010-04-30": "", "2010-01-31": "", "2009-10-31": "", "2009-07-31": "", "2009-04-30": "", "2009-01-31": "", "2008-10-31": "", "2008-07-31": "", "2008-04-30": "", "2008-01-31": "", "2007-10-31": "", "2007-07-31": "", "2007-04-30": "", "2006-10-31": "", "2006-07-31": ""}, "Operating Expenses": {"2020-10-31": "912.50600", "2020-07-31": "778.53300", "2020-04-30": "619.21100", "2020-01-31": "981.00400", "2019-10-31": "740.30900", "2019-07-31": "715.37000", "2019-04-30": "653.50300", "2019-01-31": "836.03800", "2018-10-31": "611.75200", "2018-07-31": "589.29200", "2018-04-30": "545.40100", "2018-01-31": "672.52400", "2017-10-31": "533.43000", "2017-07-31": "512.34200", "2017-04-30": "474.88400", "2017-01-31": "593.31100", "2016-10-31": "451.44100", "2016-07-31": "440.56100", "2016-04-30": "437.92700", "2016-01-31": "537.99300", "2015-10-31": "411.51500", "2015-07-31": "386.43100", "2015-04-30": "355.50800", "2015-01-31": "445.30290", "2014-10-31": "338.24000", "2014-07-31": "322.82000", "2014-04-30": "314.81700", "2014-01-31": "366.84600", "2013-10-31": "287.56400", "2013-07-31": "265.52700", "2013-04-30": "279.89300", "2013-01-31": "332.91390", "2012-10-31": "235.92600", "2012-07-31": "212.44600", "2012-04-30": "212.63300", "2012-01-31": "255.45300", "2011-10-31": "170.49500", "2011-07-31": "152.84000", "2011-04-30": "135.09300", "2011-01-31": "174.10100", "2010-10-31": "133.42400", "2010-07-31": "117.96500", "2010-04-30": "105.82300", "2010-01-31": "119.17100", "2009-10-31": "91.96500", "2009-07-31": "83.38900", "2009-04-30": "71.82700", "2009-01-31": "87.90900", "2008-10-31": "73.99200", "2008-07-31": "69.94000", "2008-04-30": "65.08300", "2008-01-31": "80.11560", "2007-10-31": "52.67770", "2007-07-31": "47.65650", "2007-04-30": "37.94130", "2006-10-31": "31.27330", "2006-07-31": "29.28140"}, "Operating Income": {"2020-10-31": "204.92000", "2020-07-31": "124.40910", "2020-04-30": "32.75100", "2020-01-31": "416.48700", "2019-10-31": "175.82900", "2019-07-31": "167.98200", "2019-04-30": "128.81200", "2019-01-31": "331.42000", "2018-10-31": "135.90310", "2018-07-31": "134.20800", "2018-04-30": "104.30500", "2018-01-31": "256.27790", "2017-10-31": "85.58800", "2017-07-31": "68.71200", "2017-04-30": "45.42300", "2017-01-31": "196.62900", "2016-10-31": "92.97500", "2016-07-31": "73.95900", "2016-04-30": "57.58900", "2016-01-31": "166.28300", "2015-10-31": "68.17800", "2015-07-31": "66.57900", "2015-04-30": "68.03600", "2015-01-31": "157.18800", "2014-10-31": "81.15600", "2014-07-31": "67.88800", "2014-04-30": "69.80100", "2014-01-31": "154.14690", "2013-10-31": "92.33600", "2013-07-31": "78.98600", "2013-04-30": "65.88900", "2013-01-31": "152.57510", "2012-10-31": "80.61100", "2012-07-31": "70.18800", "2012-04-30": "73.06500", "2012-01-31": "116.06700", "2011-10-31": "59.72100", "2011-07-31": "59.48300", "2011-04-30": "51.68700", "2011-01-31": "71.29800", "2010-10-31": "42.37600", "2010-07-31": "34.24300", "2010-04-30": "32.47400", "2010-01-31": "41.43500", "2009-10-31": "20.92600", "2009-07-31": "14.33200", "2009-04-30": "9.85300", "2009-01-31": "16.01800", "2008-10-31": "13.05500", "2008-07-31": "15.54400", "2008-04-30": "11.94700", "2008-01-31": "22.21160", "2007-10-31": "12.24740", "2007-07-31": "10.24380", "2007-04-30": "6.84820", "2006-10-31": "4.69430", "2006-07-31": "3.23610"}, "Total Non-Operating Income/Expense": {"2020-10-31": "-0.58000", "2020-07-31": "-0.34400", "2020-04-30": "1.17400", "2020-01-31": "2.12900", "2019-10-31": "1.92500", "2019-07-31": "1.85000", "2019-04-30": "2.37900", "2019-01-31": "2.86100", "2018-10-31": "2.04400", "2018-07-31": "1.59100", "2018-04-30": "2.91800", "2018-01-31": "1.22600", "2017-10-31": "1.05200", "2017-07-31": "0.81200", "2017-04-30": "0.90700", "2017-01-31": "0.85700", "2016-10-31": "0.62800", "2016-07-31": "0.57800", "2016-04-30": "-0.48600", "2016-01-31": "0.93800", "2015-10-31": "-2.89000", "2015-07-31": "0.84200", "2015-04-30": "0.52900", "2015-01-31": "1.75500", "2014-10-31": "1.81400", "2014-07-31": "1.89000", "2014-04-30": "1.64300", "2014-01-31": "1.51900", "2013-10-31": "1.45300", "2013-07-31": "1.29500", "2013-04-30": "1.50100", "2013-01-31": "1.45700", "2012-10-31": "1.42400", "2012-07-31": "1.16600", "2012-04-30": "0.91000", "2012-01-31": "0.38000", "2011-10-31": "0.61900", "2011-07-31": "0.59700", "2011-04-30": "0.90400", "2011-01-31": "0.54200", "2010-10-31": "0.09100", "2010-07-31": "2.09200", "2010-04-30": "0.16100", "2010-01-31": "0.06600", "2009-10-31": "-0.00300", "2009-07-31": "0.02300", "2009-04-30": "0.07800", "2009-01-31": "0.18800", "2008-10-31": "0.14500", "2008-07-31": "0.21100", "2008-04-30": "0.27700", "2008-01-31": "0.43260", "2007-10-31": "0.41890", "2007-07-31": "0.07050", "2007-04-30": "0.10690", "2006-10-31": "0.04320", "2006-07-31": "0.02190"}, "Pre-Tax Income": {"2020-10-31": "204.34000", "2020-07-31": "124.06500", "2020-04-30": "33.92500", "2020-01-31": "418.61600", "2019-10-31": "177.75400", "2019-07-31": "169.83200", "2019-04-30": "131.19100", "2019-01-31": "334.28100", "2018-10-31": "137.94700", "2018-07-31": "135.79900", "2018-04-30": "107.22300", "2018-01-31": "257.50400", "2017-10-31": "86.64000", "2017-07-31": "69.52400", "2017-04-30": "46.33000", "2017-01-31": "197.48600", "2016-10-31": "93.60300", "2016-07-31": "74.53700", "2016-04-30": "57.10300", "2016-01-31": "167.22100", "2015-10-31": "65.28800", "2015-07-31": "67.42100", "2015-04-30": "68.56500", "2015-01-31": "158.94300", "2014-10-31": "82.97000", "2014-07-31": "69.77800", "2014-04-30": "71.44400", "2014-01-31": "155.66600", "2013-10-31": "93.78900", "2013-07-31": "80.28100", "2013-04-30": "67.39000", "2013-01-31": "154.03200", "2012-10-31": "82.03500", "2012-07-31": "71.35400", "2012-04-30": "73.97500", "2012-01-31": "116.44700", "2011-10-31": "60.34000", "2011-07-31": "60.08000", "2011-04-30": "52.59100", "2011-01-31": "71.84000", "2010-10-31": "42.46700", "2010-07-31": "36.33500", "2010-04-30": "32.63500", "2010-01-31": "41.50100", "2009-10-31": "20.92300", "2009-07-31": "14.35500", "2009-04-30": "9.93100", "2009-01-31": "16.20600", "2008-10-31": "13.20000", "2008-07-31": "15.75500", "2008-04-30": "12.22400", "2008-01-31": "22.64430", "2007-10-31": "12.66630", "2007-07-31": "10.31430", "2007-04-30": "6.95510", "2006-10-31": "4.73760", "2006-07-31": "3.25790"}, "Income Taxes": {"2020-10-31": "60.69700", "2020-07-31": "37.26400", "2020-04-30": "5.29300", "2020-01-31": "120.59500", "2019-10-31": "51.77200", "2019-07-31": "44.84200", "2019-04-30": "34.58800", "2019-01-31": "115.81600", "2018-10-31": "43.53400", "2018-07-31": "40.02900", "2018-04-30": "32.07000", "2018-01-31": "137.74300", "2017-10-31": "27.69600", "2017-07-31": "20.81300", "2017-04-30": "15.08400", "2017-01-31": "61.35100", "2016-10-31": "25.31800", "2016-07-31": "20.91200", "2016-04-30": "11.76700", "2016-01-31": "49.80500", "2015-10-31": "12.13500", "2015-07-31": "19.75300", "2015-04-30": "20.75500", "2015-01-31": "48.09000", "2014-10-31": "22.51900", "2014-07-31": "21.03000", "2014-04-30": "52.46300", "2014-01-31": "45.97400", "2013-10-31": "27.67800", "2013-07-31": "23.81600", "2013-04-30": "20.11100", "2013-01-31": "44.65700", "2012-10-31": "24.65500", "2012-07-31": "13.65200", "2012-04-30": "27.00100", "2012-01-31": "42.55800", "2011-10-31": "21.39900", "2011-07-31": "21.46200", "2011-04-30": "19.07500", "2011-01-31": "16.87300", "2010-10-31": "16.53200", "2010-07-31": "14.62800", "2010-04-30": "13.04700", "2010-01-31": "13.05000", "2009-10-31": "6.85500", "2009-07-31": "5.11100", "2009-04-30": "3.41300", "2009-01-31": "5.34600", "2008-10-31": "4.37000", "2008-07-31": "3.41500", "2008-04-30": "3.75300", "2008-01-31": "7.45350", "2007-10-31": "4.76340", "2007-07-31": "4.79840", "2007-04-30": "3.44870", "2006-10-31": "3.13180", "2006-07-31": "1.31830"}, "Income After Taxes": {"2020-10-31": "143.64300", "2020-07-31": "86.80100", "2020-04-30": "28.63200", "2020-01-31": "298.02100", "2019-10-31": "125.98200", "2019-07-31": "124.99000", "2019-04-30": "96.60300", "2019-01-31": "218.46500", "2018-10-31": "94.41300", "2018-07-31": "95.77000", "2018-04-30": "75.15300", "2018-01-31": "119.76100", "2017-10-31": "58.94400", "2017-07-31": "48.71100", "2017-04-30": "31.24600", "2017-01-31": "136.13500", "2016-10-31": "68.28500", "2016-07-31": "53.62500", "2016-04-30": "45.33600", "2016-01-31": "117.41600", "2015-10-31": "53.15300", "2015-07-31": "47.66800", "2015-04-30": "47.81000", "2015-01-31": "110.85300", "2014-10-31": "60.45100", "2014-07-31": "48.74800", "2014-04-30": "18.98100", "2014-01-31": "109.69200", "2013-10-31": "66.11100", "2013-07-31": "56.46500", "2013-04-30": "47.27900", "2013-01-31": "109.37500", "2012-10-31": "57.38000", "2012-07-31": "57.70200", "2012-04-30": "46.97400", "2012-01-31": "73.88900", "2011-10-31": "38.94100", "2011-07-31": "38.61800", "2011-04-30": "33.51600", "2011-01-31": "54.96700", "2010-10-31": "25.93500", "2010-07-31": "21.70700", "2010-04-30": "19.58800", "2010-01-31": "28.45100", "2009-10-31": "14.06800", "2009-07-31": "9.24400", "2009-04-30": "6.51800", "2009-01-31": "10.86000", "2008-10-31": "8.83000", "2008-07-31": "12.34000", "2008-04-30": "8.47100", "2008-01-31": "15.19070", "2007-10-31": "7.90290", "2007-07-31": "5.51590", "2007-04-30": "3.50650", "2006-10-31": "1.60580", "2006-07-31": "1.93960"}, "Other Income": {"2020-10-31": "", "2020-07-31": "", "2020-04-30": "", "2020-01-31": "", "2019-10-31": "", "2019-07-31": "", "2019-04-30": "", "2019-01-31": "", "2018-10-31": "", "2018-07-31": "", "2018-04-30": "", "2018-01-31": "", "2017-10-31": "", "2017-07-31": "", "2017-04-30": "", "2017-01-31": "", "2016-10-31": "", "2016-07-31": "", "2016-04-30": "", "2016-01-31": "", "2015-10-31": "", "2015-07-31": "", "2015-04-30": "", "2015-01-31": "", "2014-10-31": "", "2014-07-31": "", "2014-04-30": "", "2014-01-31": "", "2013-10-31": "", "2013-07-31": "", "2013-04-30": "", "2013-01-31": "", "2012-10-31": "", "2012-07-31": "", "2012-04-30": "", "2012-01-31": "", "2011-10-31": "", "2011-07-31": "", "2011-04-30": "", "2011-01-31": "", "2010-10-31": "", "2010-07-31": "", "2010-04-30": "", "2010-01-31": "", "2009-10-31": "", "2009-07-31": "", "2009-04-30": "", "2009-01-31": "", "2008-10-31": "", "2008-07-31": "", "2008-04-30": "", "2008-01-31": "", "2007-10-31": "", "2007-07-31": "", "2007-04-30": "", "2006-10-31": "", "2006-07-31": ""}, "Income From Continuous Operations": {"2020-10-31": "143.64300", "2020-07-31": "86.80100", "2020-04-30": "28.63200", "2020-01-31": "298.02100", "2019-10-31": "125.98200", "2019-07-31": "124.99000", "2019-04-30": "96.60300", "2019-01-31": "218.46500", "2018-10-31": "94.41300", "2018-07-31": "95.77000", "2018-04-30": "75.15300", "2018-01-31": "119.76100", "2017-10-31": "58.94400", "2017-07-31": "48.71100", "2017-04-30": "31.24600", "2017-01-31": "136.13500", "2016-10-31": "68.28500", "2016-07-31": "53.62500", "2016-04-30": "45.33600", "2016-01-31": "117.41600", "2015-10-31": "53.15300", "2015-07-31": "47.66800", "2015-04-30": "47.81000", "2015-01-31": "110.85300", "2014-10-31": "60.45100", "2014-07-31": "48.74800", "2014-04-30": "18.98100", "2014-01-31": "109.69200", "2013-10-31": "66.11100", "2013-07-31": "56.46500", "2013-04-30": "47.27900", "2013-01-31": "109.37500", "2012-10-31": "57.38000", "2012-07-31": "57.70200", "2012-04-30": "46.97400", "2012-01-31": "73.88900", "2011-10-31": "38.94100", "2011-07-31": "38.61800", "2011-04-30": "33.51600", "2011-01-31": "54.96700", "2010-10-31": "25.93500", "2010-07-31": "21.70700", "2010-04-30": "19.58800", "2010-01-31": "28.45100", "2009-10-31": "14.06800", "2009-07-31": "9.24400", "2009-04-30": "6.51800", "2009-01-31": "10.86000", "2008-10-31": "8.83000", "2008-07-31": "12.34000", "2008-04-30": "8.47100", "2008-01-31": "15.19070", "2007-10-31": "7.90290", "2007-07-31": "5.51590", "2007-04-30": "3.50650", "2006-10-31": "1.60580", "2006-07-31": "1.93960"}, "Income From Discontinued Operations": {"2020-10-31": "", "2020-07-31": "", "2020-04-30": "", "2020-01-31": "", "2019-10-31": "", "2019-07-31": "", "2019-04-30": "", "2019-01-31": "", "2018-10-31": "", "2018-07-31": "", "2018-04-30": "", "2018-01-31": "", "2017-10-31": "", "2017-07-31": "", "2017-04-30": "", "2017-01-31": "", "2016-10-31": "", "2016-07-31": "", "2016-04-30": "", "2016-01-31": "", "2015-10-31": "", "2015-07-31": "", "2015-04-30": "", "2015-01-31": "", "2014-10-31": "", "2014-07-31": "", "2014-04-30": "", "2014-01-31": "", "2013-10-31": "", "2013-07-31": "", "2013-04-30": "", "2013-01-31": "", "2012-10-31": "", "2012-07-31": "", "2012-04-30": "", "2012-01-31": "", "2011-10-31": "", "2011-07-31": "", "2011-04-30": "", "2011-01-31": "", "2010-10-31": "", "2010-07-31": "", "2010-04-30": "", "2010-01-31": "", "2009-10-31": "", "2009-07-31": "", "2009-04-30": "", "2009-01-31": "0.04500", "2008-10-31": "0.00400", "2008-07-31": "-1.19200", "2008-04-30": "0.00500", "2008-01-31": "-0.54660", "2007-10-31": "-0.33350", "2007-07-31": "-0.39390", "2007-04-30": "", "2006-10-31": "", "2006-07-31": ""}, "Net Income": {"2020-10-31": "143.64300", "2020-07-31": "86.80100", "2020-04-30": "28.63200", "2020-01-31": "298.02100", "2019-10-31": "125.98200", "2019-07-31": "124.99000", "2019-04-30": "96.60300", "2019-01-31": "218.46500", "2018-10-31": "94.41300", "2018-07-31": "95.77000", "2018-04-30": "75.15300", "2018-01-31": "119.76100", "2017-10-31": "58.94400", "2017-07-31": "48.71100", "2017-04-30": "31.24600", "2017-01-31": "136.13500", "2016-10-31": "68.28500", "2016-07-31": "53.62500", "2016-04-30": "45.33600", "2016-01-31": "117.41600", "2015-10-31": "53.15300", "2015-07-31": "47.66800", "2015-04-30": "47.81000", "2015-01-31": "110.85300", "2014-10-31": "60.45100", "2014-07-31": "48.74800", "2014-04-30": "18.98100", "2014-01-31": "109.69200", "2013-10-31": "66.11100", "2013-07-31": "56.46500", "2013-04-30": "47.27900", "2013-01-31": "109.37500", "2012-10-31": "57.31600", "2012-07-31": "57.22200", "2012-04-30": "46.64300", "2012-01-31": "73.51800", "2011-10-31": "38.79400", "2011-07-31": "38.37900", "2011-04-30": "33.37200", "2011-01-31": "54.76600", "2010-10-31": "25.70100", "2010-07-31": "21.79200", "2010-04-30": "19.58800", "2010-01-31": "28.45100", "2009-10-31": "14.06800", "2009-07-31": "9.24400", "2009-04-30": "6.51800", "2009-01-31": "10.90500", "2008-10-31": "8.83400", "2008-07-31": "11.14800", "2008-04-30": "8.47600", "2008-01-31": "14.60860", "2007-10-31": "7.56940", "2007-07-31": "5.12200", "2007-04-30": "3.54210", "2006-10-31": "1.66390", "2006-07-31": "1.93960"}, "EBITDA": {"2020-10-31": "253.95300", "2020-07-31": "165.05310", "2020-04-30": "76.28300", "2020-01-31": "463.97600", "2019-10-31": "219.85100", "2019-07-31": "205.58100", "2019-04-30": "161.63500", "2019-01-31": "366.78910", "2018-10-31": "167.58910", "2018-07-31": "162.86400", "2018-04-30": "131.07800", "2018-01-31": "284.38390", "2017-10-31": "114.14800", "2017-07-31": "97.11800", "2017-04-30": "68.58600", "2017-01-31": "220.68500", "2016-10-31": "116.93300", "2016-07-31": "94.45700", "2016-04-30": "76.77400", "2016-01-31": "187.16800", "2015-10-31": "87.88500", "2015-07-31": "83.27400", "2015-04-30": "84.13200", "2015-01-31": "173.84300", "2014-10-31": "96.76800", "2014-07-31": "81.52500", "2014-04-30": "82.26100", "2014-01-31": "166.49190", "2013-10-31": "105.25200", "2013-07-31": "91.06400", "2013-04-30": "77.61800", "2013-01-31": "164.61310", "2012-10-31": "92.09400", "2012-07-31": "79.86900", "2012-04-30": "82.86300", "2012-01-31": "125.43800", "2011-10-31": "67.04800", "2011-07-31": "67.00300", "2011-04-30": "57.72800", "2011-01-31": "77.49600", "2010-10-31": "48.80200", "2010-07-31": "40.84500", "2010-04-30": "37.86200", "2010-01-31": "47.03100", "2009-10-31": "26.61000", "2009-07-31": "19.60600", "2009-04-30": "14.13100", "2009-01-31": "20.73900", "2008-10-31": "16.95800", "2008-07-31": "19.36200", "2008-04-30": "15.32800", "2008-01-31": "25.08490", "2007-10-31": "14.34480", "2007-07-31": "12.06040", "2007-04-30": "8.35190", "2006-10-31": "5.50720", "2006-07-31": "3.23610"}, "EBIT": {"2020-10-31": "204.92000", "2020-07-31": "124.40910", "2020-04-30": "32.75100", "2020-01-31": "416.48680", "2019-10-31": "175.82900", "2019-07-31": "167.98200", "2019-04-30": "128.81200", "2019-01-31": "331.42010", "2018-10-31": "135.90310", "2018-07-31": "134.20800", "2018-04-30": "104.30500", "2018-01-31": "256.27790", "2017-10-31": "85.58800", "2017-07-31": "68.71200", "2017-04-30": "45.42300", "2017-01-31": "196.62910", "2016-10-31": "92.97500", "2016-07-31": "73.95900", "2016-04-30": "57.58900", "2016-01-31": "166.28290", "2015-10-31": "68.17800", "2015-07-31": "66.57900", "2015-04-30": "68.03600", "2015-01-31": "157.18800", "2014-10-31": "81.15600", "2014-07-31": "67.88800", "2014-04-30": "69.80100", "2014-01-31": "154.14700", "2013-10-31": "92.33600", "2013-07-31": "78.98600", "2013-04-30": "65.88900", "2013-01-31": "152.57510", "2012-10-31": "80.61100", "2012-07-31": "70.18800", "2012-04-30": "73.06500", "2012-01-31": "116.06700", "2011-10-31": "59.72100", "2011-07-31": "59.48300", "2011-04-30": "51.68700", "2011-01-31": "71.29800", "2010-10-31": "42.37600", "2010-07-31": "34.24300", "2010-04-30": "32.47400", "2010-01-31": "41.43500", "2009-10-31": "20.92600", "2009-07-31": "14.33200", "2009-04-30": "9.85300", "2009-01-31": "16.01800", "2008-10-31": "13.05500", "2008-07-31": "15.54400", "2008-04-30": "11.94700", "2008-01-31": "22.21170", "2007-10-31": "12.24740", "2007-07-31": "10.24380", "2007-04-30": "6.84820", "2006-10-31": "4.69430", "2006-07-31": "3.23610"}, "Basic Shares Outstanding": {"2020-10-31": "130.31800", "2020-07-31": "130.24500", "2020-04-30": "130.25100", "2020-01-31": "130.39300", "2019-10-31": "130.28200", "2019-07-31": "130.28500", "2019-04-30": "130.69400", "2019-01-31": "133.41300", "2018-10-31": "132.40600", "2018-07-31": "133.98600", "2018-04-30": "135.50200", "2018-01-31": "135.98800", "2017-10-31": "135.36400", "2017-07-31": "136.17100", "2017-04-30": "137.03700", "2017-01-31": "137.08600", "2016-10-31": "137.03300", "2016-07-31": "136.98700", "2016-04-30": "137.26300", "2016-01-31": "140.36500", "2015-10-31": "140.28200", "2015-07-31": "141.37200", "2015-04-30": "141.96700", "2015-01-31": "143.93500", "2014-10-31": "143.18000", "2014-07-31": "145.18000", "2014-04-30": "145.38300", "2014-01-31": "144.91300", "2013-10-31": "145.12000", "2013-07-31": "144.81800", "2013-04-30": "144.48200", "2013-01-31": "144.00000", "2012-10-31": "144.05700", "2012-07-31": "143.97200", "2012-04-30": "143.67800", "2012-01-31": "143.19600", "2011-10-31": "143.37000", "2011-07-31": "143.16300", "2011-04-30": "142.76000", "2011-01-31": "141.72000", "2010-10-31": "141.87600", "2010-07-31": "141.64000", "2010-04-30": "141.19800", "2010-01-31": "140.50200", "2009-10-31": "140.55800", "2009-07-31": "139.89600", "2009-04-30": "140.26200", "2009-01-31": "137.42200", "2008-10-31": "138.32400", "2008-07-31": "136.21400", "2008-04-30": "135.35600", "2008-01-31": "132.86000", "2007-10-31": "134.95400", "2007-07-31": "130.45200", "2007-04-30": "130.45200", "2006-10-31": "130.45200", "2006-07-31": "130.45200"}, "Shares Outstanding": {"2020-10-31": "130.92400", "2020-07-31": "130.79900", "2020-04-30": "130.80300", "2020-01-31": "130.95500", "2019-10-31": "130.80500", "2019-07-31": "130.78300", "2019-04-30": "131.33700", "2019-01-31": "133.97100", "2018-10-31": "133.07700", "2018-07-31": "134.53000", "2018-04-30": "135.93100", "2018-01-31": "136.19800", "2017-10-31": "135.57800", "2017-07-31": "136.30300", "2017-04-30": "137.19200", "2017-01-31": "137.30200", "2016-10-31": "137.23700", "2016-07-31": "137.22900", "2016-04-30": "137.49600", "2016-01-31": "140.61000", "2015-10-31": "140.45700", "2015-07-31": "141.64400", "2015-04-30": "142.33700", "2015-01-31": "144.29800", "2014-10-31": "143.44100", "2014-07-31": "145.54400", "2014-04-30": "145.86100", "2014-01-31": "146.04300", "2013-10-31": "146.01400", "2013-07-31": "145.91600", "2013-04-30": "145.84900", "2013-01-31": "145.80600", "2012-10-31": "145.74800", "2012-07-31": "145.67800", "2012-04-30": "145.63700", "2012-01-31": "145.27800", "2011-10-31": "145.34900", "2011-07-31": "145.22800", "2011-04-30": "144.91000", "2011-01-31": "143.85800", "2010-10-31": "143.67000", "2010-07-31": "143.50000", "2010-04-30": "143.16400", "2010-01-31": "141.89800", "2009-10-31": "142.20000", "2009-07-31": "140.80200", "2009-04-30": "140.66200", "2009-01-31": "141.88400", "2008-10-31": "141.21800", "2008-07-31": "140.75200", "2008-04-30": "143.30200", "2008-01-31": "138.59600", "2007-10-31": "143.36600", "2007-07-31": "137.78400", "2007-04-30": "132.12000", "2006-10-31": "135.75600", "2006-07-31": "137.76200"}, "Basic EPS": {"2020-10-31": "1.10000", "2020-07-31": "0.67000", "2020-04-30": "0.22000", "2020-01-31": "2.28000", "2019-10-31": "0.97000", "2019-07-31": "0.96000", "2019-04-30": "0.74000", "2019-01-31": "1.66000", "2018-10-31": "0.71000", "2018-07-31": "0.71000", "2018-04-30": "0.55000", "2018-01-31": "0.87000", "2017-10-31": "0.44000", "2017-07-31": "0.36000", "2017-04-30": "0.23000", "2017-01-31": "0.99000", "2016-10-31": "0.50000", "2016-07-31": "0.39000", "2016-04-30": "0.33000", "2016-01-31": "0.84000", "2015-10-31": "0.38000", "2015-07-31": "0.34000", "2015-04-30": "0.34000", "2015-01-31": "0.77000", "2014-10-31": "0.42000", "2014-07-31": "0.34000", "2014-04-30": "0.13000", "2014-01-31": "0.75000", "2013-10-31": "0.46000", "2013-07-31": "0.39000", "2013-04-30": "0.33000", "2013-01-31": "0.76000", "2012-10-31": "0.40000", "2012-07-31": "0.40000", "2012-04-30": "0.32000", "2012-01-31": "0.52000", "2011-10-31": "0.27000", "2011-07-31": "0.27000", "2011-04-30": "0.23000", "2011-01-31": "0.39000", "2010-10-31": "0.18000", "2010-07-31": "0.15000", "2010-04-30": "0.14000", "2010-01-31": "0.20000", "2009-10-31": "0.10000", "2009-07-31": "0.06500", "2009-04-30": "0.04500", "2009-01-31": "0.07500", "2008-10-31": "0.06500", "2008-07-31": "0.08000", "2008-04-30": "0.06500", "2008-01-31": "0.11500", "2007-10-31": "0.05500", "2007-07-31": "0.03500", "2007-04-30": "0.02500", "2006-10-31": "0.01500", "2006-07-31": "0.01500"}, "EPS - Earnings Per Share": {"2020-10-31": "1.10000", "2020-07-31": "0.66000", "2020-04-30": "0.22000", "2020-01-31": "2.27000", "2019-10-31": "0.96000", "2019-07-31": "0.96000", "2019-04-30": "0.74000", "2019-01-31": "1.64000", "2018-10-31": "0.71000", "2018-07-31": "0.71000", "2018-04-30": "0.55000", "2018-01-31": "0.88000", "2017-10-31": "0.43000", "2017-07-31": "0.36000", "2017-04-30": "0.23000", "2017-01-31": "0.99000", "2016-10-31": "0.50000", "2016-07-31": "0.39000", "2016-04-30": "0.33000", "2016-01-31": "0.83000", "2015-10-31": "0.38000", "2015-07-31": "0.34000", "2015-04-30": "0.34000", "2015-01-31": "0.78000", "2014-10-31": "0.42000", "2014-07-31": "0.33000", "2014-04-30": "0.13000", "2014-01-31": "0.75000", "2013-10-31": "0.45000", "2013-07-31": "0.39000", "2013-04-30": "0.32000", "2013-01-31": "0.75000", "2012-10-31": "0.39000", "2012-07-31": "0.39000", "2012-04-30": "0.32000", "2012-01-31": "0.51000", "2011-10-31": "0.27000", "2011-07-31": "0.26000", "2011-04-30": "0.23000", "2011-01-31": "0.38500", "2010-10-31": "0.18000", "2010-07-31": "0.15000", "2010-04-30": "0.13500", "2010-01-31": "0.20000", "2009-10-31": "0.10000", "2009-07-31": "0.06500", "2009-04-30": "0.04500", "2009-01-31": "0.07000", "2008-10-31": "0.06500", "2008-07-31": "0.08000", "2008-04-30": "0.06000", "2008-01-31": "0.11000", "2007-10-31": "0.05500", "2007-07-31": "0.03500", "2007-04-30": "0.02500", "2006-10-31": "0.01000", "2006-07-31": "0.01500"}}, "balance sheet": {"Cash On Hand": {"2020-01-31": "1093.50500", "2019-01-31": "881.32000", "2018-01-31": "990.50100", "2017-01-31": "734.84600", "2016-01-31": "501.48200", "2015-01-31": "664.47900", "2014-01-31": "698.64900", "2013-01-31": "590.17900", "2012-01-31": "409.43700", "2011-01-31": "316.28600", "2010-01-31": "159.57300", "2009-01-31": "56.79700", "2008-01-31": "52.54500", "2007-01-31": "16.02850", "2006-01-31": ""}, "Receivables": {"2020-01-31": "40.21900", "2019-01-31": "35.78600", "2018-01-31": "19.17300", "2017-01-31": "9.20000", "2016-01-31": "13.10800", "2015-01-31": "13.74600", "2014-01-31": "11.90300", "2013-01-31": "6.35100", "2012-01-31": "5.20200", "2011-01-31": "9.11600", "2010-01-31": "8.23800", "2009-01-31": "4.02900", "2008-01-31": "4.30240", "2007-01-31": "2.29070", "2006-01-31": ""}, "Inventory": {"2020-01-31": "518.51300", "2019-01-31": "404.84200", "2018-01-31": "329.56200", "2017-01-31": "298.43200", "2016-01-31": "284.00900", "2015-01-31": "208.11600", "2014-01-31": "188.79000", "2013-01-31": "155.22200", "2012-01-31": "104.09700", "2011-01-31": "57.46900", "2010-01-31": "44.07000", "2009-01-31": "52.05100", "2008-01-31": "37.93200", "2007-01-31": "26.62810", "2006-01-31": ""}, "Pre-Paid Expenses": {"2020-01-31": "155.70100", "2019-01-31": "107.33400", "2018-01-31": "97.04600", "2017-01-31": "120.25900", "2016-01-31": "118.44000", "2015-01-31": "64.67100", "2014-01-31": "46.19700", "2013-01-31": "35.30100", "2012-01-31": "8.35700", "2011-01-31": "6.40800", "2010-01-31": "4.52900", "2009-01-31": "4.11100", "2008-01-31": "2.51870", "2007-01-31": "1.02250", "2006-01-31": ""}, "Other Current Assets": {"2020-01-31": "", "2019-01-31": "", "2018-01-31": "", "2017-01-31": "", "2016-01-31": "", "2015-01-31": "", "2014-01-31": "", "2013-01-31": "", "2012-01-31": "", "2011-01-31": "", "2010-01-31": "", "2009-01-31": "", "2008-01-31": "", "2007-01-31": "", "2006-01-31": ""}, "Total Current Assets": {"2020-01-31": "1807.93800", "2019-01-31": "1429.28200", "2018-01-31": "1436.28200", "2017-01-31": "1162.73700", "2016-01-31": "917.03900", "2015-01-31": "951.01200", "2014-01-31": "945.53900", "2013-01-31": "787.05300", "2012-01-31": "527.09300", "2011-01-31": "389.27900", "2010-01-31": "216.41000", "2009-01-31": "116.98800", "2008-01-31": "100.33660", "2007-01-31": "48.49270", "2006-01-31": ""}, "Property, Plant, And Equipment": {"2020-01-31": "671.69300", "2019-01-31": "567.23700", "2018-01-31": "473.64200", "2017-01-31": "423.49900", "2016-01-31": "349.60500", "2015-01-31": "296.00800", "2014-01-31": "255.60300", "2013-01-31": "214.63900", "2012-01-31": "162.94100", "2011-01-31": "70.95400", "2010-01-31": "61.59100", "2009-01-31": "61.66200", "2008-01-31": "43.60500", "2007-01-31": "18.17590", "2006-01-31": ""}, "Long-Term Investments": {"2020-01-31": "", "2019-01-31": "", "2018-01-31": "", "2017-01-31": "", "2016-01-31": "", "2015-01-31": "", "2014-01-31": "", "2013-01-31": "", "2012-01-31": "", "2011-01-31": "", "2010-01-31": "", "2009-01-31": "", "2008-01-31": "", "2007-01-31": "", "2006-01-31": ""}, "Goodwill And Intangible Assets": {"2020-01-31": "24.42300", "2019-01-31": "24.23900", "2018-01-31": "24.67900", "2017-01-31": "24.55700", "2016-01-31": "24.77700", "2015-01-31": "26.16300", "2014-01-31": "28.20100", "2013-01-31": "30.20100", "2012-01-31": "31.87200", "2011-01-31": "27.11200", "2010-01-31": "8.05000", "2009-01-31": "8.16000", "2008-01-31": "8.11860", "2007-01-31": "2.95170", "2006-01-31": ""}, "Other Long-Term Assets": {"2020-01-31": "56.20100", "2019-01-31": "37.40400", "2018-01-31": "31.38900", "2017-01-31": "20.49200", "2016-01-31": "10.85400", "2015-01-31": "7.01200", "2014-01-31": "4.74500", "2013-01-31": "4.15200", "2012-01-31": "4.14100", "2011-01-31": "4.06300", "2010-01-31": "6.10500", "2009-01-31": "5.45300", "2008-01-31": "1.90750", "2007-01-31": "2.08430", "2006-01-31": ""}, "Total Long-Term Assets": {"2020-01-31": "1473.41600", "2019-01-31": "655.42900", "2018-01-31": "562.20100", "2017-01-31": "494.80400", "2016-01-31": "397.03800", "2015-01-31": "345.20100", "2014-01-31": "306.84900", "2013-01-31": "264.02500", "2012-01-31": "207.54100", "2011-01-31": "110.02300", "2010-01-31": "90.84800", "2009-01-31": "94.64800", "2008-01-31": "54.75570", "2007-01-31": "23.80040", "2006-01-31": ""}, "Total Assets": {"2020-01-31": "3281.35400", "2019-01-31": "2084.71100", "2018-01-31": "1998.48300", "2017-01-31": "1657.54100", "2016-01-31": "1314.07700", "2015-01-31": "1296.21300", "2014-01-31": "1252.38800", "2013-01-31": "1051.07800", "2012-01-31": "734.63400", "2011-01-31": "499.30200", "2010-01-31": "307.25800", "2009-01-31": "211.63600", "2008-01-31": "155.09220", "2007-01-31": "72.29310", "2006-01-31": "0.00000"}, "Total Current Liabilities": {"2020-01-31": "620.41800", "2019-01-31": "500.47700", "2018-01-31": "292.59800", "2017-01-31": "241.99000", "2016-01-31": "225.50400", "2015-01-31": "159.88100", "2014-01-31": "116.21400", "2013-01-31": "133.35700", "2012-01-31": "103.43900", "2011-01-31": "85.36400", "2010-01-31": "58.67800", "2009-01-31": "45.33500", "2008-01-31": "36.14050", "2007-01-31": "31.93860", "2006-01-31": ""}, "Long Term Debt": {"2020-01-31": "", "2019-01-31": "", "2018-01-31": "", "2017-01-31": "", "2016-01-31": "", "2015-01-31": "", "2014-01-31": "", "2013-01-31": "", "2012-01-31": "", "2011-01-31": "", "2010-01-31": "", "2009-01-31": "", "2008-01-31": "", "2007-01-31": "", "2006-01-31": ""}, "Other Non-Current Liabilities": {"2020-01-31": "53.82200", "2019-01-31": "124.01000", "2018-01-31": "107.58900", "2017-01-31": "48.31600", "2016-01-31": "50.33200", "2015-01-31": "43.13100", "2014-01-31": "35.51500", "2013-01-31": "30.42200", "2012-01-31": "25.01400", "2011-01-31": "19.64500", "2010-01-31": "15.47200", "2009-01-31": "11.30100", "2008-01-31": "6.72120", "2007-01-31": "2.02370", "2006-01-31": ""}, "Total Long Term Liabilities": {"2020-01-31": "708.71800", "2019-01-31": "138.25900", "2018-01-31": "108.92500", "2017-01-31": "55.57800", "2016-01-31": "61.09100", "2015-01-31": "46.76400", "2014-01-31": "39.49200", "2013-01-31": "30.42200", "2012-01-31": "25.01400", "2011-01-31": "19.64500", "2010-01-31": "15.47200", "2009-01-31": "11.45900", "2008-01-31": "6.91780", "2007-01-31": "2.40800", "2006-01-31": ""}, "Total Liabilities": {"2020-01-31": "1329.13600", "2019-01-31": "638.73600", "2018-01-31": "401.52300", "2017-01-31": "297.56800", "2016-01-31": "286.59500", "2015-01-31": "206.64500", "2014-01-31": "155.70600", "2013-01-31": "163.77900", "2012-01-31": "128.45300", "2011-01-31": "105.00900", "2010-01-31": "74.15000", "2009-01-31": "56.79400", "2008-01-31": "43.05820", "2007-01-31": "34.34660", "2006-01-31": ""}, "Common Stock Net": {"2020-01-31": "0.62100", "2019-01-31": "0.60800", "2018-01-31": "0.62800", "2017-01-31": "0.63700", "2016-01-31": "0.63700", "2015-01-31": "0.66100", "2014-01-31": "0.57700", "2013-01-31": "0.56200", "2012-01-31": "0.55100", "2011-01-31": "0.53400", "2010-01-31": "0.51100", "2009-01-31": "0.50400", "2008-01-31": "0.46710", "2007-01-31": "0.44310", "2006-01-31": ""}, "Retained Earnings (Accumulated Deficit)": {"2020-01-31": "1820.63700", "2019-01-31": "1346.89000", "2018-01-31": "1455.00200", "2017-01-31": "1294.21400", "2016-01-31": "1019.51500", "2015-01-31": "1020.61900", "2014-01-31": "923.82200", "2013-01-31": "644.27500", "2012-01-31": "373.71900", "2011-01-31": "189.65600", "2010-01-31": "67.80900", "2009-01-31": "9.52800", "2008-01-31": "-29.83500", "2007-01-31": "-60.67740", "2006-01-31": ""}, "Comprehensive Income": {"2020-01-31": "-224.58100", "2019-01-31": "-216.80800", "2018-01-31": "-142.92300", "2017-01-31": "-201.50000", "2016-01-31": "-238.20300", "2015-01-31": "-173.40700", "2014-01-31": "-68.06800", "2013-01-31": "21.09000", "2012-01-31": "21.54900", "2011-01-31": "20.32900", "2010-01-31": "5.86700", "2009-01-31": "-11.15100", "2008-01-31": "5.39700", "2007-01-31": "-1.05660", "2006-01-31": ""}, "Other Share Holders Equity": {"2020-01-31": "", "2019-01-31": "", "2018-01-31": "", "2017-01-31": "", "2016-01-31": "", "2015-01-31": "", "2014-01-31": "", "2013-01-31": "", "2012-01-31": "", "2011-01-31": "", "2010-01-31": "", "2009-01-31": "", "2008-01-31": "", "2007-01-31": "", "2006-01-31": ""}, "Share Holder Equity": {"2020-01-31": "1952.21800", "2019-01-31": "1445.97500", "2018-01-31": "1596.96000", "2017-01-31": "1359.97300", "2016-01-31": "1027.48200", "2015-01-31": "1089.56800", "2014-01-31": "1096.68200", "2013-01-31": "887.29900", "2012-01-31": "606.18100", "2011-01-31": "394.29300", "2010-01-31": "233.10800", "2009-01-31": "154.84200", "2008-01-31": "112.03400", "2007-01-31": "37.94650", "2006-01-31": ""}, "Total Liabilities And Share Holders Equity": {"2020-01-31": "3281.35400", "2019-01-31": "2084.71100", "2018-01-31": "1998.48300", "2017-01-31": "1657.54100", "2016-01-31": "1314.07700", "2015-01-31": "1296.21300", "2014-01-31": "1252.38800", "2013-01-31": "1051.07800", "2012-01-31": "734.63400", "2011-01-31": "499.30200", "2010-01-31": "307.25800", "2009-01-31": "211.63600", "2008-01-31": "155.09220", "2007-01-31": "72.29310", "2006-01-31": ""}}, "balance sheet, quarterly": {"Cash On Hand": {"2020-10-31": "481.58100", "2020-07-31": "522.99800", "2020-04-30": "823.00600", "2020-01-31": "1093.50500", "2019-10-31": "586.15300", "2019-07-31": "623.73800", "2019-04-30": "576.24100", "2019-01-31": "881.32000", "2018-10-31": "703.60700", "2018-07-31": "777.84100", "2018-04-30": "966.57100", "2018-01-31": "990.50100", "2017-10-31": "650.05400", "2017-07-31": "721.21200", "2017-04-30": "698.28900", "2017-01-31": "734.84600", "2016-10-31": "480.38600", "2016-07-31": "535.35000", "2016-04-30": "550.04600", "2016-01-31": "501.48200", "2015-10-31": "403.44600", "2015-07-31": "541.26200", "2015-04-30": "655.88100", "2015-01-31": "664.47900", "2014-10-31": "633.58200", "2014-07-31": "725.07300", "2014-04-30": "751.96500", "2014-01-31": "664.47900", "2013-10-31": "600.74500", "2013-07-31": "610.27300", "2013-04-30": "588.41800", "2013-01-31": "590.17900", "2012-10-31": "439.42300", "2012-07-31": "444.28600", "2012-04-30": "424.33000", "2012-01-31": "409.43700", "2011-10-31": "276.94600", "2011-07-31": "264.72800", "2011-04-30": "260.87100", "2011-01-31": "316.28600", "2010-10-31": "224.77500", "2010-07-31": "178.17200", "2010-04-30": "173.64000", "2010-01-31": "159.57300", "2009-10-31": "101.83200", "2009-07-31": "83.79700", "2009-04-30": "59.27100", "2009-01-31": "56.79700", "2008-10-31": "52.03940", "2008-07-31": "43.73520", "2008-04-30": "34.06160", "2008-01-31": "52.54500", "2007-10-31": "36.32460", "2007-07-31": "9.72660", "2007-04-30": "", "2006-10-31": "", "2006-07-31": ""}, "Receivables": {"2020-10-31": "59.77200", "2020-07-31": "48.92200", "2020-04-30": "48.68400", "2020-01-31": "40.21900", "2019-10-31": "35.74400", "2019-07-31": "27.65900", "2019-04-30": "20.10500", "2019-01-31": "35.78600", "2018-10-31": "29.44800", "2018-07-31": "23.53500", "2018-04-30": "21.87500", "2018-01-31": "19.17300", "2017-10-31": "21.28100", "2017-07-31": "15.87300", "2017-04-30": "10.70700", "2017-01-31": "9.20000", "2016-10-31": "11.91000", "2016-07-31": "10.19600", "2016-04-30": "9.50200", "2016-01-31": "13.10800", "2015-10-31": "12.46300", "2015-07-31": "12.20900", "2015-04-30": "13.28700", "2015-01-31": "13.74600", "2014-10-31": "10.71900", "2014-07-31": "8.83500", "2014-04-30": "7.84900", "2014-01-31": "13.74600", "2013-10-31": "12.10500", "2013-07-31": "11.59700", "2013-04-30": "7.75400", "2013-01-31": "6.35100", "2012-10-31": "8.04100", "2012-07-31": "6.63900", "2012-04-30": "4.84800", "2012-01-31": "5.20200", "2011-10-31": "10.81400", "2011-07-31": "9.72000", "2011-04-30": "12.14900", "2011-01-31": "9.11600", "2010-10-31": "9.12100", "2010-07-31": "7.85100", "2010-04-30": "9.17700", "2010-01-31": "8.23800", "2009-10-31": "6.51500", "2009-07-31": "5.78900", "2009-04-30": "3.86800", "2009-01-31": "4.02900", "2008-10-31": "4.00650", "2008-07-31": "4.50520", "2008-04-30": "4.33830", "2008-01-31": "4.30240", "2007-10-31": "4.53240", "2007-07-31": "3.47760", "2007-04-30": "", "2006-10-31": "", "2006-07-31": ""}, "Inventory": {"2020-10-31": "770.99000", "2020-07-31": "672.77300", "2020-04-30": "625.84900", "2020-01-31": "518.51300", "2019-10-31": "627.10200", "2019-07-31": "494.29400", "2019-04-30": "443.00600", "2019-01-31": "404.84200", "2018-10-31": "495.99100", "2018-07-31": "392.67200", "2018-04-30": "373.44500", "2018-01-31": "329.56200", "2017-10-31": "396.89200", "2017-07-31": "316.36800", "2017-04-30": "303.95000", "2017-01-31": "298.43200", "2016-10-31": "364.51400", "2016-07-31": "277.27900", "2016-04-30": "286.23000", "2016-01-31": "284.00900", "2015-10-31": "357.75300", "2015-07-31": "280.60700", "2015-04-30": "236.49900", "2015-01-31": "208.11600", "2014-10-31": "229.86100", "2014-07-31": "176.50200", "2014-04-30": "177.37500", "2014-01-31": "208.11600", "2013-10-31": "206.15400", "2013-07-31": "163.00400", "2013-04-30": "143.71200", "2013-01-31": "155.22200", "2012-10-31": "164.72600", "2012-07-31": "125.37800", "2012-04-30": "107.67900", "2012-01-31": "104.09700", "2011-10-31": "129.16900", "2011-07-31": "88.88400", "2011-04-30": "64.42300", "2011-01-31": "57.46900", "2010-10-31": "73.02300", "2010-07-31": "66.52000", "2010-04-30": "50.75000", "2010-01-31": "44.07000", "2009-10-31": "52.10300", "2009-07-31": "46.54200", "2009-04-30": "44.63500", "2009-01-31": "52.05100", "2008-10-31": "49.06230", "2008-07-31": "43.43330", "2008-04-30": "55.04800", "2008-01-31": "37.93200", "2007-10-31": "49.69430", "2007-07-31": "23.84810", "2007-04-30": "", "2006-10-31": "", "2006-07-31": ""}, "Pre-Paid Expenses": {"2020-10-31": "288.47000", "2020-07-31": "245.06200", "2020-04-30": "197.00600", "2020-01-31": "155.70100", "2019-10-31": "202.67700", "2019-07-31": "187.32200", "2019-04-30": "132.23200", "2019-01-31": "107.33400", "2018-10-31": "134.42100", "2018-07-31": "113.98900", "2018-04-30": "90.96400", "2018-01-31": "97.04600", "2017-10-31": "120.12100", "2017-07-31": "117.56900", "2017-04-30": "119.73500", "2017-01-31": "120.25900", "2016-10-31": "166.10000", "2016-07-31": "139.85800", "2016-04-30": "125.41500", "2016-01-31": "118.44000", "2015-10-31": "154.84200", "2015-07-31": "84.19100", "2015-04-30": "67.12500", "2015-01-31": "64.67100", "2014-10-31": "70.49500", "2014-07-31": "63.69200", "2014-04-30": "44.19400", "2014-01-31": "64.67100", "2013-10-31": "61.58700", "2013-07-31": "53.26600", "2013-04-30": "41.73500", "2013-01-31": "35.30100", "2012-10-31": "28.89400", "2012-07-31": "27.22200", "2012-04-30": "21.24800", "2012-01-31": "8.35700", "2011-10-31": "10.88700", "2011-07-31": "20.64000", "2011-04-30": "12.54500", "2011-01-31": "6.40800", "2010-10-31": "4.79800", "2010-07-31": "6.50700", "2010-04-30": "5.87600", "2010-01-31": "4.52900", "2009-10-31": "5.61800", "2009-07-31": "6.60400", "2009-04-30": "6.13500", "2009-01-31": "4.11100", "2008-10-31": "2.37850", "2008-07-31": "3.77640", "2008-04-30": "3.42730", "2008-01-31": "2.51870", "2007-10-31": "1.82780", "2007-07-31": "1.22660", "2007-04-30": "", "2006-10-31": "", "2006-07-31": ""}, "Other Current Assets": {"2020-10-31": "", "2020-07-31": "", "2020-04-30": "", "2020-01-31": "", "2019-10-31": "", "2019-07-31": "", "2019-04-30": "", "2019-01-31": "", "2018-10-31": "", "2018-07-31": "", "2018-04-30": "", "2018-01-31": "", "2017-10-31": "", "2017-07-31": "", "2017-04-30": "", "2017-01-31": "", "2016-10-31": "", "2016-07-31": "", "2016-04-30": "", "2016-01-31": "", "2015-10-31": "", "2015-07-31": "", "2015-04-30": "", "2015-01-31": "", "2014-10-31": "", "2014-07-31": "", "2014-04-30": "", "2014-01-31": "", "2013-10-31": "", "2013-07-31": "", "2013-04-30": "", "2013-01-31": "", "2012-10-31": "", "2012-07-31": "", "2012-04-30": "", "2012-01-31": "", "2011-10-31": "", "2011-07-31": "", "2011-04-30": "", "2011-01-31": "", "2010-10-31": "", "2010-07-31": "", "2010-04-30": "", "2010-01-31": "", "2009-10-31": "", "2009-07-31": "", "2009-04-30": "", "2009-01-31": "", "2008-10-31": "", "2008-07-31": "", "2008-04-30": "", "2008-01-31": "", "2007-10-31": "", "2007-07-31": "", "2007-04-30": "", "2006-10-31": "", "2006-07-31": ""}, "Total Current Assets": {"2020-10-31": "1600.81300", "2020-07-31": "1489.75500", "2020-04-30": "1694.54500", "2020-01-31": "1807.93800", "2019-10-31": "1451.67600", "2019-07-31": "1333.01300", "2019-04-30": "1171.58400", "2019-01-31": "1429.28200", "2018-10-31": "1363.46700", "2018-07-31": "1308.03700", "2018-04-30": "1452.85500", "2018-01-31": "1436.28200", "2017-10-31": "1188.34800", "2017-07-31": "1171.02200", "2017-04-30": "1132.68100", "2017-01-31": "1162.73700", "2016-10-31": "1022.91000", "2016-07-31": "962.68300", "2016-04-30": "971.19300", "2016-01-31": "917.03900", "2015-10-31": "928.50400", "2015-07-31": "918.26900", "2015-04-30": "972.79200", "2015-01-31": "951.01200", "2014-10-31": "944.65700", "2014-07-31": "974.10200", "2014-04-30": "981.38300", "2014-01-31": "951.01200", "2013-10-31": "880.59100", "2013-07-31": "838.14000", "2013-04-30": "781.61900", "2013-01-31": "787.05300", "2012-10-31": "641.08400", "2012-07-31": "603.52500", "2012-04-30": "558.10500", "2012-01-31": "527.09300", "2011-10-31": "427.81600", "2011-07-31": "383.97200", "2011-04-30": "349.98800", "2011-01-31": "389.27900", "2010-10-31": "311.71700", "2010-07-31": "259.05000", "2010-04-30": "239.44300", "2010-01-31": "216.41000", "2009-10-31": "166.06800", "2009-07-31": "142.73200", "2009-04-30": "113.90900", "2009-01-31": "116.98800", "2008-10-31": "107.48670", "2008-07-31": "98.19060", "2008-04-30": "96.87520", "2008-01-31": "100.33660", "2007-10-31": "92.37920", "2007-07-31": "38.27880", "2007-04-30": "", "2006-10-31": "", "2006-07-31": ""}, "Property, Plant, And Equipment": {"2020-10-31": "719.88000", "2020-07-31": "698.51400", "2020-04-30": "659.26500", "2020-01-31": "671.69300", "2019-10-31": "656.37200", "2019-07-31": "617.09000", "2019-04-30": "582.73800", "2019-01-31": "567.23700", "2018-10-31": "531.25000", "2018-07-31": "487.54600", "2018-04-30": "472.26200", "2018-01-31": "473.64200", "2017-10-31": "440.40300", "2017-07-31": "426.96100", "2017-04-30": "398.83300", "2017-01-31": "423.49900", "2016-10-31": "399.65800", "2016-07-31": "395.01000", "2016-04-30": "377.81300", "2016-01-31": "349.60500", "2015-10-31": "346.70500", "2015-07-31": "324.09300", "2015-04-30": "314.33600", "2015-01-31": "296.00800", "2014-10-31": "301.84100", "2014-07-31": "285.84900", "2014-04-30": "271.37000", "2014-01-31": "296.00800", "2013-10-31": "243.62600", "2013-07-31": "228.79400", "2013-04-30": "222.87800", "2013-01-31": "214.63900", "2012-10-31": "204.05200", "2012-07-31": "181.12200", "2012-04-30": "168.37400", "2012-01-31": "162.94100", "2011-10-31": "153.11900", "2011-07-31": "151.12000", "2011-04-30": "144.91700", "2011-01-31": "70.95400", "2010-10-31": "67.45700", "2010-07-31": "64.60900", "2010-04-30": "63.84400", "2010-01-31": "61.59100", "2009-10-31": "59.90000", "2009-07-31": "61.26500", "2009-04-30": "60.96000", "2009-01-31": "61.66200", "2008-10-31": "59.89330", "2008-07-31": "55.47320", "2008-04-30": "49.06250", "2008-01-31": "43.60500", "2007-10-31": "36.37660", "2007-07-31": "27.21530", "2007-04-30": "", "2006-10-31": "", "2006-07-31": ""}, "Long-Term Investments": {"2020-10-31": "", "2020-07-31": "", "2020-04-30": "", "2020-01-31": "", "2019-10-31": "", "2019-07-31": "", "2019-04-30": "", "2019-01-31": "", "2018-10-31": "", "2018-07-31": "", "2018-04-30": "", "2018-01-31": "", "2017-10-31": "", "2017-07-31": "", "2017-04-30": "", "2017-01-31": "", "2016-10-31": "", "2016-07-31": "", "2016-04-30": "", "2016-01-31": "", "2015-10-31": "", "2015-07-31": "", "2015-04-30": "", "2015-01-31": "", "2014-10-31": "", "2014-07-31": "", "2014-04-30": "", "2014-01-31": "", "2013-10-31": "", "2013-07-31": "", "2013-04-30": "", "2013-01-31": "", "2012-10-31": "", "2012-07-31": "", "2012-04-30": "", "2012-01-31": "", "2011-10-31": "", "2011-07-31": "", "2011-04-30": "", "2011-01-31": "", "2010-10-31": "", "2010-07-31": "", "2010-04-30": "", "2010-01-31": "", "2009-10-31": "", "2009-07-31": "", "2009-04-30": "", "2009-01-31": "", "2008-10-31": "", "2008-07-31": "", "2008-04-30": "", "2008-01-31": "", "2007-10-31": "", "2007-07-31": "", "2007-04-30": "", "2006-10-31": "", "2006-07-31": ""}, "Goodwill And Intangible Assets": {"2020-10-31": "468.90800", "2020-07-31": "471.06400", "2020-04-30": "24.04400", "2020-01-31": "24.42300", "2019-10-31": "24.47800", "2019-07-31": "24.18400", "2019-04-30": "24.09400", "2019-01-31": "24.23900", "2018-10-31": "24.23700", "2018-07-31": "24.25500", "2018-04-30": "24.36100", "2018-01-31": "24.67900", "2017-10-31": "24.47600", "2017-07-31": "24.74900", "2017-04-30": "24.24800", "2017-01-31": "24.55700", "2016-10-31": "24.56700", "2016-07-31": "24.89700", "2016-04-30": "25.32000", "2016-01-31": "24.77700", "2015-10-31": "25.40700", "2015-07-31": "25.61100", "2015-04-30": "26.27600", "2015-01-31": "26.16300", "2014-10-31": "27.45800", "2014-07-31": "27.93800", "2014-04-30": "28.10700", "2014-01-31": "26.16300", "2013-10-31": "28.99100", "2013-07-31": "29.22400", "2013-04-30": "29.81000", "2013-01-31": "30.20100", "2012-10-31": "30.53000", "2012-07-31": "30.89300", "2012-04-30": "31.52100", "2012-01-31": "31.87200", "2011-10-31": "32.35100", "2011-07-31": "28.43400", "2011-04-30": "28.76900", "2011-01-31": "27.11200", "2010-10-31": "26.48800", "2010-07-31": "24.73500", "2010-04-30": "8.09600", "2010-01-31": "8.05000", "2009-10-31": "8.25700", "2009-07-31": "8.52500", "2009-04-30": "8.16600", "2009-01-31": "8.16000", "2008-10-31": "8.63930", "2008-07-31": "7.37400", "2008-04-30": "7.66960", "2008-01-31": "8.11860", "2007-10-31": "8.78180", "2007-07-31": "8.10260", "2007-04-30": "", "2006-10-31": "", "2006-07-31": ""}, "Other Long-Term Assets": {"2020-10-31": "92.67100", "2020-07-31": "77.29800", "2020-04-30": "60.85900", "2020-01-31": "56.20100", "2019-10-31": "43.78700", "2019-07-31": "37.11700", "2019-04-30": "31.31800", "2019-01-31": "37.40400", "2018-10-31": "33.90200", "2018-07-31": "32.97400", "2018-04-30": "31.30400", "2018-01-31": "31.38900", "2017-10-31": "29.63900", "2017-07-31": "24.17500", "2017-04-30": "21.06300", "2017-01-31": "20.49200", "2016-10-31": "19.35900", "2016-07-31": "20.21500", "2016-04-30": "14.28500", "2016-01-31": "10.85400", "2015-10-31": "10.18400", "2015-07-31": "10.58100", "2015-04-30": "8.01800", "2015-01-31": "7.01200", "2014-10-31": "5.73300", "2014-07-31": "5.03900", "2014-04-30": "5.10200", "2014-01-31": "7.01200", "2013-10-31": "5.24300", "2013-07-31": "4.12500", "2013-04-30": "4.16400", "2013-01-31": "4.15200", "2012-10-31": "4.18100", "2012-07-31": "5.09500", "2012-04-30": "4.11500", "2012-01-31": "4.14100", "2011-10-31": "4.43400", "2011-07-31": "4.55600", "2011-04-30": "4.59700", "2011-01-31": "4.06300", "2010-10-31": "3.49300", "2010-07-31": "3.58700", "2010-04-30": "6.35500", "2010-01-31": "6.10500", "2009-10-31": "6.41500", "2009-07-31": "6.33000", "2009-04-30": "5.65400", "2009-01-31": "5.45300", "2008-10-31": "", "2008-07-31": "", "2008-04-30": "", "2008-01-31": "1.90750", "2007-10-31": "2.69890", "2007-07-31": "9.22520", "2007-04-30": "", "2006-10-31": "", "2006-07-31": ""}, "Total Long-Term Assets": {"2020-10-31": "2027.10700", "2020-07-31": "2004.27200", "2020-04-30": "1507.24100", "2020-01-31": "1473.41600", "2019-10-31": "1403.46800", "2019-07-31": "1361.73100", "2019-04-30": "1291.43600", "2019-01-31": "655.42900", "2018-10-31": "617.54400", "2018-07-31": "573.12000", "2018-04-30": "558.85000", "2018-01-31": "562.20100", "2017-10-31": "532.10100", "2017-07-31": "515.90100", "2017-04-30": "476.65300", "2017-01-31": "494.80400", "2016-10-31": "456.03000", "2016-07-31": "452.81800", "2016-04-30": "430.46200", "2016-01-31": "397.03800", "2015-10-31": "393.05500", "2015-07-31": "375.95200", "2015-04-30": "364.92400", "2015-01-31": "345.20100", "2014-10-31": "339.83000", "2014-07-31": "323.81800", "2014-04-30": "309.57400", "2014-01-31": "345.20100", "2013-10-31": "293.96300", "2013-07-31": "275.98200", "2013-04-30": "271.85700", "2013-01-31": "264.02500", "2012-10-31": "247.69700", "2012-07-31": "225.61300", "2012-04-30": "212.51400", "2012-01-31": "207.54100", "2011-10-31": "208.25400", "2011-07-31": "202.48900", "2011-04-30": "186.47200", "2011-01-31": "110.02300", "2010-10-31": "107.25500", "2010-07-31": "104.64600", "2010-04-30": "93.64700", "2010-01-31": "90.84800", "2009-10-31": "80.70000", "2009-07-31": "83.09400", "2009-04-30": "93.87700", "2009-01-31": "94.64800", "2008-10-31": "90.53200", "2008-07-31": "76.27830", "2008-04-30": "62.44900", "2008-01-31": "54.75570", "2007-10-31": "48.79660", "2007-07-31": "45.21900", "2007-04-30": "", "2006-10-31": "", "2006-07-31": ""}, "Total Assets": {"2020-10-31": "3627.92000", "2020-07-31": "3494.02700", "2020-04-30": "3201.78600", "2020-01-31": "3281.35400", "2019-10-31": "2855.14400", "2019-07-31": "2694.74400", "2019-04-30": "2463.02000", "2019-01-31": "2084.71100", "2018-10-31": "1981.01100", "2018-07-31": "1881.15700", "2018-04-30": "2011.70500", "2018-01-31": "1998.48300", "2017-10-31": "1720.44900", "2017-07-31": "1686.92300", "2017-04-30": "1609.33400", "2017-01-31": "1657.54100", "2016-10-31": "1478.94000", "2016-07-31": "1415.50100", "2016-04-30": "1401.65500", "2016-01-31": "1314.07700", "2015-10-31": "1321.55900", "2015-07-31": "1294.22100", "2015-04-30": "1337.71600", "2015-01-31": "1296.21300", "2014-10-31": "1284.48700", "2014-07-31": "1297.92000", "2014-04-30": "1290.95700", "2014-01-31": "1296.21300", "2013-10-31": "1174.55400", "2013-07-31": "1114.12200", "2013-04-30": "1053.47600", "2013-01-31": "1051.07800", "2012-10-31": "888.78100", "2012-07-31": "829.13800", "2012-04-30": "770.61900", "2012-01-31": "734.63400", "2011-10-31": "636.07000", "2011-07-31": "586.46100", "2011-04-30": "536.46000", "2011-01-31": "499.30200", "2010-10-31": "418.97200", "2010-07-31": "363.69600", "2010-04-30": "333.09000", "2010-01-31": "307.25800", "2009-10-31": "246.76800", "2009-07-31": "225.82600", "2009-04-30": "207.78600", "2009-01-31": "211.63600", "2008-10-31": "198.01860", "2008-07-31": "174.46890", "2008-04-30": "159.32420", "2008-01-31": "155.09220", "2007-10-31": "141.17570", "2007-07-31": "83.49790", "2007-04-30": "0.00000", "2006-10-31": "0.00000", "2006-07-31": "0.00000"}, "Total Current Liabilities": {"2020-10-31": "730.87800", "2020-07-31": "763.30900", "2020-04-30": "631.49600", "2020-01-31": "620.41800", "2019-10-31": "574.76900", "2019-07-31": "552.60900", "2019-04-30": "502.94200", "2019-01-31": "500.47700", "2018-10-31": "443.67100", "2018-07-31": "449.16100", "2018-04-30": "267.34100", "2018-01-31": "292.59800", "2017-10-31": "240.57700", "2017-07-31": "224.29100", "2017-04-30": "205.97300", "2017-01-31": "241.99000", "2016-10-31": "212.70800", "2016-07-31": "197.43800", "2016-04-30": "202.42800", "2016-01-31": "225.50400", "2015-10-31": "208.32800", "2015-07-31": "148.10800", "2015-04-30": "143.48200", "2015-01-31": "159.88100", "2014-10-31": "147.75000", "2014-07-31": "114.90000", "2014-04-30": "105.48300", "2014-01-31": "159.88100", "2013-10-31": "94.61400", "2013-07-31": "100.94100", "2013-04-30": "92.32600", "2013-01-31": "133.35700", "2012-10-31": "91.19000", "2012-07-31": "74.97600", "2012-04-30": "70.83400", "2012-01-31": "103.43900", "2011-10-31": "82.51400", "2011-07-31": "64.95800", "2011-04-30": "58.99000", "2011-01-31": "85.36400", "2010-10-31": "64.27600", "2010-07-31": "46.71300", "2010-04-30": "46.79700", "2010-01-31": "58.67800", "2009-10-31": "39.44700", "2009-07-31": "35.26800", "2009-04-30": "27.37500", "2009-01-31": "45.33500", "2008-10-31": "46.77040", "2008-07-31": "28.21560", "2008-04-30": "30.20130", "2008-01-31": "36.14050", "2007-10-31": "35.94100", "2007-07-31": "25.13550", "2007-04-30": "", "2006-10-31": "", "2006-07-31": ""}, "Long Term Debt": {"2020-10-31": "", "2020-07-31": "", "2020-04-30": "", "2020-01-31": "", "2019-10-31": "", "2019-07-31": "", "2019-04-30": "", "2019-01-31": "", "2018-10-31": "", "2018-07-31": "", "2018-04-30": "", "2018-01-31": "", "2017-10-31": "", "2017-07-31": "", "2017-04-30": "", "2017-01-31": "", "2016-10-31": "", "2016-07-31": "", "2016-04-30": "", "2016-01-31": "", "2015-10-31": "", "2015-07-31": "", "2015-04-30": "", "2015-01-31": "", "2014-10-31": "", "2014-07-31": "", "2014-04-30": "", "2014-01-31": "", "2013-10-31": "", "2013-07-31": "", "2013-04-30": "", "2013-01-31": "", "2012-10-31": "", "2012-07-31": "", "2012-04-30": "", "2012-01-31": "", "2011-10-31": "", "2011-07-31": "", "2011-04-30": "", "2011-01-31": "", "2010-10-31": "", "2010-07-31": "", "2010-04-30": "", "2010-01-31": "", "2009-10-31": "", "2009-07-31": "", "2009-04-30": "", "2009-01-31": "", "2008-10-31": "", "2008-07-31": "", "2008-04-30": "", "2008-01-31": "", "2007-10-31": "", "2007-07-31": "", "2007-04-30": "", "2006-10-31": "", "2006-07-31": ""}, "Other Non-Current Liabilities": {"2020-10-31": "51.50400", "2020-07-31": "50.06900", "2020-04-30": "54.49700", "2020-01-31": "53.82200", "2019-10-31": "53.52400", "2019-07-31": "52.33100", "2019-04-30": "41.76600", "2019-01-31": "124.01000", "2018-10-31": "129.00100", "2018-07-31": "110.19900", "2018-04-30": "106.54800", "2018-01-31": "107.58900", "2017-10-31": "58.59600", "2017-07-31": "57.15500", "2017-04-30": "48.72400", "2017-01-31": "48.31600", "2016-10-31": "50.69900", "2016-07-31": "50.66300", "2016-04-30": "51.62000", "2016-01-31": "50.33200", "2015-10-31": "49.74800", "2015-07-31": "47.10000", "2015-04-30": "45.42300", "2015-01-31": "43.13100", "2014-10-31": "40.10000", "2014-07-31": "56.35300", "2014-04-30": "57.09300", "2014-01-31": "43.13100", "2013-10-31": "37.18000", "2013-07-31": "33.89300", "2013-04-30": "31.09000", "2013-01-31": "30.42200", "2012-10-31": "29.77000", "2012-07-31": "27.81700", "2012-04-30": "26.38300", "2012-01-31": "25.01400", "2011-10-31": "24.46600", "2011-07-31": "21.82600", "2011-04-30": "21.60900", "2011-01-31": "19.64500", "2010-10-31": "19.10200", "2010-07-31": "18.38500", "2010-04-30": "16.34200", "2010-01-31": "15.47200", "2009-10-31": "14.54100", "2009-07-31": "13.29800", "2009-04-30": "11.97600", "2009-01-31": "11.30100", "2008-10-31": "", "2008-07-31": "", "2008-04-30": "7.09730", "2008-01-31": "6.72120", "2007-10-31": "6.96830", "2007-07-31": "5.20950", "2007-04-30": "", "2006-10-31": "", "2006-07-31": ""}, "Total Long Term Liabilities": {"2020-10-31": "734.08900", "2020-07-31": "729.61600", "2020-04-30": "734.50300", "2020-01-31": "708.71800", "2019-10-31": "631.63900", "2019-07-31": "634.75600", "2019-04-30": "593.35800", "2019-01-31": "138.25900", "2018-10-31": "130.58300", "2018-07-31": "111.78100", "2018-04-30": "108.13000", "2018-01-31": "108.92500", "2017-10-31": "58.59600", "2017-07-31": "64.82300", "2017-04-30": "55.67400", "2017-01-31": "55.57800", "2016-10-31": "61.76300", "2016-07-31": "61.86100", "2016-04-30": "63.00200", "2016-01-31": "61.09100", "2015-10-31": "53.27200", "2015-07-31": "50.64500", "2015-04-30": "49.22300", "2015-01-31": "46.76400", "2014-10-31": "51.47600", "2014-07-31": "56.35300", "2014-04-30": "57.09300", "2014-01-31": "46.76400", "2013-10-31": "37.18000", "2013-07-31": "33.89300", "2013-04-30": "31.09000", "2013-01-31": "30.42200", "2012-10-31": "29.77000", "2012-07-31": "27.81700", "2012-04-30": "26.38300", "2012-01-31": "25.01400", "2011-10-31": "24.46600", "2011-07-31": "21.82600", "2011-04-30": "21.60900", "2011-01-31": "19.64500", "2010-10-31": "28.02300", "2010-07-31": "23.66900", "2010-04-30": "18.49700", "2010-01-31": "15.47200", "2009-10-31": "14.72200", "2009-07-31": "13.47900", "2009-04-30": "12.14100", "2009-01-31": "11.45900", "2008-10-31": "10.98860", "2008-07-31": "9.74540", "2008-04-30": "7.28920", "2008-01-31": "6.91780", "2007-10-31": "7.17400", "2007-07-31": "5.39280", "2007-04-30": "", "2006-10-31": "", "2006-07-31": ""}, "Total Liabilities": {"2020-10-31": "1464.96700", "2020-07-31": "1492.92500", "2020-04-30": "1365.99900", "2020-01-31": "1329.13600", "2019-10-31": "1206.40800", "2019-07-31": "1187.36500", "2019-04-30": "1096.30000", "2019-01-31": "638.73600", "2018-10-31": "574.25400", "2018-07-31": "560.94200", "2018-04-30": "375.47100", "2018-01-31": "401.52300", "2017-10-31": "299.17300", "2017-07-31": "289.11400", "2017-04-30": "261.64700", "2017-01-31": "297.56800", "2016-10-31": "274.47100", "2016-07-31": "259.29900", "2016-04-30": "265.43000", "2016-01-31": "286.59500", "2015-10-31": "261.60000", "2015-07-31": "198.75300", "2015-04-30": "192.70500", "2015-01-31": "206.64500", "2014-10-31": "199.22600", "2014-07-31": "171.25300", "2014-04-30": "162.57600", "2014-01-31": "206.64500", "2013-10-31": "131.79400", "2013-07-31": "134.83400", "2013-04-30": "123.41600", "2013-01-31": "163.77900", "2012-10-31": "120.96000", "2012-07-31": "102.79300", "2012-04-30": "97.21700", "2012-01-31": "128.45300", "2011-10-31": "106.98000", "2011-07-31": "86.78400", "2011-04-30": "80.59900", "2011-01-31": "105.00900", "2010-10-31": "92.29900", "2010-07-31": "70.38200", "2010-04-30": "65.29400", "2010-01-31": "74.15000", "2009-10-31": "54.16900", "2009-07-31": "48.74700", "2009-04-30": "39.51600", "2009-01-31": "56.79400", "2008-10-31": "57.75900", "2008-07-31": "37.96100", "2008-04-30": "37.49040", "2008-01-31": "43.05820", "2007-10-31": "43.11510", "2007-07-31": "30.52830", "2007-04-30": "", "2006-10-31": "", "2006-07-31": ""}, "Common Stock Net": {"2020-10-31": "0.62600", "2020-07-31": "0.62500", "2020-04-30": "0.62400", "2020-01-31": "0.62100", "2019-10-31": "0.61700", "2019-07-31": "0.61500", "2019-04-30": "0.61500", "2019-01-31": "0.60800", "2018-10-31": "0.61300", "2018-07-31": "0.61300", "2018-04-30": "0.63000", "2018-01-31": "0.62800", "2017-10-31": "0.62800", "2017-07-31": "0.62800", "2017-04-30": "0.63600", "2017-01-31": "0.63700", "2016-10-31": "0.63600", "2016-07-31": "0.63600", "2016-04-30": "0.63700", "2016-01-31": "0.63700", "2015-10-31": "0.64800", "2015-07-31": "0.65600", "2015-04-30": "0.66000", "2015-01-31": "0.66100", "2014-10-31": "0.66200", "2014-07-31": "0.57100", "2014-04-30": "0.57800", "2014-01-31": "0.66100", "2013-10-31": "0.57600", "2013-07-31": "0.57500", "2013-04-30": "0.56300", "2013-01-31": "0.56200", "2012-10-31": "0.55900", "2012-07-31": "0.55800", "2012-04-30": "0.55800", "2012-01-31": "0.55100", "2011-10-31": "0.54700", "2011-07-31": "0.54400", "2011-04-30": "0.54000", "2011-01-31": "0.53400", "2010-10-31": "0.52800", "2010-07-31": "0.51700", "2010-04-30": "0.51400", "2010-01-31": "0.51100", "2009-10-31": "0.50900", "2009-07-31": "0.50800", "2009-04-30": "0.50700", "2009-01-31": "0.50400", "2008-10-31": "0.50310", "2008-07-31": "0.47280", "2008-04-30": "0.46800", "2008-01-31": "0.46710", "2007-10-31": "0.46610", "2007-07-31": "0.44320", "2007-04-30": "", "2006-10-31": "", "2006-07-31": ""}, "Retained Earnings (Accumulated Deficit)": {"2020-10-31": "2016.59100", "2020-07-31": "1872.94800", "2020-04-30": "1786.14700", "2020-01-31": "1820.63700", "2019-10-31": "1522.92100", "2019-07-31": "1404.86600", "2019-04-30": "1281.43200", "2019-01-31": "1346.89000", "2018-10-31": "1310.45200", "2018-07-31": "1224.04400", "2018-04-30": "1530.14700", "2018-01-31": "1455.00200", "2017-10-31": "1336.21600", "2017-07-31": "1285.55900", "2017-04-30": "1312.95700", "2017-01-31": "1294.21400", "2016-10-31": "1158.83400", "2016-07-31": "1090.54900", "2016-04-30": "1049.43000", "2016-01-31": "1019.51500", "2015-10-31": "1003.33100", "2015-07-31": "1035.90300", "2015-04-30": "1050.01600", "2015-01-31": "1020.61900", "2014-10-31": "926.36900", "2014-07-31": "937.76700", "2014-04-30": "942.80300", "2014-01-31": "1020.61900", "2013-10-31": "814.13000", "2013-07-31": "748.01800", "2013-04-30": "691.55400", "2013-01-31": "644.27500", "2012-10-31": "534.90000", "2012-07-31": "477.58400", "2012-04-30": "420.36200", "2012-01-31": "373.71900", "2011-10-31": "300.20100", "2011-07-31": "261.40700", "2011-04-30": "223.02800", "2011-01-31": "189.65600", "2010-10-31": "134.89000", "2010-07-31": "109.18900", "2010-04-30": "87.39700", "2010-01-31": "67.80900", "2009-10-31": "39.35800", "2009-07-31": "25.29000", "2009-04-30": "16.04600", "2009-01-31": "9.52800", "2008-10-31": "-1.41030", "2008-07-31": "-10.21100", "2008-04-30": "-21.35860", "2008-01-31": "-29.83500", "2007-10-31": "-44.44400", "2007-07-31": "-52.01330", "2007-04-30": "", "2006-10-31": "", "2006-07-31": ""}, "Comprehensive Income": {"2020-10-31": "-228.61600", "2020-07-31": "-230.88500", "2020-04-30": "-285.18500", "2020-01-31": "-224.58100", "2019-10-31": "-218.13700", "2019-07-31": "-228.01700", "2019-04-30": "-232.53100", "2019-01-31": "-216.80800", "2018-10-31": "-211.46200", "2018-07-31": "-204.14400", "2018-04-30": "-185.89500", "2018-01-31": "-142.92300", "2017-10-31": "-191.43900", "2017-07-31": "-160.42100", "2017-04-30": "-233.27500", "2017-01-31": "-201.50000", "2016-10-31": "-217.44100", "2016-07-31": "-192.69300", "2016-04-30": "-164.64100", "2016-01-31": "-238.20300", "2015-10-31": "-190.83400", "2015-07-31": "-190.16900", "2015-04-30": "-150.80100", "2015-01-31": "-173.40700", "2014-10-31": "-81.27000", "2014-07-31": "-52.01400", "2014-04-30": "-55.67800", "2014-01-31": "-173.40700", "2013-10-31": "-14.41100", "2013-07-31": "-5.25800", "2013-04-30": "16.64300", "2013-01-31": "21.09000", "2012-10-31": "21.16800", "2012-07-31": "18.52700", "2012-04-30": "29.09400", "2012-01-31": "21.54900", "2011-10-31": "21.83100", "2011-07-31": "36.41600", "2011-04-30": "37.49400", "2011-01-31": "20.32900", "2010-10-31": "14.51700", "2010-07-31": "11.03200", "2010-04-30": "14.25800", "2010-01-31": "5.86700", "2009-10-31": "4.31900", "2009-07-31": "4.36200", "2009-04-30": "-5.96000", "2009-01-31": "-11.15100", "2008-10-31": "-11.16020", "2008-07-31": "3.51260", "2008-04-30": "4.23710", "2008-01-31": "5.39700", "2007-10-31": "6.61660", "2007-07-31": "2.39850", "2007-04-30": "", "2006-10-31": "", "2006-07-31": ""}, "Other Share Holders Equity": {"2020-10-31": "", "2020-07-31": "", "2020-04-30": "", "2020-01-31": "", "2019-10-31": "", "2019-07-31": "", "2019-04-30": "", "2019-01-31": "", "2018-10-31": "", "2018-07-31": "", "2018-04-30": "", "2018-01-31": "", "2017-10-31": "", "2017-07-31": "", "2017-04-30": "", "2017-01-31": "", "2016-10-31": "", "2016-07-31": "", "2016-04-30": "", "2016-01-31": "", "2015-10-31": "", "2015-07-31": "", "2015-04-30": "", "2015-01-31": "", "2014-10-31": "", "2014-07-31": "", "2014-04-30": "", "2014-01-31": "", "2013-10-31": "", "2013-07-31": "", "2013-04-30": "", "2013-01-31": "", "2012-10-31": "", "2012-07-31": "", "2012-04-30": "", "2012-01-31": "", "2011-10-31": "", "2011-07-31": "", "2011-04-30": "", "2011-01-31": "", "2010-10-31": "", "2010-07-31": "", "2010-04-30": "", "2010-01-31": "", "2009-10-31": "", "2009-07-31": "", "2009-04-30": "", "2009-01-31": "", "2008-10-31": "", "2008-07-31": "", "2008-04-30": "", "2008-01-31": "", "2007-10-31": "", "2007-07-31": "", "2007-04-30": "", "2006-10-31": "", "2006-07-31": ""}, "Share Holder Equity": {"2020-10-31": "2162.95300", "2020-07-31": "2001.10200", "2020-04-30": "1835.78700", "2020-01-31": "1952.21800", "2019-10-31": "1648.73600", "2019-07-31": "1507.37900", "2019-04-30": "1366.72000", "2019-01-31": "1445.97500", "2018-10-31": "1406.75700", "2018-07-31": "1320.21500", "2018-04-30": "1636.23400", "2018-01-31": "1596.96000", "2017-10-31": "1421.27600", "2017-07-31": "1397.80900", "2017-04-30": "1347.68700", "2017-01-31": "1359.97300", "2016-10-31": "1204.46900", "2016-07-31": "1156.20200", "2016-04-30": "1136.22500", "2016-01-31": "1027.48200", "2015-10-31": "1059.95900", "2015-07-31": "1095.46800", "2015-04-30": "1145.01100", "2015-01-31": "1089.56800", "2014-10-31": "1085.26100", "2014-07-31": "1126.66700", "2014-04-30": "1128.38100", "2014-01-31": "1089.56800", "2013-10-31": "1042.76000", "2013-07-31": "979.28800", "2013-04-30": "930.06000", "2013-01-31": "887.29900", "2012-10-31": "767.82100", "2012-07-31": "726.34500", "2012-04-30": "673.40200", "2012-01-31": "606.18100", "2011-10-31": "529.09000", "2011-07-31": "499.67700", "2011-04-30": "455.86100", "2011-01-31": "394.29300", "2010-10-31": "326.67300", "2010-07-31": "293.31400", "2010-04-30": "267.79600", "2010-01-31": "233.10800", "2009-10-31": "192.59900", "2009-07-31": "177.07900", "2009-04-30": "168.27000", "2009-01-31": "154.84200", "2008-10-31": "140.25970", "2008-07-31": "136.50790", "2008-04-30": "121.83380", "2008-01-31": "112.03400", "2007-10-31": "98.06070", "2007-07-31": "52.96960", "2007-04-30": "", "2006-10-31": "", "2006-07-31": ""}, "Total Liabilities And Share Holders Equity": {"2020-10-31": "3627.92000", "2020-07-31": "3494.02700", "2020-04-30": "3201.78600", "2020-01-31": "3281.35400", "2019-10-31": "2855.14400", "2019-07-31": "2694.74400", "2019-04-30": "2463.02000", "2019-01-31": "2084.71100", "2018-10-31": "1981.01100", "2018-07-31": "1881.15700", "2018-04-30": "2011.70500", "2018-01-31": "1998.48300", "2017-10-31": "1720.44900", "2017-07-31": "1686.92300", "2017-04-30": "1609.33400", "2017-01-31": "1657.54100", "2016-10-31": "1478.94000", "2016-07-31": "1415.50100", "2016-04-30": "1401.65500", "2016-01-31": "1314.07700", "2015-10-31": "1321.55900", "2015-07-31": "1294.22100", "2015-04-30": "1337.71600", "2015-01-31": "1296.21300", "2014-10-31": "1284.48700", "2014-07-31": "1297.92000", "2014-04-30": "1290.95700", "2014-01-31": "1296.21300", "2013-10-31": "1174.55400", "2013-07-31": "1114.12200", "2013-04-30": "1053.47600", "2013-01-31": "1051.07800", "2012-10-31": "888.78100", "2012-07-31": "829.13800", "2012-04-30": "770.61900", "2012-01-31": "734.63400", "2011-10-31": "636.07000", "2011-07-31": "586.46100", "2011-04-30": "536.46000", "2011-01-31": "499.30200", "2010-10-31": "418.97200", "2010-07-31": "363.69600", "2010-04-30": "333.09000", "2010-01-31": "307.25800", "2009-10-31": "246.76800", "2009-07-31": "225.82600", "2009-04-30": "207.78600", "2009-01-31": "211.63600", "2008-10-31": "198.01860", "2008-07-31": "174.46890", "2008-04-30": "159.32420", "2008-01-31": "155.09220", "2007-10-31": "141.17570", "2007-07-31": "83.49790", "2007-04-30": "", "2006-10-31": "", "2006-07-31": ""}}, "cash flow statement": {"Net Income/Loss": {"2020-01-31": "645.59600", "2019-01-31": "483.80100", "2018-01-31": "258.66200", "2017-01-31": "303.38100", "2016-01-31": "266.04700", "2015-01-31": "239.03300", "2014-01-31": "279.54700", "2013-01-31": "271.43100", "2012-01-31": "184.96400", "2011-01-31": "122.19700", "2010-01-31": "58.28100", "2009-01-31": "39.36300", "2008-01-31": "30.84200", "2007-01-31": "7.66630", "2006-01-31": "1.39410"}, "Total Depreciation And Amortization - Cash Flow": {"2020-01-31": "161.93300", "2019-01-31": "122.48400", "2018-01-31": "108.23500", "2017-01-31": "87.69700", "2016-01-31": "73.38300", "2015-01-31": "58.36400", "2014-01-31": "49.06800", "2013-01-31": "43.00000", "2012-01-31": "30.25900", "2011-01-31": "24.61400", "2010-01-31": "20.83200", "2009-01-31": "15.82300", "2008-01-31": "8.29100", "2007-01-31": "4.58660", "2006-01-31": "2.46630"}, "Other Non-Cash Items": {"2020-01-31": "55.85800", "2019-01-31": "23.61900", "2018-01-31": "24.23900", "2017-01-31": "-5.28900", "2016-01-31": "19.05300", "2015-01-31": "8.47500", "2014-01-31": "-0.20400", "2013-01-31": "-2.06000", "2012-01-31": "2.12200", "2011-01-31": "9.21800", "2010-01-31": "8.05700", "2009-01-31": "-5.38500", "2008-01-31": "6.38200", "2007-01-31": "0.94520", "2006-01-31": "2.53500"}, "Total Non-Cash Items": {"2020-01-31": "217.79100", "2019-01-31": "146.10300", "2018-01-31": "132.47400", "2017-01-31": "82.40800", "2016-01-31": "92.43600", "2015-01-31": "66.83900", "2014-01-31": "48.86400", "2013-01-31": "40.94000", "2012-01-31": "32.38100", "2011-01-31": "33.83200", "2010-01-31": "28.88900", "2009-01-31": "10.43800", "2008-01-31": "14.67300", "2007-01-31": "5.53180", "2006-01-31": "5.00130"}, "Change In Accounts Receivable": {"2020-01-31": "", "2019-01-31": "", "2018-01-31": "", "2017-01-31": "", "2016-01-31": "19.56300", "2015-01-31": "3.78800", "2014-01-31": "", "2013-01-31": "", "2012-01-31": "", "2011-01-31": "", "2010-01-31": "-3.97400", "2009-01-31": "-1.17300", "2008-01-31": "0.45700", "2007-01-31": "-1.96210", "2006-01-31": "-0.13170"}, "Change In Inventories": {"2020-01-31": "-117.59100", "2019-01-31": "-85.94200", "2018-01-31": "-21.17800", "2017-01-31": "-5.40300", "2016-01-31": "-83.28600", "2015-01-31": "-26.80600", "2014-01-31": "-38.50700", "2013-01-31": "-51.22200", "2012-01-31": "-46.07200", "2011-01-31": "-7.95400", "2010-01-31": "11.29600", "2009-01-31": "-19.78200", "2008-01-31": "-11.21700", "2007-01-31": "-5.75160", "2006-01-31": "-10.69360"}, "Change In Accounts Payable": {"2020-01-31": "-14.81000", "2019-01-31": "71.96200", "2018-01-31": "-1.55100", "2017-01-31": "14.08000", "2016-01-31": "1.24700", "2015-01-31": "-2.19800", "2014-01-31": "11.62700", "2013-01-31": "-13.48100", "2012-01-31": "7.86100", "2011-01-31": "-5.16700", "2010-01-31": "6.02500", "2009-01-31": "0.83200", "2008-01-31": "0.54000", "2007-01-31": "-1.09930", "2006-01-31": "4.57140"}, "Change In Assets/Liabilities": {"2020-01-31": "-17.93500", "2019-01-31": "76.11500", "2018-01-31": "54.64200", "2017-01-31": "11.78200", "2016-01-31": "34.70800", "2015-01-31": "29.19000", "2014-01-31": "-3.10000", "2013-01-31": "1.50200", "2012-01-31": "27.40500", "2011-01-31": "16.56900", "2010-01-31": "16.41400", "2009-01-31": "5.02100", "2008-01-31": "5.06700", "2007-01-31": "1.40910", "2006-01-31": "-0.11340"}, "Total Change In Assets/Liabilities": {"2020-01-31": "-194.07100", "2019-01-31": "112.87500", "2018-01-31": "98.20100", "2017-01-31": "0.60300", "2016-01-31": "-59.74300", "2015-01-31": "8.57700", "2014-01-31": "-50.07200", "2013-01-31": "-32.25800", "2012-01-31": "-13.73000", "2011-01-31": "23.96600", "2010-01-31": "30.79000", "2009-01-31": "-3.36300", "2008-01-31": "-9.03400", "2007-01-31": "13.90310", "2006-01-31": "-17.37940"}, "Cash Flow From Operating Activities": {"2020-01-31": "669.31600", "2019-01-31": "742.77900", "2018-01-31": "489.33700", "2017-01-31": "386.39200", "2016-01-31": "298.74000", "2015-01-31": "314.44900", "2014-01-31": "278.33900", "2013-01-31": "280.11300", "2012-01-31": "203.61500", "2011-01-31": "179.99500", "2010-01-31": "117.96000", "2009-01-31": "46.43800", "2008-01-31": "36.48100", "2007-01-31": "25.44880", "2006-01-31": "-10.98400"}, "Net Change In Property, Plant, And Equipment": {"2020-01-31": "-283.04800", "2019-01-31": "-225.80700", "2018-01-31": "-157.86400", "2017-01-31": "-149.51100", "2016-01-31": "-143.48700", "2015-01-31": "-119.73300", "2014-01-31": "-106.40800", "2013-01-31": "-93.22900", "2012-01-31": "-122.31100", "2011-01-31": "-42.83900", "2010-01-31": "-15.49700", "2009-01-31": "-43.93200", "2008-01-31": "-34.68500", "2007-01-31": "-13.04390", "2006-01-31": "-7.60490"}, "Net Change In Intangible Assets": {"2020-01-31": "", "2019-01-31": "", "2018-01-31": "", "2017-01-31": "", "2016-01-31": "", "2015-01-31": "", "2014-01-31": "", "2013-01-31": "", "2012-01-31": "", "2011-01-31": "", "2010-01-31": "", "2009-01-31": "", "2008-01-31": "", "2007-01-31": "", "2006-01-31": ""}, "Net Acquisitions/Divestitures": {"2020-01-31": "", "2019-01-31": "", "2018-01-31": "", "2017-01-31": "", "2016-01-31": "", "2015-01-31": "", "2014-01-31": "", "2013-01-31": "", "2012-01-31": "", "2011-01-31": "", "2010-01-31": "", "2009-01-31": "", "2008-01-31": "", "2007-01-31": "", "2006-01-31": ""}, "Net Change In Short-term Investments": {"2020-01-31": "", "2019-01-31": "", "2018-01-31": "", "2017-01-31": "", "2016-01-31": "", "2015-01-31": "", "2014-01-31": "", "2013-01-31": "", "2012-01-31": "", "2011-01-31": "", "2010-01-31": "", "2009-01-31": "", "2008-01-31": "", "2007-01-31": "", "2006-01-31": ""}, "Net Change In Long-Term Investments": {"2020-01-31": "", "2019-01-31": "", "2018-01-31": "", "2017-01-31": "", "2016-01-31": "", "2015-01-31": "", "2014-01-31": "", "2013-01-31": "", "2012-01-31": "", "2011-01-31": "", "2010-01-31": "", "2009-01-31": "", "2008-01-31": "", "2007-01-31": "", "2006-01-31": ""}, "Net Change In Investments - Total": {"2020-01-31": "", "2019-01-31": "", "2018-01-31": "", "2017-01-31": "", "2016-01-31": "", "2015-01-31": "", "2014-01-31": "", "2013-01-31": "", "2012-01-31": "", "2011-01-31": "", "2010-01-31": "", "2009-01-31": "", "2008-01-31": "", "2007-01-31": "", "2006-01-31": ""}, "Investing Activities - Other": {"2020-01-31": "4.64000", "2019-01-31": "-16.98700", "2018-01-31": "-15.52800", "2017-01-31": "", "2016-01-31": "", "2015-01-31": "", "2014-01-31": "", "2013-01-31": "", "2012-01-31": "", "2011-01-31": "", "2010-01-31": "-0.81000", "2009-01-31": "-2.86300", "2008-01-31": "-0.55000", "2007-01-31": "-0.30580", "2006-01-31": ""}, "Cash Flow From Investing Activities": {"2020-01-31": "-278.40800", "2019-01-31": "-242.79400", "2018-01-31": "-173.39200", "2017-01-31": "-149.51100", "2016-01-31": "-143.48700", "2015-01-31": "-119.73300", "2014-01-31": "-106.40800", "2013-01-31": "-93.22900", "2012-01-31": "-122.31100", "2011-01-31": "-42.83900", "2010-01-31": "-16.30700", "2009-01-31": "-46.79500", "2008-01-31": "-35.23500", "2007-01-31": "-13.34970", "2006-01-31": "-7.60490"}, "Net Long-Term Debt": {"2020-01-31": "", "2019-01-31": "", "2018-01-31": "", "2017-01-31": "", "2016-01-31": "", "2015-01-31": "", "2014-01-31": "", "2013-01-31": "", "2012-01-31": "", "2011-01-31": "", "2010-01-31": "", "2009-01-31": "", "2008-01-31": "", "2007-01-31": "0.22240", "2006-01-31": "-3.94590"}, "Net Current Debt": {"2020-01-31": "", "2019-01-31": "", "2018-01-31": "", "2017-01-31": "", "2016-01-31": "", "2015-01-31": "", "2014-01-31": "", "2013-01-31": "", "2012-01-31": "", "2011-01-31": "", "2010-01-31": "", "2009-01-31": "", "2008-01-31": "", "2007-01-31": "", "2006-01-31": ""}, "Debt Issuance/Retirement Net - Total": {"2020-01-31": "", "2019-01-31": "", "2018-01-31": "", "2017-01-31": "", "2016-01-31": "", "2015-01-31": "", "2014-01-31": "", "2013-01-31": "", "2012-01-31": "", "2011-01-31": "", "2010-01-31": "", "2009-01-31": "", "2008-01-31": "", "2007-01-31": "0.22240", "2006-01-31": "-3.94590"}, "Net Common Equity Issued/Repurchased": {"2020-01-31": "-173.39900", "2019-01-31": "-598.34000", "2018-01-31": "-100.26100", "2017-01-31": "-29.32700", "2016-01-31": "-269.48900", "2015-01-31": "-144.51800", "2014-01-31": "8.17100", "2013-01-31": "11.01400", "2012-01-31": "9.61400", "2011-01-31": "5.83600", "2010-01-31": "1.20900", "2009-01-31": "1.43600", "2008-01-31": "38.40400", "2007-01-31": "0.44640", "2006-01-31": "93.03690"}, "Net Total Equity Issued/Repurchased": {"2020-01-31": "-173.39900", "2019-01-31": "-598.34000", "2018-01-31": "-100.26100", "2017-01-31": "-29.32700", "2016-01-31": "-269.48900", "2015-01-31": "-144.51800", "2014-01-31": "8.17100", "2013-01-31": "11.01400", "2012-01-31": "9.61400", "2011-01-31": "5.83600", "2010-01-31": "1.20900", "2009-01-31": "1.43600", "2008-01-31": "38.40400", "2007-01-31": "0.44640", "2006-01-31": "93.03690"}, "Total Common And Preferred Stock Dividends Paid": {"2020-01-31": "", "2019-01-31": "", "2018-01-31": "", "2017-01-31": "", "2016-01-31": "", "2015-01-31": "", "2014-01-31": "", "2013-01-31": "", "2012-01-31": "", "2011-01-31": "", "2010-01-31": "", "2009-01-31": "", "2008-01-31": "", "2007-01-31": "", "2006-01-31": ""}, "Financial Activities - Other": {"2020-01-31": "-3.77400", "2019-01-31": "8.12600", "2018-01-31": "2.39900", "2017-01-31": "2.71600", "2016-01-31": "-4.20400", "2015-01-31": "-4.55900", "2014-01-31": "0.73600", "2013-01-31": "-16.50500", "2012-01-31": "5.75000", "2011-01-31": "7.86300", "2010-01-31": "-3.85800", "2009-01-31": "12.02400", "2008-01-31": "-6.99200", "2007-01-31": "", "2006-01-31": "-69.00510"}, "Cash Flow From Financial Activities": {"2020-01-31": "-177.17300", "2019-01-31": "-590.21400", "2018-01-31": "-97.86200", "2017-01-31": "-26.61100", "2016-01-31": "-273.69300", "2015-01-31": "-149.07700", "2014-01-31": "8.90700", "2013-01-31": "-5.49100", "2012-01-31": "15.36400", "2011-01-31": "13.69900", "2010-01-31": "-2.64900", "2009-01-31": "13.46000", "2008-01-31": "31.41200", "2007-01-31": "0.66890", "2006-01-31": "20.08580"}, "Net Cash Flow": {"2020-01-31": "212.18500", "2019-01-31": "-109.18100", "2018-01-31": "255.65500", "2017-01-31": "233.36400", "2016-01-31": "-162.99700", "2015-01-31": "-34.17000", "2014-01-31": "108.47000", "2013-01-31": "180.74200", "2012-01-31": "93.15100", "2011-01-31": "156.71300", "2010-01-31": "102.77600", "2009-01-31": "4.25200", "2008-01-31": "37.05100", "2007-01-31": "12.15150", "2006-01-31": "1.22520"}, "Stock-Based Compensation": {"2020-01-31": "45.59300", "2019-01-31": "28.56800", "2018-01-31": "17.61000", "2017-01-31": "16.82200", "2016-01-31": "10.35600", "2015-01-31": "8.26900", "2014-01-31": "10.08700", "2013-01-31": "15.63700", "2012-01-31": "10.34000", "2011-01-31": "7.27300", "2010-01-31": "5.61600", "2009-01-31": "6.53200", "2008-01-31": "5.94700", "2007-01-31": "2.64160", "2006-01-31": "2.69990"}, "Common Stock Dividends Paid": {"2020-01-31": "", "2019-01-31": "", "2018-01-31": "", "2017-01-31": "", "2016-01-31": "", "2015-01-31": "", "2014-01-31": "", "2013-01-31": "", "2012-01-31": "", "2011-01-31": "", "2010-01-31": "", "2009-01-31": "", "2008-01-31": "", "2007-01-31": "", "2006-01-31": ""}}, "cash flow statement, quarterly": {"Net Income/Loss": {"2020-10-31": 143.643, "2020-07-31": 86.801, "2020-04-30": "28.63200", "2020-01-31": 298.021, "2019-10-31": 125.982, "2019-07-31": 124.99, "2019-04-30": "96.60300", "2019-01-31": 218.465, "2018-10-31": 94.413, "2018-07-31": 95.77, "2018-04-30": "75.15300", "2018-01-31": 119.761, "2017-10-31": 58.944, "2017-07-31": 48.711, "2017-04-30": "31.24600", "2017-01-31": 136.135, "2016-10-31": 68.285, "2016-07-31": 53.625, "2016-04-30": "45.33600", "2016-01-31": 117.416, "2015-10-31": 53.153, "2015-07-31": 47.668, "2015-04-30": "47.81000", "2015-01-31": 110.853, "2014-10-31": 60.451, "2014-07-31": 48.748, "2014-04-30": "18.98100", "2014-01-31": 109.692, "2013-10-31": 66.112, "2013-07-31": 56.464, "2013-04-30": "47.27900", "2013-01-31": 109.375, "2012-10-31": 57.38, "2012-07-31": 57.702, "2012-04-30": "46.97400", "2012-01-31": 73.888, "2011-10-31": 38.942, "2011-07-31": 38.618, "2011-04-30": "33.51600", "2011-01-31": 54.966, "2010-10-31": 25.936, "2010-07-31": 21.707, "2010-04-30": "19.58800", "2010-01-31": 28.451, "2009-10-31": 14.068, "2009-07-31": 9.244, "2009-04-30": "6.51800", "2009-01-31": 10.938, "2008-10-31": 8.801, "2008-07-31": 11.148, "2008-04-30": "8.47600", "2008-01-31": 14.6987, "2007-10-31": 7.4792, "2007-07-31": 5.122, "2007-04-30": "3.54210", "2006-10-31": 1.6639, "2006-07-31": 5.1208}, "Total Depreciation And Amortization - Cash Flow": {"2020-10-31": 49.033, "2020-07-31": 40.644, "2020-04-30": "43.53200", "2020-01-31": 47.489, "2019-10-31": 44.022, "2019-07-31": 37.599, "2019-04-30": "32.82300", "2019-01-31": 35.369, "2018-10-31": 31.686, "2018-07-31": 28.656, "2018-04-30": "26.77300", "2018-01-31": 28.106, "2017-10-31": 28.56, "2017-07-31": 28.406, "2017-04-30": "23.16300", "2017-01-31": 24.056, "2016-10-31": 23.958, "2016-07-31": 20.498, "2016-04-30": "19.18500", "2016-01-31": 20.885, "2015-10-31": 19.707, "2015-07-31": 16.695, "2015-04-30": "16.09600", "2015-01-31": 16.655, "2014-10-31": 15.612, "2014-07-31": 13.637, "2014-04-30": "12.46000", "2014-01-31": 12.345, "2013-10-31": 12.916, "2013-07-31": 12.078, "2013-04-30": "11.72900", "2013-01-31": 12.038, "2012-10-31": 11.483, "2012-07-31": 9.681, "2012-04-30": "9.79800", "2012-01-31": 9.371, "2011-10-31": 7.327, "2011-07-31": 7.52, "2011-04-30": "6.04100", "2011-01-31": 6.198, "2010-10-31": 6.426, "2010-07-31": 6.602, "2010-04-30": "5.38800", "2010-01-31": 5.596, "2009-10-31": 5.684, "2009-07-31": 5.274, "2009-04-30": "4.27800", "2009-01-31": 4.721, "2008-10-31": 3.903, "2008-07-31": 3.818, "2008-04-30": "3.38100", "2008-01-31": 2.8733, "2007-10-31": 2.0974, "2007-07-31": 1.8166, "2007-04-30": "1.50370", "2006-10-31": 0.8129, "2006-07-31": 2.1399}, "Other Non-Cash Items": {"2020-10-31": 3.259, "2020-07-31": 7.915, "2020-04-30": "0.45900", "2020-01-31": 47.346, "2019-10-31": -8.063, "2019-07-31": 11.401, "2019-04-30": "5.17400", "2019-01-31": 9.673, "2018-10-31": 2.705, "2018-07-31": 18.558, "2018-04-30": "-7.31700", "2018-01-31": 13.805, "2017-10-31": 2.877, "2017-07-31": 10.528, "2017-04-30": "-2.97100", "2017-01-31": -18.228, "2016-10-31": 17.492, "2016-07-31": 0.708, "2016-04-30": "-5.26100", "2016-01-31": 13.08, "2015-10-31": 10.584, "2015-07-31": -6.47, "2015-04-30": "1.85900", "2015-01-31": -17.771, "2014-10-31": -14.284, "2014-07-31": 7.607, "2014-04-30": "32.92300", "2014-01-31": -24.311, "2013-10-31": 4.671, "2013-07-31": -1.723, "2013-04-30": "21.15900", "2013-01-31": -7.44, "2012-10-31": 2.098, "2012-07-31": 3.567, "2012-04-30": "-0.28500", "2012-01-31": 10.446, "2011-10-31": 1.488, "2011-07-31": -10.048, "2011-04-30": "0.23600", "2011-01-31": -8.567, "2010-10-31": 7.339, "2010-07-31": 6.808, "2010-04-30": "3.63800", "2010-01-31": 2.184, "2009-10-31": 2.936, "2009-07-31": 1.252, "2009-04-30": "1.68500", "2009-01-31": 0.428, "2008-10-31": -5.631, "2008-07-31": -2.198, "2008-04-30": "2.01600", "2008-01-31": 0.7218, "2007-10-31": 1.4161, "2007-07-31": 0.4975, "2007-04-30": "3.74660", "2006-10-31": 0.2462, "2006-07-31": -0.2596}, "Total Non-Cash Items": {"2020-10-31": 52.292, "2020-07-31": 48.559, "2020-04-30": "43.99100", "2020-01-31": 94.835, "2019-10-31": 35.959, "2019-07-31": 49, "2019-04-30": "37.99700", "2019-01-31": 45.042, "2018-10-31": 34.391, "2018-07-31": 47.214, "2018-04-30": "19.45600", "2018-01-31": 41.911, "2017-10-31": 31.437, "2017-07-31": 38.934, "2017-04-30": "20.19200", "2017-01-31": 5.828, "2016-10-31": 41.45, "2016-07-31": 21.206, "2016-04-30": "13.92400", "2016-01-31": 33.965, "2015-10-31": 30.291, "2015-07-31": 10.225, "2015-04-30": "17.95500", "2015-01-31": -1.116, "2014-10-31": 1.328, "2014-07-31": 21.244, "2014-04-30": "45.38300", "2014-01-31": -11.966, "2013-10-31": 17.587, "2013-07-31": 10.355, "2013-04-30": "32.88800", "2013-01-31": 4.598, "2012-10-31": 13.581, "2012-07-31": 13.248, "2012-04-30": "9.51300", "2012-01-31": 19.817, "2011-10-31": 8.815, "2011-07-31": -2.528, "2011-04-30": "6.27700", "2011-01-31": -2.369, "2010-10-31": 13.765, "2010-07-31": 13.41, "2010-04-30": "9.02600", "2010-01-31": 7.78, "2009-10-31": 8.62, "2009-07-31": 6.526, "2009-04-30": "5.96300", "2009-01-31": 5.149, "2008-10-31": -1.728, "2008-07-31": 1.62, "2008-04-30": "5.39700", "2008-01-31": 3.5951, "2007-10-31": 3.5134, "2007-07-31": 2.3142, "2007-04-30": "5.25030", "2006-10-31": 1.0591, "2006-07-31": 1.8803}, "Change In Accounts Receivable": {"2020-10-31": 0, "2020-07-31": 0, "2020-04-30": "", "2020-01-31": 0, "2019-10-31": 0, "2019-07-31": 0, "2019-04-30": "", "2019-01-31": 0, "2018-10-31": 0, "2018-07-31": 7.676, "2018-04-30": "-7.67600", "2018-01-31": 0, "2017-10-31": 0, "2017-07-31": 0, "2017-04-30": "", "2017-01-31": 0, "2016-10-31": 0, "2016-07-31": 0, "2016-04-30": "", "2016-01-31": 19.563, "2015-10-31": 0, "2015-07-31": 0, "2015-04-30": "", "2015-01-31": 3.788, "2014-10-31": 0, "2014-07-31": 0, "2014-04-30": "", "2014-01-31": 0, "2013-10-31": 0, "2013-07-31": 0, "2013-04-30": "", "2013-01-31": 0, "2012-10-31": 0, "2012-07-31": 0, "2012-04-30": "", "2012-01-31": 0, "2011-10-31": 0, "2011-07-31": 0, "2011-04-30": "", "2011-01-31": 0, "2010-10-31": 0, "2010-07-31": 1.225, "2010-04-30": "-1.22500", "2010-01-31": -3.974, "2009-10-31": 0, "2009-07-31": 0, "2009-04-30": "", "2009-01-31": -1.173, "2008-10-31": 0, "2008-07-31": 0, "2008-04-30": "", "2008-01-31": 0.457, "2007-10-31": 0, "2007-07-31": 0, "2007-04-30": "", "2006-10-31": 1.2079, "2006-07-31": -1.2079}, "Change In Inventories": {"2020-10-31": -95.96, "2020-07-31": -15.384, "2020-04-30": "-122.81000", "2020-01-31": 107.533, "2019-10-31": -131.766, "2019-07-31": -50.502, "2019-04-30": "-42.85600", "2019-01-31": 91.948, "2018-10-31": -104.825, "2018-07-31": -22.295, "2018-04-30": "-50.77000", "2018-01-31": 74.297, "2017-10-31": -85.434, "2017-07-31": 0.086, "2017-04-30": "-10.12700", "2017-01-31": 68.257, "2016-10-31": -90.607, "2016-07-31": 4.643, "2016-04-30": "12.30400", "2016-01-31": 68.031, "2015-10-31": -77.307, "2015-07-31": -48.213, "2015-04-30": "-25.79700", "2015-01-31": 17.789, "2014-10-31": -44.595, "2014-07-31": -9.207, "2014-04-30": "9.20700", "2014-01-31": 32.193, "2013-10-31": -44.559, "2013-07-31": -19.912, "2013-04-30": "-6.22900", "2013-01-31": 10.04, "2012-10-31": -39.431, "2012-07-31": -19.021, "2012-04-30": "-2.81000", "2012-01-31": 24.923, "2011-10-31": -40.831, "2011-07-31": -24.612, "2011-04-30": "-5.55200", "2011-01-31": 16.069, "2010-10-31": -6.246, "2010-07-31": -12.411, "2010-04-30": "-5.36600", "2010-01-31": 8.309, "2009-10-31": -5.527, "2009-07-31": 0.245, "2009-04-30": "8.26900", "2009-01-31": -3.471, "2008-10-31": -10.81, "2008-07-31": 10.761, "2008-04-30": "-16.26200", "2008-01-31": 9.8141, "2007-10-31": -24.6383, "2007-07-31": 1.9773, "2007-04-30": "1.62990", "2006-10-31": -1.4775, "2006-07-31": 1.4775}, "Change In Accounts Payable": {"2020-10-31": 37.629, "2020-07-31": 33.745, "2020-04-30": "2.22200", "2020-01-31": -35.895, "2019-10-31": 5.294, "2019-07-31": 21.211, "2019-04-30": "-5.42000", "2019-01-31": -57.655, "2018-10-31": 42.732, "2018-07-31": 86.885, "2018-04-30": "", "2018-01-31": 9.59, "2017-10-31": -4.357, "2017-07-31": 9.014, "2017-04-30": "-15.79800", "2017-01-31": 15.638, "2016-10-31": 0.954, "2016-07-31": 2.02, "2016-04-30": "-4.53200", "2016-01-31": 4.695, "2015-10-31": -1.639, "2015-07-31": 2.283, "2015-04-30": "-4.09200", "2015-01-31": 0.782, "2014-10-31": 2.729, "2014-07-31": 0.096, "2014-04-30": "-5.80500", "2014-01-31": 7.899, "2013-10-31": -7.939, "2013-07-31": 8.958, "2013-04-30": "2.70900", "2013-01-31": -5.523, "2012-10-31": -0.357, "2012-07-31": 2.624, "2012-04-30": "-10.22500", "2012-01-31": 8.481, "2011-10-31": 1.465, "2011-07-31": 1.019, "2011-04-30": "-3.10400", "2011-01-31": -2.502, "2010-10-31": 2.056, "2010-07-31": -2.003, "2010-04-30": "-2.71800", "2010-01-31": 5.183, "2009-10-31": 2.797, "2009-07-31": -1.333, "2009-04-30": "-0.62200", "2009-01-31": -2.219, "2008-10-31": 6.888, "2008-07-31": -3.118, "2008-04-30": "-0.71900", "2008-01-31": -5.3121, "2007-10-31": 5.5164, "2007-07-31": 1.9071, "2007-04-30": "-1.57140", "2006-10-31": 4.368, "2006-07-31": -4.368}, "Change In Assets/Liabilities": {"2020-10-31": -37.271, "2020-07-31": -87.805, "2020-04-30": "-81.00500", "2020-01-31": 105.424, "2019-10-31": -1.588, "2019-07-31": -40.071, "2019-04-30": "-81.70000", "2019-01-31": 92.632, "2018-10-31": 9.467, "2018-07-31": -18.038, "2018-04-30": "-7.94600", "2018-01-31": 34.363, "2017-10-31": 15.189, "2017-07-31": 21.331, "2017-04-30": "-16.24100", "2017-01-31": 69.438, "2016-10-31": -26.757, "2016-07-31": -15.939, "2016-04-30": "-14.96000", "2016-01-31": 111.102, "2015-10-31": -62.685, "2015-07-31": -3.391, "2015-04-30": "-10.31800", "2015-01-31": 45.184, "2014-10-31": -1.603, "2014-07-31": -16.444, "2014-04-30": "2.05300", "2014-01-31": 33.036, "2013-10-31": -5.055, "2013-07-31": -9.509, "2013-04-30": "-21.57200", "2013-01-31": 26.63, "2012-10-31": 4.23, "2012-07-31": -3.309, "2012-04-30": "-26.04900", "2012-01-31": 27.808, "2011-10-31": 9.778, "2011-07-31": 1.843, "2011-04-30": "-12.02400", "2011-01-31": 15.511, "2010-10-31": 3.155, "2010-07-31": 2.732, "2010-04-30": "-4.82900", "2010-01-31": 15.654, "2009-10-31": 1.959, "2009-07-31": 2.458, "2009-04-30": "-3.65700", "2009-01-31": 12.781, "2008-10-31": -6.703, "2008-07-31": 7.937, "2008-04-30": "-8.99400", "2008-01-31": 8.5952, "2007-10-31": 3.1039, "2007-07-31": 0.6657, "2007-04-30": "-7.29780", "2006-10-31": -0.473, "2006-07-31": -0.4191}, "Total Change In Assets/Liabilities": {"2020-10-31": -170.593, "2020-07-31": 45.945, "2020-04-30": "-193.86600", "2020-01-31": 181.354, "2019-10-31": -116.877, "2019-07-31": -61.145, "2019-04-30": "-197.40300", "2019-01-31": 162.396, "2018-10-31": -21.954, "2018-07-31": 31.205, "2018-04-30": "-58.77200", "2018-01-31": 196.356, "2017-10-31": -61.11, "2017-07-31": -5.007, "2017-04-30": "-32.03800", "2017-01-31": 145.77, "2016-10-31": -112.269, "2016-07-31": -13.665, "2016-04-30": "-19.23300", "2016-01-31": 121.419, "2015-10-31": -89.665, "2015-07-31": -46.672, "2015-04-30": "-44.82500", "2015-01-31": 37.871, "2014-10-31": -18.923, "2014-07-31": -16.982, "2014-04-30": "6.61100", "2014-01-31": 85.807, "2013-10-31": -59.824, "2013-07-31": -21.023, "2013-04-30": "-55.03200", "2013-01-31": 52.9, "2012-10-31": -21.241, "2012-07-31": -23.382, "2012-04-30": "-40.53500", "2012-01-31": 56.39, "2011-10-31": -13.766, "2011-07-31": -22.216, "2011-04-30": "-34.13800", "2011-01-31": 39.481, "2010-10-31": 13.664, "2010-07-31": -13.137, "2010-04-30": "-16.04200", "2010-01-31": 29.956, "2009-10-31": 0.352, "2009-07-31": 10.144, "2009-04-30": "-9.66200", "2009-01-31": 1.147, "2008-10-31": 10.988, "2008-07-31": 8.639, "2008-04-30": "-24.13700", "2008-01-31": 7.1261, "2007-10-31": -12.6206, "2007-07-31": 10.5723, "2007-04-30": "-14.11180", "2006-10-31": -2.0244, "2006-07-31": 1.1323}, "Cash Flow From Operating Activities": {"2020-10-31": 25.342, "2020-07-31": 181.305, "2020-04-30": "-121.24300", "2020-01-31": 574.21, "2019-10-31": 45.064, "2019-07-31": 112.845, "2019-04-30": "-62.80300", "2019-01-31": 425.903, "2018-10-31": 106.85, "2018-07-31": 174.189, "2018-04-30": "35.83700", "2018-01-31": 358.028, "2017-10-31": 29.271, "2017-07-31": 82.638, "2017-04-30": "19.40000", "2017-01-31": 287.733, "2016-10-31": -2.534, "2016-07-31": 61.166, "2016-04-30": "40.02700", "2016-01-31": 272.8, "2015-10-31": -6.221, "2015-07-31": 11.221, "2015-04-30": "20.94000", "2015-01-31": 147.608, "2014-10-31": 42.856, "2014-07-31": 53.01, "2014-04-30": "70.97500", "2014-01-31": 183.533, "2013-10-31": 23.875, "2013-07-31": 45.796, "2013-04-30": "25.13500", "2013-01-31": 166.873, "2012-10-31": 49.72, "2012-07-31": 47.568, "2012-04-30": "15.95200", "2012-01-31": 150.095, "2011-10-31": 33.991, "2011-07-31": 13.874, "2011-04-30": "5.65500", "2011-01-31": 92.078, "2010-10-31": 53.365, "2010-07-31": 21.98, "2010-04-30": "12.57200", "2010-01-31": 66.187, "2009-10-31": 23.04, "2009-07-31": 25.914, "2009-04-30": "2.81900", "2009-01-31": 17.234, "2008-10-31": 18.062, "2008-07-31": 21.406, "2008-04-30": "-10.26400", "2008-01-31": 25.4199, "2007-10-31": -1.628, "2007-07-31": 18.0085, "2007-04-30": "-5.31940", "2006-10-31": 0.6986, "2006-07-31": 8.1334}, "Net Change In Property, Plant, And Equipment": {"2020-10-31": -66.107, "2020-07-31": -52.622, "2020-04-30": "-52.10100", "2020-01-31": -68.831, "2019-10-31": -78.453, "2019-07-31": -67.33, "2019-04-30": "-68.43400", "2019-01-31": -69.061, "2018-10-31": -72.739, "2018-07-31": -49.693, "2018-04-30": "-34.31400", "2018-01-31": -50.736, "2017-10-31": -57.239, "2017-07-31": -30.01, "2017-04-30": "-19.87900", "2017-01-31": -43.343, "2016-10-31": -34.907, "2016-07-31": -44.617, "2016-04-30": "-26.64400", "2016-01-31": -35.426, "2015-10-31": -42.943, "2015-07-31": -37.182, "2015-04-30": "-27.93600", "2015-01-31": -30.36, "2014-10-31": -37.271, "2014-07-31": -26.655, "2014-04-30": "-25.44700", "2014-01-31": -34.463, "2013-10-31": -27.931, "2013-07-31": -23.038, "2013-04-30": "-20.97600", "2013-01-31": -21.188, "2012-10-31": -32.995, "2012-07-31": -26.35, "2012-04-30": "-12.69600", "2012-01-31": -15.967, "2011-10-31": -19.02, "2011-07-31": -12.493, "2011-04-30": "-74.83100", "2011-01-31": -8.406, "2010-10-31": -10.38, "2010-07-31": -18.175, "2010-04-30": "-5.87800", "2010-01-31": -6.473, "2009-10-31": -3.68, "2009-07-31": -3.063, "2009-04-30": "-2.28100", "2009-01-31": -10.859, "2008-10-31": -13.789, "2008-07-31": -10.846, "2008-04-30": "-8.43800", "2008-01-31": -10.1592, "2007-10-31": -9.1907, "2007-07-31": -7.0091, "2007-04-30": "-8.32600", "2006-10-31": -3.2656, "2006-07-31": -6.8703}, "Net Change In Intangible Assets": {"2020-10-31": 0, "2020-07-31": 0, "2020-04-30": "", "2020-01-31": 0, "2019-10-31": 0, "2019-07-31": 0, "2019-04-30": "", "2019-01-31": 0, "2018-10-31": 0, "2018-07-31": 0, "2018-04-30": "", "2018-01-31": 0, "2017-10-31": 0, "2017-07-31": 0, "2017-04-30": "", "2017-01-31": 0, "2016-10-31": 0, "2016-07-31": 0, "2016-04-30": "", "2016-01-31": 0, "2015-10-31": 0, "2015-07-31": 0, "2015-04-30": "", "2015-01-31": 0, "2014-10-31": 0, "2014-07-31": 0, "2014-04-30": "", "2014-01-31": 0, "2013-10-31": 0, "2013-07-31": 0, "2013-04-30": "", "2013-01-31": 0, "2012-10-31": 0, "2012-07-31": 0, "2012-04-30": "", "2012-01-31": 0, "2011-10-31": 0, "2011-07-31": 0, "2011-04-30": "", "2011-01-31": 0, "2010-10-31": 0, "2010-07-31": 0, "2010-04-30": "", "2010-01-31": 0, "2009-10-31": 0, "2009-07-31": 0, "2009-04-30": "", "2009-01-31": 0, "2008-10-31": 0, "2008-07-31": 0, "2008-04-30": "", "2008-01-31": 0, "2007-10-31": 0, "2007-07-31": 0, "2007-04-30": "", "2006-10-31": 0, "2006-07-31": 0}, "Net Acquisitions/Divestitures": {"2020-10-31": 0, "2020-07-31": -452.581, "2020-04-30": "", "2020-01-31": 0, "2019-10-31": 0, "2019-07-31": 0, "2019-04-30": "", "2019-01-31": 0, "2018-10-31": 0, "2018-07-31": 0, "2018-04-30": "", "2018-01-31": 0, "2017-10-31": 0, "2017-07-31": 0, "2017-04-30": "", "2017-01-31": 0, "2016-10-31": 0, "2016-07-31": 0, "2016-04-30": "", "2016-01-31": 0, "2015-10-31": 0, "2015-07-31": 0, "2015-04-30": "", "2015-01-31": 0, "2014-10-31": 0, "2014-07-31": 0, "2014-04-30": "", "2014-01-31": 0, "2013-10-31": 0, "2013-07-31": 0, "2013-04-30": "", "2013-01-31": 0, "2012-10-31": 0, "2012-07-31": 0, "2012-04-30": "", "2012-01-31": 0, "2011-10-31": 0, "2011-07-31": 0, "2011-04-30": "", "2011-01-31": 0, "2010-10-31": 0, "2010-07-31": 0, "2010-04-30": "", "2010-01-31": 0, "2009-10-31": 0, "2009-07-31": 0, "2009-04-30": "", "2009-01-31": 0, "2008-10-31": 0, "2008-07-31": 0, "2008-04-30": "", "2008-01-31": 0, "2007-10-31": 0, "2007-07-31": 0, "2007-04-30": "", "2006-10-31": 0, "2006-07-31": 0}, "Net Change In Short-term Investments": {"2020-10-31": 0, "2020-07-31": 0, "2020-04-30": "", "2020-01-31": 0, "2019-10-31": 0, "2019-07-31": 0, "2019-04-30": "", "2019-01-31": 0, "2018-10-31": 0, "2018-07-31": 0, "2018-04-30": "", "2018-01-31": 0, "2017-10-31": 0, "2017-07-31": 0, "2017-04-30": "", "2017-01-31": 0, "2016-10-31": 0, "2016-07-31": 0, "2016-04-30": "", "2016-01-31": 0, "2015-10-31": 0, "2015-07-31": 0, "2015-04-30": "", "2015-01-31": 0, "2014-10-31": 0, "2014-07-31": 0, "2014-04-30": "", "2014-01-31": 0, "2013-10-31": 0, "2013-07-31": 0, "2013-04-30": "", "2013-01-31": 0, "2012-10-31": 0, "2012-07-31": 0, "2012-04-30": "", "2012-01-31": 0, "2011-10-31": 0, "2011-07-31": 0, "2011-04-30": "", "2011-01-31": 0, "2010-10-31": 0, "2010-07-31": 0, "2010-04-30": "", "2010-01-31": 0, "2009-10-31": 0, "2009-07-31": 0, "2009-04-30": "", "2009-01-31": 0, "2008-10-31": 0, "2008-07-31": 0, "2008-04-30": "", "2008-01-31": 0, "2007-10-31": 0, "2007-07-31": 0, "2007-04-30": "", "2006-10-31": 0, "2006-07-31": 0}, "Net Change In Long-Term Investments": {"2020-10-31": 0, "2020-07-31": 0, "2020-04-30": "", "2020-01-31": 0, "2019-10-31": 0, "2019-07-31": 0, "2019-04-30": "", "2019-01-31": 0, "2018-10-31": 0, "2018-07-31": 0, "2018-04-30": "", "2018-01-31": 0, "2017-10-31": 0, "2017-07-31": 0, "2017-04-30": "", "2017-01-31": 0, "2016-10-31": 0, "2016-07-31": 0, "2016-04-30": "", "2016-01-31": 0, "2015-10-31": 0, "2015-07-31": 0, "2015-04-30": "", "2015-01-31": 0, "2014-10-31": 0, "2014-07-31": 0, "2014-04-30": "", "2014-01-31": 0, "2013-10-31": 0, "2013-07-31": 0, "2013-04-30": "", "2013-01-31": 0, "2012-10-31": 0, "2012-07-31": 0, "2012-04-30": "", "2012-01-31": 0, "2011-10-31": 0, "2011-07-31": 0, "2011-04-30": "", "2011-01-31": 0, "2010-10-31": 0, "2010-07-31": 0, "2010-04-30": "", "2010-01-31": 0, "2009-10-31": 0, "2009-07-31": 0, "2009-04-30": "", "2009-01-31": 0, "2008-10-31": 0, "2008-07-31": 0, "2008-04-30": "", "2008-01-31": 0, "2007-10-31": 0, "2007-07-31": 0, "2007-04-30": "", "2006-10-31": 0, "2006-07-31": 0}, "Net Change In Investments - Total": {"2020-10-31": 0, "2020-07-31": 0, "2020-04-30": "", "2020-01-31": 0, "2019-10-31": 0, "2019-07-31": 0, "2019-04-30": "", "2019-01-31": 0, "2018-10-31": 0, "2018-07-31": 0, "2018-04-30": "", "2018-01-31": 0, "2017-10-31": 0, "2017-07-31": 0, "2017-04-30": "", "2017-01-31": 0, "2016-10-31": 0, "2016-07-31": 0, "2016-04-30": "", "2016-01-31": 0, "2015-10-31": 0, "2015-07-31": 0, "2015-04-30": "", "2015-01-31": 0, "2014-10-31": 0, "2014-07-31": 0, "2014-04-30": "", "2014-01-31": 0, "2013-10-31": 0, "2013-07-31": 0, "2013-04-30": "", "2013-01-31": 0, "2012-10-31": 0, "2012-07-31": 0, "2012-04-30": "", "2012-01-31": 0, "2011-10-31": 0, "2011-07-31": 0, "2011-04-30": "", "2011-01-31": 0, "2010-10-31": 0, "2010-07-31": 0, "2010-04-30": "", "2010-01-31": 0, "2009-10-31": 0, "2009-07-31": 0, "2009-04-30": "", "2009-01-31": 0, "2008-10-31": 0, "2008-07-31": 0, "2008-04-30": "", "2008-01-31": 0, "2007-10-31": 0, "2007-07-31": 0, "2007-04-30": "", "2006-10-31": 0, "2006-07-31": 0}, "Investing Activities - Other": {"2020-10-31": -5.114, "2020-07-31": 5.506, "2020-04-30": "6.47500", "2020-01-31": 2.898, "2019-10-31": -2.053, "2019-07-31": -0.731, "2019-04-30": "4.52600", "2019-01-31": -7.819, "2018-10-31": -3.883, "2018-07-31": -5.285, "2018-04-30": "", "2018-01-31": -2.605, "2017-10-31": -12.923, "2017-07-31": 0, "2017-04-30": "", "2017-01-31": 0, "2016-10-31": 0, "2016-07-31": 0, "2016-04-30": "", "2016-01-31": 0, "2015-10-31": 0, "2015-07-31": 0, "2015-04-30": "", "2015-01-31": 0, "2014-10-31": 0, "2014-07-31": 0, "2014-04-30": "", "2014-01-31": 0, "2013-10-31": 0, "2013-07-31": 0, "2013-04-30": "", "2013-01-31": 0, "2012-10-31": 0, "2012-07-31": 0, "2012-04-30": "", "2012-01-31": 0, "2011-10-31": 0, "2011-07-31": 0, "2011-04-30": "", "2011-01-31": 0, "2010-10-31": 0, "2010-07-31": 0.279, "2010-04-30": "-0.27900", "2010-01-31": 0.38, "2009-10-31": -0.231, "2009-07-31": -0.685, "2009-04-30": "-0.27400", "2009-01-31": -0.297, "2008-10-31": 0.23, "2008-07-31": -2.674, "2008-04-30": "-0.12200", "2008-01-31": -0.3356, "2007-10-31": -0.2144, "2007-07-31": 0, "2007-04-30": "", "2006-10-31": -0.5224, "2006-07-31": 0.5224}, "Cash Flow From Investing Activities": {"2020-10-31": -71.221, "2020-07-31": -499.697, "2020-04-30": "-45.62600", "2020-01-31": -65.933, "2019-10-31": -80.506, "2019-07-31": -68.061, "2019-04-30": "-63.90800", "2019-01-31": -76.88, "2018-10-31": -76.622, "2018-07-31": -54.978, "2018-04-30": "-34.31400", "2018-01-31": -53.341, "2017-10-31": -70.162, "2017-07-31": -30.01, "2017-04-30": "-19.87900", "2017-01-31": -43.343, "2016-10-31": -34.907, "2016-07-31": -44.617, "2016-04-30": "-26.64400", "2016-01-31": -35.426, "2015-10-31": -42.943, "2015-07-31": -37.182, "2015-04-30": "-27.93600", "2015-01-31": -30.36, "2014-10-31": -37.271, "2014-07-31": -26.655, "2014-04-30": "-25.44700", "2014-01-31": -34.463, "2013-10-31": -27.931, "2013-07-31": -23.038, "2013-04-30": "-20.97600", "2013-01-31": -21.188, "2012-10-31": -32.995, "2012-07-31": -26.35, "2012-04-30": "-12.69600", "2012-01-31": -15.967, "2011-10-31": -19.02, "2011-07-31": -12.493, "2011-04-30": "-74.83100", "2011-01-31": -8.406, "2010-10-31": -10.38, "2010-07-31": -17.896, "2010-04-30": "-6.15700", "2010-01-31": -6.093, "2009-10-31": -3.911, "2009-07-31": -3.748, "2009-04-30": "-2.55500", "2009-01-31": -11.156, "2008-10-31": -13.558, "2008-07-31": -13.521, "2008-04-30": "-8.56000", "2008-01-31": -10.4948, "2007-10-31": -9.4051, "2007-07-31": -7.0091, "2007-04-30": "-8.32600", "2006-10-31": -3.788, "2006-07-31": -6.3479}, "Net Long-Term Debt": {"2020-10-31": 0, "2020-07-31": 0, "2020-04-30": "", "2020-01-31": 0, "2019-10-31": 0, "2019-07-31": 0, "2019-04-30": "", "2019-01-31": 0, "2018-10-31": -100, "2018-07-31": 100, "2018-04-30": "", "2018-01-31": 0, "2017-10-31": 0, "2017-07-31": 0, "2017-04-30": "", "2017-01-31": 0, "2016-10-31": 0, "2016-07-31": 0, "2016-04-30": "", "2016-01-31": 0, "2015-10-31": 0, "2015-07-31": 0, "2015-04-30": "", "2015-01-31": 0, "2014-10-31": 0, "2014-07-31": 0, "2014-04-30": "", "2014-01-31": 0, "2013-10-31": 0, "2013-07-31": 0, "2013-04-30": "", "2013-01-31": 0, "2012-10-31": 0, "2012-07-31": 0, "2012-04-30": "", "2012-01-31": 0, "2011-10-31": 0, "2011-07-31": 0, "2011-04-30": "", "2011-01-31": 0, "2010-10-31": 0, "2010-07-31": 0, "2010-04-30": "", "2010-01-31": 0, "2009-10-31": 0, "2009-07-31": 0, "2009-04-30": "", "2009-01-31": 0, "2008-10-31": 0, "2008-07-31": 0, "2008-04-30": "", "2008-01-31": 0, "2007-10-31": 0, "2007-07-31": -1.4548, "2007-04-30": "1.45480", "2006-10-31": 0.188, "2006-07-31": 0}, "Net Current Debt": {"2020-10-31": 0, "2020-07-31": 0, "2020-04-30": "", "2020-01-31": 0, "2019-10-31": 0, "2019-07-31": 0, "2019-04-30": "", "2019-01-31": 0, "2018-10-31": 0, "2018-07-31": 0, "2018-04-30": "", "2018-01-31": 0, "2017-10-31": 0, "2017-07-31": 0, "2017-04-30": "", "2017-01-31": 0, "2016-10-31": 0, "2016-07-31": 0, "2016-04-30": "", "2016-01-31": 0, "2015-10-31": 0, "2015-07-31": 0, "2015-04-30": "", "2015-01-31": 0, "2014-10-31": 0, "2014-07-31": 0, "2014-04-30": "", "2014-01-31": 0, "2013-10-31": 0, "2013-07-31": 0, "2013-04-30": "", "2013-01-31": 0, "2012-10-31": 0, "2012-07-31": 0, "2012-04-30": "", "2012-01-31": 0, "2011-10-31": 0, "2011-07-31": 0, "2011-04-30": "", "2011-01-31": 0, "2010-10-31": 0, "2010-07-31": 0, "2010-04-30": "", "2010-01-31": 0, "2009-10-31": 0, "2009-07-31": 0, "2009-04-30": "", "2009-01-31": 0, "2008-10-31": 0, "2008-07-31": 0, "2008-04-30": "", "2008-01-31": 0, "2007-10-31": 0, "2007-07-31": 0, "2007-04-30": "", "2006-10-31": 0, "2006-07-31": 0}, "Debt Issuance/Retirement Net - Total": {"2020-10-31": 0, "2020-07-31": 0, "2020-04-30": "", "2020-01-31": 0, "2019-10-31": 0, "2019-07-31": 0, "2019-04-30": "", "2019-01-31": 0, "2018-10-31": -100, "2018-07-31": 100, "2018-04-30": "", "2018-01-31": 0, "2017-10-31": 0, "2017-07-31": 0, "2017-04-30": "", "2017-01-31": 0, "2016-10-31": 0, "2016-07-31": 0, "2016-04-30": "", "2016-01-31": 0, "2015-10-31": 0, "2015-07-31": 0, "2015-04-30": "", "2015-01-31": 0, "2014-10-31": 0, "2014-07-31": 0, "2014-04-30": "", "2014-01-31": 0, "2013-10-31": 0, "2013-07-31": 0, "2013-04-30": "", "2013-01-31": 0, "2012-10-31": 0, "2012-07-31": 0, "2012-04-30": "", "2012-01-31": 0, "2011-10-31": 0, "2011-07-31": 0, "2011-04-30": "", "2011-01-31": 0, "2010-10-31": 0, "2010-07-31": 0, "2010-04-30": "", "2010-01-31": 0, "2009-10-31": 0, "2009-07-31": 0, "2009-04-30": "", "2009-01-31": 0, "2008-10-31": 0, "2008-07-31": 0, "2008-04-30": "", "2008-01-31": 0, "2007-10-31": 0, "2007-07-31": -1.4548, "2007-04-30": "1.45480", "2006-10-31": 0.188, "2006-07-31": 0}, "Net Common Equity Issued/Repurchased": {"2020-10-31": 0, "2020-07-31": -3.135, "2020-04-30": "-60.52800", "2020-01-31": -0.307, "2019-10-31": -7.993, "2019-07-31": -13.746, "2019-04-30": "-151.35300", "2019-01-31": -184.005, "2018-10-31": -8.089, "2018-07-31": -414.646, "2018-04-30": "8.40000", "2018-01-31": -0.992, "2017-10-31": -8.468, "2017-07-31": -77.997, "2017-04-30": "-12.80400", "2017-01-31": -0.771, "2016-10-31": -5.079, "2016-07-31": -11.291, "2016-04-30": "-12.18600", "2016-01-31": -103.955, "2015-10-31": -87.657, "2015-07-31": -61.864, "2015-04-30": "-16.01300", "2015-01-31": -16.704, "2014-10-31": -74.261, "2014-07-31": -55.128, "2014-04-30": "1.57500", "2014-01-31": 0.693, "2013-10-31": 2.344, "2013-07-31": 4.971, "2013-04-30": "0.16300", "2013-01-31": 4.036, "2012-10-31": 1.629, "2012-07-31": 0.775, "2012-04-30": "4.57400", "2012-01-31": 0.753, "2011-10-31": 1.157, "2011-07-31": 1.741, "2011-04-30": "5.96300", "2011-01-31": 1.849, "2010-10-31": 1.649, "2010-07-31": 0.589, "2010-04-30": "1.74900", "2010-01-31": 0.957, "2009-10-31": 0.081, "2009-07-31": 0.013, "2009-04-30": "0.15800", "2009-01-31": 0.031, "2008-10-31": 1.072, "2008-07-31": 0.279, "2008-04-30": "0.05400", "2008-01-31": 0.0542, "2007-10-31": 38.3498, "2007-07-31": 0, "2007-04-30": "", "2006-10-31": 0, "2006-07-31": 0.4464}, "Net Total Equity Issued/Repurchased": {"2020-10-31": 0, "2020-07-31": -3.135, "2020-04-30": "-60.52800", "2020-01-31": -0.307, "2019-10-31": -7.993, "2019-07-31": -13.746, "2019-04-30": "-151.35300", "2019-01-31": -184.005, "2018-10-31": -8.089, "2018-07-31": -414.646, "2018-04-30": "8.40000", "2018-01-31": -0.992, "2017-10-31": -8.468, "2017-07-31": -77.997, "2017-04-30": "-12.80400", "2017-01-31": -0.771, "2016-10-31": -5.079, "2016-07-31": -11.291, "2016-04-30": "-12.18600", "2016-01-31": -103.955, "2015-10-31": -87.657, "2015-07-31": -61.864, "2015-04-30": "-16.01300", "2015-01-31": -16.704, "2014-10-31": -74.261, "2014-07-31": -55.128, "2014-04-30": "1.57500", "2014-01-31": 0.693, "2013-10-31": 2.344, "2013-07-31": 4.971, "2013-04-30": "0.16300", "2013-01-31": 4.036, "2012-10-31": 1.629, "2012-07-31": 0.775, "2012-04-30": "4.57400", "2012-01-31": 0.753, "2011-10-31": 1.157, "2011-07-31": 1.741, "2011-04-30": "5.96300", "2011-01-31": 1.849, "2010-10-31": 1.649, "2010-07-31": 0.589, "2010-04-30": "1.74900", "2010-01-31": 0.957, "2009-10-31": 0.081, "2009-07-31": 0.013, "2009-04-30": "0.15800", "2009-01-31": 0.031, "2008-10-31": 1.072, "2008-07-31": 0.279, "2008-04-30": "0.05400", "2008-01-31": 0.0542, "2007-10-31": 38.3498, "2007-07-31": 0, "2007-04-30": "", "2006-10-31": 0, "2006-07-31": 0.4464}, "Total Common And Preferred Stock Dividends Paid": {"2020-10-31": 0, "2020-07-31": 0, "2020-04-30": "", "2020-01-31": 0, "2019-10-31": 0, "2019-07-31": 0, "2019-04-30": "", "2019-01-31": 0, "2018-10-31": 0, "2018-07-31": 0, "2018-04-30": "", "2018-01-31": 0, "2017-10-31": 0, "2017-07-31": 0, "2017-04-30": "", "2017-01-31": 0, "2016-10-31": 0, "2016-07-31": 0, "2016-04-30": "", "2016-01-31": 0, "2015-10-31": 0, "2015-07-31": 0, "2015-04-30": "", "2015-01-31": 0, "2014-10-31": 0, "2014-07-31": 0, "2014-04-30": "", "2014-01-31": 0, "2013-10-31": 0, "2013-07-31": 0, "2013-04-30": "", "2013-01-31": 0, "2012-10-31": 0, "2012-07-31": 0, "2012-04-30": "", "2012-01-31": 0, "2011-10-31": 0, "2011-07-31": 0, "2011-04-30": "", "2011-01-31": 0, "2010-10-31": 0, "2010-07-31": 0, "2010-04-30": "", "2010-01-31": 0, "2009-10-31": 0, "2009-07-31": 0, "2009-04-30": "", "2009-01-31": 0, "2008-10-31": 0, "2008-07-31": 0, "2008-04-30": "", "2008-01-31": 0, "2007-10-31": 0, "2007-07-31": 0, "2007-04-30": "", "2006-10-31": 0, "2006-07-31": 0}, "Financial Activities - Other": {"2020-10-31": 0.753, "2020-07-31": 11.565, "2020-04-30": "-30.05900", "2020-01-31": 2.689, "2019-10-31": -0.577, "2019-07-31": 13.053, "2019-04-30": "-18.93900", "2019-01-31": 0.152, "2018-10-31": 1.967, "2018-07-31": 12.507, "2018-04-30": "-6.50000", "2018-01-31": 3.837, "2017-10-31": -0.329, "2017-07-31": 0.574, "2017-04-30": "-1.68300", "2017-01-31": -0.552, "2016-10-31": 4.873, "2016-07-31": -0.169, "2016-04-30": "-1.43600", "2016-01-31": -2.286, "2015-10-31": -0.958, "2015-07-31": 0.068, "2015-04-30": "-1.02800", "2015-01-31": -0.592, "2014-10-31": -0.353, "2014-07-31": -0.39, "2014-04-30": "-3.22400", "2014-01-31": -0.44, "2013-10-31": 0.005, "2013-07-31": 5.692, "2013-04-30": "-4.52100", "2013-01-31": 2.336, "2012-10-31": -23.962, "2012-07-31": 0.884, "2012-04-30": "4.23700", "2012-01-31": 0.137, "2011-10-31": 1.222, "2011-07-31": 2.196, "2011-04-30": "2.19500", "2011-01-31": 3.905, "2010-10-31": 0.158, "2010-07-31": 0.567, "2010-04-30": "3.23300", "2010-01-31": -3.579, "2009-10-31": -0.676, "2009-07-31": 0.205, "2009-04-30": "0.19200", "2009-01-31": 2.304, "2008-10-31": 7.059, "2008-07-31": 2.661, "2008-04-30": "", "2008-01-31": -0.6486, "2007-10-31": -1.6266, "2007-07-31": -4.2639, "2007-04-30": "-0.45290", "2006-10-31": 0, "2006-07-31": 0}, "Cash Flow From Financial Activities": {"2020-10-31": 0.753, "2020-07-31": 8.43, "2020-04-30": "-90.58700", "2020-01-31": 2.382, "2019-10-31": -8.57, "2019-07-31": -0.693, "2019-04-30": "-170.29200", "2019-01-31": -183.853, "2018-10-31": -106.122, "2018-07-31": -302.139, "2018-04-30": "1.90000", "2018-01-31": 2.845, "2017-10-31": -8.797, "2017-07-31": -77.423, "2017-04-30": "-14.48700", "2017-01-31": -1.323, "2016-10-31": -0.206, "2016-07-31": -11.46, "2016-04-30": "-13.62200", "2016-01-31": -106.241, "2015-10-31": -88.615, "2015-07-31": -61.796, "2015-04-30": "-17.04100", "2015-01-31": -17.296, "2014-10-31": -74.614, "2014-07-31": -55.518, "2014-04-30": "-1.64900", "2014-01-31": 0.253, "2013-10-31": 2.349, "2013-07-31": 10.663, "2013-04-30": "-4.35800", "2013-01-31": 6.372, "2012-10-31": -22.333, "2012-07-31": 1.659, "2012-04-30": "8.81100", "2012-01-31": 0.89, "2011-10-31": 2.379, "2011-07-31": 3.937, "2011-04-30": "8.15800", "2011-01-31": 5.754, "2010-10-31": 1.807, "2010-07-31": 1.156, "2010-04-30": "4.98200", "2010-01-31": -2.622, "2009-10-31": -0.595, "2009-07-31": 0.218, "2009-04-30": "0.35000", "2009-01-31": 2.335, "2008-10-31": 8.131, "2008-07-31": 2.94, "2008-04-30": "0.05400", "2008-01-31": -0.5944, "2007-10-31": 36.7232, "2007-07-31": -5.7186, "2007-04-30": "1.00180", "2006-10-31": 0.188, "2006-07-31": 0.4464}, "Net Cash Flow": {"2020-10-31": -41.417, "2020-07-31": -300.008, "2020-04-30": "-270.49900", "2020-01-31": 507.352, "2019-10-31": -37.585, "2019-07-31": 47.497, "2019-04-30": "-305.07900", "2019-01-31": 177.713, "2018-10-31": -74.234, "2018-07-31": -188.73, "2018-04-30": "-23.93000", "2018-01-31": 340.447, "2017-10-31": -71.158, "2017-07-31": 22.923, "2017-04-30": "-36.55700", "2017-01-31": 254.46, "2016-10-31": -54.964, "2016-07-31": -14.696, "2016-04-30": "48.56400", "2016-01-31": 98.036, "2015-10-31": -137.816, "2015-07-31": -114.619, "2015-04-30": "-8.59800", "2015-01-31": 30.897, "2014-10-31": -91.491, "2014-07-31": -26.892, "2014-04-30": "53.31600", "2014-01-31": 97.904, "2013-10-31": -9.528, "2013-07-31": 21.855, "2013-04-30": "-1.76100", "2013-01-31": 150.756, "2012-10-31": -4.863, "2012-07-31": 19.956, "2012-04-30": "14.89300", "2012-01-31": 132.491, "2011-10-31": 12.218, "2011-07-31": 3.857, "2011-04-30": "-55.41500", "2011-01-31": 91.511, "2010-10-31": 46.603, "2010-07-31": 4.532, "2010-04-30": "14.06700", "2010-01-31": 57.741, "2009-10-31": 18.035, "2009-07-31": 24.526, "2009-04-30": "2.47400", "2009-01-31": 4.758, "2008-10-31": 8.304, "2008-07-31": 10.537, "2008-04-30": "-19.34700", "2008-01-31": 16.6949, "2007-10-31": 26.5659, "2007-07-31": 5.4261, "2007-04-30": "-11.63590", "2006-10-31": -2.5649, "2006-07-31": 2.1712}, "Stock-Based Compensation": {"2020-10-31": 15.186, "2020-07-31": 15.784, "2020-04-30": "6.12800", "2020-01-31": 9.523, "2019-10-31": 14.065, "2019-07-31": 11.848, "2019-04-30": "10.15700", "2019-01-31": 9.952, "2018-10-31": 5.568, "2018-07-31": 7.855, "2018-04-30": "5.19300", "2018-01-31": 4.562, "2017-10-31": 4.338, "2017-07-31": 5.98, "2017-04-30": "2.73000", "2017-01-31": 3.883, "2016-10-31": 4.813, "2016-07-31": 4.952, "2016-04-30": "3.17400", "2016-01-31": 3.717, "2015-10-31": 0.618, "2015-07-31": 3.953, "2015-04-30": "2.06800", "2015-01-31": 2.887, "2014-10-31": 2.013, "2014-07-31": 1.392, "2014-04-30": "1.97700", "2014-01-31": -2.366, "2013-10-31": 4.165, "2013-07-31": 4.002, "2013-04-30": "4.28600", "2013-01-31": 3.809, "2012-10-31": 3.788, "2012-07-31": 4.149, "2012-04-30": "3.89100", "2012-01-31": 2.595, "2011-10-31": 2.679, "2011-07-31": 2.337, "2011-04-30": "2.72900", "2011-01-31": 1.908, "2010-10-31": 1.802, "2010-07-31": 1.837, "2010-04-30": "1.72600", "2010-01-31": 1.387, "2009-10-31": 1.413, "2009-07-31": 1.447, "2009-04-30": "1.36900", "2009-01-31": 1.298, "2008-10-31": 1.493, "2008-07-31": 1.569, "2008-04-30": "2.17200", "2008-01-31": 1.1324, "2007-10-31": 1.8461, "2007-07-31": 1.561, "2007-04-30": "1.40750", "2006-10-31": 0.4188, "2006-07-31": 1.3344}, "Common Stock Dividends Paid": {"2020-10-31": 0, "2020-07-31": 0, "2020-04-30": "", "2020-01-31": 0, "2019-10-31": 0, "2019-07-31": 0, "2019-04-30": "", "2019-01-31": 0, "2018-10-31": 0, "2018-07-31": 0, "2018-04-30": "", "2018-01-31": 0, "2017-10-31": 0, "2017-07-31": 0, "2017-04-30": "", "2017-01-31": 0, "2016-10-31": 0, "2016-07-31": 0, "2016-04-30": "", "2016-01-31": 0, "2015-10-31": 0, "2015-07-31": 0, "2015-04-30": "", "2015-01-31": 0, "2014-10-31": 0, "2014-07-31": 0, "2014-04-30": "", "2014-01-31": 0, "2013-10-31": 0, "2013-07-31": 0, "2013-04-30": "", "2013-01-31": 0, "2012-10-31": 0, "2012-07-31": 0, "2012-04-30": "", "2012-01-31": 0, "2011-10-31": 0, "2011-07-31": 0, "2011-04-30": "", "2011-01-31": 0, "2010-10-31": 0, "2010-07-31": 0, "2010-04-30": "", "2010-01-31": 0, "2009-10-31": 0, "2009-07-31": 0, "2009-04-30": "", "2009-01-31": 0, "2008-10-31": 0, "2008-07-31": 0, "2008-04-30": "", "2008-01-31": 0, "2007-10-31": 0, "2007-07-31": 0, "2007-04-30": "", "2006-10-31": 0, "2006-07-31": 0}}, "financial ratios": {"Current Ratio": {"2020-01-31": "2.91410", "2019-01-31": "2.85580", "2018-01-31": "4.90870", "2017-01-31": "4.80490", "2016-01-31": "4.06660", "2015-01-31": "5.94820", "2014-01-31": "8.13620", "2013-01-31": "5.90190", "2012-01-31": "5.09570", "2011-01-31": "4.56020", "2010-01-31": "3.68810", "2009-01-31": "2.58050", "2008-01-31": "2.77630", "2007-01-31": "1.51830", "2006-01-31": ""}, "Long-term Debt / Capital": {"2020-01-31": "", "2019-01-31": "", "2018-01-31": "", "2017-01-31": "", "2016-01-31": "", "2015-01-31": "", "2014-01-31": "", "2013-01-31": "", "2012-01-31": "", "2011-01-31": "", "2010-01-31": "", "2009-01-31": "", "2008-01-31": "", "2007-01-31": "", "2006-01-31": ""}, "Debt/Equity Ratio": {"2020-01-31": "", "2019-01-31": "", "2018-01-31": "", "2017-01-31": "", "2016-01-31": "", "2015-01-31": "", "2014-01-31": "", "2013-01-31": "", "2012-01-31": "", "2011-01-31": "", "2010-01-31": "", "2009-01-31": "", "2008-01-31": "", "2007-01-31": "", "2006-01-31": ""}, "Gross Margin": {"2020-01-31": "55.87390", "2019-01-31": "55.23450", "2018-01-31": "52.80090", "2017-01-31": "51.16960", "2016-01-31": "48.39380", "2015-01-31": "50.86650", "2014-01-31": "52.79550", "2013-01-31": "55.66620", "2012-01-31": "56.88740", "2011-01-31": "55.49320", "2010-01-31": "49.25750", "2009-01-31": "50.65720", "2008-01-31": "53.68820", "2007-01-31": "51.17100", "2006-01-31": "51.05500"}, "Operating Margin": {"2020-01-31": "22.34340", "2019-01-31": "21.46500", "2018-01-31": "17.21290", "2017-01-31": "17.96420", "2016-01-31": "17.91180", "2015-01-31": "20.92310", "2014-01-31": "24.59530", "2013-01-31": "27.47010", "2012-01-31": "28.67180", "2011-01-31": "25.34640", "2010-01-31": "19.10940", "2009-01-31": "16.00170", "2008-01-31": "19.09710", "2007-01-31": "11.23490", "2006-01-31": "4.42970"}, "EBIT Margin": {"2020-01-31": "22.34340", "2019-01-31": "21.46500", "2018-01-31": "17.21290", "2017-01-31": "17.96420", "2016-01-31": "17.91180", "2015-01-31": "20.92310", "2014-01-31": "24.59530", "2013-01-31": "27.47010", "2012-01-31": "28.67180", "2011-01-31": "25.34640", "2010-01-31": "19.10940", "2009-01-31": "16.00170", "2008-01-31": "19.09710", "2007-01-31": "11.23490", "2006-01-31": "4.42970"}, "EBITDA Margin": {"2020-01-31": "26.41280", "2019-01-31": "25.18980", "2018-01-31": "21.29850", "2017-01-31": "21.70500", "2016-01-31": "21.47310", "2015-01-31": "24.17060", "2014-01-31": "27.67910", "2013-01-31": "30.60800", "2012-01-31": "31.69510", "2011-01-31": "28.80480", "2010-01-31": "23.70910", "2009-01-31": "20.47790", "2008-01-31": "22.16850", "2007-01-31": "14.33470", "2006-01-31": "7.36130"}, "Pre-Tax Profit Margin": {"2020-01-31": "22.55160", "2019-01-31": "21.75120", "2018-01-31": "17.36380", "2017-01-31": "18.03150", "2016-01-31": "17.88360", "2015-01-31": "21.31830", "2014-01-31": "24.95780", "2013-01-31": "27.83190", "2012-01-31": "28.92150", "2011-01-31": "25.75190", "2010-01-31": "19.14560", "2009-01-31": "16.23390", "2008-01-31": "19.47830", "2007-01-31": "11.30550", "2006-01-31": "4.43400"}, "Net Profit Margin": {"2020-01-31": "16.22390", "2019-01-31": "14.71270", "2018-01-31": "9.76380", "2017-01-31": "12.94070", "2016-01-31": "12.91160", "2015-01-31": "13.30020", "2014-01-31": "17.56850", "2013-01-31": "19.74350", "2012-01-31": "18.39090", "2011-01-31": "17.12050", "2010-01-31": "12.86850", "2009-01-31": "11.13560", "2008-01-31": "11.42540", "2007-01-31": "5.18120", "2006-01-31": "1.65710"}, "Asset Turnover": {"2020-01-31": "1.21270", "2019-01-31": "1.57740", "2018-01-31": "1.32560", "2017-01-31": "1.41440", "2016-01-31": "1.56800", "2015-01-31": "1.38650", "2014-01-31": "1.27050", "2013-01-31": "1.30380", "2012-01-31": "1.36240", "2011-01-31": "1.42540", "2010-01-31": "1.47400", "2009-01-31": "1.67030", "2008-01-31": "1.74050", "2007-01-31": "2.04670", "2006-01-31": ""}, "Inventory Turnover Ratio": {"2020-01-31": "3.38640", "2019-01-31": "3.63610", "2018-01-31": "3.79410", "2017-01-31": "3.83600", "2016-01-31": "3.74410", "2015-01-31": "4.24300", "2014-01-31": "3.97860", "2013-01-31": "3.91400", "2012-01-31": "4.14510", "2011-01-31": "5.51180", "2010-01-31": "5.21470", "2009-01-31": "3.35100", "2008-01-31": "3.29580", "2007-01-31": "2.71330", "2006-01-31": ""}, "Receiveable Turnover": {"2020-01-31": "98.94070", "2019-01-31": "91.88840", "2018-01-31": "138.17250", "2017-01-31": "254.82520", "2016-01-31": "157.19580", "2015-01-31": "130.74440", "2014-01-31": "133.67960", "2013-01-31": "215.77040", "2012-01-31": "192.39500", "2011-01-31": "78.07200", "2010-01-31": "54.97670", "2009-01-31": "87.73590", "2008-01-31": "62.74180", "2007-01-31": "64.59440", "2006-01-31": ""}, "Days Sales In Receivables": {"2020-01-31": "3.68910", "2019-01-31": "3.97220", "2018-01-31": "2.64160", "2017-01-31": "1.43240", "2016-01-31": "2.32190", "2015-01-31": "2.79170", "2014-01-31": "2.73040", "2013-01-31": "1.69160", "2012-01-31": "1.89710", "2011-01-31": "4.67520", "2010-01-31": "6.63920", "2009-01-31": "4.16020", "2008-01-31": "5.81750", "2007-01-31": "5.65060", "2006-01-31": ""}, "ROE - Return On Equity": {"2020-01-31": "33.06990", "2019-01-31": "33.45850", "2018-01-31": "16.19720", "2017-01-31": "22.30790", "2016-01-31": "25.89310", "2015-01-31": "21.93830", "2014-01-31": "25.49030", "2013-01-31": "30.59070", "2012-01-31": "30.51300", "2011-01-31": "30.99140", "2010-01-31": "25.00170", "2009-01-31": "26.15630", "2008-01-31": "28.66630", "2007-01-31": "21.02010", "2006-01-31": ""}, "Return On Tangible Equity": {"2020-01-31": "33.48880", "2019-01-31": "34.02890", "2018-01-31": "16.45140", "2017-01-31": "22.71810", "2016-01-31": "26.53290", "2015-01-31": "22.47810", "2014-01-31": "26.16300", "2013-01-31": "31.66860", "2012-01-31": "32.20640", "2011-01-31": "33.27980", "2010-01-31": "25.89600", "2009-01-31": "27.61140", "2008-01-31": "30.90590", "2007-01-31": "22.79300", "2006-01-31": ""}, "ROA - Return On Assets": {"2020-01-31": "19.67470", "2019-01-31": "23.20710", "2018-01-31": "12.94290", "2017-01-31": "18.30310", "2016-01-31": "20.24590", "2015-01-31": "18.44090", "2014-01-31": "22.32110", "2013-01-31": "25.82410", "2012-01-31": "25.17770", "2011-01-31": "24.47360", "2010-01-31": "18.96810", "2009-01-31": "19.13710", "2008-01-31": "20.70770", "2007-01-31": "11.03340", "2006-01-31": ""}, "ROI - Return On Investment": {"2020-01-31": "33.06990", "2019-01-31": "33.45850", "2018-01-31": "16.19720", "2017-01-31": "22.30790", "2016-01-31": "25.89310", "2015-01-31": "21.93830", "2014-01-31": "25.49030", "2013-01-31": "30.59070", "2012-01-31": "30.51300", "2011-01-31": "30.99140", "2010-01-31": "25.00170", "2009-01-31": "26.15630", "2008-01-31": "28.66630", "2007-01-31": "21.02010", "2006-01-31": ""}, "Book Value Per Share": {"2020-01-31": "14.97690", "2019-01-31": "11.04370", "2018-01-31": "11.79170", "2017-01-31": "9.92070", "2016-01-31": "7.48420", "2015-01-31": "7.67600", "2014-01-31": "7.54790", "2013-01-31": "7.89620", "2012-01-31": "4.22290", "2011-01-31": "3.69340", "2010-01-31": "1.65300", "2009-01-31": "1.10700", "2008-01-31": "0.82840", "2007-01-31": "0.29090", "2006-01-31": ""}, "Operating Cash Flow Per Share": {"2020-01-31": -0.4333, "2019-01-31": 1.9515, "2018-01-31": 0.7786, "2017-01-31": 0.6896, "2016-01-31": -0.0546, "2015-01-31": 0.2733, "2014-01-31": -0.0152, "2013-01-31": 0.5195, "2012-01-31": 0.1504, "2011-01-31": 0.4199, "2010-01-31": 0.504, "2009-01-31": 0.0641, "2008-01-31": 0.0684, "2007-01-31": 0.3366, "2006-01-31": -0.1418}, "Free Cash Flow Per Share": {"2020-01-31": -0.9092, "2019-01-31": 1.425, "2018-01-31": 0.7085, "2017-01-31": 0.6212, "2016-01-31": -0.2453, "2015-01-31": 0.1721, "2014-01-31": -0.1044, "2013-01-31": 0.7221, "2012-01-31": -0.3938, "2011-01-31": 0.2313, "2010-01-31": 0.7044, "2009-01-31": 0.0047, "2008-01-31": -0.082, "2007-01-31": 0.335, "2006-01-31": -0.24}}, "financial ratios, quarterly": {"Current Ratio": {"2020-10-31": "2.19030", "2020-07-31": "1.95170", "2020-04-30": "2.68340", "2020-01-31": "2.91410", "2019-10-31": "2.52570", "2019-07-31": "2.41220", "2019-04-30": "2.32950", "2019-01-31": "2.85580", "2018-10-31": "3.07310", "2018-07-31": "2.91220", "2018-04-30": "5.43450", "2018-01-31": "4.90870", "2017-10-31": "4.93960", "2017-07-31": "5.22100", "2017-04-30": "5.49920", "2017-01-31": "4.80490", "2016-10-31": "4.80900", "2016-07-31": "4.87590", "2016-04-30": "4.79770", "2016-01-31": "4.06660", "2015-10-31": "4.45690", "2015-07-31": "6.20000", "2015-04-30": "6.77990", "2015-01-31": "5.94820", "2014-10-31": "6.39360", "2014-07-31": "8.47780", "2014-04-30": "9.30370", "2014-01-31": "5.94820", "2013-10-31": "9.30720", "2013-07-31": "8.30330", "2013-04-30": "8.46590", "2013-01-31": "5.90190", "2012-10-31": "7.03020", "2012-07-31": "8.04960", "2012-04-30": "7.87910", "2012-01-31": "5.09570", "2011-10-31": "5.18480", "2011-07-31": "5.91110", "2011-04-30": "5.93300", "2011-01-31": "4.56020", "2010-10-31": "4.84970", "2010-07-31": "5.54560", "2010-04-30": "5.11660", "2010-01-31": "3.68810", "2009-10-31": "4.20990", "2009-07-31": "4.04710", "2009-04-30": "4.16110", "2009-01-31": "2.58050", "2008-10-31": "2.29820", "2008-07-31": "3.48000", "2008-04-30": "3.20770", "2008-01-31": "2.77630", "2007-10-31": "2.57030", "2007-07-31": "1.52290", "2007-04-30": "", "2006-10-31": "", "2006-07-31": ""}, "Long-term Debt / Capital": {"2020-10-31": "", "2020-07-31": "", "2020-04-30": "", "2020-01-31": "", "2019-10-31": "", "2019-07-31": "", "2019-04-30": "", "2019-01-31": "", "2018-10-31": "", "2018-07-31": "", "2018-04-30": "", "2018-01-31": "", "2017-10-31": "", "2017-07-31": "", "2017-04-30": "", "2017-01-31": "", "2016-10-31": "", "2016-07-31": "", "2016-04-30": "", "2016-01-31": "", "2015-10-31": "", "2015-07-31": "", "2015-04-30": "", "2015-01-31": "", "2014-10-31": "", "2014-07-31": "", "2014-04-30": "", "2014-01-31": "", "2013-10-31": "", "2013-07-31": "", "2013-04-30": "", "2013-01-31": "", "2012-10-31": "", "2012-07-31": "", "2012-04-30": "", "2012-01-31": "", "2011-10-31": "", "2011-07-31": "", "2011-04-30": "", "2011-01-31": "", "2010-10-31": "", "2010-07-31": "", "2010-04-30": "", "2010-01-31": "", "2009-10-31": "", "2009-07-31": "", "2009-04-30": "", "2009-01-31": "", "2008-10-31": "", "2008-07-31": "", "2008-04-30": "", "2008-01-31": "", "2007-10-31": "", "2007-07-31": "", "2007-04-30": "", "2006-10-31": "", "2006-07-31": ""}, "Debt/Equity Ratio": {"2020-10-31": "", "2020-07-31": "", "2020-04-30": "", "2020-01-31": "", "2019-10-31": "", "2019-07-31": "", "2019-04-30": "", "2019-01-31": "", "2018-10-31": "", "2018-07-31": "0.07570", "2018-04-30": "", "2018-01-31": "", "2017-10-31": "", "2017-07-31": "", "2017-04-30": "", "2017-01-31": "", "2016-10-31": "", "2016-07-31": "", "2016-04-30": "", "2016-01-31": "", "2015-10-31": "", "2015-07-31": "", "2015-04-30": "", "2015-01-31": "", "2014-10-31": "", "2014-07-31": "", "2014-04-30": "", "2014-01-31": "", "2013-10-31": "", "2013-07-31": "", "2013-04-30": "", "2013-01-31": "", "2012-10-31": "", "2012-07-31": "", "2012-04-30": "", "2012-01-31": "", "2011-10-31": "", "2011-07-31": "", "2011-04-30": "", "2011-01-31": "", "2010-10-31": "", "2010-07-31": "", "2010-04-30": "", "2010-01-31": "", "2009-10-31": "", "2009-07-31": "", "2009-04-30": "", "2009-01-31": "", "2008-10-31": "", "2008-07-31": "", "2008-04-30": "", "2008-01-31": "", "2007-10-31": "", "2007-07-31": "", "2007-04-30": "", "2006-10-31": "", "2006-07-31": ""}, "Gross Margin": {"2020-10-31": "56.14280", "2020-07-31": "54.21180", "2020-04-30": "51.29170", "2020-01-31": "58.02010", "2019-10-31": "55.12750", "2019-07-31": "54.99460", "2019-04-30": "53.90670", "2019-01-31": "57.26830", "2018-10-31": "54.40700", "2018-07-31": "54.76080", "2018-04-30": "53.05980", "2018-01-31": "56.25650", "2017-10-31": "52.01170", "2017-07-31": "51.18660", "2017-04-30": "49.37370", "2017-01-31": "54.16850", "2016-10-31": "51.14210", "2016-07-31": "49.39770", "2016-04-30": "48.25900", "2016-01-31": "50.33070", "2015-10-31": "46.86270", "2015-07-31": "46.80360", "2015-04-30": "48.60820", "2015-01-31": "51.45990", "2014-10-31": "50.33140", "2014-07-31": "50.49990", "2014-04-30": "50.89310", "2014-01-31": "53.51130", "2013-10-31": "53.85790", "2013-07-31": "53.97620", "2013-04-30": "49.37360", "2013-01-31": "56.54240", "2012-10-31": "55.38060", "2012-07-31": "55.10840", "2012-04-30": "55.04550", "2012-01-31": "56.26720", "2011-10-31": "55.82280", "2011-07-31": "57.49120", "2011-04-30": "58.74670", "2011-01-31": "58.45990", "2010-10-31": "55.08080", "2010-07-31": "52.75540", "2010-04-30": "53.76620", "2010-01-31": "53.89590", "2009-10-31": "49.90480", "2009-07-31": "46.21730", "2009-04-30": "42.87950", "2009-01-31": "49.74360", "2008-10-31": "48.12690", "2008-07-31": "51.91150", "2008-04-30": "53.35710", "2008-01-31": "54.79160", "2007-10-31": "54.70290", "2007-07-31": "53.08010", "2007-04-30": "50.48260", "2006-10-31": "52.10300", "2006-07-31": "48.90700"}, "Operating Margin": {"2020-10-31": "18.33860", "2020-07-31": "13.77820", "2020-04-30": "5.02340", "2020-01-31": "29.80250", "2019-10-31": "19.19240", "2019-07-31": "19.01640", "2019-04-30": "16.46550", "2019-01-31": "28.38820", "2018-10-31": "18.17720", "2018-07-31": "18.54980", "2018-04-30": "16.05420", "2018-01-31": "27.59230", "2017-10-31": "13.82640", "2017-07-31": "11.82540", "2017-04-30": "8.73000", "2017-01-31": "24.89160", "2016-10-31": "17.07790", "2016-07-31": "14.37440", "2016-04-30": "11.62200", "2016-01-31": "23.61050", "2015-10-31": "14.21280", "2015-07-31": "14.69700", "2015-04-30": "16.06350", "2015-01-31": "26.08970", "2014-10-31": "19.35070", "2014-07-31": "17.37560", "2014-04-30": "18.14810", "2014-01-31": "29.58710", "2013-10-31": "24.30530", "2013-07-31": "22.92690", "2013-04-30": "19.05510", "2013-01-31": "31.42710", "2012-10-31": "25.46650", "2012-07-31": "24.83350", "2012-04-30": "25.57420", "2012-01-31": "31.24110", "2011-10-31": "25.94130", "2011-07-31": "28.01530", "2011-04-30": "27.67270", "2011-01-31": "29.05390", "2010-10-31": "24.10470", "2010-07-31": "22.49750", "2010-04-30": "23.48140", "2010-01-31": "25.79920", "2009-10-31": "18.53650", "2009-07-31": "14.66620", "2009-04-30": "12.06290", "2009-01-31": "15.41270", "2008-10-31": "14.99770", "2008-07-31": "18.18350", "2008-04-30": "15.50950", "2008-01-31": "21.70650", "2007-10-31": "18.86390", "2007-07-31": "17.69210", "2007-04-30": "15.28970", "2006-10-31": "13.05160", "2006-07-31": "9.95180"}, "EBIT Margin": {"2020-10-31": "18.33860", "2020-07-31": "13.77820", "2020-04-30": "5.02340", "2020-01-31": "29.80250", "2019-10-31": "19.19240", "2019-07-31": "19.01640", "2019-04-30": "16.46550", "2019-01-31": "28.38820", "2018-10-31": "18.17720", "2018-07-31": "18.54980", "2018-04-30": "16.05420", "2018-01-31": "27.59230", "2017-10-31": "13.82640", "2017-07-31": "11.82540", "2017-04-30": "8.73000", "2017-01-31": "24.89160", "2016-10-31": "17.07790", "2016-07-31": "14.37440", "2016-04-30": "11.62200", "2016-01-31": "23.61050", "2015-10-31": "14.21280", "2015-07-31": "14.69700", "2015-04-30": "16.06350", "2015-01-31": "26.08970", "2014-10-31": "19.35070", "2014-07-31": "17.37560", "2014-04-30": "18.14810", "2014-01-31": "29.58720", "2013-10-31": "24.30530", "2013-07-31": "22.92690", "2013-04-30": "19.05510", "2013-01-31": "31.42710", "2012-10-31": "25.46650", "2012-07-31": "24.83350", "2012-04-30": "25.57420", "2012-01-31": "31.24110", "2011-10-31": "25.94130", "2011-07-31": "28.01530", "2011-04-30": "27.67270", "2011-01-31": "29.05390", "2010-10-31": "24.10470", "2010-07-31": "22.49750", "2010-04-30": "23.48140", "2010-01-31": "25.79920", "2009-10-31": "18.53650", "2009-07-31": "14.66620", "2009-04-30": "12.06290", "2009-01-31": "15.41270", "2008-10-31": "14.99770", "2008-07-31": "18.18350", "2008-04-30": "15.50950", "2008-01-31": "21.70650", "2007-10-31": "18.86390", "2007-07-31": "17.69210", "2007-04-30": "15.28970", "2006-10-31": "13.05160", "2006-07-31": "9.95180"}, "EBITDA Margin": {"2020-10-31": "", "2020-07-31": "", "2020-04-30": "", "2020-01-31": "", "2019-10-31": "", "2019-07-31": "", "2019-04-30": "", "2019-01-31": "", "2018-10-31": "", "2018-07-31": "", "2018-04-30": "", "2018-01-31": "", "2017-10-31": "", "2017-07-31": "", "2017-04-30": "", "2017-01-31": "", "2016-10-31": "", "2016-07-31": "", "2016-04-30": "", "2016-01-31": "", "2015-10-31": "", "2015-07-31": "", "2015-04-30": "", "2015-01-31": "", "2014-10-31": "", "2014-07-31": "", "2014-04-30": "", "2014-01-31": "", "2013-10-31": "", "2013-07-31": "", "2013-04-30": "", "2013-01-31": "", "2012-10-31": "", "2012-07-31": "", "2012-04-30": "", "2012-01-31": "", "2011-10-31": "", "2011-07-31": "", "2011-04-30": "", "2011-01-31": "", "2010-10-31": "", "2010-07-31": "", "2010-04-30": "", "2010-01-31": "", "2009-10-31": "", "2009-07-31": "", "2009-04-30": "", "2009-01-31": "", "2008-10-31": "", "2008-07-31": "", "2008-04-30": "", "2008-01-31": "", "2007-10-31": "", "2007-07-31": "", "2007-04-30": "", "2006-10-31": "", "2006-07-31": ""}, "Pre-Tax Profit Margin": {"2020-10-31": "18.28670", "2020-07-31": "13.74010", "2020-04-30": "5.20350", "2020-01-31": "29.95480", "2019-10-31": "19.40250", "2019-07-31": "19.22590", "2019-04-30": "16.76960", "2019-01-31": "28.63320", "2018-10-31": "18.45060", "2018-07-31": "18.76970", "2018-04-30": "16.50330", "2018-01-31": "27.72430", "2017-10-31": "13.99640", "2017-07-31": "11.96520", "2017-04-30": "8.90440", "2017-01-31": "25.00010", "2016-10-31": "17.19330", "2016-07-31": "14.48670", "2016-04-30": "11.52400", "2016-01-31": "23.74370", "2015-10-31": "13.61040", "2015-07-31": "14.88290", "2015-04-30": "16.18840", "2015-01-31": "26.38100", "2014-10-31": "19.78320", "2014-07-31": "17.85940", "2014-04-30": "18.57530", "2014-01-31": "29.87870", "2013-10-31": "24.68780", "2013-07-31": "23.30280", "2013-04-30": "19.48920", "2013-01-31": "31.72720", "2012-10-31": "25.91640", "2012-07-31": "25.24610", "2012-04-30": "25.89270", "2012-01-31": "31.34340", "2011-10-31": "26.21020", "2011-07-31": "28.29650", "2011-04-30": "28.15670", "2011-01-31": "29.27480", "2010-10-31": "24.15640", "2010-07-31": "23.87190", "2010-04-30": "23.59780", "2010-01-31": "25.84030", "2009-10-31": "18.53380", "2009-07-31": "14.68980", "2009-04-30": "12.15840", "2009-01-31": "15.59360", "2008-10-31": "15.16420", "2008-07-31": "18.43040", "2008-04-30": "15.86910", "2008-01-31": "22.12930", "2007-10-31": "19.50920", "2007-07-31": "17.81390", "2007-04-30": "15.52850", "2006-10-31": "13.17180", "2006-07-31": "10.01900"}, "Net Profit Margin": {"2020-10-31": "12.85480", "2020-07-31": "9.61310", "2020-04-30": "4.39170", "2020-01-31": "21.32540", "2019-10-31": "13.75140", "2019-07-31": "14.14950", "2019-04-30": "12.34840", "2019-01-31": "18.71290", "2018-10-31": "12.62790", "2018-07-31": "13.23700", "2018-04-30": "11.56720", "2018-01-31": "12.89410", "2017-10-31": "9.52220", "2017-07-31": "8.38320", "2017-04-30": "6.00530", "2017-01-31": "17.23360", "2016-10-31": "12.54280", "2016-07-31": "10.42230", "2016-04-30": "9.14930", "2016-01-31": "16.67190", "2015-10-31": "11.08060", "2015-07-31": "10.52250", "2015-04-30": "11.28810", "2015-01-31": "18.39910", "2014-10-31": "14.41380", "2014-07-31": "12.47680", "2014-04-30": "4.93500", "2014-01-31": "21.05440", "2013-10-31": "17.40220", "2013-07-31": "16.38980", "2013-04-30": "13.67310", "2013-01-31": "22.52880", "2012-10-31": "18.10720", "2012-07-31": "20.24600", "2012-04-30": "16.32600", "2012-01-31": "19.78840", "2011-10-31": "16.85110", "2011-07-31": "18.07580", "2011-04-30": "17.86700", "2011-01-31": "22.31710", "2010-10-31": "14.61950", "2010-07-31": "14.31730", "2010-04-30": "14.16370", "2010-01-31": "17.71480", "2009-10-31": "12.46160", "2009-07-31": "9.45960", "2009-04-30": "7.97990", "2009-01-31": "10.49290", "2008-10-31": "10.14850", "2008-07-31": "13.04100", "2008-04-30": "11.00350", "2008-01-31": "14.27630", "2007-10-31": "11.65860", "2007-07-31": "8.84630", "2007-04-30": "7.90830", "2006-10-31": "4.62610", "2006-07-31": "5.96480"}, "Asset Turnover": {"2020-10-31": "0.30800", "2020-07-31": "0.25840", "2020-04-30": "0.20360", "2020-01-31": "0.42590", "2019-10-31": "0.32090", "2019-07-31": "0.32780", "2019-04-30": "0.31760", "2019-01-31": "0.56000", "2018-10-31": "0.37740", "2018-07-31": "0.38460", "2018-04-30": "0.32300", "2018-01-31": "0.46480", "2017-10-31": "0.35980", "2017-07-31": "0.34440", "2017-04-30": "0.32330", "2017-01-31": "0.47660", "2016-10-31": "0.36810", "2016-07-31": "0.36350", "2016-04-30": "0.35350", "2016-01-31": "0.53590", "2015-10-31": "0.36300", "2015-07-31": "0.35000", "2015-04-30": "0.31660", "2015-01-31": "0.46480", "2014-10-31": "0.32650", "2014-07-31": "0.30100", "2014-04-30": "0.29790", "2014-01-31": "0.40190", "2013-10-31": "0.32340", "2013-07-31": "0.30920", "2013-04-30": "0.32820", "2013-01-31": "0.46190", "2012-10-31": "0.35610", "2012-07-31": "0.34090", "2012-04-30": "0.37070", "2012-01-31": "0.50570", "2011-10-31": "0.36190", "2011-07-31": "0.36200", "2011-04-30": "0.34820", "2011-01-31": "0.49150", "2010-10-31": "0.41960", "2010-07-31": "0.41850", "2010-04-30": "0.41520", "2010-01-31": "0.52270", "2009-10-31": "0.45750", "2009-07-31": "0.43270", "2009-04-30": "0.39310", "2009-01-31": "0.49110", "2008-10-31": "0.43960", "2008-07-31": "0.49000", "2008-04-30": "0.48350", "2008-01-31": "0.65980", "2007-10-31": "0.45990", "2007-07-31": "0.69340", "2007-04-30": "", "2006-10-31": "", "2006-07-31": ""}, "Inventory Turnover Ratio": {"2020-10-31": "0.63560", "2020-07-31": "0.61450", "2020-04-30": "0.50740", "2020-01-31": "1.13140", "2019-10-31": "0.65550", "2019-07-31": "0.80430", "2019-04-30": "0.81400", "2019-01-31": "1.23230", "2018-10-31": "0.68730", "2018-07-31": "0.83350", "2018-04-30": "0.81660", "2018-01-31": "1.23280", "2017-10-31": "0.74850", "2017-07-31": "0.89650", "2017-04-30": "0.86660", "2017-01-31": "1.21310", "2016-10-31": "0.72970", "2016-07-31": "0.93900", "2016-04-30": "0.89570", "2016-01-31": "1.23170", "2015-10-31": "0.71250", "2015-07-31": "0.85880", "2015-04-30": "0.92040", "2015-01-31": "1.40520", "2014-10-31": "0.90620", "2014-07-31": "1.09570", "2014-04-30": "1.06480", "2014-01-31": "1.16380", "2013-10-31": "0.85030", "2013-07-31": "0.97270", "2013-04-30": "1.21810", "2013-01-31": "1.35920", "2012-10-31": "0.85740", "2012-07-31": "1.01200", "2012-04-30": "1.19270", "2012-01-31": "1.56080", "2011-10-31": "0.78740", "2011-07-31": "1.01540", "2011-04-30": "1.19600", "2011-01-31": "1.77380", "2010-10-31": "1.08140", "2010-07-31": "1.08100", "2010-04-30": "1.25990", "2010-01-31": "1.68020", "2009-10-31": "1.08540", "2009-07-31": "1.12920", "2009-04-30": "1.04530", "2009-01-31": "1.00340", "2008-10-31": "0.92030", "2008-07-31": "0.94650", "2008-04-30": "0.65270", "2008-01-31": "1.21960", "2007-10-31": "0.59180", "2007-07-31": "1.13920", "2007-04-30": "", "2006-10-31": "", "2006-07-31": ""}, "Receiveable Turnover": {"2020-10-31": "18.69480", "2020-07-31": "18.45680", "2020-04-30": "13.39170", "2020-01-31": "34.74700", "2019-10-31": "25.63050", "2019-07-31": "31.93720", "2019-04-30": "38.91150", "2019-01-31": "32.62330", "2018-10-31": "25.38900", "2018-07-31": "30.74150", "2018-04-30": "29.70090", "2018-01-31": "48.44320", "2017-10-31": "29.08780", "2017-07-31": "36.60640", "2017-04-30": "48.59500", "2017-01-31": "85.86310", "2016-10-31": "45.71080", "2016-07-31": "50.46290", "2016-04-30": "52.14860", "2016-01-31": "53.72870", "2015-10-31": "38.48940", "2015-07-31": "37.10460", "2015-04-30": "31.87660", "2015-01-31": "43.83030", "2014-10-31": "39.12640", "2014-07-31": "44.22280", "2014-04-30": "49.00220", "2014-01-31": "37.90140", "2013-10-31": "31.38370", "2013-07-31": "29.70710", "2013-04-30": "44.59400", "2013-01-31": "76.44290", "2012-10-31": "39.36540", "2012-07-31": "42.57180", "2012-04-30": "58.93110", "2012-01-31": "71.41870", "2011-10-31": "21.28870", "2011-07-31": "21.84390", "2011-04-30": "15.37410", "2011-01-31": "26.91960", "2010-10-31": "19.27420", "2010-07-31": "19.38710", "2010-04-30": "15.07000", "2010-01-31": "19.49580", "2009-10-31": "17.32790", "2009-07-31": "16.88050", "2009-04-30": "21.11690", "2009-01-31": "25.79470", "2008-10-31": "21.72630", "2008-07-31": "18.97440", "2008-04-30": "17.75580", "2008-01-31": "23.78360", "2007-10-31": "14.32450", "2007-07-31": "16.64960", "2007-04-30": "", "2006-10-31": "", "2006-07-31": ""}, "Days Sales In Receivables": {"2020-10-31": "4.81420", "2020-07-31": "4.87630", "2020-04-30": "6.72060", "2020-01-31": "2.59010", "2019-10-31": "3.51140", "2019-07-31": "2.81800", "2019-04-30": "2.31290", "2019-01-31": "2.75880", "2018-10-31": "3.54480", "2018-07-31": "2.92760", "2018-04-30": "3.03020", "2018-01-31": "1.85780", "2017-10-31": "3.09410", "2017-07-31": "2.45860", "2017-04-30": "1.85200", "2017-01-31": "1.04820", "2016-10-31": "1.96890", "2016-07-31": "1.78350", "2016-04-30": "1.72580", "2016-01-31": "1.67510", "2015-10-31": "2.33830", "2015-07-31": "2.42560", "2015-04-30": "2.82340", "2015-01-31": "2.05340", "2014-10-31": "2.30020", "2014-07-31": "2.03520", "2014-04-30": "1.83670", "2014-01-31": "2.37460", "2013-10-31": "2.86770", "2013-07-31": "3.02960", "2013-04-30": "2.01820", "2013-01-31": "1.17730", "2012-10-31": "2.28630", "2012-07-31": "2.11410", "2012-04-30": "1.52720", "2012-01-31": "1.26020", "2011-10-31": "4.22760", "2011-07-31": "4.12010", "2011-04-30": "5.85400", "2011-01-31": "3.34330", "2010-10-31": "4.66950", "2010-07-31": "4.64230", "2010-04-30": "5.97210", "2010-01-31": "4.61640", "2009-10-31": "5.19390", "2009-07-31": "5.33160", "2009-04-30": "4.26200", "2009-01-31": "3.48910", "2008-10-31": "4.14250", "2008-07-31": "4.74320", "2008-04-30": "5.06880", "2008-01-31": "3.78410", "2007-10-31": "6.28290", "2007-07-31": "5.40550", "2007-04-30": "", "2006-10-31": "", "2006-07-31": ""}, "ROE - Return On Equity": {"2020-10-31": "6.64110", "2020-07-31": "4.33770", "2020-04-30": "1.55970", "2020-01-31": "15.26580", "2019-10-31": "7.64110", "2019-07-31": "8.29190", "2019-04-30": "7.06820", "2019-01-31": "15.10850", "2018-10-31": "6.71140", "2018-07-31": "7.25410", "2018-04-30": "4.59300", "2018-01-31": "7.49930", "2017-10-31": "4.14730", "2017-07-31": "3.48480", "2017-04-30": "2.31850", "2017-01-31": "10.01010", "2016-10-31": "5.66930", "2016-07-31": "4.63800", "2016-04-30": "3.99010", "2016-01-31": "11.42760", "2015-10-31": "5.01460", "2015-07-31": "4.35140", "2015-04-30": "4.17550", "2015-01-31": "10.17400", "2014-10-31": "5.57020", "2014-07-31": "4.32670", "2014-04-30": "1.68210", "2014-01-31": "10.06750", "2013-10-31": "6.34000", "2013-07-31": "5.76590", "2013-04-30": "5.08340", "2013-01-31": "12.32670", "2012-10-31": "7.47310", "2012-07-31": "7.94420", "2012-04-30": "6.97560", "2012-01-31": "12.18930", "2011-10-31": "7.36000", "2011-07-31": "7.72860", "2011-04-30": "7.35220", "2011-01-31": "13.94070", "2010-10-31": "7.93910", "2010-07-31": "7.40060", "2010-04-30": "7.31450", "2010-01-31": "12.20510", "2009-10-31": "7.30430", "2009-07-31": "5.22030", "2009-04-30": "3.87350", "2009-01-31": "7.01360", "2008-10-31": "6.29550", "2008-07-31": "9.03980", "2008-04-30": "6.95290", "2008-01-31": "13.55900", "2007-10-31": "8.05920", "2007-07-31": "10.41340", "2007-04-30": "", "2006-10-31": "", "2006-07-31": ""}, "Return On Tangible Equity": {"2020-10-31": "8.47930", "2020-07-31": "5.67310", "2020-04-30": "1.58040", "2020-01-31": "15.45920", "2019-10-31": "7.75630", "2019-07-31": "8.42710", "2019-04-30": "7.19510", "2019-01-31": "15.36610", "2018-10-31": "6.82910", "2018-07-31": "7.38990", "2018-04-30": "4.66250", "2018-01-31": "7.61700", "2017-10-31": "4.21990", "2017-07-31": "3.54760", "2017-04-30": "2.36100", "2017-01-31": "10.19420", "2016-10-31": "5.78730", "2016-07-31": "4.74010", "2016-04-30": "4.08100", "2016-01-31": "11.70990", "2015-10-31": "5.13780", "2015-07-31": "4.45550", "2015-04-30": "4.27360", "2015-01-31": "10.42430", "2014-10-31": "5.71480", "2014-07-31": "4.43680", "2014-04-30": "1.72510", "2014-01-31": "10.31520", "2013-10-31": "6.52130", "2013-07-31": "5.94330", "2013-04-30": "5.25180", "2013-01-31": "12.76110", "2012-10-31": "7.78250", "2012-07-31": "8.29710", "2012-04-30": "7.31820", "2012-01-31": "12.86570", "2011-10-31": "7.83930", "2011-07-31": "8.19490", "2011-04-30": "7.84750", "2011-01-31": "14.97000", "2010-10-31": "8.63970", "2010-07-31": "8.08220", "2010-04-30": "7.54250", "2010-01-31": "12.64160", "2009-10-31": "7.63150", "2009-07-31": "5.48430", "2009-04-30": "4.07110", "2009-01-31": "7.40380", "2008-10-31": "6.70870", "2008-07-31": "9.55600", "2008-04-30": "7.42000", "2008-01-31": "14.61830", "2007-10-31": "8.85190", "2007-07-31": "12.29400", "2007-04-30": "", "2006-10-31": "", "2006-07-31": ""}, "ROA - Return On Assets": {"2020-10-31": "3.95940", "2020-07-31": "2.48430", "2020-04-30": "0.89430", "2020-01-31": "9.08230", "2019-10-31": "4.41250", "2019-07-31": "4.63830", "2019-04-30": "3.92210", "2019-01-31": "10.47940", "2018-10-31": "4.76590", "2018-07-31": "5.09100", "2018-04-30": "3.73580", "2018-01-31": "5.99260", "2017-10-31": "3.42610", "2017-07-31": "2.88760", "2017-04-30": "1.94150", "2017-01-31": "8.21310", "2016-10-31": "4.61720", "2016-07-31": "3.78840", "2016-04-30": "3.23450", "2016-01-31": "8.93520", "2015-10-31": "4.02200", "2015-07-31": "3.68310", "2015-04-30": "3.57400", "2015-01-31": "8.55210", "2014-10-31": "4.70620", "2014-07-31": "3.75590", "2014-04-30": "1.47030", "2014-01-31": "8.46250", "2013-10-31": "5.62860", "2013-07-31": "5.06810", "2013-04-30": "4.48790", "2013-01-31": "10.40600", "2012-10-31": "6.45600", "2012-07-31": "6.95930", "2012-04-30": "6.09560", "2012-01-31": "10.05790", "2011-10-31": "6.12210", "2011-07-31": "6.58490", "2011-04-30": "6.24760", "2011-01-31": "11.00880", "2010-10-31": "6.19020", "2010-07-31": "5.96840", "2010-04-30": "5.88070", "2010-01-31": "9.25960", "2009-10-31": "5.70090", "2009-07-31": "4.09340", "2009-04-30": "3.13690", "2009-01-31": "5.13150", "2008-10-31": "4.45920", "2008-07-31": "7.07290", "2008-04-30": "5.31680", "2008-01-31": "9.79460", "2007-10-31": "5.59790", "2007-07-31": "6.60610", "2007-04-30": "", "2006-10-31": "", "2006-07-31": ""}, "ROI - Return On Investment": {"2020-10-31": "6.64110", "2020-07-31": "4.33770", "2020-04-30": "1.55970", "2020-01-31": "15.26580", "2019-10-31": "7.64110", "2019-07-31": "8.29190", "2019-04-30": "7.06820", "2019-01-31": "15.10850", "2018-10-31": "6.71140", "2018-07-31": "7.25410", "2018-04-30": "4.59300", "2018-01-31": "7.49930", "2017-10-31": "4.14730", "2017-07-31": "3.48480", "2017-04-30": "2.31850", "2017-01-31": "10.01010", "2016-10-31": "5.66930", "2016-07-31": "4.63800", "2016-04-30": "3.99010", "2016-01-31": "11.42760", "2015-10-31": "5.01460", "2015-07-31": "4.35140", "2015-04-30": "4.17550", "2015-01-31": "10.17400", "2014-10-31": "5.57020", "2014-07-31": "4.32670", "2014-04-30": "1.68210", "2014-01-31": "10.06750", "2013-10-31": "6.34000", "2013-07-31": "5.76590", "2013-04-30": "5.08340", "2013-01-31": "12.32670", "2012-10-31": "7.47310", "2012-07-31": "7.94420", "2012-04-30": "6.97560", "2012-01-31": "12.18930", "2011-10-31": "7.36000", "2011-07-31": "7.72860", "2011-04-30": "7.35220", "2011-01-31": "13.94070", "2010-10-31": "7.93910", "2010-07-31": "7.40060", "2010-04-30": "7.31450", "2010-01-31": "12.20510", "2009-10-31": "7.30430", "2009-07-31": "5.22030", "2009-04-30": "3.87350", "2009-01-31": "7.01360", "2008-10-31": "6.29550", "2008-07-31": "9.03980", "2008-04-30": "6.95290", "2008-01-31": "13.55900", "2007-10-31": "8.05920", "2007-07-31": "10.41340", "2007-04-30": "", "2006-10-31": "", "2006-07-31": ""}, "Book Value Per Share": {"2020-10-31": "16.59510", "2020-07-31": "15.35650", "2020-04-30": "14.09990", "2020-01-31": "14.97690", "2019-10-31": "12.65380", "2019-07-31": "11.56840", "2019-04-30": "10.49060", "2019-01-31": "11.04370", "2018-10-31": "10.62160", "2018-07-31": "9.96820", "2018-04-30": "12.05890", "2018-01-31": "11.79170", "2017-10-31": "10.49900", "2017-07-31": "10.31760", "2017-04-30": "9.84350", "2017-01-31": "9.92070", "2016-10-31": "8.78660", "2016-07-31": "8.43680", "2016-04-30": "8.28380", "2016-01-31": "7.48420", "2015-10-31": "7.60450", "2015-07-31": "7.77280", "2015-04-30": "8.07420", "2015-01-31": "7.67600", "2014-10-31": "7.62600", "2014-07-31": "9.86700", "2014-04-30": "9.76920", "2014-01-31": "7.67600", "2013-10-31": "9.04990", "2013-07-31": "6.75190", "2013-04-30": "6.43420", "2013-01-31": "7.89620", "2012-10-31": "6.86920", "2012-07-31": "6.50650", "2012-04-30": "6.03860", "2012-01-31": "4.22290", "2011-10-31": "3.68740", "2011-07-31": "3.48700", "2011-04-30": "3.18630", "2011-01-31": "3.69340", "2010-10-31": "2.30050", "2010-07-31": "2.06870", "2010-04-30": "1.89250", "2010-01-31": "1.65300", "2009-10-31": "1.36950", "2009-07-31": "1.26040", "2009-04-30": "1.19830", "2009-01-31": "1.10700", "2008-10-31": "1.00350", "2008-07-31": "1.00090", "2008-04-30": "0.89960", "2008-01-31": "0.82840", "2007-10-31": "0.72610", "2007-07-31": "0.40600", "2007-04-30": "", "2006-10-31": "", "2006-07-31": ""}, "Operating Cash Flow Per Share": {"2020-10-31": 0.1931, "2020-07-31": 1.3861, "2020-04-30": "-0.92690", "2020-01-31": 4.3839, "2019-10-31": 0.3445, "2019-07-31": 0.8608, "2019-04-30": "-0.47820", "2019-01-31": 3.1632, "2018-10-31": 0.8199, "2018-07-31": 1.2976, "2018-04-30": "0.26360", "2018-01-31": 2.6243, "2017-10-31": 0.2199, "2017-07-31": 0.6072, "2017-04-30": "0.14140", "2017-01-31": 2.0953, "2016-10-31": -0.0185, "2016-07-31": 0.4463, "2016-04-30": "0.29110", "2016-01-31": 1.9399, "2015-10-31": -0.0424, "2015-07-31": 0.08, "2015-04-30": "0.14710", "2015-01-31": 1.0161, "2014-10-31": 0.3112, "2014-07-31": 0.3653, "2014-04-30": "0.48660", "2014-01-31": 1.2566, "2013-10-31": 0.1632, "2013-07-31": 0.3138, "2013-04-30": "0.17230", "2013-01-31": 1.1441, "2012-10-31": 0.341, "2012-07-31": 0.3265, "2012-04-30": "0.10950", "2012-01-31": 1.0334, "2011-10-31": 0.2337, "2011-07-31": 0.0955, "2011-04-30": "0.03900", "2011-01-31": 0.6393, "2010-10-31": 0.3711, "2010-07-31": 0.153, "2010-04-30": "0.08780", "2010-01-31": 0.4672, "2009-10-31": 0.16, "2009-07-31": 0.1841, "2009-04-30": "0.02000", "2009-01-31": 0.1205, "2008-10-31": 0.1276, "2008-07-31": 0.1508, "2008-04-30": "-0.07160", "2008-01-31": 0.186, "2007-10-31": -0.0149, "2007-07-31": 0.1324, "2007-04-30": "-0.04030", "2006-10-31": 0.0061, "2006-07-31": 0.059}, "Free Cash Flow Per Share": {"2020-10-31": -0.3111, "2020-07-31": 0.9838, "2020-04-30": "-1.32520", "2020-01-31": 3.8602, "2019-10-31": -0.2551, "2019-07-31": 0.3437, "2019-04-30": "-0.99920", "2019-01-31": 2.6555, "2018-10-31": 0.2666, "2018-07-31": 0.9255, "2018-04-30": "0.01120", "2018-01-31": 2.2554, "2017-10-31": -0.2042, "2017-07-31": 0.3861, "2017-04-30": "-0.00350", "2017-01-31": 1.78, "2016-10-31": -0.2728, "2016-07-31": 0.1208, "2016-04-30": "0.09730", "2016-01-31": 1.6888, "2015-10-31": -0.352, "2015-07-31": -0.1835, "2015-04-30": "-0.04920", "2015-01-31": 0.8093, "2014-10-31": 0.0462, "2014-07-31": 0.1818, "2014-04-30": "0.31210", "2014-01-31": 1.0207, "2013-10-31": -0.0279, "2013-07-31": 0.156, "2013-04-30": "0.02850", "2013-01-31": 0.999, "2012-10-31": 0.1147, "2012-07-31": 0.1456, "2012-04-30": "0.02240", "2012-01-31": 0.923, "2011-10-31": 0.1034, "2011-07-31": 0.0106, "2011-04-30": "-0.47740", "2011-01-31": 0.5811, "2010-10-31": 0.2991, "2010-07-31": 0.0264, "2010-04-30": "0.04680", "2010-01-31": 0.4215, "2009-10-31": 0.1345, "2009-07-31": 0.1623, "2009-04-30": "0.00380", "2009-01-31": 0.0451, "2008-10-31": 0.0304, "2008-07-31": 0.0727, "2008-04-30": "-0.13050", "2008-01-31": 0.1069, "2007-10-31": -0.0747, "2007-07-31": 0.0841, "2007-04-30": "-0.10330", "2006-10-31": -0.0188, "2006-07-31": 0.0092}}, "revenue": {"Lululemon Athletica Inc Annual Revenue (Millions of US $)": {"2020": "$3,979", "2019": "$3,288", "2018": "$2,649", "2017": "$2,344", "2016": "$2,061", "2015": "$1,797", "2014": "$1,591", "2013": "$1,370", "2012": "$1,001", "2011": "$712", "2010": "$453", "2009": "$353", "2008": "$270", "2007": "$148", "2006": "$84"}, "Lululemon Athletica Inc Quarterly Revenue (Millions of US $)": {"2020-10-31": "$1,117", "2020-07-31": "$903", "2020-04-30": "$652", "2020-01-31": "$1,397", "2019-10-31": "$916", "2019-07-31": "$883", "2019-04-30": "$782", "2019-01-31": "$1,167", "2018-10-31": "$748", "2018-07-31": "$724", "2018-04-30": "$650", "2018-01-31": "$929", "2017-10-31": "$619", "2017-07-31": "$581", "2017-04-30": "$520", "2017-01-31": "$790", "2016-10-31": "$544", "2016-07-31": "$515", "2016-04-30": "$496", "2016-01-31": "$704", "2015-10-31": "$480", "2015-07-31": "$453", "2015-04-30": "$424", "2015-01-31": "$602", "2014-10-31": "$419", "2014-07-31": "$391", "2014-04-30": "$385", "2014-01-31": "$521", "2013-10-31": "$380", "2013-07-31": "$345", "2013-04-30": "$346", "2013-01-31": "$485", "2012-10-31": "$317", "2012-07-31": "$283", "2012-04-30": "$286", "2012-01-31": "$372", "2011-10-31": "$230", "2011-07-31": "$212", "2011-04-30": "$187", "2011-01-31": "$245", "2010-10-31": "$176", "2010-07-31": "$152", "2010-04-30": "$138", "2010-01-31": "$161", "2009-10-31": "$113", "2009-07-31": "$98", "2009-04-30": "$82", "2009-01-31": "$104", "2008-10-31": "$87", "2008-07-31": "$85", "2008-04-30": "$77", "2008-01-31": "$102", "2007-10-31": "$65", "2007-07-31": "$58", "2007-04-30": "$45", "2006-10-31": "$36", "2006-07-31": "$33"}}, "gross-profit": {"Lululemon Athletica Inc Annual Gross Profit (Millions of US $)": {"2020": "$2,223", "2019": "$1,816", "2018": "$1,399", "2017": "$1,200", "2016": "$997", "2015": "$914", "2014": "$840", "2013": "$763", "2012": "$569", "2011": "$395", "2010": "$223", "2009": "$179", "2008": "$145", "2007": "$76", "2006": "$43"}, "Lululemon Athletica Inc Quarterly Gross Profit (Millions of US $)": {"2020-10-31": "$627", "2020-07-31": "$490", "2020-04-30": "$334", "2020-01-31": "$811", "2019-10-31": "$505", "2019-07-31": "$486", "2019-04-30": "$422", "2019-01-31": "$669", "2018-10-31": "$407", "2018-07-31": "$396", "2018-04-30": "$345", "2018-01-31": "$523", "2017-10-31": "$322", "2017-07-31": "$297", "2017-04-30": "$257", "2017-01-31": "$428", "2016-10-31": "$278", "2016-07-31": "$254", "2016-04-30": "$239", "2016-01-31": "$354", "2015-10-31": "$225", "2015-07-31": "$212", "2015-04-30": "$206", "2015-01-31": "$310", "2014-10-31": "$211", "2014-07-31": "$197", "2014-04-30": "$196", "2014-01-31": "$279", "2013-10-31": "$205", "2013-07-31": "$186", "2013-04-30": "$171", "2013-01-31": "$275", "2012-10-31": "$175", "2012-07-31": "$156", "2012-04-30": "$157", "2012-01-31": "$209", "2011-10-31": "$129", "2011-07-31": "$122", "2011-04-30": "$110", "2011-01-31": "$143", "2010-10-31": "$97", "2010-07-31": "$80", "2010-04-30": "$74", "2010-01-31": "$87", "2009-10-31": "$56", "2009-07-31": "$45", "2009-04-30": "$35", "2009-01-31": "$52", "2008-10-31": "$42", "2008-07-31": "$44", "2008-04-30": "$41", "2008-01-31": "$56", "2007-10-31": "$36", "2007-07-31": "$31", "2007-04-30": "$23", "2006-10-31": "$19", "2006-07-31": "$16"}}, "operating-income": {"Lululemon Athletica Inc Annual Operating Income (Millions of US $)": {"2020": "$889", "2019": "$706", "2018": "$456", "2017": "$421", "2016": "$369", "2015": "$376", "2014": "$391", "2013": "$376", "2012": "$287", "2011": "$180", "2010": "$87", "2009": "$57", "2008": "$52", "2007": "$17", "2006": "$4"}, "Lululemon Athletica Inc Quarterly Operating Income (Millions of US $)": {"2020-10-31": "$205", "2020-07-31": "$124", "2020-04-30": "$33", "2020-01-31": "$416", "2019-10-31": "$176", "2019-07-31": "$168", "2019-04-30": "$129", "2019-01-31": "$331", "2018-10-31": "$136", "2018-07-31": "$134", "2018-04-30": "$104", "2018-01-31": "$256", "2017-10-31": "$86", "2017-07-31": "$69", "2017-04-30": "$45", "2017-01-31": "$197", "2016-10-31": "$93", "2016-07-31": "$74", "2016-04-30": "$58", "2016-01-31": "$166", "2015-10-31": "$68", "2015-07-31": "$67", "2015-04-30": "$68", "2015-01-31": "$157", "2014-10-31": "$81", "2014-07-31": "$68", "2014-04-30": "$70", "2014-01-31": "$154", "2013-10-31": "$92", "2013-07-31": "$79", "2013-04-30": "$66", "2013-01-31": "$153", "2012-10-31": "$81", "2012-07-31": "$70", "2012-04-30": "$73", "2012-01-31": "$116", "2011-10-31": "$60", "2011-07-31": "$59", "2011-04-30": "$52", "2011-01-31": "$71", "2010-10-31": "$42", "2010-07-31": "$34", "2010-04-30": "$32", "2010-01-31": "$41", "2009-10-31": "$21", "2009-07-31": "$14", "2009-04-30": "$10", "2009-01-31": "$16", "2008-10-31": "$13", "2008-07-31": "$16", "2008-04-30": "$12", "2008-01-31": "$22", "2007-10-31": "$12", "2007-07-31": "$10", "2007-04-30": "$7", "2006-10-31": "$5", "2006-07-31": "$3"}}, "ebitda": {"Lululemon Athletica Inc Annual EBITDA (Millions of US $)": {"2020": "$1,051", "2019": "$828", "2018": "$564", "2017": "$509", "2016": "$442", "2015": "$434", "2014": "$440", "2013": "$419", "2012": "$317", "2011": "$205", "2010": "$107", "2009": "$72", "2008": "$60", "2007": "$21", "2006": "$6"}, "Lululemon Athletica Inc Quarterly EBITDA (Millions of US $)": {"2020-10-31": "$254", "2020-07-31": "$165", "2020-04-30": "$76", "2020-01-31": "$464", "2019-10-31": "$220", "2019-07-31": "$206", "2019-04-30": "$162", "2019-01-31": "$367", "2018-10-31": "$168", "2018-07-31": "$163", "2018-04-30": "$131", "2018-01-31": "$284", "2017-10-31": "$114", "2017-07-31": "$97", "2017-04-30": "$69", "2017-01-31": "$221", "2016-10-31": "$117", "2016-07-31": "$94", "2016-04-30": "$77", "2016-01-31": "$187", "2015-10-31": "$88", "2015-07-31": "$83", "2015-04-30": "$84", "2015-01-31": "$174", "2014-10-31": "$97", "2014-07-31": "$82", "2014-04-30": "$82", "2014-01-31": "$166", "2013-10-31": "$105", "2013-07-31": "$91", "2013-04-30": "$78", "2013-01-31": "$165", "2012-10-31": "$92", "2012-07-31": "$80", "2012-04-30": "$83", "2012-01-31": "$125", "2011-10-31": "$67", "2011-07-31": "$67", "2011-04-30": "$58", "2011-01-31": "$77", "2010-10-31": "$49", "2010-07-31": "$41", "2010-04-30": "$38", "2010-01-31": "$47", "2009-10-31": "$27", "2009-07-31": "$20", "2009-04-30": "$14", "2009-01-31": "$21", "2008-10-31": "$17", "2008-07-31": "$19", "2008-04-30": "$15", "2008-01-31": "$25", "2007-10-31": "$14", "2007-07-31": "$12", "2007-04-30": "$8", "2006-10-31": "$6", "2006-07-31": "$3"}}, "net-income": {"Lululemon Athletica Inc Annual Net Income (Millions of US $)": {"2020": "$646", "2019": "$484", "2018": "$259", "2017": "$303", "2016": "$266", "2015": "$239", "2014": "$280", "2013": "$271", "2012": "$184", "2011": "$122", "2010": "$58", "2009": "$39", "2008": "$31", "2007": "$8", "2006": "$1"}, "Lululemon Athletica Inc Quarterly Net Income (Millions of US $)": {"2020-10-31": "$144", "2020-07-31": "$87", "2020-04-30": "$29", "2020-01-31": "$298", "2019-10-31": "$126", "2019-07-31": "$125", "2019-04-30": "$97", "2019-01-31": "$218", "2018-10-31": "$94", "2018-07-31": "$96", "2018-04-30": "$75", "2018-01-31": "$120", "2017-10-31": "$59", "2017-07-31": "$49", "2017-04-30": "$31", "2017-01-31": "$136", "2016-10-31": "$68", "2016-07-31": "$54", "2016-04-30": "$45", "2016-01-31": "$117", "2015-10-31": "$53", "2015-07-31": "$48", "2015-04-30": "$48", "2015-01-31": "$111", "2014-10-31": "$60", "2014-07-31": "$49", "2014-04-30": "$19", "2014-01-31": "$110", "2013-10-31": "$66", "2013-07-31": "$56", "2013-04-30": "$47", "2013-01-31": "$109", "2012-10-31": "$57", "2012-07-31": "$57", "2012-04-30": "$47", "2012-01-31": "$74", "2011-10-31": "$39", "2011-07-31": "$38", "2011-04-30": "$33", "2011-01-31": "$55", "2010-10-31": "$26", "2010-07-31": "$22", "2010-04-30": "$20", "2010-01-31": "$28", "2009-10-31": "$14", "2009-07-31": "$9", "2009-04-30": "$7", "2009-01-31": "$11", "2008-10-31": "$9", "2008-07-31": "$11", "2008-04-30": "$8", "2008-01-31": "$15", "2007-10-31": "$8", "2007-07-31": "$5", "2007-04-30": "$4", "2006-10-31": "$2", "2006-07-31": "$2"}}, "eps-earnings-per-share-diluted": {"Lululemon Athletica Inc Annual EPS": {"2020": "$4.93", "2019": "$3.61", "2018": "$1.90", "2017": "$2.21", "2016": "$1.89", "2015": "$1.66", "2014": "$1.91", "2013": "$1.85", "2012": "$1.27", "2011": "$0.85", "2010": "$0.41", "2009": "$0.28", "2008": "$0.23", "2007": "$0.06", "2006": "$0.02"}, "Lululemon Athletica Inc Quarterly EPS": {"2020-10-31": "$1.10", "2020-07-31": "$0.66", "2020-04-30": "$0.22", "2020-01-31": "$2.27", "2019-10-31": "$0.96", "2019-07-31": "$0.96", "2019-04-30": "$0.74", "2019-01-31": "$1.64", "2018-10-31": "$0.71", "2018-07-31": "$0.71", "2018-04-30": "$0.55", "2018-01-31": "$0.88", "2017-10-31": "$0.43", "2017-07-31": "$0.36", "2017-04-30": "$0.23", "2017-01-31": "$0.99", "2016-10-31": "$0.50", "2016-07-31": "$0.39", "2016-04-30": "$0.33", "2016-01-31": "$0.83", "2015-10-31": "$0.38", "2015-07-31": "$0.34", "2015-04-30": "$0.34", "2015-01-31": "$0.78", "2014-10-31": "$0.42", "2014-07-31": "$0.33", "2014-04-30": "$0.13", "2014-01-31": "$0.75", "2013-10-31": "$0.45", "2013-07-31": "$0.39", "2013-04-30": "$0.32", "2013-01-31": "$0.75", "2012-10-31": "$0.39", "2012-07-31": "$0.39", "2012-04-30": "$0.32", "2012-01-31": "$0.51", "2011-10-31": "$0.27", "2011-07-31": "$0.26", "2011-04-30": "$0.23", "2011-01-31": "$0.39", "2010-10-31": "$0.18", "2010-07-31": "$0.15", "2010-04-30": "$0.14", "2010-01-31": "$0.20", "2009-10-31": "$0.10", "2009-07-31": "$0.07", "2009-04-30": "$0.05", "2009-01-31": "$0.07", "2008-10-31": "$0.07", "2008-07-31": "$0.08", "2008-04-30": "$0.06", "2008-01-31": "$0.11", "2007-10-31": "$0.06", "2007-07-31": "$0.04", "2007-04-30": "$0.03", "2006-10-31": "$0.01", "2006-07-31": "$0.02"}}, "shares-outstanding": {"Lululemon Athletica Inc Annual Shares Outstanding (Millions of Shares)": {"2020": "131", "2019": "134", "2018": "136", "2017": "137", "2016": "141", "2015": "144", "2014": "146", "2013": "146", "2012": "145", "2011": "144", "2010": "142", "2009": "142", "2008": "139", "2007": "131", "2006": "77"}, "Lululemon Athletica Inc Quarterly Shares Outstanding (Millions of Shares)": {"2020-10-31": "131", "2020-07-31": "131", "2020-04-30": "131", "2020-01-31": "131", "2019-10-31": "131", "2019-07-31": "131", "2019-04-30": "131", "2019-01-31": "134", "2018-10-31": "133", "2018-07-31": "135", "2018-04-30": "136", "2018-01-31": "136", "2017-10-31": "136", "2017-07-31": "136", "2017-04-30": "137", "2017-01-31": "137", "2016-10-31": "137", "2016-07-31": "137", "2016-04-30": "137", "2016-01-31": "141", "2015-10-31": "140", "2015-07-31": "142", "2015-04-30": "142", "2015-01-31": "144", "2014-10-31": "143", "2014-07-31": "146", "2014-04-30": "146", "2014-01-31": "146", "2013-10-31": "146", "2013-07-31": "146", "2013-04-30": "146", "2013-01-31": "146", "2012-10-31": "146", "2012-07-31": "146", "2012-04-30": "146", "2012-01-31": "145", "2011-10-31": "145", "2011-07-31": "145", "2011-04-30": "145", "2011-01-31": "144", "2010-10-31": "144", "2010-07-31": "144", "2010-04-30": "143", "2010-01-31": "142", "2009-10-31": "142", "2009-07-31": "141", "2009-04-30": "141", "2009-01-31": "142", "2008-10-31": "141", "2008-07-31": "141", "2008-04-30": "143", "2008-01-31": "139", "2007-10-31": "143", "2007-07-31": "138", "2007-04-30": "132", "2006-10-31": "136", "2006-07-31": "138"}}, "total-assets": {"Lululemon Athletica Inc Annual Total Assets (Millions of US $)": {"2020": "$3,281", "2019": "$2,085", "2018": "$1,998", "2017": "$1,658", "2016": "$1,314", "2015": "$1,296", "2014": "$1,252", "2013": "$1,051", "2012": "$735", "2011": "$499", "2010": "$307", "2009": "$212", "2008": "$155", "2007": "$72", "2006": "$0"}, "Lululemon Athletica Inc Quarterly Total Assets (Millions of US $)": {"2020-10-31": "$3,628", "2020-07-31": "$3,494", "2020-04-30": "$3,202", "2020-01-31": "$3,281", "2019-10-31": "$2,855", "2019-07-31": "$2,695", "2019-04-30": "$2,463", "2019-01-31": "$2,085", "2018-10-31": "$1,981", "2018-07-31": "$1,881", "2018-04-30": "$2,012", "2018-01-31": "$1,998", "2017-10-31": "$1,720", "2017-07-31": "$1,687", "2017-04-30": "$1,609", "2017-01-31": "$1,658", "2016-10-31": "$1,479", "2016-07-31": "$1,416", "2016-04-30": "$1,402", "2016-01-31": "$1,314", "2015-10-31": "$1,322", "2015-07-31": "$1,294", "2015-04-30": "$1,338", "2015-01-31": "$1,296", "2014-10-31": "$1,284", "2014-07-31": "$1,298", "2014-04-30": "$1,291", "2014-01-31": "$1,296", "2013-10-31": "$1,175", "2013-07-31": "$1,114", "2013-04-30": "$1,053", "2013-01-31": "$1,051", "2012-10-31": "$889", "2012-07-31": "$829", "2012-04-30": "$771", "2012-01-31": "$735", "2011-10-31": "$636", "2011-07-31": "$586", "2011-04-30": "$536", "2011-01-31": "$499", "2010-10-31": "$419", "2010-07-31": "$364", "2010-04-30": "$333", "2010-01-31": "$307", "2009-10-31": "$247", "2009-07-31": "$226", "2009-04-30": "$208", "2009-01-31": "$212", "2008-10-31": "$198", "2008-07-31": "$174", "2008-04-30": "$159", "2008-01-31": "$155", "2007-10-31": "$141", "2007-07-31": "$83", "2007-04-30": "$0", "2006-10-31": "$0", "2006-07-31": "$0"}}, "cash-on-hand": {"Lululemon Athletica Inc Annual Cash on Hand (Millions of US $)": {"2020": "$1,094", "2019": "$881", "2018": "$991", "2017": "$735", "2016": "$501", "2015": "$664", "2014": "$699", "2013": "$590", "2012": "$409", "2011": "$316", "2010": "$160", "2009": "$57", "2008": "$53", "2007": "$16", "2006": "$"}, "Lululemon Athletica Inc Quarterly Cash on Hand (Millions of US $)": {"2020-10-31": "$482", "2020-07-31": "$523", "2020-04-30": "$823", "2020-01-31": "$1,094", "2019-10-31": "$586", "2019-07-31": "$624", "2019-04-30": "$576", "2019-01-31": "$881", "2018-10-31": "$704", "2018-07-31": "$778", "2018-04-30": "$967", "2018-01-31": "$991", "2017-10-31": "$650", "2017-07-31": "$721", "2017-04-30": "$698", "2017-01-31": "$735", "2016-10-31": "$480", "2016-07-31": "$535", "2016-04-30": "$550", "2016-01-31": "$501", "2015-10-31": "$403", "2015-07-31": "$541", "2015-04-30": "$656", "2015-01-31": "$664", "2014-10-31": "$634", "2014-07-31": "$725", "2014-04-30": "$752", "2014-01-31": "$664", "2013-10-31": "$601", "2013-07-31": "$610", "2013-04-30": "$588", "2013-01-31": "$590", "2012-10-31": "$439", "2012-07-31": "$444", "2012-04-30": "$424", "2012-01-31": "$409", "2011-10-31": "$277", "2011-07-31": "$265", "2011-04-30": "$261", "2011-01-31": "$316", "2010-10-31": "$225", "2010-07-31": "$178", "2010-04-30": "$174", "2010-01-31": "$160", "2009-10-31": "$102", "2009-07-31": "$84", "2009-04-30": "$59", "2009-01-31": "$57", "2008-10-31": "$52", "2008-07-31": "$44", "2008-04-30": "$34", "2008-01-31": "$53", "2007-10-31": "$36", "2007-07-31": "$10", "2007-04-30": "", "2006-10-31": "", "2006-07-31": ""}}, "long-term-debt": {"Lululemon Athletica Inc Annual Long Term Debt (Millions of US $)": {"2020": "$", "2019": "$", "2018": "$", "2017": "$", "2016": "$", "2015": "$", "2014": "$", "2013": "$", "2012": "$", "2011": "$", "2010": "$", "2009": "$", "2008": "$", "2007": "$", "2006": "$"}, "Lululemon Athletica Inc Quarterly Long Term Debt (Millions of US $)": {"2020-10-31": "", "2020-07-31": "", "2020-04-30": "", "2020-01-31": "", "2019-10-31": "", "2019-07-31": "", "2019-04-30": "", "2019-01-31": "", "2018-10-31": "", "2018-07-31": "", "2018-04-30": "", "2018-01-31": "", "2017-10-31": "", "2017-07-31": "", "2017-04-30": "", "2017-01-31": "", "2016-10-31": "", "2016-07-31": "", "2016-04-30": "", "2016-01-31": "", "2015-10-31": "", "2015-07-31": "", "2015-04-30": "", "2015-01-31": "", "2014-10-31": "", "2014-07-31": "", "2014-04-30": "", "2014-01-31": "", "2013-10-31": "", "2013-07-31": "", "2013-04-30": "", "2013-01-31": "", "2012-10-31": "", "2012-07-31": "", "2012-04-30": "", "2012-01-31": "", "2011-10-31": "", "2011-07-31": "", "2011-04-30": "", "2011-01-31": "", "2010-10-31": "", "2010-07-31": "", "2010-04-30": "", "2010-01-31": "", "2009-10-31": "", "2009-07-31": "", "2009-04-30": "", "2009-01-31": "", "2008-10-31": "", "2008-07-31": "", "2008-04-30": "", "2008-01-31": "", "2007-10-31": "", "2007-07-31": "", "2007-04-30": "", "2006-10-31": "", "2006-07-31": ""}}, "total-liabilities": {"Lululemon Athletica Inc Annual Total Liabilities (Millions of US $)": {"2020": "$1,329", "2019": "$639", "2018": "$402", "2017": "$298", "2016": "$287", "2015": "$207", "2014": "$156", "2013": "$164", "2012": "$128", "2011": "$105", "2010": "$74", "2009": "$57", "2008": "$43", "2007": "$34", "2006": "$"}, "Lululemon Athletica Inc Quarterly Total Liabilities (Millions of US $)": {"2020-10-31": "$1,465", "2020-07-31": "$1,493", "2020-04-30": "$1,366", "2020-01-31": "$1,329", "2019-10-31": "$1,206", "2019-07-31": "$1,187", "2019-04-30": "$1,096", "2019-01-31": "$639", "2018-10-31": "$574", "2018-07-31": "$561", "2018-04-30": "$375", "2018-01-31": "$402", "2017-10-31": "$299", "2017-07-31": "$289", "2017-04-30": "$262", "2017-01-31": "$298", "2016-10-31": "$274", "2016-07-31": "$259", "2016-04-30": "$265", "2016-01-31": "$287", "2015-10-31": "$262", "2015-07-31": "$199", "2015-04-30": "$193", "2015-01-31": "$207", "2014-10-31": "$199", "2014-07-31": "$171", "2014-04-30": "$163", "2014-01-31": "$207", "2013-10-31": "$132", "2013-07-31": "$135", "2013-04-30": "$123", "2013-01-31": "$164", "2012-10-31": "$121", "2012-07-31": "$103", "2012-04-30": "$97", "2012-01-31": "$128", "2011-10-31": "$107", "2011-07-31": "$87", "2011-04-30": "$81", "2011-01-31": "$105", "2010-10-31": "$92", "2010-07-31": "$70", "2010-04-30": "$65", "2010-01-31": "$74", "2009-10-31": "$54", "2009-07-31": "$49", "2009-04-30": "$40", "2009-01-31": "$57", "2008-10-31": "$58", "2008-07-31": "$38", "2008-04-30": "$37", "2008-01-31": "$43", "2007-10-31": "$43", "2007-07-31": "$31", "2007-04-30": "", "2006-10-31": "", "2006-07-31": ""}}, "total-share-holder-equity": {"Lululemon Athletica Inc Annual Share Holder Equity (Millions of US $)": {"2020": "$1,952", "2019": "$1,446", "2018": "$1,597", "2017": "$1,360", "2016": "$1,027", "2015": "$1,090", "2014": "$1,097", "2013": "$887", "2012": "$606", "2011": "$394", "2010": "$233", "2009": "$155", "2008": "$112", "2007": "$38", "2006": "$"}, "Lululemon Athletica Inc Quarterly Share Holder Equity (Millions of US $)": {"2020-10-31": "$2,163", "2020-07-31": "$2,001", "2020-04-30": "$1,836", "2020-01-31": "$1,952", "2019-10-31": "$1,649", "2019-07-31": "$1,507", "2019-04-30": "$1,367", "2019-01-31": "$1,446", "2018-10-31": "$1,407", "2018-07-31": "$1,320", "2018-04-30": "$1,636", "2018-01-31": "$1,597", "2017-10-31": "$1,421", "2017-07-31": "$1,398", "2017-04-30": "$1,348", "2017-01-31": "$1,360", "2016-10-31": "$1,204", "2016-07-31": "$1,156", "2016-04-30": "$1,136", "2016-01-31": "$1,027", "2015-10-31": "$1,060", "2015-07-31": "$1,095", "2015-04-30": "$1,145", "2015-01-31": "$1,090", "2014-10-31": "$1,085", "2014-07-31": "$1,127", "2014-04-30": "$1,128", "2014-01-31": "$1,090", "2013-10-31": "$1,043", "2013-07-31": "$979", "2013-04-30": "$930", "2013-01-31": "$887", "2012-10-31": "$768", "2012-07-31": "$726", "2012-04-30": "$673", "2012-01-31": "$606", "2011-10-31": "$529", "2011-07-31": "$500", "2011-04-30": "$456", "2011-01-31": "$394", "2010-10-31": "$327", "2010-07-31": "$293", "2010-04-30": "$268", "2010-01-31": "$233", "2009-10-31": "$193", "2009-07-31": "$177", "2009-04-30": "$168", "2009-01-31": "$155", "2008-10-31": "$140", "2008-07-31": "$137", "2008-04-30": "$122", "2008-01-31": "$112", "2007-10-31": "$98", "2007-07-31": "$53", "2007-04-30": "", "2006-10-31": "", "2006-07-31": ""}}, "profit-margins": {"current": "13.69%"}, "gross margin": {"2020-10-31": "55.59%", "2020-07-31": "55.33%", "2020-04-30": "55.51%", "2020-01-31": "55.91%", "2019-10-31": "55.55%", "2019-07-31": "55.42%", "2019-04-30": "55.36%", "2019-01-31": "55.24%", "2018-10-31": "54.77%", "2018-07-31": "54.28%", "2018-04-30": "53.51%", "2018-01-31": "52.81%", "2017-10-31": "51.95%", "2017-07-31": "51.75%", "2017-04-30": "51.37%", "2017-01-31": "51.13%", "2016-10-31": "49.80%", "2016-07-31": "48.84%", "2016-04-30": "48.29%", "2016-01-31": "48.37%", "2015-10-31": "48.65%", "2015-07-31": "49.47%", "2015-04-30": "50.33%", "2015-01-31": "50.86%", "2014-10-31": "51.46%", "2014-07-31": "52.30%", "2014-04-30": "53.10%", "2014-01-31": "52.83%", "2013-10-31": "53.79%", "2013-07-31": "54.05%", "2013-04-30": "54.30%", "2013-01-31": "55.65%", "2012-10-31": "55.41%", "2012-07-31": "55.59%", "2012-04-30": "56.09%", "2012-01-31": "56.94%", "2011-10-31": "57.67%", "2011-07-31": "57.56%", "2011-04-30": "56.58%", "2011-01-31": "55.41%", "2010-10-31": "53.91%", "2010-07-31": "52.66%", "2010-04-30": "51.37%", "2010-01-31": "49.12%", "2009-10-31": "47.36%", "2009-07-31": "46.90%", "2009-04-30": "48.32%", "2009-01-31": "50.71%", "2008-10-31": "52.14%", "2008-07-31": "53.80%", "2008-04-30": "54.30%", "2008-01-31": "54.07%", "2007-10-31": "53.43%", "2007-07-31": "51.74%"}, "operating margin": {"2020-10-31": "19.12%", "2020-07-31": "19.36%", "2020-04-30": "20.61%", "2020-01-31": "22.35%", "2019-10-31": "21.45%", "2019-07-31": "21.34%", "2019-04-30": "21.34%", "2019-01-31": "21.44%", "2018-10-31": "20.65%", "2018-07-31": "19.85%", "2018-04-30": "18.53%", "2018-01-31": "17.21%", "2017-10-31": "15.82%", "2017-07-31": "16.59%", "2017-04-30": "17.26%", "2017-01-31": "18.00%", "2016-10-31": "17.31%", "2016-07-31": "16.67%", "2016-04-30": "16.83%", "2016-01-31": "17.90%", "2015-10-31": "18.38%", "2015-07-31": "19.65%", "2015-04-30": "20.37%", "2015-01-31": "20.92%", "2014-10-31": "21.74%", "2014-07-31": "22.90%", "2014-04-30": "24.22%", "2014-01-31": "24.56%", "2013-10-31": "25.06%", "2013-07-31": "25.39%", "2013-04-30": "25.86%", "2013-01-31": "27.50%", "2012-10-31": "27.03%", "2012-07-31": "27.24%", "2012-04-30": "28.00%", "2012-01-31": "28.67%", "2011-10-31": "27.69%", "2011-07-31": "27.32%", "2011-04-30": "26.18%", "2011-01-31": "25.18%", "2010-10-31": "23.76%", "2010-07-31": "22.70%", "2010-04-30": "21.18%", "2010-01-31": "18.94%", "2009-10-31": "15.37%", "2009-07-31": "14.29%", "2009-04-30": "15.36%", "2009-01-31": "16.15%", "2008-10-31": "17.95%", "2008-07-31": "18.84%", "2008-04-30": "18.54%", "2008-01-31": "18.89%", "2007-10-31": "16.67%", "2007-07-31": "14.53%"}, "ebitda margin": {"2020-10-31": "23.57%", "2020-07-31": "23.91%", "2020-04-30": "25.10%", "2020-01-31": "26.45%", "2019-10-31": "25.48%", "2019-07-31": "25.22%", "2019-04-30": "25.14%", "2019-01-31": "25.21%", "2018-10-31": "24.45%", "2018-07-31": "23.68%", "2018-04-30": "22.53%", "2018-01-31": "21.29%", "2017-10-31": "19.96%", "2017-07-31": "20.70%", "2017-04-30": "21.15%", "2017-01-31": "21.71%", "2016-10-31": "21.03%", "2016-07-31": "20.32%", "2016-04-30": "20.39%", "2016-01-31": "21.45%", "2015-10-31": "21.90%", "2015-07-31": "23.08%", "2015-04-30": "23.80%", "2015-01-31": "24.21%", "2014-10-31": "24.88%", "2014-07-31": "25.94%", "2014-04-30": "27.22%", "2014-01-31": "27.64%", "2013-10-31": "28.21%", "2013-07-31": "28.53%", "2013-04-30": "29.00%", "2013-01-31": "30.63%", "2012-10-31": "30.21%", "2012-07-31": "30.32%", "2012-04-30": "31.09%", "2012-01-31": "31.67%", "2011-10-31": "30.78%", "2011-07-31": "30.61%", "2011-04-30": "29.61%", "2011-01-31": "28.83%", "2010-10-31": "27.91%", "2010-07-31": "27.13%", "2010-04-30": "25.88%", "2010-01-31": "23.79%", "2009-10-31": "20.65%", "2009-07-31": "19.41%", "2009-04-30": "19.83%", "2009-01-31": "20.40%", "2008-10-31": "21.65%", "2008-07-31": "22.19%", "2008-04-30": "21.85%", "2008-01-31": "21.85%", "2007-10-31": "19.61%", "2007-07-31": "16.86%"}, "pre tax profit margin": {"2020-10-31": "19.19%", "2020-07-31": "19.52%", "2020-04-30": "20.82%", "2020-01-31": "22.57%", "2019-10-31": "21.69%", "2019-07-31": "21.59%", "2019-04-30": "21.60%", "2019-01-31": "21.74%", "2018-10-31": "20.94%", "2018-07-31": "20.12%", "2018-04-30": "18.78%", "2018-01-31": "17.40%", "2017-10-31": "15.94%", "2017-07-31": "16.71%", "2017-04-30": "17.39%", "2017-01-31": "18.04%", "2016-10-31": "17.40%", "2016-07-31": "16.58%", "2016-04-30": "16.69%", "2016-01-31": "17.86%", "2015-10-31": "18.38%", "2015-07-31": "19.92%", "2015-04-30": "20.75%", "2015-01-31": "21.31%", "2014-10-31": "22.14%", "2014-07-31": "23.32%", "2014-04-30": "24.59%", "2014-01-31": "24.94%", "2013-10-31": "25.39%", "2013-07-31": "25.65%", "2013-04-30": "26.14%", "2013-01-31": "27.79%", "2012-10-31": "27.27%", "2012-07-31": "27.41%", "2012-04-30": "28.18%", "2012-01-31": "28.87%", "2011-10-31": "28.03%", "2011-07-31": "27.68%", "2011-04-30": "26.71%", "2011-01-31": "25.74%", "2010-10-31": "24.40%", "2010-07-31": "23.40%", "2010-04-30": "21.57%", "2010-01-31": "19.16%", "2009-10-31": "15.37%", "2009-07-31": "14.29%", "2009-04-30": "15.36%", "2009-01-31": "16.15%", "2008-10-31": "18.23%", "2008-07-31": "19.45%", "2008-04-30": "19.21%", "2008-01-31": "19.63%", "2007-10-31": "17.16%", "2007-07-31": "14.53%"}, "net profit margin": {"2020-10-31": "13.71%", "2020-07-31": "13.96%", "2020-04-30": "15.02%", "2020-01-31": "16.24%", "2019-10-31": "15.10%", "2019-07-31": "14.92%", "2019-04-30": "14.76%", "2019-01-31": "14.69%", "2018-10-31": "12.62%", "2018-07-31": "11.98%", "2018-04-30": "10.90%", "2018-01-31": "9.78%", "2017-10-31": "10.96%", "2017-07-31": "11.66%", "2017-04-30": "12.20%", "2017-01-31": "12.92%", "2016-10-31": "12.57%", "2016-07-31": "12.26%", "2016-04-30": "12.33%", "2016-01-31": "12.91%", "2015-10-31": "13.27%", "2015-07-31": "14.07%", "2015-04-30": "14.60%", "2015-01-31": "13.30%", "2014-10-31": "13.87%", "2014-07-31": "14.55%", "2014-04-30": "15.39%", "2014-01-31": "17.53%", "2013-10-31": "17.87%", "2013-07-31": "18.02%", "2013-04-30": "18.87%", "2013-01-31": "19.69%", "2012-10-31": "18.68%", "2012-07-31": "18.53%", "2012-04-30": "18.00%", "2012-01-31": "18.38%", "2011-10-31": "18.88%", "2011-07-31": "18.54%", "2011-04-30": "17.89%", "2011-01-31": "17.30%", "2010-10-31": "15.31%", "2010-07-31": "14.89%", "2010-04-30": "13.92%", "2010-01-31": "12.78%", "2009-10-31": "10.33%", "2009-07-31": "9.70%", "2009-04-30": "10.61%", "2009-01-31": "11.05%", "2008-10-31": "12.25%", "2008-07-31": "12.77%", "2008-04-30": "11.92%", "2008-01-31": "11.85%", "2007-10-31": "9.31%", "2007-07-31": "7.56%"}, "pe ratio": {"current": "75.93", "2021-02-05": "78.42", "2020-10-31": "74.95", "2020-07-31": "79.03", "2020-04-30": "50.56", "2020-01-31": "48.46", "2019-10-31": "47.39", "2019-07-31": "47.07", "2019-04-30": "46.29", "2019-01-31": "40.83", "2018-10-31": "49.38", "2018-07-31": "46.67", "2018-04-30": "44.95", "2018-01-31": "41.16", "2017-10-31": "30.60", "2017-07-31": "29.63", "2017-04-30": "24.64", "2017-01-31": "30.55", "2016-10-31": "27.66", "2016-07-31": "39.82", "2016-04-30": "34.50", "2016-01-31": "32.50", "2015-10-31": "26.72", "2015-07-31": "33.44", "2015-04-30": "34.03", "2015-01-31": "39.90", "2014-10-31": "25.55", "2014-07-31": "23.17", "2014-04-30": "26.70", "2014-01-31": "23.92", "2013-10-31": "36.17", "2013-07-31": "37.61", "2013-04-30": "41.15", "2013-01-31": "37.30", "2012-10-31": "42.76", "2012-07-31": "37.91", "2012-04-30": "54.51", "2012-01-31": "49.71", "2011-10-31": "49.54", "2011-07-31": "57.66", "2011-04-30": "53.22", "2011-01-31": "40.64", "2010-10-31": "33.32", "2010-07-31": "35.45", "2010-04-30": "37.62", "2010-01-31": "34.44", "2009-10-31": "43.31", "2009-07-31": "34.75", "2009-04-30": "25.83", "2009-01-31": "11.93", "2008-10-31": "22.85", "2008-07-31": "37.00", "2008-04-30": "60.73"}, "price sales": {"2021-02-05": "10.74", "2020-10-31": "10.27", "2020-07-31": "11.01", "2020-04-30": "7.60", "2020-01-31": "7.88", "2019-10-31": "7.19", "2019-07-31": "7.07", "2019-04-30": "6.87", "2019-01-31": "6.04", "2018-10-31": "6.23", "2018-07-31": "5.57", "2018-04-30": "4.89", "2018-01-31": "4.02", "2017-10-31": "3.35", "2017-07-31": "3.47", "2017-04-30": "3.01", "2017-01-31": "3.95", "2016-10-31": "3.51", "2016-07-31": "4.92", "2016-04-30": "4.31", "2016-01-31": "4.25", "2015-10-31": "3.57", "2015-07-31": "4.74", "2015-04-30": "4.99", "2015-01-31": "5.33", "2014-10-31": "3.53", "2014-07-31": "3.35", "2014-04-30": "4.11", "2014-01-31": "4.19", "2013-10-31": "6.48", "2013-07-31": "6.80", "2013-04-30": "7.76", "2013-01-31": "7.34", "2012-10-31": "7.98", "2012-07-31": "7.02", "2012-04-30": "9.80", "2012-01-31": "9.16", "2011-10-31": "9.35", "2011-07-31": "10.66", "2011-04-30": "9.48", "2011-01-31": "6.93", "2010-10-31": "5.06", "2010-07-31": "5.25", "2010-04-30": "5.25", "2010-01-31": "4.41", "2009-10-31": "4.48", "2009-07-31": "3.38", "2009-04-30": "2.75", "2009-01-31": "1.36", "2008-10-31": "2.83", "2008-07-31": "4.75", "2008-04-30": "7.21"}, "price book": {"current": "20.13", "2021-02-05": "20.13", "2020-10-31": "19.24", "2020-07-31": "21.20", "2020-04-30": "15.85", "2020-01-31": "15.98", "2019-10-31": "16.14", "2019-07-31": "16.52", "2019-04-30": "16.81", "2019-01-31": "13.38", "2018-10-31": "13.25", "2018-07-31": "12.03", "2018-04-30": "8.28", "2018-01-31": "6.63", "2017-10-31": "5.86", "2017-07-31": "5.97", "2017-04-30": "5.28", "2017-01-31": "6.80", "2016-10-31": "6.52", "2016-07-31": "9.20", "2016-04-30": "7.91", "2016-01-31": "8.29", "2015-10-31": "6.47", "2015-07-31": "8.09", "2015-04-30": "7.88", "2015-01-31": "8.63", "2014-10-31": "5.46", "2014-07-31": "3.90", "2014-04-30": "4.70", "2014-01-31": "5.95", "2013-10-31": "7.63", "2013-07-31": "10.30", "2013-04-30": "11.83", "2013-01-31": "8.74", "2012-10-31": "10.02", "2012-07-31": "8.68", "2012-04-30": "12.28", "2012-01-31": "14.95", "2011-10-31": "15.32", "2011-07-31": "17.36", "2011-04-30": "15.70", "2011-01-31": "9.30", "2010-10-31": "9.63", "2010-07-31": "10.03", "2010-04-30": "9.94", "2010-01-31": "8.54", "2009-10-31": "9.17", "2009-07-31": "7.03", "2009-04-30": "5.82", "2009-01-31": "3.07", "2008-10-31": "7.06", "2008-07-31": "11.09", "2008-04-30": "17.21", "2008-01-31": "20.46", "2007-10-31": "36.65", "2007-07-31": "39.58"}, "price fcf": {"2021-02-05": "", "2020-10-31": "$3.21", "2020-07-31": "$3.26", "2020-04-30": "$2.62", "2020-01-31": "$2.95", "2019-10-31": "$1.74", "2019-07-31": "$2.27", "2019-04-30": "$2.85", "2019-01-31": "$3.86", "2018-10-31": "$3.46", "2018-07-31": "$2.99", "2018-04-30": "$2.45", "2018-01-31": "$2.43", "2017-10-31": "$1.96", "2017-07-31": "$1.89", "2017-04-30": "$1.62", "2017-01-31": "$1.73", "2016-10-31": "$1.63", "2016-07-31": "$1.55", "2016-04-30": "$1.25", "2016-01-31": "$1.10", "2015-10-31": "$0.22", "2015-07-31": "$0.62", "2015-04-30": "$0.99", "2015-01-31": "$1.35", "2014-10-31": "$1.56", "2014-07-31": "$1.49", "2014-04-30": "$1.46", "2014-01-31": "$1.18", "2013-10-31": "$1.16", "2013-07-31": "$1.30", "2013-04-30": "$1.29", "2013-01-31": "$1.28", "2012-10-31": "$1.21", "2012-07-31": "$1.19", "2012-04-30": "$1.06", "2012-01-31": "$0.56", "2011-10-31": "$0.22", "2011-07-31": "$0.41", "2011-04-30": "$0.43", "2011-01-31": "$0.95", "2010-10-31": "$0.79", "2010-07-31": "$0.63", "2010-04-30": "$0.77", "2010-01-31": "$0.72", "2009-10-31": "$0.35", "2009-07-31": "$0.24", "2009-04-30": "$0.15", "2009-01-31": "$0.02", "2008-10-31": "$0.08", "2008-07-31": "$-0.03", "2008-04-30": "$-0.12"}, "net worth": {"value": "$43.54B"}, "current ratio": {"current": "2.19", "2020-10-31": "2.19", "2020-07-31": "1.95", "2020-04-30": "2.68", "2020-01-31": "2.91", "2019-10-31": "2.53", "2019-07-31": "2.41", "2019-04-30": "2.33", "2019-01-31": "2.86", "2018-10-31": "3.07", "2018-07-31": "2.91", "2018-04-30": "5.43", "2018-01-31": "4.91", "2017-10-31": "4.94", "2017-07-31": "5.22", "2017-04-30": "5.50", "2017-01-31": "4.81", "2016-10-31": "4.81", "2016-07-31": "4.88", "2016-04-30": "4.80", "2016-01-31": "4.07", "2015-10-31": "4.46", "2015-07-31": "6.20", "2015-04-30": "6.78", "2015-01-31": "5.95", "2014-10-31": "6.39", "2014-07-31": "8.48", "2014-04-30": "9.30", "2014-01-31": "5.95", "2013-10-31": "9.31", "2013-07-31": "8.30", "2013-04-30": "8.47", "2013-01-31": "5.90", "2012-10-31": "7.03", "2012-07-31": "8.05", "2012-04-30": "7.88", "2012-01-31": "5.10", "2011-10-31": "5.19", "2011-07-31": "5.91", "2011-04-30": "5.93", "2011-01-31": "4.56", "2010-10-31": "4.85", "2010-07-31": "5.55", "2010-04-30": "5.12", "2010-01-31": "3.69", "2009-10-31": "4.21", "2009-07-31": "4.05", "2009-04-30": "4.16", "2009-01-31": "2.58", "2008-10-31": "2.30", "2008-07-31": "3.48", "2008-04-30": "3.21", "2008-01-31": "2.78", "2007-10-31": "2.57", "2007-07-31": "1.52", "2007-04-30": "0.00", "2006-10-31": "0.00", "2006-07-31": "0.00"}, "quick ratio": {"2020-10-31": "1.14", "2020-07-31": "1.07", "2020-04-30": "1.69", "2020-01-31": "2.08", "2019-10-31": "1.44", "2019-07-31": "1.52", "2019-04-30": "1.45", "2019-01-31": "2.05", "2018-10-31": "1.96", "2018-07-31": "2.04", "2018-04-30": "4.04", "2018-01-31": "3.78", "2017-10-31": "3.29", "2017-07-31": "3.81", "2017-04-30": "4.02", "2017-01-31": "3.57", "2016-10-31": "3.10", "2016-07-31": "3.47", "2016-04-30": "3.38", "2016-01-31": "2.81", "2015-10-31": "2.74", "2015-07-31": "4.31", "2015-04-30": "5.13", "2015-01-31": "4.65", "2014-10-31": "4.84", "2014-07-31": "6.94", "2014-04-30": "7.62", "2014-01-31": "4.65", "2013-10-31": "7.13", "2013-07-31": "6.69", "2013-04-30": "6.91", "2013-01-31": "4.74", "2012-10-31": "5.22", "2012-07-31": "6.38", "2012-04-30": "6.36", "2012-01-31": "4.09", "2011-10-31": "3.62", "2011-07-31": "4.54", "2011-04-30": "4.84", "2011-01-31": "3.89", "2010-10-31": "3.71", "2010-07-31": "4.12", "2010-04-30": "4.03", "2010-01-31": "2.94", "2009-10-31": "2.89", "2009-07-31": "2.73", "2009-04-30": "2.53", "2009-01-31": "1.43", "2008-10-31": "1.25", "2008-07-31": "1.94", "2008-04-30": "1.39", "2008-01-31": "1.73", "2007-10-31": "1.19", "2007-07-31": "0.57", "2007-04-30": "0.00", "2006-10-31": "0.00", "2006-07-31": "0.00"}, "debt equity ratio": {"current": "0.00", "2020-10-31": "0.68", "2020-07-31": "0.75", "2020-04-30": "0.74", "2020-01-31": "0.68", "2019-10-31": "0.73", "2019-07-31": "0.79", "2019-04-30": "0.80", "2019-01-31": "0.44", "2018-10-31": "0.41", "2018-07-31": "0.43", "2018-04-30": "0.23", "2018-01-31": "0.25", "2017-10-31": "0.21", "2017-07-31": "0.21", "2017-04-30": "0.19", "2017-01-31": "0.22", "2016-10-31": "0.23", "2016-07-31": "0.22", "2016-04-30": "0.23", "2016-01-31": "0.28", "2015-10-31": "0.25", "2015-07-31": "0.18", "2015-04-30": "0.17", "2015-01-31": "0.19", "2014-10-31": "0.18", "2014-07-31": "0.15", "2014-04-30": "0.14", "2014-01-31": "0.19", "2013-10-31": "0.13", "2013-07-31": "0.14", "2013-04-30": "0.13", "2013-01-31": "0.19", "2012-10-31": "0.16", "2012-07-31": "0.14", "2012-04-30": "0.14", "2012-01-31": "0.21", "2011-10-31": "0.20", "2011-07-31": "0.17", "2011-04-30": "0.18", "2011-01-31": "0.27", "2010-10-31": "0.28", "2010-07-31": "0.24", "2010-04-30": "0.24", "2010-01-31": "0.32", "2009-10-31": "0.28", "2009-07-31": "0.28", "2009-04-30": "0.24", "2009-01-31": "0.37", "2008-10-31": "0.41", "2008-07-31": "0.28", "2008-04-30": "0.31", "2008-01-31": "0.38", "2007-10-31": "0.44", "2007-07-31": "0.58", "2007-04-30": "0.00", "2006-10-31": "0.00", "2006-07-31": "0.00"}, "return on equity": {"2020-10-31": "28.07%", "2020-07-31": "29.04%", "2020-04-30": "33.29%", "2020-01-31": "39.91%", "2019-10-31": "37.93%", "2019-07-31": "37.30%", "2019-04-30": "36.46%", "2019-01-31": "33.26%", "2018-10-31": "25.84%", "2018-07-31": "23.43%", "2018-04-30": "20.03%", "2018-01-31": "17.97%", "2017-10-31": "19.90%", "2017-07-31": "21.39%", "2017-04-30": "22.81%", "2017-01-31": "24.96%", "2016-10-31": "25.12%", "2016-07-31": "24.57%", "2016-04-30": "24.36%", "2016-01-31": "24.59%", "2015-10-31": "23.69%", "2015-07-31": "24.19%", "2015-04-30": "24.11%", "2015-01-31": "21.58%", "2014-10-31": "21.49%", "2014-07-31": "22.24%", "2014-04-30": "23.68%", "2014-01-31": "27.61%", "2013-10-31": "28.97%", "2013-07-31": "30.19%", "2013-04-30": "32.62%", "2013-01-31": "35.36%", "2012-10-31": "33.90%", "2012-07-31": "34.25%", "2012-04-30": "34.32%", "2012-01-31": "35.20%", "2011-10-31": "35.13%", "2011-07-31": "36.26%", "2011-04-30": "37.01%", "2011-01-31": "38.38%", "2010-10-31": "34.26%", "2010-07-31": "34.04%", "2010-04-30": "32.61%", "2010-01-31": "30.09%", "2009-10-31": "23.67%", "2009-07-31": "22.50%", "2009-04-30": "25.33%", "2009-01-31": "28.16%", "2008-10-31": "33.66%", "2008-07-31": "35.82%", "2008-04-30": "37.40%", "2008-01-31": "48.67%", "2007-10-31": "50.33%", "2007-07-31": "98.11%"}, "return on assets": {"2020-10-31": "16.41%", "2020-07-31": "16.83%", "2020-04-30": "19.21%", "2020-01-31": "22.88%", "2019-10-31": "22.42%", "2019-07-31": "23.16%", "2019-04-30": "24.02%", "2019-01-31": "24.27%", "2018-10-31": "19.56%", "2018-07-31": "18.39%", "2018-04-30": "16.34%", "2018-01-31": "14.77%", "2017-10-31": "16.48%", "2017-07-31": "17.66%", "2017-04-30": "18.76%", "2017-01-31": "20.35%", "2016-10-31": "20.25%", "2016-07-31": "19.73%", "2016-04-30": "19.73%", "2016-01-31": "20.20%", "2015-10-31": "19.81%", "2015-07-31": "20.49%", "2015-04-30": "20.55%", "2015-01-31": "18.49%", "2014-10-31": "18.42%", "2014-07-31": "19.29%", "2014-04-30": "20.59%", "2014-01-31": "24.06%", "2013-10-31": "25.31%", "2013-07-31": "26.20%", "2013-04-30": "28.26%", "2013-01-31": "30.51%", "2012-10-31": "29.16%", "2012-07-31": "29.22%", "2012-04-30": "29.03%", "2012-01-31": "29.52%", "2011-10-31": "29.24%", "2011-07-31": "29.80%", "2011-04-30": "29.92%", "2011-01-31": "30.46%", "2010-10-31": "26.99%", "2010-07-31": "26.86%", "2010-04-30": "25.52%", "2010-01-31": "23.48%", "2009-10-31": "18.37%", "2009-07-31": "17.06%", "2009-04-30": "19.19%", "2009-01-31": "21.00%", "2008-10-31": "25.07%", "2008-07-31": "26.71%", "2008-04-30": "26.77%", "2008-01-31": "33.77%", "2007-10-31": "33.93%", "2007-07-31": "62.65%"}, "return on investments": {"2020-10-31": "inf%", "2020-07-31": "inf%", "2020-04-30": "inf%", "2020-01-31": "inf%", "2019-10-31": "inf%", "2019-07-31": "inf%", "2019-04-30": "inf%", "2019-01-31": "inf%", "2018-10-31": "inf%", "2018-07-31": "inf%", "2018-04-30": "inf%", "2018-01-31": "inf%", "2017-10-31": "inf%", "2017-07-31": "inf%", "2017-04-30": "inf%", "2017-01-31": "inf%", "2016-10-31": "inf%", "2016-07-31": "inf%", "2016-04-30": "inf%", "2016-01-31": "inf%", "2015-10-31": "inf%", "2015-07-31": "inf%", "2015-04-30": "inf%", "2015-01-31": "inf%", "2014-10-31": "inf%", "2014-07-31": "inf%", "2014-04-30": "inf%", "2014-01-31": "inf%", "2013-10-31": "inf%", "2013-07-31": "inf%", "2013-04-30": "inf%", "2013-01-31": "inf%", "2012-10-31": "inf%", "2012-07-31": "inf%", "2012-04-30": "inf%", "2012-01-31": "inf%", "2011-10-31": "inf%", "2011-07-31": "inf%", "2011-04-30": "inf%", "2011-01-31": "inf%", "2010-10-31": "inf%", "2010-07-31": "inf%", "2010-04-30": "inf%", "2010-01-31": "inf%", "2009-10-31": "inf%", "2009-07-31": "inf%", "2009-04-30": "inf%", "2009-01-31": "inf%", "2008-10-31": "inf%", "2008-07-31": "inf%", "2008-04-30": "inf%", "2008-01-31": "inf%", "2007-10-31": "inf%", "2007-07-31": "inf%"}, "return on tangible equity": {"2020-10-31": "32.05%", "2020-07-31": "31.33%", "2020-04-30": "33.77%", "2020-01-31": "40.51%", "2019-10-31": "38.56%", "2019-07-31": "37.93%", "2019-04-30": "37.11%", "2019-01-31": "33.82%", "2018-10-31": "26.27%", "2018-07-31": "23.82%", "2018-04-30": "20.36%", "2018-01-31": "18.29%", "2017-10-31": "20.27%", "2017-07-31": "21.80%", "2017-04-30": "23.26%", "2017-01-31": "25.48%", "2016-10-31": "25.67%", "2016-07-31": "25.14%", "2016-04-30": "24.93%", "2016-01-31": "25.17%", "2015-10-31": "24.26%", "2015-07-31": "24.78%", "2015-04-30": "24.71%", "2015-01-31": "22.13%", "2014-10-31": "22.04%", "2014-07-31": "22.83%", "2014-04-30": "24.33%", "2014-01-31": "28.42%", "2013-10-31": "29.88%", "2013-07-31": "31.24%", "2013-04-30": "33.87%", "2013-01-31": "36.85%", "2012-10-31": "35.50%", "2012-07-31": "36.05%", "2012-04-30": "36.26%", "2012-01-31": "37.38%", "2011-10-31": "37.46%", "2011-07-31": "38.85%", "2011-04-30": "39.91%", "2011-01-31": "41.14%", "2010-10-31": "36.43%", "2010-07-31": "35.82%", "2010-04-30": "33.89%", "2010-01-31": "31.44%", "2009-10-31": "24.85%", "2009-07-31": "23.68%", "2009-04-30": "26.76%", "2009-01-31": "29.89%", "2008-10-31": "35.91%", "2008-07-31": "38.53%", "2008-04-30": "40.91%", "2008-01-31": "53.78%", "2007-10-31": "56.72%", "2007-07-31": "115.56%"}, "dividend yield history": {"last payout": "$0.00", "last yield": "0.00%"}}