{"ticker": "LUMN", "price": {"title": "Lumen Technologies Historical Annual Stock Price Data", "value": 11.5, "historical": {"2021": {"Average Stock Price": "11.5693", "Year Open": "9.7200", "Year High": "15.3600", "Year Low": "9.7200", "Year Close": "11.5000", "Annual % Change": "17.95%"}, "2020": {"Average Stock Price": "10.6796", "Year Open": "12.9200", "Year High": "15.1600", "Year Low": "8.6200", "Year Close": "9.7500", "Annual % Change": "-26.19%"}, "2019": {"Average Stock Price": "12.5979", "Year Open": "15.4400", "Year High": "16.7200", "Year Low": "9.6600", "Year Close": "13.2100", "Annual % Change": "-12.81%"}, "2018": {"Average Stock Price": "18.8888", "Year Open": "17.4100", "Year High": "23.9800", "Year Low": "14.5200", "Year Close": "15.1500", "Annual % Change": "-9.17%"}, "2017": {"Average Stock Price": "21.8731", "Year Open": "25.3500", "Year High": "27.3100", "Year Low": "13.6200", "Year Close": "16.6800", "Annual % Change": "-29.86%"}, "2016": {"Average Stock Price": "27.9507", "Year Open": "25.1100", "Year High": "32.8000", "Year Low": "22.2400", "Year Close": "23.7800", "Annual % Change": "-5.48%"}, "2015": {"Average Stock Price": "31.3971", "Year Open": "39.5900", "Year High": "40.5200", "Year Low": "24.3800", "Year Close": "25.1600", "Annual % Change": "-36.43%"}, "2014": {"Average Stock Price": "36.5204", "Year Open": "31.6500", "Year High": "41.8100", "Year Low": "28.0900", "Year Close": "39.5800", "Annual % Change": "24.27%"}, "2013": {"Average Stock Price": "34.9147", "Year Open": "40.1800", "Year High": "41.7600", "Year Low": "30.3000", "Year Close": "31.8500", "Annual % Change": "-18.58%"}, "2012": {"Average Stock Price": "39.2741", "Year Open": "37.3300", "Year High": "42.9500", "Year Low": "36.5900", "Year Close": "39.1200", "Annual % Change": "5.16%"}, "2011": {"Average Stock Price": "38.6274", "Year Open": "46.5800", "Year High": "46.7300", "Year Low": "31.8200", "Year Close": "37.2000", "Annual % Change": "-19.43%"}, "2010": {"Average Stock Price": "37.1323", "Year Open": "36.6600", "Year High": "46.8000", "Year Low": "32.9300", "Year Close": "46.1700", "Annual % Change": "27.51%"}, "2009": {"Average Stock Price": "30.6500", "Year Open": "28.4200", "Year High": "36.8200", "Year Low": "23.5600", "Year Close": "36.2100", "Annual % Change": "32.49%"}, "2008": {"Average Stock Price": "33.7316", "Year Open": "40.7700", "Year High": "41.5800", "Year Low": "21.8100", "Year Close": "27.3300", "Annual % Change": "-34.08%"}, "2007": {"Average Stock Price": "45.5216", "Year Open": "43.7300", "Year High": "49.5200", "Year Low": "40.3000", "Year Close": "41.4600", "Annual % Change": "-5.04%"}, "2006": {"Average Stock Price": "38.2039", "Year Open": "33.1100", "Year High": "43.7900", "Year Low": "32.8400", "Year Close": "43.6600", "Annual % Change": "31.66%"}, "2005": {"Average Stock Price": "33.4458", "Year Open": "34.8000", "Year High": "36.2800", "Year Low": "30.2600", "Year Close": "33.1600", "Annual % Change": "-6.51%"}, "2004": {"Average Stock Price": "30.9335", "Year Open": "32.7400", "Year High": "35.4900", "Year Low": "26.3300", "Year Close": "35.4700", "Annual % Change": "8.74%"}, "2003": {"Average Stock Price": "32.0260", "Year Open": "30.3100", "Year High": "36.6300", "Year Low": "25.5100", "Year Close": "32.6200", "Annual % Change": "11.03%"}, "2002": {"Average Stock Price": "29.4092", "Year Open": "32.8800", "Year High": "35.2000", "Year Low": "22.1800", "Year Close": "29.3800", "Annual % Change": "-10.43%"}, "2001": {"Average Stock Price": "31.4127", "Year Open": "35.9400", "Year High": "39.0000", "Year Low": "26.1800", "Year Close": "32.8000", "Annual % Change": "-8.25%"}, "2000": {"Average Stock Price": "33.0432", "Year Open": "45.2500", "Year High": "45.3800", "Year Low": "24.5000", "Year Close": "35.7500", "Annual % Change": "-24.55%"}, "1999": {"Average Stock Price": "42.2756", "Year Open": "44.8733", "Year High": "48.8733", "Year Low": "36.4400", "Year Close": "47.3800", "Annual % Change": "5.29%"}, "1998": {"Average Stock Price": "31.2635", "Year Open": "21.9467", "Year High": "45.0000", "Year Low": "21.7511", "Year Close": "45.0000", "Annual % Change": "103.27%"}, "1997": {"Average Stock Price": "16.0591", "Year Open": "13.3333", "Year High": "22.3600", "Year Low": "12.7778", "Year Close": "22.1378", "Annual % Change": "61.35%"}, "1996": {"Average Stock Price": "14.5593", "Year Open": "14.4444", "Year High": "15.6667", "Year Low": "12.8311", "Year Close": "13.7200", "Annual % Change": "-2.77%"}, "1995": {"Average Stock Price": "13.2923", "Year Open": "13.2222", "Year High": "14.6667", "Year Low": "12.1111", "Year Close": "14.1111", "Annual % Change": "7.63%"}, "1994": {"Average Stock Price": "12.0952", "Year Open": "11.3911", "Year High": "14.2222", "Year Low": "9.8889", "Year Close": "13.1111", "Annual % Change": "14.56%"}, "1993": {"Average Stock Price": "12.9648", "Year Open": "12.3333", "Year High": "14.5556", "Year Low": "10.6133", "Year Close": "11.4444", "Annual % Change": "-9.90%"}, "1992": {"Average Stock Price": "10.1162", "Year Open": "8.7407", "Year High": "12.7022", "Year Low": "8.2222", "Year Close": "12.7022", "Annual % Change": "41.11%"}, "1991": {"Average Stock Price": "8.3624", "Year Open": "8.8889", "Year High": "9.5911", "Year Low": "7.0726", "Year Close": "9.0015", "Annual % Change": "-3.56%"}, "1990": {"Average Stock Price": "8.0519", "Year Open": "10.5570", "Year High": "10.5926", "Year Low": "6.5570", "Year Close": "9.3333", "Annual % Change": "-12.50%"}, "1989": {"Average Stock Price": "8.4797", "Year Open": "5.9516", "Year High": "10.6667", "Year Low": "5.9516", "Year Close": "10.6667", "Annual % Change": "71.43%"}, "1988": {"Average Stock Price": "4.1486", "Year Open": "2.7167", "Year High": "6.2222", "Year Low": "2.5679", "Year Close": "6.2222", "Annual % Change": "127.71%"}}}, "market cap": {"value": "$13.78B"}, "income statement": {"Revenue": {"2019-12-31": "22401.00000", "2018-12-31": "23443.00000", "2017-12-31": "17656.00000", "2016-12-31": "17470.00000", "2015-12-31": "17900.00000", "2014-12-31": "18031.00000", "2013-12-31": "18095.00000", "2012-12-31": "18376.00000", "2011-12-31": "15351.00000", "2010-12-31": "7042.00000", "2009-12-31": "4974.00000", "2008-12-31": "2599.74700", "2007-12-31": "2656.24100", "2006-12-31": "2447.73000", "2005-12-31": "2479.25200"}, "Cost Of Goods Sold": {"2019-12-31": "10077.00000", "2018-12-31": "10862.00000", "2017-12-31": "8203.00000", "2016-12-31": "7774.00000", "2015-12-31": "7778.00000", "2014-12-31": "7846.00000", "2013-12-31": "7507.00000", "2012-12-31": "7639.00000", "2011-12-31": "6325.00000", "2010-12-31": "2544.00000", "2009-12-31": "1801.00000", "2008-12-31": "955.47300", "2007-12-31": "937.37500", "2006-12-31": "888.41400", "2005-12-31": "821.92900"}, "Gross Profit": {"2019-12-31": "12324.00000", "2018-12-31": "12581.00000", "2017-12-31": "9453.00000", "2016-12-31": "9696.00000", "2015-12-31": "10122.00000", "2014-12-31": "10185.00000", "2013-12-31": "10588.00000", "2012-12-31": "10737.00000", "2011-12-31": "9026.00000", "2010-12-31": "4498.00000", "2009-12-31": "3173.00000", "2008-12-31": "1644.27400", "2007-12-31": "1718.86600", "2006-12-31": "1559.31600", "2005-12-31": "1657.32300"}, "Research And Development Expenses": {"2019-12-31": "", "2018-12-31": "", "2017-12-31": "", "2016-12-31": "", "2015-12-31": "", "2014-12-31": "", "2013-12-31": "", "2012-12-31": "", "2011-12-31": "", "2010-12-31": "", "2009-12-31": "", "2008-12-31": "", "2007-12-31": "", "2006-12-31": "", "2005-12-31": ""}, "SG&A Expenses": {"2019-12-31": "3715.00000", "2018-12-31": "4165.00000", "2017-12-31": "3508.00000", "2016-12-31": "3447.00000", "2015-12-31": "3354.00000", "2014-12-31": "3347.00000", "2013-12-31": "3502.00000", "2012-12-31": "3244.00000", "2011-12-31": "2975.00000", "2010-12-31": "1004.00000", "2009-12-31": "965.00000", "2008-12-31": "399.13600", "2007-12-31": "389.53300", "2006-12-31": "370.27200", "2005-12-31": "388.98900"}, "Other Operating Income Or Expenses": {"2019-12-31": "-6506.00000", "2018-12-31": "-2726.00000", "2017-12-31": "", "2016-12-31": "", "2015-12-31": "", "2014-12-31": "", "2013-12-31": "-1092.00000", "2012-12-31": "0.00000", "2011-12-31": "0.00000", "2010-12-31": "", "2009-12-31": "", "2008-12-31": "", "2007-12-31": "", "2006-12-31": "", "2005-12-31": ""}, "Operating Expenses": {"2019-12-31": "25127.00000", "2018-12-31": "22873.00000", "2017-12-31": "15647.00000", "2016-12-31": "15137.00000", "2015-12-31": "15321.00000", "2014-12-31": "15621.00000", "2013-12-31": "16642.00000", "2012-12-31": "15663.00000", "2011-12-31": "13326.00000", "2010-12-31": "4982.00000", "2009-12-31": "3741.00000", "2008-12-31": "1878.39500", "2007-12-31": "1863.16300", "2006-12-31": "1782.19200", "2005-12-31": "1742.84900"}, "Operating Income": {"2019-12-31": "-2726.00000", "2018-12-31": "570.00000", "2017-12-31": "2009.00000", "2016-12-31": "2333.00000", "2015-12-31": "2579.00000", "2014-12-31": "2410.00000", "2013-12-31": "1453.00000", "2012-12-31": "2713.00000", "2011-12-31": "2025.00000", "2010-12-31": "2060.00000", "2009-12-31": "1233.00000", "2008-12-31": "721.35210", "2007-12-31": "793.07800", "2006-12-31": "665.53810", "2005-12-31": "736.40280"}, "Total Non-Operating Income/Expense": {"2019-12-31": "-2040.00000", "2018-12-31": "-2133.00000", "2017-12-31": "-1469.00000", "2016-12-31": "-1313.00000", "2015-12-31": "-1263.00000", "2014-12-31": "-1300.00000", "2013-12-31": "-1229.00000", "2012-12-31": "-1463.00000", "2011-12-31": "-1077.00000", "2010-12-31": "-529.00000", "2009-12-31": "-420.00000", "2008-12-31": "-159.96500", "2007-12-31": "-172.87700", "2006-12-31": "-74.38900", "2005-12-31": "-198.63300"}, "Pre-Tax Income": {"2019-12-31": "-4766.00000", "2018-12-31": "-1563.00000", "2017-12-31": "540.00000", "2016-12-31": "1020.00000", "2015-12-31": "1316.00000", "2014-12-31": "1110.00000", "2013-12-31": "224.00000", "2012-12-31": "1250.00000", "2011-12-31": "948.00000", "2010-12-31": "1531.00000", "2009-12-31": "813.00000", "2008-12-31": "561.38700", "2007-12-31": "620.20100", "2006-12-31": "591.14900", "2005-12-31": "537.77000"}, "Income Taxes": {"2019-12-31": "503.00000", "2018-12-31": "170.00000", "2017-12-31": "-849.00000", "2016-12-31": "394.00000", "2015-12-31": "438.00000", "2014-12-31": "338.00000", "2013-12-31": "463.00000", "2012-12-31": "473.00000", "2011-12-31": "375.00000", "2010-12-31": "583.00000", "2009-12-31": "302.00000", "2008-12-31": "194.35700", "2007-12-31": "200.57200", "2006-12-31": "221.12200", "2005-12-31": "203.29100"}, "Income After Taxes": {"2019-12-31": "-5269.00000", "2018-12-31": "-1733.00000", "2017-12-31": "1389.00000", "2016-12-31": "626.00000", "2015-12-31": "878.00000", "2014-12-31": "772.00000", "2013-12-31": "-239.00000", "2012-12-31": "777.00000", "2011-12-31": "573.00000", "2010-12-31": "948.00000", "2009-12-31": "511.00000", "2008-12-31": "367.03000", "2007-12-31": "419.62900", "2006-12-31": "370.02700", "2005-12-31": "334.47900"}, "Other Income": {"2019-12-31": "", "2018-12-31": "", "2017-12-31": "", "2016-12-31": "", "2015-12-31": "", "2014-12-31": "", "2013-12-31": "", "2012-12-31": "", "2011-12-31": "", "2010-12-31": "", "2009-12-31": "", "2008-12-31": "", "2007-12-31": "", "2006-12-31": "", "2005-12-31": ""}, "Income From Continuous Operations": {"2019-12-31": "-5269.00000", "2018-12-31": "-1733.00000", "2017-12-31": "1389.00000", "2016-12-31": "626.00000", "2015-12-31": "878.00000", "2014-12-31": "772.00000", "2013-12-31": "-239.00000", "2012-12-31": "777.00000", "2011-12-31": "573.00000", "2010-12-31": "948.00000", "2009-12-31": "511.00000", "2008-12-31": "367.03000", "2007-12-31": "419.62900", "2006-12-31": "370.02700", "2005-12-31": "334.47900"}, "Income From Discontinued Operations": {"2019-12-31": "", "2018-12-31": "", "2017-12-31": "", "2016-12-31": "", "2015-12-31": "", "2014-12-31": "", "2013-12-31": "", "2012-12-31": "", "2011-12-31": "", "2010-12-31": "", "2009-12-31": "", "2008-12-31": "", "2007-12-31": "", "2006-12-31": "", "2005-12-31": ""}, "Net Income": {"2019-12-31": "-5269.00000", "2018-12-31": "-1733.00000", "2017-12-31": "1389.00000", "2016-12-31": "626.00000", "2015-12-31": "878.00000", "2014-12-31": "772.00000", "2013-12-31": "-239.00000", "2012-12-31": "776.00000", "2011-12-31": "571.00000", "2010-12-31": "942.00000", "2009-12-31": "643.00000", "2008-12-31": "365.73200", "2007-12-31": "418.37000", "2006-12-31": "370.02700", "2005-12-31": "334.47900"}, "EBITDA": {"2019-12-31": "2103.00000", "2018-12-31": "5690.00000", "2017-12-31": "5945.00000", "2016-12-31": "6251.00000", "2015-12-31": "6765.00000", "2014-12-31": "6817.00000", "2013-12-31": "5948.00000", "2012-12-31": "7405.00000", "2011-12-31": "5903.00000", "2010-12-31": "3495.00000", "2009-12-31": "2219.00000", "2008-12-31": "1245.13800", "2007-12-31": "1329.33300", "2006-12-31": "1189.04400", "2005-12-31": "1268.33400"}, "EBIT": {"2019-12-31": "-2726.00000", "2018-12-31": "570.00000", "2017-12-31": "2009.00000", "2016-12-31": "2333.00000", "2015-12-31": "2579.00000", "2014-12-31": "2410.00000", "2013-12-31": "1453.00000", "2012-12-31": "2713.00000", "2011-12-31": "2025.00000", "2010-12-31": "2060.00000", "2009-12-31": "1233.00000", "2008-12-31": "721.35210", "2007-12-31": "793.07800", "2006-12-31": "665.53810", "2005-12-31": "736.40280"}, "Basic Shares Outstanding": {"2019-12-31": "1071.44100", "2018-12-31": "1065.86600", "2017-12-31": "627.80800", "2016-12-31": "539.54900", "2015-12-31": "554.27800", "2014-12-31": "568.43500", "2013-12-31": "600.89200", "2012-12-31": "620.20500", "2011-12-31": "532.78000", "2010-12-31": "300.61900", "2009-12-31": "198.81300", "2008-12-31": "102.26800", "2007-12-31": "109.36000", "2006-12-31": "116.67100", "2005-12-31": "130.84100"}, "Shares Outstanding": {"2019-12-31": "1071.44100", "2018-12-31": "1065.86600", "2017-12-31": "628.69300", "2016-12-31": "540.67900", "2015-12-31": "555.09300", "2014-12-31": "569.73900", "2013-12-31": "600.89200", "2012-12-31": "622.28500", "2011-12-31": "534.12100", "2010-12-31": "301.29700", "2009-12-31": "199.05700", "2008-12-31": "102.56000", "2007-12-31": "112.78700", "2006-12-31": "122.22900", "2005-12-31": "136.08700"}, "Basic EPS": {"2019-12-31": "-4.92000", "2018-12-31": "-1.63000", "2017-12-31": "2.21000", "2016-12-31": "1.16000", "2015-12-31": "1.58000", "2014-12-31": "1.36000", "2013-12-31": "-0.40000", "2012-12-31": "1.25000", "2011-12-31": "1.07000", "2010-12-31": "3.13000", "2009-12-31": "3.23000", "2008-12-31": "3.53000", "2007-12-31": "3.79000", "2006-12-31": "3.17000", "2005-12-31": "2.55000"}, "EPS - Earnings Per Share": {"2019-12-31": "-4.92000", "2018-12-31": "-1.63000", "2017-12-31": "2.21000", "2016-12-31": "1.16000", "2015-12-31": "1.58000", "2014-12-31": "1.36000", "2013-12-31": "-0.40000", "2012-12-31": "1.25000", "2011-12-31": "1.07000", "2010-12-31": "3.13000", "2009-12-31": "3.23000", "2008-12-31": "3.52000", "2007-12-31": "3.71000", "2006-12-31": "3.07000", "2005-12-31": "2.49000"}}, "income statement, quarterly": {"Revenue": {"2020-09-30": "5167.00000", "2020-06-30": "5192.00000", "2020-03-31": "5228.00000", "2019-12-31": "6249.00000", "2019-09-30": "5350.00000", "2019-06-30": "5375.00000", "2019-03-31": "5427.00000", "2018-12-31": "5778.00000", "2018-09-30": "5818.00000", "2018-06-30": "5902.00000", "2018-03-31": "5945.00000", "2017-12-31": "5323.00000", "2017-09-30": "4034.00000", "2017-06-30": "4090.00000", "2017-03-31": "4209.00000", "2016-12-31": "4289.00000", "2016-09-30": "4382.00000", "2016-06-30": "4398.00000", "2016-03-31": "4401.00000", "2015-12-31": "4476.00000", "2015-09-30": "4554.00000", "2015-06-30": "4419.00000", "2015-03-31": "4451.00000", "2014-12-31": "4438.00000", "2014-09-30": "4514.00000", "2014-06-30": "4541.00000", "2014-03-31": "4538.00000", "2013-12-31": "4542.00000", "2013-09-30": "4515.00000", "2013-06-30": "4525.00000", "2013-03-31": "4513.00000", "2012-12-31": "4583.00000", "2012-09-30": "4571.00000", "2012-06-30": "4612.00000", "2012-03-31": "4610.00000", "2011-12-31": "4653.00000", "2011-09-30": "4596.00000", "2011-06-30": "4406.00000", "2011-03-31": "1696.00000", "2010-12-31": "1721.57400", "2010-09-30": "1748.00000", "2010-06-30": "1772.00000", "2010-03-31": "1800.42600", "2009-12-31": "1828.82100", "2009-09-30": "1874.32500", "2009-06-30": "634.46900", "2009-03-31": "636.38500", "2008-12-31": "642.95410", "2008-09-30": "650.07300", "2008-06-30": "658.10600", "2008-03-31": "648.61400", "2007-12-31": "656.56200", "2007-09-30": "708.83300", "2007-06-30": "689.99100", "2007-03-31": "600.85500", "2006-12-31": "607.69510", "2006-09-30": "619.83700", "2006-06-30": "608.90700", "2006-03-31": "611.29100", "2005-12-31": "620.47190", "2005-09-30": "657.08500", "2005-06-30": "606.41300", "2005-03-31": "595.28200"}, "Cost Of Goods Sold": {"2020-09-30": "2236.00000", "2020-06-30": "2232.00000", "2020-03-31": "2235.00000", "2019-12-31": "3200.00000", "2019-09-30": "2334.00000", "2019-06-30": "2243.00000", "2019-03-31": "2300.00000", "2018-12-31": "2657.00000", "2018-09-30": "2672.00000", "2018-06-30": "2730.00000", "2018-03-31": "2803.00000", "2017-12-31": "2498.00000", "2017-09-30": "1927.00000", "2017-06-30": "1890.00000", "2017-03-31": "1888.00000", "2016-12-31": "1929.00000", "2016-09-30": "1996.00000", "2016-06-30": "1949.00000", "2016-03-31": "1900.00000", "2015-12-31": "1915.00000", "2015-09-30": "1993.00000", "2015-06-30": "1959.00000", "2015-03-31": "1911.00000", "2014-12-31": "1974.00000", "2014-09-30": "1975.00000", "2014-06-30": "1962.00000", "2014-03-31": "1935.00000", "2013-12-31": "1920.00000", "2013-09-30": "1918.00000", "2013-06-30": "1873.00000", "2013-03-31": "1796.00000", "2012-12-31": "1907.00000", "2012-09-30": "1943.00000", "2012-06-30": "1912.00000", "2012-03-31": "1877.00000", "2011-12-31": "1968.00000", "2011-09-30": "1950.00000", "2011-06-30": "1781.00000", "2011-03-31": "626.00000", "2010-12-31": "656.89500", "2010-09-30": "641.00000", "2010-06-30": "627.00000", "2010-03-31": "619.10500", "2009-12-31": "645.77200", "2009-09-30": "684.86500", "2009-06-30": "235.73200", "2009-03-31": "234.63100", "2008-12-31": "235.79200", "2008-09-30": "242.24300", "2008-06-30": "239.62600", "2008-03-31": "237.81200", "2007-12-31": "251.02600", "2007-09-30": "246.43000", "2007-06-30": "226.38800", "2007-03-31": "213.53100", "2006-12-31": "223.13200", "2006-09-30": "226.53600", "2006-06-30": "216.19100", "2006-03-31": "222.55500", "2005-12-31": "212.33900", "2005-09-30": "222.72400", "2005-06-30": "194.87300", "2005-03-31": "191.99300"}, "Gross Profit": {"2020-09-30": "2931.00000", "2020-06-30": "2960.00000", "2020-03-31": "2993.00000", "2019-12-31": "3049.00000", "2019-09-30": "3016.00000", "2019-06-30": "3132.00000", "2019-03-31": "3127.00000", "2018-12-31": "3121.00000", "2018-09-30": "3146.00000", "2018-06-30": "3172.00000", "2018-03-31": "3142.00000", "2017-12-31": "2825.00000", "2017-09-30": "2107.00000", "2017-06-30": "2200.00000", "2017-03-31": "2321.00000", "2016-12-31": "2360.00000", "2016-09-30": "2386.00000", "2016-06-30": "2449.00000", "2016-03-31": "2501.00000", "2015-12-31": "2561.00000", "2015-09-30": "2561.00000", "2015-06-30": "2460.00000", "2015-03-31": "2540.00000", "2014-12-31": "2464.00000", "2014-09-30": "2539.00000", "2014-06-30": "2579.00000", "2014-03-31": "2603.00000", "2013-12-31": "2622.00000", "2013-09-30": "2597.00000", "2013-06-30": "2652.00000", "2013-03-31": "2717.00000", "2012-12-31": "2676.00000", "2012-09-30": "2628.00000", "2012-06-30": "2700.00000", "2012-03-31": "2733.00000", "2011-12-31": "2685.00000", "2011-09-30": "2646.00000", "2011-06-30": "2625.00000", "2011-03-31": "1070.00000", "2010-12-31": "1064.67900", "2010-09-30": "1107.00000", "2010-06-30": "1145.00000", "2010-03-31": "1181.32100", "2009-12-31": "1183.04900", "2009-09-30": "1189.46000", "2009-06-30": "398.73700", "2009-03-31": "401.75400", "2008-12-31": "407.16200", "2008-09-30": "407.83000", "2008-06-30": "418.48000", "2008-03-31": "410.80200", "2007-12-31": "405.53600", "2007-09-30": "462.40300", "2007-06-30": "463.60300", "2007-03-31": "387.32400", "2006-12-31": "384.56300", "2006-09-30": "393.30100", "2006-06-30": "392.71600", "2006-03-31": "388.73600", "2005-12-31": "408.13290", "2005-09-30": "434.36100", "2005-06-30": "411.54000", "2005-03-31": "403.28900"}, "Research And Development Expenses": {"2020-09-30": "", "2020-06-30": "", "2020-03-31": "", "2019-12-31": "", "2019-09-30": "", "2019-06-30": "", "2019-03-31": "", "2018-12-31": "", "2018-09-30": "", "2018-06-30": "", "2018-03-31": "", "2017-12-31": "", "2017-09-30": "", "2017-06-30": "", "2017-03-31": "", "2016-12-31": "", "2016-09-30": "", "2016-06-30": "", "2016-03-31": "", "2015-12-31": "", "2015-09-30": "", "2015-06-30": "", "2015-03-31": "", "2014-12-31": "", "2014-09-30": "", "2014-06-30": "", "2014-03-31": "", "2013-12-31": "", "2013-09-30": "", "2013-06-30": "", "2013-03-31": "", "2012-12-31": "", "2012-09-30": "", "2012-06-30": "", "2012-03-31": "", "2011-12-31": "", "2011-09-30": "", "2011-06-30": "", "2011-03-31": "", "2010-12-31": "", "2010-09-30": "", "2010-06-30": "", "2010-03-31": "", "2009-12-31": "", "2009-09-30": "", "2009-06-30": "", "2009-03-31": "", "2008-12-31": "", "2008-09-30": "", "2008-06-30": "", "2008-03-31": "", "2007-12-31": "", "2007-09-30": "", "2007-06-30": "", "2007-03-31": "", "2006-12-31": "", "2006-09-30": "", "2006-06-30": "", "2006-03-31": "", "2005-12-31": "", "2005-09-30": "", "2005-06-30": "", "2005-03-31": ""}, "SG&A Expenses": {"2020-09-30": "850.00000", "2020-06-30": "895.00000", "2020-03-31": "853.00000", "2019-12-31": "992.00000", "2019-09-30": "831.00000", "2019-06-30": "960.00000", "2019-03-31": "932.00000", "2018-12-31": "974.00000", "2018-09-30": "967.00000", "2018-06-30": "1115.00000", "2018-03-31": "1109.00000", "2017-12-31": "1104.00000", "2017-09-30": "710.00000", "2017-06-30": "884.00000", "2017-03-31": "810.00000", "2016-12-31": "997.00000", "2016-09-30": "798.00000", "2016-06-30": "815.00000", "2016-03-31": "837.00000", "2015-12-31": "783.00000", "2015-09-30": "857.00000", "2015-06-30": "863.00000", "2015-03-31": "851.00000", "2014-12-31": "850.00000", "2014-09-30": "823.00000", "2014-06-30": "831.00000", "2014-03-31": "843.00000", "2013-12-31": "823.00000", "2013-09-30": "1047.00000", "2013-06-30": "814.00000", "2013-03-31": "818.00000", "2012-12-31": "790.00000", "2012-09-30": "748.00000", "2012-06-30": "835.00000", "2012-03-31": "871.00000", "2011-12-31": "900.00000", "2011-09-30": "870.00000", "2011-06-30": "968.00000", "2011-03-31": "237.00000", "2010-12-31": "214.07100", "2010-09-30": "243.00000", "2010-06-30": "264.00000", "2010-03-31": "282.92900", "2009-12-31": "286.13800", "2009-09-30": "448.27500", "2009-06-30": "120.74200", "2009-03-31": "109.84500", "2008-12-31": "101.92400", "2008-09-30": "98.75100", "2008-06-30": "106.83600", "2008-03-31": "91.62500", "2007-12-31": "99.00800", "2007-09-30": "101.61200", "2007-06-30": "97.45600", "2007-03-31": "91.45700", "2006-12-31": "84.52400", "2006-09-30": "94.21200", "2006-06-30": "95.59600", "2006-03-31": "95.94000", "2005-12-31": "99.93600", "2005-09-30": "99.59300", "2005-06-30": "95.20600", "2005-03-31": "94.25400"}, "Other Operating Income Or Expenses": {"2020-09-30": "", "2020-06-30": "", "2020-03-31": "", "2019-12-31": "", "2019-09-30": "", "2019-06-30": "", "2019-03-31": "-6506.00000", "2018-12-31": "", "2018-09-30": "", "2018-06-30": "", "2018-03-31": "", "2017-12-31": "", "2017-09-30": "", "2017-06-30": "", "2017-03-31": "", "2016-12-31": "", "2016-09-30": "", "2016-06-30": "", "2016-03-31": "", "2015-12-31": "", "2015-09-30": "", "2015-06-30": "", "2015-03-31": "", "2014-12-31": "", "2014-09-30": "", "2014-06-30": "", "2014-03-31": "", "2013-12-31": "8.00000", "2013-09-30": "-1100.00000", "2013-06-30": "", "2013-03-31": "", "2012-12-31": "", "2012-09-30": "", "2012-06-30": "", "2012-03-31": "", "2011-12-31": "", "2011-09-30": "", "2011-06-30": "", "2011-03-31": "", "2010-12-31": "", "2010-09-30": "", "2010-06-30": "", "2010-03-31": "", "2009-12-31": "", "2009-09-30": "", "2009-06-30": "", "2009-03-31": "", "2008-12-31": "", "2008-09-30": "", "2008-06-30": "", "2008-03-31": "", "2007-12-31": "", "2007-09-30": "", "2007-06-30": "", "2007-03-31": "", "2006-12-31": "", "2006-09-30": "", "2006-06-30": "", "2006-03-31": "", "2005-12-31": "", "2005-09-30": "", "2005-06-30": "", "2005-03-31": ""}, "Operating Expenses": {"2020-09-30": "4279.00000", "2020-06-30": "4289.00000", "2020-03-31": "4248.00000", "2019-12-31": "5402.00000", "2019-09-30": "4400.00000", "2019-06-30": "4399.00000", "2019-03-31": "10926.00000", "2018-12-31": "7619.00000", "2018-09-30": "4924.00000", "2018-06-30": "5135.00000", "2018-03-31": "5195.00000", "2017-12-31": "4799.00000", "2017-09-30": "3547.00000", "2017-06-30": "3723.00000", "2017-03-31": "3578.00000", "2016-12-31": "3884.00000", "2016-09-30": "3789.00000", "2016-06-30": "3751.00000", "2016-03-31": "3713.00000", "2015-12-31": "3751.00000", "2015-09-30": "3898.00000", "2015-06-30": "3870.00000", "2015-03-31": "3802.00000", "2014-12-31": "3955.00000", "2014-09-30": "3895.00000", "2014-06-30": "3886.00000", "2014-03-31": "3885.00000", "2013-12-31": "3901.00000", "2013-09-30": "5200.00000", "2013-06-30": "3810.00000", "2013-03-31": "3731.00000", "2012-12-31": "3917.00000", "2012-09-30": "3835.00000", "2012-06-30": "3955.00000", "2012-03-31": "3956.00000", "2011-12-31": "4120.00000", "2011-09-30": "4048.00000", "2011-06-30": "3926.00000", "2011-03-31": "1232.00000", "2010-12-31": "1235.80400", "2010-09-30": "1242.00000", "2010-06-30": "1249.00000", "2010-03-31": "1255.19600", "2009-12-31": "1288.58400", "2009-09-30": "1495.34200", "2009-06-30": "485.02600", "2009-03-31": "472.04800", "2008-12-31": "466.51210", "2008-09-30": "469.34600", "2008-06-30": "477.41600", "2008-03-31": "465.12100", "2007-12-31": "487.58790", "2007-09-30": "484.64800", "2007-06-30": "458.15500", "2007-03-31": "432.77200", "2006-12-31": "434.01590", "2006-09-30": "450.89500", "2006-06-30": "443.91400", "2006-03-31": "453.36700", "2005-12-31": "448.05310", "2005-09-30": "455.84300", "2005-06-30": "420.53100", "2005-03-31": "418.42200"}, "Operating Income": {"2020-09-30": "888.00000", "2020-06-30": "903.00000", "2020-03-31": "980.00000", "2019-12-31": "847.00000", "2019-09-30": "950.00000", "2019-06-30": "976.00000", "2019-03-31": "-5499.00000", "2018-12-31": "-1841.00000", "2018-09-30": "894.00000", "2018-06-30": "767.00000", "2018-03-31": "750.00000", "2017-12-31": "524.00000", "2017-09-30": "487.00000", "2017-06-30": "367.00000", "2017-03-31": "631.00000", "2016-12-31": "405.00000", "2016-09-30": "593.00000", "2016-06-30": "647.00000", "2016-03-31": "688.00000", "2015-12-31": "725.00000", "2015-09-30": "656.00000", "2015-06-30": "549.00000", "2015-03-31": "649.00000", "2014-12-31": "483.00000", "2014-09-30": "619.00000", "2014-06-30": "655.00000", "2014-03-31": "653.00000", "2013-12-31": "641.00000", "2013-09-30": "-685.00000", "2013-06-30": "715.00000", "2013-03-31": "782.00000", "2012-12-31": "666.00000", "2012-09-30": "736.00000", "2012-06-30": "657.00000", "2012-03-31": "654.00000", "2011-12-31": "533.00000", "2011-09-30": "548.00000", "2011-06-30": "480.00000", "2011-03-31": "464.00000", "2010-12-31": "485.76990", "2010-09-30": "506.00000", "2010-06-30": "523.00000", "2010-03-31": "545.23010", "2009-12-31": "540.23710", "2009-09-30": "378.98290", "2009-06-30": "149.44300", "2009-03-31": "164.33700", "2008-12-31": "176.44200", "2008-09-30": "180.72700", "2008-06-30": "180.69000", "2008-03-31": "183.49300", "2007-12-31": "168.97420", "2007-09-30": "224.18500", "2007-06-30": "231.83600", "2007-03-31": "168.08300", "2006-12-31": "173.67920", "2006-09-30": "168.94200", "2006-06-30": "164.99300", "2006-03-31": "157.92400", "2005-12-31": "172.41880", "2005-09-30": "201.24200", "2005-06-30": "185.88200", "2005-03-31": "176.86000"}, "Total Non-Operating Income/Expense": {"2020-09-30": "-408.00000", "2020-06-30": "-390.00000", "2020-03-31": "-547.00000", "2019-12-31": "-498.00000", "2019-09-30": "-540.00000", "2019-06-30": "-474.00000", "2019-03-31": "-528.00000", "2018-12-31": "-524.00000", "2018-09-30": "-565.00000", "2018-06-30": "-530.00000", "2018-03-31": "-514.00000", "2017-12-31": "-470.00000", "2017-09-30": "-348.00000", "2017-06-30": "-327.00000", "2017-03-31": "-324.00000", "2016-12-31": "-331.00000", "2016-09-30": "-344.00000", "2016-06-30": "-330.00000", "2016-03-31": "-308.00000", "2015-12-31": "-295.00000", "2015-09-30": "-327.00000", "2015-06-30": "-315.00000", "2015-03-31": "-326.00000", "2014-12-31": "-326.00000", "2014-09-30": "-320.00000", "2014-06-30": "-332.00000", "2014-03-31": "-322.00000", "2013-12-31": "-311.00000", "2013-09-30": "-320.00000", "2013-06-30": "-321.00000", "2013-03-31": "-277.00000", "2012-12-31": "-292.00000", "2012-09-30": "-314.00000", "2012-06-30": "-534.00000", "2012-03-31": "-323.00000", "2011-12-31": "-341.00000", "2011-09-30": "-317.00000", "2011-06-30": "-294.00000", "2011-03-31": "-125.00000", "2010-12-31": "-127.27500", "2010-09-30": "-134.00000", "2010-06-30": "-136.00000", "2010-03-31": "-131.72500", "2009-12-31": "-197.78800", "2009-09-30": "-131.06000", "2009-06-30": "-37.30200", "2009-03-31": "-53.85000", "2008-12-31": "-37.63000", "2008-09-30": "-44.91400", "2008-06-30": "-35.96200", "2008-03-31": "-41.45900", "2007-12-31": "-41.20400", "2007-09-30": "-40.41500", "2007-06-30": "-49.58700", "2007-03-31": "-41.67100", "2006-12-31": "-56.68100", "2006-09-30": "-45.03900", "2006-06-30": "72.82000", "2006-03-31": "-45.48900", "2005-12-31": "-48.30500", "2005-09-30": "-52.84800", "2005-06-30": "-47.70300", "2005-03-31": "-49.77700"}, "Pre-Tax Income": {"2020-09-30": "480.00000", "2020-06-30": "513.00000", "2020-03-31": "433.00000", "2019-12-31": "349.00000", "2019-09-30": "410.00000", "2019-06-30": "502.00000", "2019-03-31": "-6027.00000", "2018-12-31": "-2365.00000", "2018-09-30": "329.00000", "2018-06-30": "237.00000", "2018-03-31": "236.00000", "2017-12-31": "54.00000", "2017-09-30": "139.00000", "2017-06-30": "40.00000", "2017-03-31": "307.00000", "2016-12-31": "74.00000", "2016-09-30": "249.00000", "2016-06-30": "317.00000", "2016-03-31": "380.00000", "2015-12-31": "430.00000", "2015-09-30": "329.00000", "2015-06-30": "234.00000", "2015-03-31": "323.00000", "2014-12-31": "157.00000", "2014-09-30": "299.00000", "2014-06-30": "323.00000", "2014-03-31": "331.00000", "2013-12-31": "330.00000", "2013-09-30": "-1005.00000", "2013-06-30": "394.00000", "2013-03-31": "505.00000", "2012-12-31": "374.00000", "2012-09-30": "422.00000", "2012-06-30": "123.00000", "2012-03-31": "331.00000", "2011-12-31": "192.00000", "2011-09-30": "231.00000", "2011-06-30": "186.00000", "2011-03-31": "339.00000", "2010-12-31": "358.49500", "2010-09-30": "372.00000", "2010-06-30": "387.00000", "2010-03-31": "413.50500", "2009-12-31": "342.44900", "2009-09-30": "247.92300", "2009-06-30": "112.14100", "2009-03-31": "110.48700", "2008-12-31": "138.81200", "2008-09-30": "135.81300", "2008-06-30": "144.72800", "2008-03-31": "142.03400", "2007-12-31": "127.77000", "2007-09-30": "183.77000", "2007-06-30": "182.24900", "2007-03-31": "126.41200", "2006-12-31": "116.99800", "2006-09-30": "123.90300", "2006-06-30": "237.81300", "2006-03-31": "112.43500", "2005-12-31": "124.11400", "2005-09-30": "148.39400", "2005-06-30": "138.17900", "2005-03-31": "127.08300"}, "Income Taxes": {"2020-09-30": "114.00000", "2020-06-30": "136.00000", "2020-03-31": "119.00000", "2019-12-31": "126.00000", "2019-09-30": "108.00000", "2019-06-30": "131.00000", "2019-03-31": "138.00000", "2018-12-31": "47.00000", "2018-09-30": "57.00000", "2018-06-30": "-55.00000", "2018-03-31": "121.00000", "2017-12-31": "-1063.00000", "2017-09-30": "47.00000", "2017-06-30": "23.00000", "2017-03-31": "144.00000", "2016-12-31": "32.00000", "2016-09-30": "97.00000", "2016-06-30": "121.00000", "2016-03-31": "144.00000", "2015-12-31": "92.00000", "2015-09-30": "124.00000", "2015-06-30": "91.00000", "2015-03-31": "131.00000", "2014-12-31": "-31.00000", "2014-09-30": "111.00000", "2014-06-30": "130.00000", "2014-03-31": "128.00000", "2013-12-31": "91.00000", "2013-09-30": "40.00000", "2013-06-30": "125.00000", "2013-03-31": "207.00000", "2012-12-31": "141.00000", "2012-09-30": "152.00000", "2012-06-30": "49.00000", "2012-03-31": "131.00000", "2011-12-31": "83.00000", "2011-09-30": "93.00000", "2011-06-30": "71.00000", "2011-03-31": "128.00000", "2010-12-31": "133.45200", "2010-09-30": "140.00000", "2010-06-30": "149.00000", "2010-03-31": "160.54800", "2009-12-31": "116.20400", "2009-09-30": "99.87600", "2009-06-30": "42.81300", "2009-03-31": "43.10700", "2008-12-31": "38.44100", "2008-09-30": "50.62400", "2008-06-30": "52.26400", "2008-03-31": "53.02800", "2007-12-31": "11.47800", "2007-09-30": "70.56800", "2007-06-30": "69.98400", "2007-03-31": "48.54200", "2006-12-31": "44.76500", "2006-09-30": "47.57900", "2006-06-30": "85.60300", "2006-03-31": "43.17500", "2005-12-31": "45.78000", "2005-09-30": "56.98300", "2005-06-30": "53.06100", "2005-03-31": "47.46700"}, "Income After Taxes": {"2020-09-30": "366.00000", "2020-06-30": "377.00000", "2020-03-31": "314.00000", "2019-12-31": "223.00000", "2019-09-30": "302.00000", "2019-06-30": "371.00000", "2019-03-31": "-6165.00000", "2018-12-31": "-2412.00000", "2018-09-30": "272.00000", "2018-06-30": "292.00000", "2018-03-31": "115.00000", "2017-12-31": "1117.00000", "2017-09-30": "92.00000", "2017-06-30": "17.00000", "2017-03-31": "163.00000", "2016-12-31": "42.00000", "2016-09-30": "152.00000", "2016-06-30": "196.00000", "2016-03-31": "236.00000", "2015-12-31": "338.00000", "2015-09-30": "205.00000", "2015-06-30": "143.00000", "2015-03-31": "192.00000", "2014-12-31": "188.00000", "2014-09-30": "188.00000", "2014-06-30": "193.00000", "2014-03-31": "203.00000", "2013-12-31": "239.00000", "2013-09-30": "-1045.00000", "2013-06-30": "269.00000", "2013-03-31": "298.00000", "2012-12-31": "233.00000", "2012-09-30": "270.00000", "2012-06-30": "74.00000", "2012-03-31": "200.00000", "2011-12-31": "109.00000", "2011-09-30": "138.00000", "2011-06-30": "115.00000", "2011-03-31": "211.00000", "2010-12-31": "225.04300", "2010-09-30": "232.00000", "2010-06-30": "238.00000", "2010-03-31": "252.95700", "2009-12-31": "226.24500", "2009-09-30": "148.04700", "2009-06-30": "69.32800", "2009-03-31": "67.38000", "2008-12-31": "100.37100", "2008-09-30": "85.18900", "2008-06-30": "92.46400", "2008-03-31": "89.00600", "2007-12-31": "116.29200", "2007-09-30": "113.20200", "2007-06-30": "112.26500", "2007-03-31": "77.87000", "2006-12-31": "72.23300", "2006-09-30": "76.32400", "2006-06-30": "152.21000", "2006-03-31": "69.26000", "2005-12-31": "78.33400", "2005-09-30": "91.41100", "2005-06-30": "85.11800", "2005-03-31": "79.61600"}, "Other Income": {"2020-09-30": "", "2020-06-30": "", "2020-03-31": "", "2019-12-31": "", "2019-09-30": "", "2019-06-30": "", "2019-03-31": "", "2018-12-31": "", "2018-09-30": "", "2018-06-30": "", "2018-03-31": "", "2017-12-31": "", "2017-09-30": "", "2017-06-30": "", "2017-03-31": "", "2016-12-31": "", "2016-09-30": "", "2016-06-30": "", "2016-03-31": "", "2015-12-31": "", "2015-09-30": "", "2015-06-30": "", "2015-03-31": "", "2014-12-31": "", "2014-09-30": "", "2014-06-30": "", "2014-03-31": "", "2013-12-31": "", "2013-09-30": "", "2013-06-30": "", "2013-03-31": "", "2012-12-31": "", "2012-09-30": "", "2012-06-30": "", "2012-03-31": "", "2011-12-31": "", "2011-09-30": "", "2011-06-30": "", "2011-03-31": "", "2010-12-31": "", "2010-09-30": "", "2010-06-30": "", "2010-03-31": "", "2009-12-31": "", "2009-09-30": "", "2009-06-30": "", "2009-03-31": "", "2008-12-31": "", "2008-09-30": "", "2008-06-30": "", "2008-03-31": "", "2007-12-31": "", "2007-09-30": "", "2007-06-30": "", "2007-03-31": "", "2006-12-31": "", "2006-09-30": "", "2006-06-30": "", "2006-03-31": "", "2005-12-31": "", "2005-09-30": "", "2005-06-30": "", "2005-03-31": ""}, "Income From Continuous Operations": {"2020-09-30": "366.00000", "2020-06-30": "377.00000", "2020-03-31": "314.00000", "2019-12-31": "223.00000", "2019-09-30": "302.00000", "2019-06-30": "371.00000", "2019-03-31": "-6165.00000", "2018-12-31": "-2412.00000", "2018-09-30": "272.00000", "2018-06-30": "292.00000", "2018-03-31": "115.00000", "2017-12-31": "1117.00000", "2017-09-30": "92.00000", "2017-06-30": "17.00000", "2017-03-31": "163.00000", "2016-12-31": "42.00000", "2016-09-30": "152.00000", "2016-06-30": "196.00000", "2016-03-31": "236.00000", "2015-12-31": "338.00000", "2015-09-30": "205.00000", "2015-06-30": "143.00000", "2015-03-31": "192.00000", "2014-12-31": "188.00000", "2014-09-30": "188.00000", "2014-06-30": "193.00000", "2014-03-31": "203.00000", "2013-12-31": "239.00000", "2013-09-30": "-1045.00000", "2013-06-30": "269.00000", "2013-03-31": "298.00000", "2012-12-31": "233.00000", "2012-09-30": "270.00000", "2012-06-30": "74.00000", "2012-03-31": "200.00000", "2011-12-31": "109.00000", "2011-09-30": "138.00000", "2011-06-30": "115.00000", "2011-03-31": "211.00000", "2010-12-31": "225.04300", "2010-09-30": "232.00000", "2010-06-30": "238.00000", "2010-03-31": "252.95700", "2009-12-31": "226.24500", "2009-09-30": "148.04700", "2009-06-30": "69.32800", "2009-03-31": "67.38000", "2008-12-31": "100.37100", "2008-09-30": "85.18900", "2008-06-30": "92.46400", "2008-03-31": "89.00600", "2007-12-31": "116.29200", "2007-09-30": "113.20200", "2007-06-30": "112.26500", "2007-03-31": "77.87000", "2006-12-31": "72.23300", "2006-09-30": "76.32400", "2006-06-30": "152.21000", "2006-03-31": "69.26000", "2005-12-31": "78.33400", "2005-09-30": "91.41100", "2005-06-30": "85.11800", "2005-03-31": "79.61600"}, "Income From Discontinued Operations": {"2020-09-30": "", "2020-06-30": "", "2020-03-31": "", "2019-12-31": "", "2019-09-30": "", "2019-06-30": "", "2019-03-31": "", "2018-12-31": "", "2018-09-30": "", "2018-06-30": "", "2018-03-31": "", "2017-12-31": "", "2017-09-30": "", "2017-06-30": "", "2017-03-31": "", "2016-12-31": "", "2016-09-30": "", "2016-06-30": "", "2016-03-31": "", "2015-12-31": "", "2015-09-30": "", "2015-06-30": "", "2015-03-31": "", "2014-12-31": "", "2014-09-30": "", "2014-06-30": "", "2014-03-31": "", "2013-12-31": "", "2013-09-30": "", "2013-06-30": "", "2013-03-31": "", "2012-12-31": "", "2012-09-30": "", "2012-06-30": "", "2012-03-31": "", "2011-12-31": "", "2011-09-30": "", "2011-06-30": "", "2011-03-31": "", "2010-12-31": "", "2010-09-30": "", "2010-06-30": "", "2010-03-31": "", "2009-12-31": "", "2009-09-30": "", "2009-06-30": "", "2009-03-31": "", "2008-12-31": "", "2008-09-30": "", "2008-06-30": "", "2008-03-31": "", "2007-12-31": "", "2007-09-30": "", "2007-06-30": "", "2007-03-31": "", "2006-12-31": "", "2006-09-30": "", "2006-06-30": "", "2006-03-31": "", "2005-12-31": "", "2005-09-30": "", "2005-06-30": "", "2005-03-31": ""}, "Net Income": {"2020-09-30": "366.00000", "2020-06-30": "377.00000", "2020-03-31": "314.00000", "2019-12-31": "223.00000", "2019-09-30": "302.00000", "2019-06-30": "371.00000", "2019-03-31": "-6165.00000", "2018-12-31": "-2412.00000", "2018-09-30": "272.00000", "2018-06-30": "292.00000", "2018-03-31": "115.00000", "2017-12-31": "1117.00000", "2017-09-30": "92.00000", "2017-06-30": "17.00000", "2017-03-31": "163.00000", "2016-12-31": "42.00000", "2016-09-30": "152.00000", "2016-06-30": "196.00000", "2016-03-31": "236.00000", "2015-12-31": "338.00000", "2015-09-30": "205.00000", "2015-06-30": "143.00000", "2015-03-31": "192.00000", "2014-12-31": "188.00000", "2014-09-30": "188.00000", "2014-06-30": "193.00000", "2014-03-31": "203.00000", "2013-12-31": "239.00000", "2013-09-30": "-1045.00000", "2013-06-30": "269.00000", "2013-03-31": "298.00000", "2012-12-31": "233.00000", "2012-09-30": "270.00000", "2012-06-30": "73.00000", "2012-03-31": "200.00000", "2011-12-31": "109.00000", "2011-09-30": "138.00000", "2011-06-30": "115.00000", "2011-03-31": "209.00000", "2010-12-31": "219.39900", "2010-09-30": "232.00000", "2010-06-30": "238.00000", "2010-03-31": "252.60100", "2009-12-31": "225.96800", "2009-09-30": "280.84800", "2009-06-30": "69.03000", "2009-03-31": "67.15400", "2008-12-31": "100.07200", "2008-09-30": "84.73300", "2008-06-30": "92.16700", "2008-03-31": "88.76000", "2007-12-31": "115.03300", "2007-09-30": "113.20200", "2007-06-30": "112.26500", "2007-03-31": "77.87000", "2006-12-31": "72.23300", "2006-09-30": "76.32400", "2006-06-30": "152.21000", "2006-03-31": "69.26000", "2005-12-31": "78.33400", "2005-09-30": "91.41100", "2005-06-30": "85.11800", "2005-03-31": "79.61600"}, "EBITDA": {"2020-09-30": "2081.00000", "2020-06-30": "2065.00000", "2020-03-31": "2140.00000", "2019-12-31": "2057.00000", "2019-09-30": "2185.00000", "2019-06-30": "2172.00000", "2019-03-31": "-4311.00000", "2018-12-31": "-579.00000", "2018-09-30": "2179.00000", "2018-06-30": "2057.00000", "2018-03-31": "2033.00000", "2017-12-31": "1721.00000", "2017-09-30": "1397.00000", "2017-06-30": "1316.00000", "2017-03-31": "1511.00000", "2016-12-31": "1365.00000", "2016-09-30": "1588.00000", "2016-06-30": "1635.00000", "2016-03-31": "1663.00000", "2015-12-31": "1778.00000", "2015-09-30": "1704.00000", "2015-06-30": "1596.00000", "2015-03-31": "1687.00000", "2014-12-31": "1623.00000", "2014-09-30": "1707.00000", "2014-06-30": "1738.00000", "2014-03-31": "1749.00000", "2013-12-31": "1806.00000", "2013-09-30": "437.00000", "2013-06-30": "1822.00000", "2013-03-31": "1883.00000", "2012-12-31": "1869.00000", "2012-09-30": "1858.00000", "2012-06-30": "1844.00000", "2012-03-31": "1834.00000", "2011-12-31": "1756.00000", "2011-09-30": "1723.00000", "2011-06-30": "1591.00000", "2011-03-31": "833.00000", "2010-12-31": "851.76990", "2010-09-30": "864.00000", "2010-06-30": "880.83800", "2010-03-31": "898.39210", "2009-12-31": "907.91110", "2009-09-30": "741.18490", "2009-06-30": "277.99500", "2009-03-31": "291.90900", "2008-12-31": "305.23810", "2008-09-30": "309.07900", "2008-06-30": "311.64400", "2008-03-31": "319.17700", "2007-12-31": "306.52820", "2007-09-30": "360.79100", "2007-06-30": "366.14700", "2007-03-31": "295.86700", "2006-12-31": "300.03920", "2006-09-30": "299.08900", "2006-06-30": "297.12000", "2006-03-31": "292.79600", "2005-12-31": "308.19680", "2005-09-30": "334.76800", "2005-06-30": "316.33400", "2005-03-31": "309.03500"}, "EBIT": {"2020-09-30": "888.00000", "2020-06-30": "903.00000", "2020-03-31": "980.00000", "2019-12-31": "847.00000", "2019-09-30": "950.00000", "2019-06-30": "976.00000", "2019-03-31": "-5499.00000", "2018-12-31": "-1841.00000", "2018-09-30": "894.00000", "2018-06-30": "767.00000", "2018-03-31": "750.00000", "2017-12-31": "524.00000", "2017-09-30": "487.00000", "2017-06-30": "367.00000", "2017-03-31": "631.00000", "2016-12-31": "405.00000", "2016-09-30": "593.00000", "2016-06-30": "647.00000", "2016-03-31": "688.00000", "2015-12-31": "725.00000", "2015-09-30": "656.00000", "2015-06-30": "549.00000", "2015-03-31": "649.00000", "2014-12-31": "483.00000", "2014-09-30": "619.00000", "2014-06-30": "655.00000", "2014-03-31": "653.00000", "2013-12-31": "641.00000", "2013-09-30": "-685.00000", "2013-06-30": "715.00000", "2013-03-31": "782.00000", "2012-12-31": "666.00000", "2012-09-30": "736.00000", "2012-06-30": "657.00000", "2012-03-31": "654.00000", "2011-12-31": "533.00000", "2011-09-30": "548.00000", "2011-06-30": "480.00000", "2011-03-31": "464.00000", "2010-12-31": "485.76990", "2010-09-30": "506.00000", "2010-06-30": "523.00000", "2010-03-31": "545.23010", "2009-12-31": "540.23710", "2009-09-30": "378.98290", "2009-06-30": "149.44300", "2009-03-31": "164.33700", "2008-12-31": "176.44200", "2008-09-30": "180.72700", "2008-06-30": "180.69000", "2008-03-31": "183.49300", "2007-12-31": "168.97400", "2007-09-30": "224.18500", "2007-06-30": "231.83600", "2007-03-31": "168.08300", "2006-12-31": "173.67910", "2006-09-30": "168.94200", "2006-06-30": "164.99300", "2006-03-31": "157.92400", "2005-12-31": "172.41880", "2005-09-30": "201.24200", "2005-06-30": "185.88200", "2005-03-31": "176.86000"}, "Basic Shares Outstanding": {"2020-09-30": "1080.50500", "2020-06-30": "1079.47500", "2020-03-31": "1075.45900", "2019-12-31": "1071.44100", "2019-09-30": "1072.54300", "2019-06-30": "1071.34100", "2019-03-31": "1068.87800", "2018-12-31": "1065.86600", "2018-09-30": "1066.90400", "2018-06-30": "1064.71100", "2018-03-31": "1065.79600", "2017-12-31": "627.80800", "2017-09-30": "541.52100", "2017-06-30": "541.36100", "2017-03-31": "540.45800", "2016-12-31": "539.54900", "2016-09-30": "539.80600", "2016-06-30": "539.62700", "2016-03-31": "538.79900", "2015-12-31": "554.27800", "2015-09-30": "554.89700", "2015-06-30": "558.64000", "2015-03-31": "561.96900", "2014-12-31": "568.43500", "2014-09-30": "565.96500", "2014-06-30": "567.91500", "2014-03-31": "574.53500", "2013-12-31": "600.89200", "2013-09-30": "594.58700", "2013-06-30": "604.30200", "2013-03-31": "619.42300", "2012-12-31": "620.20500", "2012-09-30": "621.14800", "2012-06-30": "619.88700", "2012-03-31": "618.20800", "2011-12-31": "532.78000", "2011-09-30": "612.27700", "2011-06-30": "598.88400", "2011-03-31": "303.83200", "2010-12-31": "300.61900", "2010-09-30": "300.70200", "2010-06-30": "300.05800", "2010-03-31": "299.41300", "2009-12-31": "198.81300", "2009-09-30": "298.13300", "2009-06-30": "99.41400", "2009-03-31": "99.12600", "2008-12-31": "102.26800", "2008-09-30": "100.40200", "2008-06-30": "103.64400", "2008-03-31": "106.14200", "2007-12-31": "109.36000", "2007-09-30": "108.99600", "2007-06-30": "108.40500", "2007-03-31": "111.03100", "2006-12-31": "116.67100", "2006-09-30": "115.22100", "2006-06-30": "115.44100", "2006-03-31": "122.39400", "2005-12-31": "130.84100", "2005-09-30": "130.15000", "2005-06-30": "130.29900", "2005-03-31": "132.18300"}, "Shares Outstanding": {"2020-09-30": "1085.66600", "2020-06-30": "1082.56700", "2020-03-31": "1081.75400", "2019-12-31": "1071.44100", "2019-09-30": "1074.79000", "2019-06-30": "1072.81300", "2019-03-31": "1068.87800", "2018-12-31": "1065.86600", "2018-09-30": "1072.35100", "2018-06-30": "1068.81900", "2018-03-31": "1069.18300", "2017-12-31": "628.69300", "2017-09-30": "541.96300", "2017-06-30": "542.15100", "2017-03-31": "541.52200", "2016-12-31": "540.67900", "2016-09-30": "540.91700", "2016-06-30": "540.37500", "2016-03-31": "540.18700", "2015-12-31": "555.09300", "2015-09-30": "555.15600", "2015-06-30": "559.22000", "2015-03-31": "563.50500", "2014-12-31": "569.73900", "2014-09-30": "567.43200", "2014-06-30": "569.03200", "2014-03-31": "575.45600", "2013-12-31": "600.89200", "2013-09-30": "594.58700", "2013-06-30": "605.60200", "2013-03-31": "621.07400", "2012-12-31": "622.28500", "2012-09-30": "623.29600", "2012-06-30": "621.83900", "2012-03-31": "620.35000", "2011-12-31": "534.12100", "2011-09-30": "613.68600", "2011-06-30": "600.25900", "2011-03-31": "304.47900", "2010-12-31": "301.29700", "2010-09-30": "301.38600", "2010-06-30": "300.60500", "2010-03-31": "299.99700", "2009-12-31": "199.05700", "2009-09-30": "298.40300", "2009-06-30": "99.45000", "2009-03-31": "99.14400", "2008-12-31": "102.56000", "2008-09-30": "100.64700", "2008-06-30": "103.99900", "2008-03-31": "106.67500", "2007-12-31": "112.78700", "2007-09-30": "112.22900", "2007-06-30": "113.72100", "2007-03-31": "116.30800", "2006-12-31": "122.22900", "2006-09-30": "120.44800", "2006-06-30": "121.63600", "2006-03-31": "127.95900", "2005-12-31": "136.08700", "2005-09-30": "135.91600", "2005-06-30": "135.34500", "2005-03-31": "137.16900"}, "Basic EPS": {"2020-09-30": "0.34000", "2020-06-30": "0.35000", "2020-03-31": "0.29000", "2019-12-31": "0.22000", "2019-09-30": "0.28000", "2019-06-30": "0.35000", "2019-03-31": "-5.77000", "2018-12-31": "-2.26000", "2018-09-30": "0.25000", "2018-06-30": "0.27000", "2018-03-31": "0.11000", "2017-12-31": "1.71000", "2017-09-30": "0.17000", "2017-06-30": "0.03000", "2017-03-31": "0.30000", "2016-12-31": "0.08000", "2016-09-30": "0.28000", "2016-06-30": "0.36000", "2016-03-31": "0.44000", "2015-12-31": "0.61000", "2015-09-30": "0.37000", "2015-06-30": "0.26000", "2015-03-31": "0.34000", "2014-12-31": "0.34000", "2014-09-30": "0.33000", "2014-06-30": "0.34000", "2014-03-31": "0.35000", "2013-12-31": "0.43000", "2013-09-30": "-1.76000", "2013-06-30": "0.45000", "2013-03-31": "0.48000", "2012-12-31": "0.38000", "2012-09-30": "0.43000", "2012-06-30": "0.12000", "2012-03-31": "0.32000", "2011-12-31": "-0.03000", "2011-09-30": "0.22000", "2011-06-30": "0.19000", "2011-03-31": "0.69000", "2010-12-31": "0.74000", "2010-09-30": "0.76000", "2010-06-30": "0.79000", "2010-03-31": "0.84000", "2009-12-31": "0.94000", "2009-09-30": "0.94000", "2009-06-30": "0.68000", "2009-03-31": "0.67000", "2008-12-31": "0.99000", "2008-09-30": "0.83000", "2008-06-30": "0.88000", "2008-03-31": "0.83000", "2007-12-31": "1.02000", "2007-09-30": "1.04000", "2007-06-30": "1.03000", "2007-03-31": "0.70000", "2006-12-31": "0.62000", "2006-09-30": "0.66000", "2006-06-30": "1.32000", "2006-03-31": "0.57000", "2005-12-31": "0.60000", "2005-09-30": "0.70000", "2005-06-30": "0.65000", "2005-03-31": "0.60000"}, "EPS - Earnings Per Share": {"2020-09-30": "0.34000", "2020-06-30": "0.35000", "2020-03-31": "0.29000", "2019-12-31": "0.22000", "2019-09-30": "0.28000", "2019-06-30": "0.35000", "2019-03-31": "-5.77000", "2018-12-31": "-2.26000", "2018-09-30": "0.25000", "2018-06-30": "0.27000", "2018-03-31": "0.11000", "2017-12-31": "1.71000", "2017-09-30": "0.17000", "2017-06-30": "0.03000", "2017-03-31": "0.30000", "2016-12-31": "0.08000", "2016-09-30": "0.28000", "2016-06-30": "0.36000", "2016-03-31": "0.44000", "2015-12-31": "0.61000", "2015-09-30": "0.37000", "2015-06-30": "0.26000", "2015-03-31": "0.34000", "2014-12-31": "0.34000", "2014-09-30": "0.33000", "2014-06-30": "0.34000", "2014-03-31": "0.35000", "2013-12-31": "0.44000", "2013-09-30": "-1.76000", "2013-06-30": "0.44000", "2013-03-31": "0.48000", "2012-12-31": "0.38000", "2012-09-30": "0.43000", "2012-06-30": "0.12000", "2012-03-31": "0.32000", "2011-12-31": "-0.03000", "2011-09-30": "0.22000", "2011-06-30": "0.19000", "2011-03-31": "0.69000", "2010-12-31": "0.74000", "2010-09-30": "0.76000", "2010-06-30": "0.79000", "2010-03-31": "0.84000", "2009-12-31": "0.94000", "2009-09-30": "0.94000", "2009-06-30": "0.68000", "2009-03-31": "0.67000", "2008-12-31": "0.99000", "2008-09-30": "0.83000", "2008-06-30": "0.88000", "2008-03-31": "0.82000", "2007-12-31": "1.02000", "2007-09-30": "1.01000", "2007-06-30": "1.00000", "2007-03-31": "0.68000", "2006-12-31": "0.62000", "2006-09-30": "0.64000", "2006-06-30": "1.26000", "2006-03-31": "0.55000", "2005-12-31": "0.58000", "2005-09-30": "0.68000", "2005-06-30": "0.64000", "2005-03-31": "0.59000"}}, "balance sheet": {"Cash On Hand": {"2019-12-31": "1693.00000", "2018-12-31": "492.00000", "2017-12-31": "556.00000", "2016-12-31": "222.00000", "2015-12-31": "126.00000", "2014-12-31": "128.00000", "2013-12-31": "168.00000", "2012-12-31": "211.00000", "2011-12-31": "128.00000", "2010-12-31": "173.00000", "2009-12-31": "161.80700", "2008-12-31": "243.32700", "2007-12-31": "34.40200", "2006-12-31": "25.66800", "2005-12-31": "158.84600"}, "Receivables": {"2019-12-31": "2259.00000", "2018-12-31": "2398.00000", "2017-12-31": "2557.00000", "2016-12-31": "2017.00000", "2015-12-31": "1943.00000", "2014-12-31": "1988.00000", "2013-12-31": "1977.00000", "2012-12-31": "1959.00000", "2011-12-31": "1977.00000", "2010-12-31": "815.00000", "2009-12-31": "801.27300", "2008-12-31": "230.29200", "2007-12-31": "249.43900", "2006-12-31": "227.34600", "2005-12-31": "236.71400"}, "Inventory": {"2019-12-31": "", "2018-12-31": "", "2017-12-31": "", "2016-12-31": "", "2015-12-31": "", "2014-12-31": "", "2013-12-31": "", "2012-12-31": "", "2011-12-31": "", "2010-12-31": "", "2009-12-31": "35.75500", "2008-12-31": "8.86200", "2007-12-31": "8.55800", "2006-12-31": "6.62800", "2005-12-31": "6.99800"}, "Pre-Paid Expenses": {"2019-12-31": "", "2018-12-31": "", "2017-12-31": "", "2016-12-31": "", "2015-12-31": "", "2014-12-31": "", "2013-12-31": "", "2012-12-31": "", "2011-12-31": "", "2010-12-31": "", "2009-12-31": "", "2008-12-31": "", "2007-12-31": "", "2006-12-31": "", "2005-12-31": ""}, "Other Current Assets": {"2019-12-31": "816.00000", "2018-12-31": "930.00000", "2017-12-31": "1081.00000", "2016-12-31": "2923.00000", "2015-12-31": "581.00000", "2014-12-31": "580.00000", "2013-12-31": "597.00000", "2012-12-31": "552.00000", "2011-12-31": "393.00000", "2010-12-31": "74.00000", "2009-12-31": "41.43700", "2008-12-31": "43.50500", "2007-12-31": "", "2006-12-31": "30.47500", "2005-12-31": "20.45800"}, "Total Current Assets": {"2019-12-31": "4768.00000", "2018-12-31": "3820.00000", "2017-12-31": "4194.00000", "2016-12-31": "5162.00000", "2015-12-31": "2650.00000", "2014-12-31": "2696.00000", "2013-12-31": "3907.00000", "2012-12-31": "3638.00000", "2011-12-31": "3517.00000", "2010-12-31": "1143.00000", "2009-12-31": "1123.59100", "2008-12-31": "555.40700", "2007-12-31": "292.39900", "2006-12-31": "290.11700", "2005-12-31": "423.01600"}, "Property, Plant, And Equipment": {"2019-12-31": "26079.00000", "2018-12-31": "26408.00000", "2017-12-31": "26852.00000", "2016-12-31": "17039.00000", "2015-12-31": "18069.00000", "2014-12-31": "18433.00000", "2013-12-31": "18646.00000", "2012-12-31": "18909.00000", "2011-12-31": "19444.00000", "2010-12-31": "8754.00000", "2009-12-31": "9097.13900", "2008-12-31": "2895.89200", "2007-12-31": "3108.37600", "2006-12-31": "3109.27700", "2005-12-31": "3304.48600"}, "Long-Term Investments": {"2019-12-31": "", "2018-12-31": "", "2017-12-31": "", "2016-12-31": "", "2015-12-31": "", "2014-12-31": "", "2013-12-31": "", "2012-12-31": "", "2011-12-31": "", "2010-12-31": "", "2009-12-31": "", "2008-12-31": "", "2007-12-31": "", "2006-12-31": "", "2005-12-31": ""}, "Goodwill And Intangible Assets": {"2019-12-31": "31101.00000", "2018-12-31": "38810.00000", "2017-12-31": "43248.00000", "2016-12-31": "23978.00000", "2015-12-31": "26225.00000", "2014-12-31": "27295.00000", "2013-12-31": "28411.00000", "2012-12-31": "30597.00000", "2011-12-31": "32214.00000", "2010-12-31": "11813.00000", "2009-12-31": "11698.18000", "2008-12-31": "4204.70700", "2007-12-31": "4010.91600", "2006-12-31": "3431.13600", "2005-12-31": "3432.64900"}, "Other Long-Term Assets": {"2019-12-31": "1108.00000", "2018-12-31": "1218.00000", "2017-12-31": "1317.00000", "2016-12-31": "838.00000", "2015-12-31": "660.00000", "2014-12-31": "679.00000", "2013-12-31": "823.00000", "2012-12-31": "796.00000", "2011-12-31": "869.00000", "2010-12-31": "328.00000", "2009-12-31": "643.82300", "2008-12-31": "598.18900", "2007-12-31": "772.86200", "2006-12-31": "610.47700", "2005-12-31": "602.55600"}, "Total Long-Term Assets": {"2019-12-31": "58288.00000", "2018-12-31": "66436.00000", "2017-12-31": "71417.00000", "2016-12-31": "41855.00000", "2015-12-31": "44954.00000", "2014-12-31": "46407.00000", "2013-12-31": "47880.00000", "2012-12-31": "50302.00000", "2011-12-31": "52527.00000", "2010-12-31": "20895.00000", "2009-12-31": "21439.14000", "2008-12-31": "7698.78800", "2007-12-31": "7892.15400", "2006-12-31": "7150.89000", "2005-12-31": "7339.69100"}, "Total Assets": {"2019-12-31": "64742.00000", "2018-12-31": "70256.00000", "2017-12-31": "75611.00000", "2016-12-31": "47017.00000", "2015-12-31": "47604.00000", "2014-12-31": "49103.00000", "2013-12-31": "51787.00000", "2012-12-31": "53940.00000", "2011-12-31": "56044.00000", "2010-12-31": "22038.00000", "2009-12-31": "22562.73000", "2008-12-31": "8254.19500", "2007-12-31": "8184.55300", "2006-12-31": "7441.00700", "2005-12-31": "7762.70700"}, "Total Current Liabilities": {"2019-12-31": "7258.00000", "2018-12-31": "5531.00000", "2017-12-31": "4857.00000", "2016-12-31": "5349.00000", "2015-12-31": "4604.00000", "2014-12-31": "3918.00000", "2013-12-31": "4409.00000", "2012-12-31": "4595.00000", "2011-12-31": "4017.00000", "2010-12-31": "1011.00000", "2009-12-31": "1707.19500", "2008-12-31": "458.39000", "2007-12-31": "736.53500", "2006-12-31": "617.56500", "2005-12-31": "746.23000"}, "Long Term Debt": {"2019-12-31": "32394.00000", "2018-12-31": "35409.00000", "2017-12-31": "37283.00000", "2016-12-31": "18185.00000", "2015-12-31": "18722.00000", "2014-12-31": "19953.00000", "2013-12-31": "20181.00000", "2012-12-31": "19400.00000", "2011-12-31": "21356.00000", "2010-12-31": "7316.00000", "2009-12-31": "7253.65300", "2008-12-31": "3294.11900", "2007-12-31": "2734.35700", "2006-12-31": "2412.85200", "2005-12-31": "2376.07000"}, "Other Non-Current Liabilities": {"2019-12-31": "7360.00000", "2018-12-31": "6961.00000", "2017-12-31": "7567.00000", "2016-12-31": "6613.00000", "2015-12-31": "6649.00000", "2014-12-31": "7055.00000", "2013-12-31": "5253.00000", "2012-12-31": "7092.00000", "2011-12-31": "6044.00000", "2010-12-31": "1695.00000", "2009-12-31": "1878.50300", "2008-12-31": "1333.87800", "2007-12-31": "1304.45600", "2006-12-31": "1219.63900", "2005-12-31": "1023.13400"}, "Total Long Term Liabilities": {"2019-12-31": "44014.00000", "2018-12-31": "44897.00000", "2017-12-31": "47263.00000", "2016-12-31": "28269.00000", "2015-12-31": "28940.00000", "2014-12-31": "30162.00000", "2013-12-31": "30187.00000", "2012-12-31": "30056.00000", "2011-12-31": "31200.00000", "2010-12-31": "11380.00000", "2009-12-31": "11388.74000", "2008-12-31": "4627.99700", "2007-12-31": "4038.81300", "2006-12-31": "3632.49100", "2005-12-31": "3399.20400"}, "Total Liabilities": {"2019-12-31": "51272.00000", "2018-12-31": "50428.00000", "2017-12-31": "52120.00000", "2016-12-31": "33618.00000", "2015-12-31": "33544.00000", "2014-12-31": "34080.00000", "2013-12-31": "34596.00000", "2012-12-31": "34651.00000", "2011-12-31": "35217.00000", "2010-12-31": "12391.00000", "2009-12-31": "13095.93000", "2008-12-31": "5086.38700", "2007-12-31": "4775.34800", "2006-12-31": "4250.05600", "2005-12-31": "4145.43400"}, "Common Stock Net": {"2019-12-31": "1090.00000", "2018-12-31": "1080.00000", "2017-12-31": "1069.00000", "2016-12-31": "547.00000", "2015-12-31": "544.00000", "2014-12-31": "569.00000", "2013-12-31": "584.00000", "2012-12-31": "626.00000", "2011-12-31": "619.00000", "2010-12-31": "305.00000", "2009-12-31": "299.18900", "2008-12-31": "100.27700", "2007-12-31": "108.49200", "2006-12-31": "113.25400", "2005-12-31": "131.07400"}, "Retained Earnings (Accumulated Deficit)": {"2019-12-31": "-6814.00000", "2018-12-31": "-1643.00000", "2017-12-31": "1103.00000", "2016-12-31": "-1.00000", "2015-12-31": "272.00000", "2014-12-31": "147.00000", "2013-12-31": "66.00000", "2012-12-31": "1285.00000", "2011-12-31": "2319.00000", "2010-12-31": "3302.00000", "2009-12-31": "3232.76900", "2008-12-31": "3146.25500", "2007-12-31": "3245.30200", "2006-12-31": "3150.93300", "2005-12-31": "3358.16200"}, "Comprehensive Income": {"2019-12-31": "-2680.00000", "2018-12-31": "-2461.00000", "2017-12-31": "-1995.00000", "2016-12-31": "-2117.00000", "2015-12-31": "-1934.00000", "2014-12-31": "-2017.00000", "2013-12-31": "-802.00000", "2012-12-31": "-1701.00000", "2011-12-31": "-1012.00000", "2010-12-31": "-141.00000", "2009-12-31": "-85.30600", "2008-12-31": "-123.48900", "2007-12-31": "-42.70700", "2006-12-31": "-104.94200", "2005-12-31": "-9.61900"}, "Other Share Holders Equity": {"2019-12-31": "", "2018-12-31": "", "2017-12-31": "", "2016-12-31": "", "2015-12-31": "", "2014-12-31": "", "2013-12-31": "", "2012-12-31": "", "2011-12-31": "", "2010-12-31": "", "2009-12-31": "", "2008-12-31": "", "2007-12-31": "", "2006-12-31": "", "2005-12-31": ""}, "Share Holder Equity": {"2019-12-31": "13470.00000", "2018-12-31": "19828.00000", "2017-12-31": "23491.00000", "2016-12-31": "13399.00000", "2015-12-31": "14060.00000", "2014-12-31": "15023.00000", "2013-12-31": "17191.00000", "2012-12-31": "19289.00000", "2011-12-31": "20827.00000", "2010-12-31": "9647.00000", "2009-12-31": "9466.79900", "2008-12-31": "3167.80800", "2007-12-31": "3409.20500", "2006-12-31": "3190.95100", "2005-12-31": "3617.27300"}, "Total Liabilities And Share Holders Equity": {"2019-12-31": "64742.00000", "2018-12-31": "70256.00000", "2017-12-31": "75611.00000", "2016-12-31": "47017.00000", "2015-12-31": "47604.00000", "2014-12-31": "49103.00000", "2013-12-31": "51787.00000", "2012-12-31": "53940.00000", "2011-12-31": "56044.00000", "2010-12-31": "22038.00000", "2009-12-31": "22562.73000", "2008-12-31": "8254.19500", "2007-12-31": "8184.55300", "2006-12-31": "7441.00700", "2005-12-31": "7762.70700"}}, "balance sheet, quarterly": {"Cash On Hand": {"2020-09-30": "526.00000", "2020-06-30": "1763.00000", "2020-03-31": "1567.00000", "2019-12-31": "1690.00000", "2019-09-30": "1407.00000", "2019-06-30": "413.00000", "2019-03-31": "444.00000", "2018-12-31": "492.00000", "2018-09-30": "393.00000", "2018-06-30": "705.00000", "2018-03-31": "506.00000", "2017-12-31": "556.00000", "2017-09-30": "160.00000", "2017-06-30": "342.00000", "2017-03-31": "214.00000", "2016-12-31": "222.00000", "2016-09-30": "140.00000", "2016-06-30": "191.00000", "2016-03-31": "438.00000", "2015-12-31": "126.00000", "2015-09-30": "355.00000", "2015-06-30": "155.00000", "2015-03-31": "155.00000", "2014-12-31": "128.00000", "2014-09-30": "734.00000", "2014-06-30": "181.00000", "2014-03-31": "219.00000", "2013-12-31": "168.00000", "2013-09-30": "266.00000", "2013-06-30": "214.00000", "2013-03-31": "476.00000", "2012-12-31": "211.00000", "2012-09-30": "194.00000", "2012-06-30": "281.00000", "2012-03-31": "1530.00000", "2011-12-31": "128.00000", "2011-09-30": "1123.00000", "2011-06-30": "2546.00000", "2011-03-31": "269.65900", "2010-12-31": "173.00000", "2010-09-30": "243.06100", "2010-06-30": "186.35700", "2010-03-31": "206.49000", "2009-12-31": "161.80700", "2009-09-30": "531.18900", "2009-06-30": "59.14400", "2009-03-31": "61.23000", "2008-12-31": "243.32700", "2008-09-30": "258.95700", "2008-06-30": "63.90000", "2008-03-31": "37.53900", "2007-12-31": "34.40200", "2007-09-30": "58.71400", "2007-06-30": "43.52500", "2007-03-31": "763.74900", "2006-12-31": "25.66800", "2006-09-30": "32.69400", "2006-06-30": "1.76900", "2006-03-31": "15.32000", "2005-12-31": "158.84600", "2005-09-30": "268.50100", "2005-06-30": "100.46200", "2005-03-31": "129.33100"}, "Receivables": {"2020-09-30": "2143.00000", "2020-06-30": "2182.00000", "2020-03-31": "2175.00000", "2019-12-31": "2259.00000", "2019-09-30": "2290.00000", "2019-06-30": "2446.00000", "2019-03-31": "2347.00000", "2018-12-31": "2398.00000", "2018-09-30": "2465.00000", "2018-06-30": "2471.00000", "2018-03-31": "2432.00000", "2017-12-31": "2557.00000", "2017-09-30": "1888.00000", "2017-06-30": "1868.00000", "2017-03-31": "1854.00000", "2016-12-31": "2017.00000", "2016-09-30": "1957.00000", "2016-06-30": "1972.00000", "2016-03-31": "1871.00000", "2015-12-31": "1943.00000", "2015-09-30": "1951.00000", "2015-06-30": "1955.00000", "2015-03-31": "1973.00000", "2014-12-31": "1988.00000", "2014-09-30": "1978.00000", "2014-06-30": "1986.00000", "2014-03-31": "1887.00000", "2013-12-31": "1977.00000", "2013-09-30": "1979.00000", "2013-06-30": "1958.00000", "2013-03-31": "1929.00000", "2012-12-31": "1959.00000", "2012-09-30": "1971.00000", "2012-06-30": "1920.00000", "2012-03-31": "1879.00000", "2011-12-31": "1977.00000", "2011-09-30": "2055.00000", "2011-06-30": "1837.00000", "2011-03-31": "699.04400", "2010-12-31": "815.00000", "2010-09-30": "835.08800", "2010-06-30": "744.29100", "2010-03-31": "670.95700", "2009-12-31": "801.27300", "2009-09-30": "670.73200", "2009-06-30": "199.10000", "2009-03-31": "194.19400", "2008-12-31": "230.29200", "2008-09-30": "214.01200", "2008-06-30": "232.50100", "2008-03-31": "218.50700", "2007-12-31": "249.43900", "2007-09-30": "233.96000", "2007-06-30": "214.81000", "2007-03-31": "211.53400", "2006-12-31": "227.34600", "2006-09-30": "215.11400", "2006-06-30": "214.98900", "2006-03-31": "213.09600", "2005-12-31": "236.71400", "2005-09-30": "239.04600", "2005-06-30": "228.09500", "2005-03-31": "225.69300"}, "Inventory": {"2020-09-30": "", "2020-06-30": "", "2020-03-31": "", "2019-12-31": "", "2019-09-30": "", "2019-06-30": "", "2019-03-31": "", "2018-12-31": "", "2018-09-30": "", "2018-06-30": "", "2018-03-31": "", "2017-12-31": "", "2017-09-30": "", "2017-06-30": "", "2017-03-31": "", "2016-12-31": "", "2016-09-30": "", "2016-06-30": "", "2016-03-31": "", "2015-12-31": "", "2015-09-30": "", "2015-06-30": "", "2015-03-31": "", "2014-12-31": "", "2014-09-30": "", "2014-06-30": "", "2014-03-31": "", "2013-12-31": "", "2013-09-30": "", "2013-06-30": "", "2013-03-31": "", "2012-12-31": "", "2012-09-30": "", "2012-06-30": "", "2012-03-31": "", "2011-12-31": "", "2011-09-30": "", "2011-06-30": "", "2011-03-31": "35.44800", "2010-12-31": "", "2010-09-30": "35.13500", "2010-06-30": "35.59900", "2010-03-31": "37.00700", "2009-12-31": "35.75500", "2009-09-30": "43.37100", "2009-06-30": "9.38400", "2009-03-31": "8.78100", "2008-12-31": "8.86200", "2008-09-30": "9.28400", "2008-06-30": "8.78300", "2008-03-31": "8.13400", "2007-12-31": "8.55800", "2007-09-30": "7.68700", "2007-06-30": "6.97700", "2007-03-31": "6.99400", "2006-12-31": "6.62800", "2006-09-30": "6.96300", "2006-06-30": "6.38900", "2006-03-31": "6.82700", "2005-12-31": "6.99800", "2005-09-30": "5.90300", "2005-06-30": "6.12100", "2005-03-31": "6.12000"}, "Pre-Paid Expenses": {"2020-09-30": "", "2020-06-30": "", "2020-03-31": "", "2019-12-31": "", "2019-09-30": "", "2019-06-30": "", "2019-03-31": "", "2018-12-31": "", "2018-09-30": "", "2018-06-30": "", "2018-03-31": "", "2017-12-31": "", "2017-09-30": "", "2017-06-30": "", "2017-03-31": "", "2016-12-31": "", "2016-09-30": "", "2016-06-30": "", "2016-03-31": "", "2015-12-31": "", "2015-09-30": "", "2015-06-30": "", "2015-03-31": "", "2014-12-31": "", "2014-09-30": "", "2014-06-30": "", "2014-03-31": "", "2013-12-31": "", "2013-09-30": "", "2013-06-30": "", "2013-03-31": "", "2012-12-31": "", "2012-09-30": "", "2012-06-30": "", "2012-03-31": "", "2011-12-31": "", "2011-09-30": "", "2011-06-30": "", "2011-03-31": "", "2010-12-31": "", "2010-09-30": "", "2010-06-30": "", "2010-03-31": "", "2009-12-31": "", "2009-09-30": "", "2009-06-30": "", "2009-03-31": "", "2008-12-31": "", "2008-09-30": "", "2008-06-30": "", "2008-03-31": "", "2007-12-31": "", "2007-09-30": "", "2007-06-30": "", "2007-03-31": "", "2006-12-31": "", "2006-09-30": "", "2006-06-30": "", "2006-03-31": "", "2005-12-31": "", "2005-09-30": "", "2005-06-30": "", "2005-03-31": ""}, "Other Current Assets": {"2020-09-30": "835.00000", "2020-06-30": "913.00000", "2020-03-31": "948.00000", "2019-12-31": "819.00000", "2019-09-30": "892.00000", "2019-06-30": "1019.00000", "2019-03-31": "1029.00000", "2018-12-31": "930.00000", "2018-09-30": "1256.00000", "2018-06-30": "1275.00000", "2018-03-31": "1245.00000", "2017-12-31": "1081.00000", "2017-09-30": "646.00000", "2017-06-30": "698.00000", "2017-03-31": "2900.00000", "2016-12-31": "2923.00000", "2016-09-30": "631.00000", "2016-06-30": "628.00000", "2016-03-31": "617.00000", "2015-12-31": "581.00000", "2015-09-30": "594.00000", "2015-06-30": "599.00000", "2015-03-31": "622.00000", "2014-12-31": "580.00000", "2014-09-30": "591.00000", "2014-06-30": "628.00000", "2014-03-31": "632.00000", "2013-12-31": "597.00000", "2013-09-30": "563.00000", "2013-06-30": "570.00000", "2013-03-31": "587.00000", "2012-12-31": "552.00000", "2012-09-30": "649.00000", "2012-06-30": "628.00000", "2012-03-31": "481.00000", "2011-12-31": "393.00000", "2011-09-30": "378.00000", "2011-06-30": "348.00000", "2011-03-31": "57.13700", "2010-12-31": "74.00000", "2010-09-30": "34.35500", "2010-06-30": "43.51300", "2010-03-31": "51.35600", "2009-12-31": "41.43700", "2009-09-30": "107.73400", "2009-06-30": "52.67500", "2009-03-31": "56.42500", "2008-12-31": "43.50500", "2008-09-30": "26.53000", "2008-06-30": "26.13200", "2008-03-31": "28.05700", "2007-12-31": "", "2007-09-30": "27.51900", "2007-06-30": "29.09400", "2007-03-31": "30.58600", "2006-12-31": "30.47500", "2006-09-30": "13.77500", "2006-06-30": "17.10500", "2006-03-31": "17.84000", "2005-12-31": "20.45800", "2005-09-30": "14.90100", "2005-06-30": "16.67900", "2005-03-31": "17.46200"}, "Total Current Assets": {"2020-09-30": "3504.00000", "2020-06-30": "4858.00000", "2020-03-31": "4690.00000", "2019-12-31": "4768.00000", "2019-09-30": "4589.00000", "2019-06-30": "3878.00000", "2019-03-31": "3820.00000", "2018-12-31": "3820.00000", "2018-09-30": "4114.00000", "2018-06-30": "4451.00000", "2018-03-31": "4183.00000", "2017-12-31": "4194.00000", "2017-09-30": "2694.00000", "2017-06-30": "2908.00000", "2017-03-31": "4968.00000", "2016-12-31": "5162.00000", "2016-09-30": "2728.00000", "2016-06-30": "2791.00000", "2016-03-31": "2926.00000", "2015-12-31": "2650.00000", "2015-09-30": "3350.00000", "2015-06-30": "3305.00000", "2015-03-31": "3468.00000", "2014-12-31": "2696.00000", "2014-09-30": "4018.00000", "2014-06-30": "3598.00000", "2014-03-31": "3748.00000", "2013-12-31": "3907.00000", "2013-09-30": "3812.00000", "2013-06-30": "3648.00000", "2013-03-31": "3875.00000", "2012-12-31": "3638.00000", "2012-09-30": "3833.00000", "2012-06-30": "3847.00000", "2012-03-31": "4882.00000", "2011-12-31": "3517.00000", "2011-09-30": "3808.00000", "2011-06-30": "5007.00000", "2011-03-31": "1140.73600", "2010-12-31": "1143.00000", "2010-09-30": "1227.10700", "2010-06-30": "1083.65000", "2010-03-31": "1040.98700", "2009-12-31": "1123.59100", "2009-09-30": "1458.25800", "2009-06-30": "320.30300", "2009-03-31": "320.63000", "2008-12-31": "555.40700", "2008-09-30": "508.78300", "2008-06-30": "331.31600", "2008-03-31": "292.23700", "2007-12-31": "292.39900", "2007-09-30": "327.88000", "2007-06-30": "294.40600", "2007-03-31": "1012.86300", "2006-12-31": "290.11700", "2006-09-30": "268.54600", "2006-06-30": "240.25200", "2006-03-31": "253.08300", "2005-12-31": "423.01600", "2005-09-30": "528.35100", "2005-06-30": "351.35700", "2005-03-31": "378.60600"}, "Property, Plant, And Equipment": {"2020-09-30": "26290.00000", "2020-06-30": "26079.00000", "2020-03-31": "25956.00000", "2019-12-31": "26079.00000", "2019-09-30": "25874.00000", "2019-06-30": "25860.00000", "2019-03-31": "25793.00000", "2018-12-31": "26408.00000", "2018-09-30": "26168.00000", "2018-06-30": "26494.00000", "2018-03-31": "26826.00000", "2017-12-31": "26852.00000", "2017-09-30": "17634.00000", "2017-06-30": "17583.00000", "2017-03-31": "17016.00000", "2016-12-31": "17039.00000", "2016-09-30": "17840.00000", "2016-06-30": "17894.00000", "2016-03-31": "17963.00000", "2015-12-31": "18069.00000", "2015-09-30": "18068.00000", "2015-06-30": "18089.00000", "2015-03-31": "18183.00000", "2014-12-31": "18433.00000", "2014-09-30": "18323.00000", "2014-06-30": "18435.00000", "2014-03-31": "18493.00000", "2013-12-31": "18646.00000", "2013-09-30": "18665.00000", "2013-06-30": "18777.00000", "2013-03-31": "18825.00000", "2012-12-31": "18909.00000", "2012-09-30": "19013.00000", "2012-06-30": "19054.00000", "2012-03-31": "19295.00000", "2011-12-31": "19444.00000", "2011-09-30": "19290.00000", "2011-06-30": "18024.00000", "2011-03-31": "8648.58000", "2010-12-31": "8754.00000", "2010-09-30": "8801.74300", "2010-06-30": "8866.47100", "2010-03-31": "8970.29700", "2009-12-31": "9097.13900", "2009-09-30": "9363.18700", "2009-06-30": "2786.21000", "2009-03-31": "2821.57000", "2008-12-31": "2895.89200", "2008-09-30": "2915.35000", "2008-06-30": "2967.84000", "2008-03-31": "3033.13400", "2007-12-31": "3108.37600", "2007-09-30": "3144.81900", "2007-06-30": "3204.55000", "2007-03-31": "3034.55700", "2006-12-31": "3109.27700", "2006-09-30": "3130.04000", "2006-06-30": "3172.00700", "2006-03-31": "3234.04200", "2005-12-31": "3304.48600", "2005-09-30": "3299.11500", "2005-06-30": "3319.85400", "2005-03-31": "3287.84900"}, "Long-Term Investments": {"2020-09-30": "", "2020-06-30": "", "2020-03-31": "", "2019-12-31": "", "2019-09-30": "", "2019-06-30": "", "2019-03-31": "", "2018-12-31": "", "2018-09-30": "", "2018-06-30": "", "2018-03-31": "", "2017-12-31": "", "2017-09-30": "", "2017-06-30": "", "2017-03-31": "", "2016-12-31": "", "2016-09-30": "", "2016-06-30": "", "2016-03-31": "", "2015-12-31": "", "2015-09-30": "", "2015-06-30": "", "2015-03-31": "", "2014-12-31": "", "2014-09-30": "", "2014-06-30": "", "2014-03-31": "", "2013-12-31": "", "2013-09-30": "", "2013-06-30": "", "2013-03-31": "", "2012-12-31": "", "2012-09-30": "", "2012-06-30": "", "2012-03-31": "", "2011-12-31": "", "2011-09-30": "", "2011-06-30": "", "2011-03-31": "", "2010-12-31": "", "2010-09-30": "", "2010-06-30": "", "2010-03-31": "", "2009-12-31": "", "2009-09-30": "", "2009-06-30": "", "2009-03-31": "", "2008-12-31": "", "2008-09-30": "", "2008-06-30": "", "2008-03-31": "", "2007-12-31": "", "2007-09-30": "", "2007-06-30": "", "2007-03-31": "", "2006-12-31": "", "2006-09-30": "", "2006-06-30": "", "2006-03-31": "", "2005-12-31": "", "2005-09-30": "", "2005-06-30": "", "2005-03-31": ""}, "Goodwill And Intangible Assets": {"2020-09-30": "30039.00000", "2020-06-30": "30372.00000", "2020-03-31": "30699.00000", "2019-12-31": "31101.00000", "2019-09-30": "31386.00000", "2019-06-30": "31734.00000", "2019-03-31": "32035.00000", "2018-12-31": "38810.00000", "2018-09-30": "41936.00000", "2018-06-30": "42251.00000", "2018-03-31": "42706.00000", "2017-12-31": "43248.00000", "2017-09-30": "23391.00000", "2017-06-30": "23596.00000", "2017-03-31": "23780.00000", "2016-12-31": "23978.00000", "2016-09-30": "25538.00000", "2016-06-30": "25744.00000", "2016-03-31": "25966.00000", "2015-12-31": "26225.00000", "2015-09-30": "26487.00000", "2015-06-30": "26743.00000", "2015-03-31": "27013.00000", "2014-12-31": "27295.00000", "2014-09-30": "27474.00000", "2014-06-30": "27752.00000", "2014-03-31": "28091.00000", "2013-12-31": "28411.00000", "2013-09-30": "28685.00000", "2013-06-30": "29988.00000", "2013-03-31": "30229.00000", "2012-12-31": "30597.00000", "2012-09-30": "30932.00000", "2012-06-30": "31289.00000", "2012-03-31": "31824.00000", "2011-12-31": "32214.00000", "2011-09-30": "32805.00000", "2011-06-30": "31033.00000", "2011-03-31": "10260.64000", "2010-12-31": "11813.00000", "2010-09-30": "10260.64000", "2010-06-30": "10260.64000", "2010-03-31": "10251.76000", "2009-12-31": "11698.18000", "2009-09-30": "11504.85000", "2009-06-30": "4015.67400", "2009-03-31": "4015.67400", "2008-12-31": "4204.70700", "2008-09-30": "4010.02700", "2008-06-30": "4010.02700", "2008-03-31": "4010.91600", "2007-12-31": "4010.91600", "2007-09-30": "3997.02800", "2007-06-30": "3999.52600", "2007-03-31": "3431.13600", "2006-12-31": "3431.13600", "2006-09-30": "3431.13600", "2006-06-30": "3431.13600", "2006-03-31": "3432.64900", "2005-12-31": "3432.64900", "2005-09-30": "3432.62300", "2005-06-30": "3444.19800", "2005-03-31": "3433.86400"}, "Other Long-Term Assets": {"2020-09-30": "2766.00000", "2020-06-30": "2862.00000", "2020-03-31": "1044.00000", "2019-12-31": "2794.00000", "2019-09-30": "1158.00000", "2019-06-30": "1192.00000", "2019-03-31": "1188.00000", "2018-12-31": "1218.00000", "2018-09-30": "1153.00000", "2018-06-30": "1150.00000", "2018-03-31": "1078.00000", "2017-12-31": "1317.00000", "2017-09-30": "6817.00000", "2017-06-30": "6838.00000", "2017-03-31": "838.00000", "2016-12-31": "838.00000", "2016-09-30": "690.00000", "2016-06-30": "689.00000", "2016-03-31": "662.00000", "2015-12-31": "660.00000", "2015-09-30": "849.00000", "2015-06-30": "840.00000", "2015-03-31": "856.00000", "2014-12-31": "679.00000", "2014-09-30": "831.00000", "2014-06-30": "829.00000", "2014-03-31": "834.00000", "2013-12-31": "823.00000", "2013-09-30": "822.00000", "2013-06-30": "841.00000", "2013-03-31": "800.00000", "2012-12-31": "796.00000", "2012-09-30": "854.00000", "2012-06-30": "900.00000", "2012-03-31": "841.00000", "2011-12-31": "869.00000", "2011-09-30": "832.00000", "2011-06-30": "778.00000", "2011-03-31": "1851.50200", "2010-12-31": "328.00000", "2010-09-30": "1930.72000", "2010-06-30": "1988.82300", "2010-03-31": "2058.50200", "2009-12-31": "643.82300", "2009-09-30": "630.76800", "2009-06-30": "764.51300", "2009-03-31": "775.93900", "2008-12-31": "598.18900", "2008-09-30": "838.74200", "2008-06-30": "858.88100", "2008-03-31": "781.84000", "2007-12-31": "772.86200", "2007-09-30": "762.92300", "2007-06-30": "775.05400", "2007-03-31": "611.55500", "2006-12-31": "610.47700", "2006-09-30": "575.90400", "2006-06-30": "590.58900", "2006-03-31": "604.36700", "2005-12-31": "602.55600", "2005-09-30": "582.44700", "2005-06-30": "594.62900", "2005-03-31": "602.20500"}, "Total Long-Term Assets": {"2020-09-30": "59095.00000", "2020-06-30": "59313.00000", "2020-03-31": "57699.00000", "2019-12-31": "59974.00000", "2019-09-30": "58418.00000", "2019-06-30": "58786.00000", "2019-03-31": "59016.00000", "2018-12-31": "66436.00000", "2018-09-30": "69257.00000", "2018-06-30": "69895.00000", "2018-03-31": "70610.00000", "2017-12-31": "71417.00000", "2017-09-30": "47842.00000", "2017-06-30": "48017.00000", "2017-03-31": "41634.00000", "2016-12-31": "41855.00000", "2016-09-30": "44068.00000", "2016-06-30": "44327.00000", "2016-03-31": "44591.00000", "2015-12-31": "44954.00000", "2015-09-30": "45404.00000", "2015-06-30": "45672.00000", "2015-03-31": "46052.00000", "2014-12-31": "46407.00000", "2014-09-30": "46628.00000", "2014-06-30": "47016.00000", "2014-03-31": "47418.00000", "2013-12-31": "47880.00000", "2013-09-30": "48172.00000", "2013-06-30": "49606.00000", "2013-03-31": "49854.00000", "2012-12-31": "50302.00000", "2012-09-30": "50799.00000", "2012-06-30": "51243.00000", "2012-03-31": "51960.00000", "2011-12-31": "52527.00000", "2011-09-30": "52927.00000", "2011-06-30": "49835.00000", "2011-03-31": "20760.72000", "2010-12-31": "20895.00000", "2010-09-30": "20993.10000", "2010-06-30": "21115.93000", "2010-03-31": "21280.56000", "2009-12-31": "21439.14000", "2009-09-30": "21498.80000", "2009-06-30": "7566.39700", "2009-03-31": "7613.18300", "2008-12-31": "7698.78800", "2008-09-30": "7764.11900", "2008-06-30": "7836.74800", "2008-03-31": "7825.89000", "2007-12-31": "7892.15400", "2007-09-30": "7904.77000", "2007-06-30": "7979.13000", "2007-03-31": "7077.24800", "2006-12-31": "7150.89000", "2006-09-30": "7137.08000", "2006-06-30": "7193.73200", "2006-03-31": "7271.05800", "2005-12-31": "7339.69100", "2005-09-30": "7314.18600", "2005-06-30": "7358.68100", "2005-03-31": "7323.91800"}, "Total Assets": {"2020-09-30": "62599.00000", "2020-06-30": "64171.00000", "2020-03-31": "64056.00000", "2019-12-31": "64742.00000", "2019-09-30": "64728.00000", "2019-06-30": "64508.00000", "2019-03-31": "64788.00000", "2018-12-31": "70256.00000", "2018-09-30": "73371.00000", "2018-06-30": "74346.00000", "2018-03-31": "74793.00000", "2017-12-31": "75611.00000", "2017-09-30": "50536.00000", "2017-06-30": "50925.00000", "2017-03-31": "46602.00000", "2016-12-31": "47017.00000", "2016-09-30": "46796.00000", "2016-06-30": "47118.00000", "2016-03-31": "47517.00000", "2015-12-31": "47604.00000", "2015-09-30": "48754.00000", "2015-06-30": "48977.00000", "2015-03-31": "49520.00000", "2014-12-31": "49103.00000", "2014-09-30": "50646.00000", "2014-06-30": "50614.00000", "2014-03-31": "51166.00000", "2013-12-31": "51787.00000", "2013-09-30": "51984.00000", "2013-06-30": "53254.00000", "2013-03-31": "53729.00000", "2012-12-31": "53940.00000", "2012-09-30": "54632.00000", "2012-06-30": "55090.00000", "2012-03-31": "56842.00000", "2011-12-31": "56044.00000", "2011-09-30": "56735.00000", "2011-06-30": "54842.00000", "2011-03-31": "21901.46000", "2010-12-31": "22038.00000", "2010-09-30": "22220.21000", "2010-06-30": "22199.58000", "2010-03-31": "22321.54000", "2009-12-31": "22562.73000", "2009-09-30": "22957.06000", "2009-06-30": "7886.70000", "2009-03-31": "7933.81300", "2008-12-31": "8254.19500", "2008-09-30": "8272.90200", "2008-06-30": "8168.06400", "2008-03-31": "8118.12700", "2007-12-31": "8184.55300", "2007-09-30": "8232.65000", "2007-06-30": "8273.53600", "2007-03-31": "8090.11100", "2006-12-31": "7441.00700", "2006-09-30": "7405.62600", "2006-06-30": "7433.98400", "2006-03-31": "7524.14100", "2005-12-31": "7762.70700", "2005-09-30": "7842.53600", "2005-06-30": "7710.03800", "2005-03-31": "7702.52400"}, "Total Current Liabilities": {"2020-09-30": "5879.00000", "2020-06-30": "7472.00000", "2020-03-31": "5703.00000", "2019-12-31": "7258.00000", "2019-09-30": "6589.00000", "2019-06-30": "6495.00000", "2019-03-31": "5373.00000", "2018-12-31": "5531.00000", "2018-09-30": "5286.00000", "2018-06-30": "4521.00000", "2018-03-31": "4767.00000", "2017-12-31": "4857.00000", "2017-09-30": "3266.00000", "2017-06-30": "3243.00000", "2017-03-31": "5096.00000", "2016-12-31": "5349.00000", "2016-09-30": "4733.00000", "2016-06-30": "4842.00000", "2016-03-31": "3826.00000", "2015-12-31": "4604.00000", "2015-09-30": "5547.00000", "2015-06-30": "4797.00000", "2015-03-31": "3579.00000", "2014-12-31": "3918.00000", "2014-09-30": "4577.00000", "2014-06-30": "4443.00000", "2014-03-31": "4621.00000", "2013-12-31": "4409.00000", "2013-09-30": "3978.00000", "2013-06-30": "3748.00000", "2013-03-31": "4583.00000", "2012-12-31": "4595.00000", "2012-09-30": "4931.00000", "2012-06-30": "5207.00000", "2012-03-31": "5643.00000", "2011-12-31": "4017.00000", "2011-09-30": "4737.00000", "2011-06-30": "5064.00000", "2011-03-31": "1073.00700", "2010-12-31": "1011.00000", "2010-09-30": "1649.72800", "2010-06-30": "1629.58600", "2010-03-31": "1761.06300", "2009-12-31": "1707.19500", "2009-09-30": "2149.27700", "2009-06-30": "447.41700", "2009-03-31": "414.86200", "2008-12-31": "458.39000", "2008-09-30": "474.71300", "2008-06-30": "490.11800", "2008-03-31": "526.03300", "2007-12-31": "736.53500", "2007-09-30": "679.91600", "2007-06-30": "960.27400", "2007-03-31": "770.09600", "2006-12-31": "617.56500", "2006-09-30": "614.21000", "2006-06-30": "820.09600", "2006-03-31": "978.37700", "2005-12-31": "746.23000", "2005-09-30": "807.56700", "2005-06-30": "601.29800", "2005-03-31": "611.07800"}, "Long Term Debt": {"2020-09-30": "31105.00000", "2020-06-30": "31414.00000", "2020-03-31": "33481.00000", "2019-12-31": "32394.00000", "2019-09-30": "33381.00000", "2019-06-30": "33193.00000", "2019-03-31": "34858.00000", "2018-12-31": "35409.00000", "2018-09-30": "35749.00000", "2018-06-30": "36878.00000", "2018-03-31": "36940.00000", "2017-12-31": "37283.00000", "2017-09-30": "24854.00000", "2017-06-30": "24881.00000", "2017-03-31": "18180.00000", "2016-12-31": "18185.00000", "2016-09-30": "18184.00000", "2016-06-30": "18165.00000", "2016-03-31": "19508.00000", "2015-12-31": "18722.00000", "2015-09-30": "18504.00000", "2015-06-30": "18834.00000", "2015-03-31": "20254.00000", "2014-12-31": "19953.00000", "2014-09-30": "19982.00000", "2014-06-30": "19771.00000", "2014-03-31": "19814.00000", "2013-12-31": "20181.00000", "2013-09-30": "20391.00000", "2013-06-30": "20283.00000", "2013-03-31": "19595.00000", "2012-12-31": "19400.00000", "2012-09-30": "19508.00000", "2012-06-30": "19682.00000", "2012-03-31": "20667.00000", "2011-12-31": "21356.00000", "2011-09-30": "21142.00000", "2011-06-30": "19734.00000", "2011-03-31": "7168.25100", "2010-12-31": "7316.00000", "2010-09-30": "7061.74400", "2010-06-30": "7178.64600", "2010-03-31": "7221.01800", "2009-12-31": "7253.65300", "2009-09-30": "7454.51500", "2009-06-30": "2899.93600", "2009-03-31": "3002.40200", "2008-12-31": "3294.11900", "2008-09-30": "3299.26600", "2008-06-30": "3016.24300", "2008-03-31": "2881.31000", "2007-12-31": "2734.35700", "2007-09-30": "2747.57600", "2007-06-30": "2735.07300", "2007-03-31": "2916.51100", "2006-12-31": "2412.85200", "2006-09-30": "2417.80700", "2006-06-30": "2239.26300", "2006-03-31": "2353.85900", "2005-12-31": "2376.07000", "2005-09-30": "2500.27000", "2005-06-30": "2709.39900", "2005-03-31": "2694.20300"}, "Other Non-Current Liabilities": {"2020-09-30": "8694.00000", "2020-06-30": "8729.00000", "2020-03-31": "7308.00000", "2019-12-31": "8702.00000", "2019-09-30": "6823.00000", "2019-06-30": "6835.00000", "2019-03-31": "6812.00000", "2018-12-31": "6961.00000", "2018-09-30": "7031.00000", "2018-06-30": "7551.00000", "2018-03-31": "7447.00000", "2017-12-31": "7567.00000", "2017-09-30": "6328.00000", "2017-06-30": "6485.00000", "2017-03-31": "6559.00000", "2016-12-31": "6613.00000", "2016-09-30": "6334.00000", "2016-06-30": "6501.00000", "2016-03-31": "6551.00000", "2015-12-31": "6649.00000", "2015-09-30": "6711.00000", "2015-06-30": "6925.00000", "2015-03-31": "7001.00000", "2014-12-31": "7055.00000", "2014-09-30": "5013.00000", "2014-06-30": "5192.00000", "2014-03-31": "5224.00000", "2013-12-31": "5253.00000", "2013-09-30": "6776.00000", "2013-06-30": "6843.00000", "2013-03-31": "6883.00000", "2012-12-31": "7092.00000", "2012-09-30": "5913.00000", "2012-06-30": "5935.00000", "2012-03-31": "5978.00000", "2011-12-31": "6044.00000", "2011-09-30": "5364.00000", "2011-06-30": "5297.00000", "2011-03-31": "1593.53900", "2010-12-31": "1695.00000", "2010-09-30": "1642.78700", "2010-06-30": "1623.42500", "2010-03-31": "1619.24300", "2009-12-31": "1878.50300", "2009-09-30": "1831.77400", "2009-06-30": "1353.02500", "2009-03-31": "1341.34000", "2008-12-31": "1333.87800", "2008-09-30": "1302.68300", "2008-06-30": "1286.66600", "2008-03-31": "1310.80000", "2007-12-31": "1304.45600", "2007-09-30": "1440.73700", "2007-06-30": "1441.15500", "2007-03-31": "1276.27400", "2006-12-31": "1219.63900", "2006-09-30": "1068.57000", "2006-06-30": "1073.06500", "2006-03-31": "1049.12400", "2005-12-31": "1023.13400", "2005-09-30": "979.26400", "2005-06-30": "956.23400", "2005-03-31": "968.05900"}, "Total Long Term Liabilities": {"2020-09-30": "43031.00000", "2020-06-30": "43237.00000", "2020-03-31": "45062.00000", "2019-12-31": "44014.00000", "2019-09-30": "44465.00000", "2019-06-30": "44321.00000", "2019-03-31": "45872.00000", "2018-12-31": "44897.00000", "2018-09-30": "45282.00000", "2018-06-30": "46836.00000", "2018-03-31": "46583.00000", "2017-12-31": "47263.00000", "2017-09-30": "34310.00000", "2017-06-30": "34596.00000", "2017-03-31": "28200.00000", "2016-12-31": "28269.00000", "2016-09-30": "28171.00000", "2016-06-30": "28291.00000", "2016-03-31": "29655.00000", "2015-12-31": "28940.00000", "2015-09-30": "28957.00000", "2015-06-30": "29593.00000", "2015-03-31": "31176.00000", "2014-12-31": "30162.00000", "2014-09-30": "29624.00000", "2014-06-30": "29573.00000", "2014-03-31": "29747.00000", "2013-12-31": "30187.00000", "2013-09-30": "31292.00000", "2013-06-30": "31106.00000", "2013-03-31": "30290.00000", "2012-12-31": "30056.00000", "2012-09-30": "29504.00000", "2012-06-30": "29572.00000", "2012-03-31": "30561.00000", "2011-12-31": "31200.00000", "2011-09-30": "30022.00000", "2011-06-30": "28137.00000", "2011-03-31": "11169.84000", "2010-12-31": "11380.00000", "2010-09-30": "10964.63000", "2010-06-30": "11018.90000", "2010-03-31": "11059.23000", "2009-12-31": "11388.74000", "2009-09-30": "11443.76000", "2009-06-30": "4252.96100", "2009-03-31": "4343.74200", "2008-12-31": "4627.99700", "2008-09-30": "4601.94900", "2008-06-30": "4302.90900", "2008-03-31": "4192.11000", "2007-12-31": "4038.81300", "2007-09-30": "4188.31300", "2007-06-30": "4176.22800", "2007-03-31": "4192.78500", "2006-12-31": "3632.49100", "2006-09-30": "3486.37700", "2006-06-30": "3312.32800", "2006-03-31": "3402.98300", "2005-12-31": "3399.20400", "2005-09-30": "3479.53400", "2005-06-30": "3665.63300", "2005-03-31": "3662.26200"}, "Total Liabilities": {"2020-09-30": "48910.00000", "2020-06-30": "50709.00000", "2020-03-31": "50765.00000", "2019-12-31": "51272.00000", "2019-09-30": "51054.00000", "2019-06-30": "50816.00000", "2019-03-31": "51245.00000", "2018-12-31": "50428.00000", "2018-09-30": "50568.00000", "2018-06-30": "51357.00000", "2018-03-31": "51350.00000", "2017-12-31": "52120.00000", "2017-09-30": "37576.00000", "2017-06-30": "37839.00000", "2017-03-31": "33296.00000", "2016-12-31": "33618.00000", "2016-09-30": "32904.00000", "2016-06-30": "33133.00000", "2016-03-31": "33481.00000", "2015-12-31": "33544.00000", "2015-09-30": "34504.00000", "2015-06-30": "34390.00000", "2015-03-31": "34755.00000", "2014-12-31": "34080.00000", "2014-09-30": "34201.00000", "2014-06-30": "34016.00000", "2014-03-31": "34368.00000", "2013-12-31": "34596.00000", "2013-09-30": "35270.00000", "2013-06-30": "34854.00000", "2013-03-31": "34873.00000", "2012-12-31": "34651.00000", "2012-09-30": "34435.00000", "2012-06-30": "34779.00000", "2012-03-31": "36204.00000", "2011-12-31": "35217.00000", "2011-09-30": "34759.00000", "2011-06-30": "33201.00000", "2011-03-31": "12242.85000", "2010-12-31": "12391.00000", "2010-09-30": "12614.36000", "2010-06-30": "12648.49000", "2010-03-31": "12820.29000", "2009-12-31": "13095.93000", "2009-09-30": "13593.03000", "2009-06-30": "4700.37800", "2009-03-31": "4758.60400", "2008-12-31": "5086.38700", "2008-09-30": "5076.66200", "2008-06-30": "4793.02700", "2008-03-31": "4718.14300", "2007-12-31": "4775.34800", "2007-09-30": "4868.22900", "2007-06-30": "5136.50200", "2007-03-31": "4962.88100", "2006-12-31": "4250.05600", "2006-09-30": "4100.58700", "2006-06-30": "4132.42400", "2006-03-31": "4381.36000", "2005-12-31": "4145.43400", "2005-09-30": "4287.10100", "2005-06-30": "4266.93100", "2005-03-31": "4273.34000"}, "Common Stock Net": {"2020-09-30": "1097.00000", "2020-06-30": "1097.00000", "2020-03-31": "1098.00000", "2019-12-31": "1090.00000", "2019-09-30": "1090.00000", "2019-06-30": "1090.00000", "2019-03-31": "1090.00000", "2018-12-31": "1080.00000", "2018-09-30": "1081.00000", "2018-06-30": "1079.00000", "2018-03-31": "1079.00000", "2017-12-31": "1069.00000", "2017-09-30": "550.00000", "2017-06-30": "550.00000", "2017-03-31": "549.00000", "2016-12-31": "547.00000", "2016-09-30": "547.00000", "2016-06-30": "546.00000", "2016-03-31": "546.00000", "2015-12-31": "544.00000", "2015-09-30": "554.00000", "2015-06-30": "563.00000", "2015-03-31": "566.00000", "2014-12-31": "569.00000", "2014-09-30": "571.00000", "2014-06-30": "571.00000", "2014-03-31": "575.00000", "2013-12-31": "584.00000", "2013-09-30": "593.00000", "2013-06-30": "604.00000", "2013-03-31": "616.00000", "2012-12-31": "626.00000", "2012-09-30": "623.00000", "2012-06-30": "622.00000", "2012-03-31": "621.00000", "2011-12-31": "619.00000", "2011-09-30": "617.00000", "2011-06-30": "602.00000", "2011-03-31": "305.77800", "2010-12-31": "305.00000", "2010-09-30": "302.68500", "2010-06-30": "301.26600", "2010-03-31": "300.16200", "2009-12-31": "299.18900", "2009-09-30": "297.46700", "2009-06-30": "101.14000", "2009-03-31": "100.57900", "2008-12-31": "100.27700", "2008-09-30": "100.12100", "2008-06-30": "103.67700", "2008-03-31": "106.25900", "2007-12-31": "108.49200", "2007-09-30": "111.17900", "2007-06-30": "108.20100", "2007-03-31": "110.31100", "2006-12-31": "113.25400", "2006-09-30": "115.40000", "2006-06-30": "116.30100", "2006-03-31": "115.98400", "2005-12-31": "131.07400", "2005-09-30": "130.97700", "2005-06-30": "129.90700", "2005-03-31": "131.27200"}, "Retained Earnings (Accumulated Deficit)": {"2020-09-30": "-5743.00000", "2020-06-30": "-6109.00000", "2020-03-31": "-6486.00000", "2019-12-31": "-6814.00000", "2019-09-30": "-7018.00000", "2019-06-30": "-7321.00000", "2019-03-31": "-7693.00000", "2018-12-31": "-1643.00000", "2018-09-30": "777.00000", "2018-06-30": "1040.00000", "2018-03-31": "1336.00000", "2017-12-31": "1103.00000", "2017-09-30": "34.00000", "2017-06-30": "-51.00000", "2017-03-31": "110.00000", "2016-12-31": "-1.00000", "2016-09-30": "79.00000", "2016-06-30": "115.00000", "2016-03-31": "213.00000", "2015-12-31": "272.00000", "2015-09-30": "177.00000", "2015-06-30": "87.00000", "2015-03-31": "141.00000", "2014-12-31": "147.00000", "2014-09-30": "131.00000", "2014-06-30": "135.00000", "2014-03-31": "144.00000", "2013-12-31": "66.00000", "2013-09-30": "-173.00000", "2013-06-30": "1193.00000", "2013-03-31": "1244.00000", "2012-12-31": "1285.00000", "2012-09-30": "1506.00000", "2012-06-30": "1688.00000", "2012-03-31": "2067.00000", "2011-12-31": "2319.00000", "2011-09-30": "2663.00000", "2011-06-30": "2958.00000", "2011-03-31": "3291.78400", "2010-12-31": "3302.00000", "2010-09-30": "3298.64300", "2010-06-30": "3287.22500", "2010-03-31": "3267.31800", "2009-12-31": "3232.76900", "2009-09-30": "3212.32800", "2009-06-30": "3141.33400", "2009-03-31": "3143.03600", "2008-12-31": "3146.25500", "2008-09-30": "3116.30000", "2008-06-30": "3301.18000", "2008-03-31": "3326.80100", "2007-12-31": "3245.30200", "2007-09-30": "3137.48000", "2007-06-30": "3031.63900", "2007-03-31": "3061.66000", "2006-12-31": "3150.93300", "2006-09-30": "3120.09200", "2006-06-30": "3079.29100", "2006-03-31": "2934.28300", "2005-12-31": "3358.16200", "2005-09-30": "3287.78100", "2005-06-30": "3204.32300", "2005-03-31": "3127.08700"}, "Comprehensive Income": {"2020-09-30": "-2795.00000", "2020-06-30": "-2902.00000", "2020-03-31": "-2955.00000", "2019-12-31": "-2680.00000", "2019-09-30": "-2499.00000", "2019-06-30": "-2419.00000", "2019-03-31": "-2429.00000", "2018-12-31": "-2461.00000", "2018-09-30": "-2454.00000", "2018-06-30": "-2490.00000", "2018-03-31": "-2288.00000", "2017-12-31": "-1995.00000", "2017-09-30": "-1994.00000", "2017-06-30": "-2050.00000", "2017-03-31": "-2086.00000", "2016-12-31": "-2117.00000", "2016-09-30": "-1855.00000", "2016-06-30": "-1881.00000", "2016-03-31": "-1907.00000", "2015-12-31": "-1934.00000", "2015-09-30": "-1941.00000", "2015-06-30": "-1959.00000", "2015-03-31": "-2001.00000", "2014-12-31": "-2017.00000", "2014-09-30": "-789.00000", "2014-06-30": "-779.00000", "2014-03-31": "-795.00000", "2013-12-31": "-802.00000", "2013-09-30": "-1660.00000", "2013-06-30": "-1688.00000", "2013-03-31": "-1695.00000", "2012-12-31": "-1701.00000", "2012-09-30": "-984.00000", "2012-06-30": "-998.00000", "2012-03-31": "-1000.00000", "2011-12-31": "-1012.00000", "2011-09-30": "-158.00000", "2011-06-30": "-141.00000", "2011-03-31": "-138.95700", "2010-12-31": "-141.00000", "2010-09-30": "-89.54400", "2010-06-30": "-92.07400", "2010-03-31": "-94.60300", "2009-12-31": "-85.30600", "2009-09-30": "-111.68100", "2009-06-30": "-114.47200", "2009-03-31": "-116.60500", "2008-12-31": "-123.48900", "2008-09-30": "-46.75700", "2008-06-30": "-47.01100", "2008-03-31": "-43.33300", "2007-12-31": "-42.70700", "2007-09-30": "-88.59000", "2007-06-30": "-91.91100", "2007-03-31": "-102.96200", "2006-12-31": "-104.94200", "2006-09-30": "-9.35300", "2006-06-30": "-9.62000", "2006-03-31": "-10.78200", "2005-12-31": "-9.61900", "2005-09-30": "-11.47600", "2005-06-30": "-12.30400", "2005-03-31": "-13.03600"}, "Other Share Holders Equity": {"2020-09-30": "", "2020-06-30": "", "2020-03-31": "", "2019-12-31": "", "2019-09-30": "", "2019-06-30": "", "2019-03-31": "", "2018-12-31": "", "2018-09-30": "", "2018-06-30": "", "2018-03-31": "", "2017-12-31": "", "2017-09-30": "", "2017-06-30": "", "2017-03-31": "", "2016-12-31": "", "2016-09-30": "", "2016-06-30": "", "2016-03-31": "", "2015-12-31": "", "2015-09-30": "", "2015-06-30": "", "2015-03-31": "", "2014-12-31": "", "2014-09-30": "", "2014-06-30": "", "2014-03-31": "", "2013-12-31": "", "2013-09-30": "", "2013-06-30": "", "2013-03-31": "", "2012-12-31": "", "2012-09-30": "", "2012-06-30": "", "2012-03-31": "", "2011-12-31": "", "2011-09-30": "", "2011-06-30": "", "2011-03-31": "", "2010-12-31": "", "2010-09-30": "", "2010-06-30": "", "2010-03-31": "", "2009-12-31": "", "2009-09-30": "", "2009-06-30": "", "2009-03-31": "", "2008-12-31": "", "2008-09-30": "", "2008-06-30": "", "2008-03-31": "", "2007-12-31": "", "2007-09-30": "", "2007-06-30": "", "2007-03-31": "", "2006-12-31": "", "2006-09-30": "", "2006-06-30": "", "2006-03-31": "", "2005-12-31": "", "2005-09-30": "", "2005-06-30": "", "2005-03-31": ""}, "Share Holder Equity": {"2020-09-30": "13689.00000", "2020-06-30": "13462.00000", "2020-03-31": "13291.00000", "2019-12-31": "13470.00000", "2019-09-30": "13674.00000", "2019-06-30": "13692.00000", "2019-03-31": "13543.00000", "2018-12-31": "19828.00000", "2018-09-30": "22803.00000", "2018-06-30": "22989.00000", "2018-03-31": "23443.00000", "2017-12-31": "23491.00000", "2017-09-30": "12960.00000", "2017-06-30": "13086.00000", "2017-03-31": "13306.00000", "2016-12-31": "13399.00000", "2016-09-30": "13892.00000", "2016-06-30": "13985.00000", "2016-03-31": "14036.00000", "2015-12-31": "14060.00000", "2015-09-30": "14250.00000", "2015-06-30": "14587.00000", "2015-03-31": "14765.00000", "2014-12-31": "15023.00000", "2014-09-30": "16445.00000", "2014-06-30": "16598.00000", "2014-03-31": "16798.00000", "2013-12-31": "17191.00000", "2013-09-30": "16714.00000", "2013-06-30": "18400.00000", "2013-03-31": "18856.00000", "2012-12-31": "19289.00000", "2012-09-30": "20197.00000", "2012-06-30": "20311.00000", "2012-03-31": "20638.00000", "2011-12-31": "20827.00000", "2011-09-30": "21976.00000", "2011-06-30": "21641.00000", "2011-03-31": "9658.60700", "2010-12-31": "9647.00000", "2010-09-30": "9605.85400", "2010-06-30": "9551.09600", "2010-03-31": "9501.25300", "2009-12-31": "9466.79900", "2009-09-30": "9364.02900", "2009-06-30": "3186.32200", "2009-03-31": "3175.20900", "2008-12-31": "3167.80800", "2008-09-30": "3196.24000", "2008-06-30": "3375.03700", "2008-03-31": "3399.98400", "2007-12-31": "3409.20500", "2007-09-30": "3364.42100", "2007-06-30": "3137.03400", "2007-03-31": "3127.23000", "2006-12-31": "3190.95100", "2006-09-30": "3305.03900", "2006-06-30": "3301.56000", "2006-03-31": "3142.78100", "2005-12-31": "3617.27300", "2005-09-30": "3555.43500", "2005-06-30": "3443.10700", "2005-03-31": "3429.18400"}, "Total Liabilities And Share Holders Equity": {"2020-09-30": "62599.00000", "2020-06-30": "64171.00000", "2020-03-31": "64056.00000", "2019-12-31": "64742.00000", "2019-09-30": "64728.00000", "2019-06-30": "64508.00000", "2019-03-31": "64788.00000", "2018-12-31": "70256.00000", "2018-09-30": "73371.00000", "2018-06-30": "74346.00000", "2018-03-31": "74793.00000", "2017-12-31": "75611.00000", "2017-09-30": "50536.00000", "2017-06-30": "50925.00000", "2017-03-31": "46602.00000", "2016-12-31": "47017.00000", "2016-09-30": "46796.00000", "2016-06-30": "47118.00000", "2016-03-31": "47517.00000", "2015-12-31": "47604.00000", "2015-09-30": "48754.00000", "2015-06-30": "48977.00000", "2015-03-31": "49520.00000", "2014-12-31": "49103.00000", "2014-09-30": "50646.00000", "2014-06-30": "50614.00000", "2014-03-31": "51166.00000", "2013-12-31": "51787.00000", "2013-09-30": "51984.00000", "2013-06-30": "53254.00000", "2013-03-31": "53729.00000", "2012-12-31": "53940.00000", "2012-09-30": "54632.00000", "2012-06-30": "55090.00000", "2012-03-31": "56842.00000", "2011-12-31": "56044.00000", "2011-09-30": "56735.00000", "2011-06-30": "54842.00000", "2011-03-31": "21901.46000", "2010-12-31": "22038.00000", "2010-09-30": "22220.21000", "2010-06-30": "22199.58000", "2010-03-31": "22321.54000", "2009-12-31": "22562.73000", "2009-09-30": "22957.06000", "2009-06-30": "7886.70000", "2009-03-31": "7933.81300", "2008-12-31": "8254.19500", "2008-09-30": "8272.90200", "2008-06-30": "8168.06400", "2008-03-31": "8118.12700", "2007-12-31": "8184.55300", "2007-09-30": "8232.65000", "2007-06-30": "8273.53600", "2007-03-31": "8090.11100", "2006-12-31": "7441.00700", "2006-09-30": "7405.62600", "2006-06-30": "7433.98400", "2006-03-31": "7524.14100", "2005-12-31": "7762.70700", "2005-09-30": "7842.53600", "2005-06-30": "7710.03800", "2005-03-31": "7702.52400"}}, "cash flow statement": {"Net Income/Loss": {"2019-12-31": "-5269.00000", "2018-12-31": "-1733.00000", "2017-12-31": "1389.00000", "2016-12-31": "626.00000", "2015-12-31": "878.00000", "2014-12-31": "772.00000", "2013-12-31": "-239.00000", "2012-12-31": "777.00000", "2011-12-31": "573.00000", "2010-12-31": "948.00000", "2009-12-31": "647.00000", "2008-12-31": "367.03000", "2007-12-31": "419.62900", "2006-12-31": "370.02700", "2005-12-31": "334.47900"}, "Total Depreciation And Amortization - Cash Flow": {"2019-12-31": "4829.00000", "2018-12-31": "5120.00000", "2017-12-31": "3936.00000", "2016-12-31": "3918.00000", "2015-12-31": "4186.00000", "2014-12-31": "4407.00000", "2013-12-31": "4495.00000", "2012-12-31": "4692.00000", "2011-12-31": "3878.00000", "2010-12-31": "1435.00000", "2009-12-31": "986.00000", "2008-12-31": "523.78600", "2007-12-31": "536.25500", "2006-12-31": "523.50600", "2005-12-31": "531.93100"}, "Other Non-Cash Items": {"2019-12-31": "7181.00000", "2018-12-31": "3614.00000", "2017-12-31": "-557.00000", "2016-12-31": "318.00000", "2015-12-31": "609.00000", "2014-12-31": "561.00000", "2013-12-31": "1664.00000", "2012-12-31": "870.00000", "2011-12-31": "556.00000", "2010-12-31": "223.00000", "2009-12-31": "75.00000", "2008-12-31": "74.24800", "2007-12-31": "-5.43900", "2006-12-31": "-74.95500", "2005-12-31": "68.18000"}, "Total Non-Cash Items": {"2019-12-31": "12010.00000", "2018-12-31": "8734.00000", "2017-12-31": "3379.00000", "2016-12-31": "4236.00000", "2015-12-31": "4795.00000", "2014-12-31": "4968.00000", "2013-12-31": "6159.00000", "2012-12-31": "5562.00000", "2011-12-31": "4434.00000", "2010-12-31": "1658.00000", "2009-12-31": "1061.00000", "2008-12-31": "598.03410", "2007-12-31": "530.81600", "2006-12-31": "448.55100", "2005-12-31": "600.11100"}, "Change In Accounts Receivable": {"2019-12-31": "-5.00000", "2018-12-31": "25.00000", "2017-12-31": "31.00000", "2016-12-31": "-266.00000", "2015-12-31": "-132.00000", "2014-12-31": "-163.00000", "2013-12-31": "-212.00000", "2012-12-31": "-154.00000", "2011-12-31": "-102.00000", "2010-12-31": "-118.00000", "2009-12-31": "-80.00000", "2008-12-31": "-7.97800", "2007-12-31": "15.92000", "2006-12-31": "7.90900", "2005-12-31": "-0.68500"}, "Change In Inventories": {"2019-12-31": "", "2018-12-31": "", "2017-12-31": "", "2016-12-31": "", "2015-12-31": "", "2014-12-31": "", "2013-12-31": "", "2012-12-31": "", "2011-12-31": "", "2010-12-31": "", "2009-12-31": "", "2008-12-31": "", "2007-12-31": "", "2006-12-31": "", "2005-12-31": ""}, "Change In Accounts Payable": {"2019-12-31": "-261.00000", "2018-12-31": "124.00000", "2017-12-31": "-123.00000", "2016-12-31": "109.00000", "2015-12-31": "-168.00000", "2014-12-31": "70.00000", "2013-12-31": "-76.00000", "2012-12-31": "-72.00000", "2011-12-31": "-58.00000", "2010-12-31": "-96.00000", "2009-12-31": "-32.00000", "2008-12-31": "14.04300", "2007-12-31": "-13.69800", "2006-12-31": "24.90600", "2005-12-31": "-37.17400"}, "Change In Assets/Liabilities": {"2019-12-31": "201.00000", "2018-12-31": "-211.00000", "2017-12-31": "-990.00000", "2016-12-31": "-78.00000", "2015-12-31": "-271.00000", "2014-12-31": "-355.00000", "2013-12-31": "-71.00000", "2012-12-31": "8.00000", "2011-12-31": "-770.00000", "2010-12-31": "-411.00000", "2009-12-31": "79.00000", "2008-12-31": "-59.49500", "2007-12-31": "43.06900", "2006-12-31": "26.01900", "2005-12-31": "-20.31500"}, "Total Change In Assets/Liabilities": {"2019-12-31": "-45.00000", "2018-12-31": "13.00000", "2017-12-31": "-1028.00000", "2016-12-31": "-278.00000", "2015-12-31": "-539.00000", "2014-12-31": "-532.00000", "2013-12-31": "-331.00000", "2012-12-31": "-232.00000", "2011-12-31": "-899.00000", "2010-12-31": "-587.00000", "2009-12-31": "-183.00000", "2008-12-31": "-118.20800", "2007-12-31": "56.89500", "2006-12-31": "9.09900", "2005-12-31": "14.79700"}, "Cash Flow From Operating Activities": {"2019-12-31": "6680.00000", "2018-12-31": "7032.00000", "2017-12-31": "3878.00000", "2016-12-31": "4608.00000", "2015-12-31": "5153.00000", "2014-12-31": "5188.00000", "2013-12-31": "5559.00000", "2012-12-31": "6065.00000", "2011-12-31": "4201.00000", "2010-12-31": "2045.00000", "2009-12-31": "1574.00000", "2008-12-31": "853.30000", "2007-12-31": "1029.98600", "2006-12-31": "840.71900", "2005-12-31": "967.07800"}, "Net Change In Property, Plant, And Equipment": {"2019-12-31": "-3535.00000", "2018-12-31": "-3017.00000", "2017-12-31": "-1577.00000", "2016-12-31": "-2951.00000", "2015-12-31": "-2841.00000", "2014-12-31": "-2984.00000", "2013-12-31": "-2968.00000", "2012-12-31": "-2728.00000", "2011-12-31": "-2411.00000", "2010-12-31": "-864.00000", "2009-12-31": "-755.00000", "2008-12-31": "-435.78100", "2007-12-31": "-326.04500", "2006-12-31": "-314.07100", "2005-12-31": "-414.87200"}, "Net Change In Intangible Assets": {"2019-12-31": "", "2018-12-31": "", "2017-12-31": "", "2016-12-31": "", "2015-12-31": "", "2014-12-31": "", "2013-12-31": "", "2012-12-31": "", "2011-12-31": "", "2010-12-31": "", "2009-12-31": "", "2008-12-31": "", "2007-12-31": "", "2006-12-31": "", "2005-12-31": ""}, "Net Acquisitions/Divestitures": {"2019-12-31": "", "2018-12-31": "", "2017-12-31": "-7289.00000", "2016-12-31": "", "2015-12-31": "-4.00000", "2014-12-31": "-93.00000", "2013-12-31": "-160.00000", "2012-12-31": "", "2011-12-31": "-1252.00000", "2010-12-31": "", "2009-12-31": "77.00000", "2008-12-31": "", "2007-12-31": "-306.80500", "2006-12-31": "", "2005-12-31": "-75.45300"}, "Net Change In Short-term Investments": {"2019-12-31": "", "2018-12-31": "", "2017-12-31": "", "2016-12-31": "", "2015-12-31": "", "2014-12-31": "", "2013-12-31": "", "2012-12-31": "", "2011-12-31": "", "2010-12-31": "", "2009-12-31": "", "2008-12-31": "", "2007-12-31": "", "2006-12-31": "", "2005-12-31": ""}, "Net Change In Long-Term Investments": {"2019-12-31": "", "2018-12-31": "", "2017-12-31": "", "2016-12-31": "", "2015-12-31": "", "2014-12-31": "", "2013-12-31": "", "2012-12-31": "", "2011-12-31": "", "2010-12-31": "", "2009-12-31": "", "2008-12-31": "50.75400", "2007-12-31": "13.43700", "2006-12-31": "128.68400", "2005-12-31": "4.00000"}, "Net Change In Investments - Total": {"2019-12-31": "", "2018-12-31": "", "2017-12-31": "", "2016-12-31": "", "2015-12-31": "", "2014-12-31": "", "2013-12-31": "", "2012-12-31": "", "2011-12-31": "", "2010-12-31": "", "2009-12-31": "", "2008-12-31": "50.75400", "2007-12-31": "13.43700", "2006-12-31": "128.68400", "2005-12-31": "4.00000"}, "Investing Activities - Other": {"2019-12-31": "-35.00000", "2018-12-31": "-61.00000", "2017-12-31": "-5.00000", "2016-12-31": "-43.00000", "2015-12-31": "-8.00000", "2014-12-31": "", "2013-12-31": "-20.00000", "2012-12-31": "38.00000", "2011-12-31": "16.00000", "2010-12-31": "5.00000", "2009-12-31": "-1.00000", "2008-12-31": "-3.96800", "2007-12-31": "0.22500", "2006-12-31": "-8.34400", "2005-12-31": "2.59400"}, "Cash Flow From Investing Activities": {"2019-12-31": "-3570.00000", "2018-12-31": "-3078.00000", "2017-12-31": "-8871.00000", "2016-12-31": "-2994.00000", "2015-12-31": "-2853.00000", "2014-12-31": "-3077.00000", "2013-12-31": "-3148.00000", "2012-12-31": "-2690.00000", "2011-12-31": "-3647.00000", "2010-12-31": "-859.00000", "2009-12-31": "-679.00000", "2008-12-31": "-388.99500", "2007-12-31": "-619.18800", "2006-12-31": "-193.73100", "2005-12-31": "-483.73100"}, "Net Long-Term Debt": {"2019-12-31": "-750.00000", "2018-12-31": "-1661.00000", "2017-12-31": "6826.00000", "2016-12-31": "-341.00000", "2015-12-31": "-292.00000", "2014-12-31": "-321.00000", "2013-12-31": "376.00000", "2012-12-31": "-1213.00000", "2011-12-31": "1030.00000", "2010-12-31": "-426.00000", "2009-12-31": "-453.00000", "2008-12-31": "277.71400", "2007-12-31": "28.86010", "2006-12-31": "-58.99500", "2005-12-31": "-349.17200"}, "Net Current Debt": {"2019-12-31": "", "2018-12-31": "", "2017-12-31": "", "2016-12-31": "", "2015-12-31": "", "2014-12-31": "", "2013-12-31": "", "2012-12-31": "", "2011-12-31": "", "2010-12-31": "", "2009-12-31": "", "2008-12-31": "", "2007-12-31": "", "2006-12-31": "", "2005-12-31": ""}, "Debt Issuance/Retirement Net - Total": {"2019-12-31": "-750.00000", "2018-12-31": "-1661.00000", "2017-12-31": "6826.00000", "2016-12-31": "-341.00000", "2015-12-31": "-292.00000", "2014-12-31": "-321.00000", "2013-12-31": "376.00000", "2012-12-31": "-1213.00000", "2011-12-31": "1030.00000", "2010-12-31": "-426.00000", "2009-12-31": "-453.00000", "2008-12-31": "277.71400", "2007-12-31": "28.86010", "2006-12-31": "-58.99500", "2005-12-31": "-349.17200"}, "Net Common Equity Issued/Repurchased": {"2019-12-31": "", "2018-12-31": "", "2017-12-31": "", "2016-12-31": "", "2015-12-31": "-819.00000", "2014-12-31": "-600.00000", "2013-12-31": "-1513.00000", "2012-12-31": "73.00000", "2011-12-31": "72.00000", "2010-12-31": "113.00000", "2009-12-31": "41.00000", "2008-12-31": "-332.66500", "2007-12-31": "-411.27200", "2006-12-31": "-704.38500", "2005-12-31": "-501.38500"}, "Net Total Equity Issued/Repurchased": {"2019-12-31": "", "2018-12-31": "", "2017-12-31": "", "2016-12-31": "", "2015-12-31": "-819.00000", "2014-12-31": "-600.00000", "2013-12-31": "-1513.00000", "2012-12-31": "73.00000", "2011-12-31": "72.00000", "2010-12-31": "113.00000", "2009-12-31": "41.00000", "2008-12-31": "-332.66500", "2007-12-31": "-411.27200", "2006-12-31": "-704.38500", "2005-12-31": "-501.38500"}, "Total Common And Preferred Stock Dividends Paid": {"2019-12-31": "-1100.00000", "2018-12-31": "-2312.00000", "2017-12-31": "-1453.00000", "2016-12-31": "-1167.00000", "2015-12-31": "-1198.00000", "2014-12-31": "-1228.00000", "2013-12-31": "-1301.00000", "2012-12-31": "-1811.00000", "2011-12-31": "-1556.00000", "2010-12-31": "-879.00000", "2009-12-31": "-560.00000", "2008-12-31": "-220.26600", "2007-12-31": "-29.05200", "2006-12-31": "-29.20300", "2005-12-31": "-31.86200"}, "Financial Activities - Other": {"2019-12-31": "-61.00000", "2018-12-31": "-50.00000", "2017-12-31": "-17.00000", "2016-12-31": "-10.00000", "2015-12-31": "8.00000", "2014-12-31": "-2.00000", "2013-12-31": "-16.00000", "2012-12-31": "-344.00000", "2011-12-31": "-123.00000", "2010-12-31": "17.00000", "2009-12-31": "-4.00000", "2008-12-31": "19.83700", "2007-12-31": "9.40000", "2006-12-31": "12.41700", "2005-12-31": "390.70300"}, "Cash Flow From Financial Activities": {"2019-12-31": "-1911.00000", "2018-12-31": "-4023.00000", "2017-12-31": "5356.00000", "2016-12-31": "-1518.00000", "2015-12-31": "-2301.00000", "2014-12-31": "-2151.00000", "2013-12-31": "-2454.00000", "2012-12-31": "-3295.00000", "2011-12-31": "-577.00000", "2010-12-31": "-1175.00000", "2009-12-31": "-976.00000", "2008-12-31": "-255.38000", "2007-12-31": "-402.06400", "2006-12-31": "-780.16600", "2005-12-31": "-491.71600"}, "Net Cash Flow": {"2019-12-31": "1199.00000", "2018-12-31": "-69.00000", "2017-12-31": "363.00000", "2016-12-31": "96.00000", "2015-12-31": "-1.00000", "2014-12-31": "-40.00000", "2013-12-31": "-43.00000", "2012-12-31": "83.00000", "2011-12-31": "-45.00000", "2010-12-31": "11.00000", "2009-12-31": "-81.00000", "2008-12-31": "208.92500", "2007-12-31": "8.73400", "2006-12-31": "-133.17800", "2005-12-31": "-8.36900"}, "Stock-Based Compensation": {"2019-12-31": "162.00000", "2018-12-31": "186.00000", "2017-12-31": "111.00000", "2016-12-31": "80.00000", "2015-12-31": "73.00000", "2014-12-31": "79.00000", "2013-12-31": "71.00000", "2012-12-31": "110.00000", "2011-12-31": "", "2010-12-31": "", "2009-12-31": "", "2008-12-31": "16.39000", "2007-12-31": "19.96200", "2006-12-31": "11.90400", "2005-12-31": "4.72100"}, "Common Stock Dividends Paid": {"2019-12-31": "-1100.00000", "2018-12-31": "-2312.00000", "2017-12-31": "-1453.00000", "2016-12-31": "-1167.00000", "2015-12-31": "-1198.00000", "2014-12-31": "-1228.00000", "2013-12-31": "-1301.00000", "2012-12-31": "-1811.00000", "2011-12-31": "-1556.00000", "2010-12-31": "-879.00000", "2009-12-31": "-560.00000", "2008-12-31": "-220.26600", "2007-12-31": "-29.05200", "2006-12-31": "-29.20300", "2005-12-31": "-31.86200"}}, "cash flow statement, quarterly": {"Net Income/Loss": {"2020-09-30": 366, "2020-06-30": 377, "2020-03-31": "314.00000", "2019-12-31": 223, "2019-09-30": 302, "2019-06-30": 371, "2019-03-31": "-6165.00000", "2018-12-31": -2412, "2018-09-30": 272, "2018-06-30": 292, "2018-03-31": "115.00000", "2017-12-31": 1117, "2017-09-30": 92, "2017-06-30": 17, "2017-03-31": "163.00000", "2016-12-31": 42, "2016-09-30": 152, "2016-06-30": 196, "2016-03-31": "236.00000", "2015-12-31": 338, "2015-09-30": 205, "2015-06-30": 143, "2015-03-31": "192.00000", "2014-12-31": 188, "2014-09-30": 188, "2014-06-30": 193, "2014-03-31": "203.00000", "2013-12-31": 239, "2013-09-30": -1045, "2013-06-30": 269, "2013-03-31": "298.00000", "2012-12-31": 233, "2012-09-30": 270, "2012-06-30": 74, "2012-03-31": "200.00000", "2011-12-31": 109, "2011-09-30": 138, "2011-06-30": 115, "2011-03-31": "211.00000", "2010-12-31": 225, "2010-09-30": 232, "2010-06-30": 238.043, "2010-03-31": "252.95700", "2009-12-31": 229.032, "2009-09-30": 281.26, "2009-06-30": 69.554, "2009-03-31": "67.15400", "2008-12-31": 100.371, "2008-09-30": 85.189, "2008-06-30": 92.71, "2008-03-31": "88.76000", "2007-12-31": 116.292, "2007-09-30": 113.202, "2007-06-30": 112.265, "2007-03-31": "77.87000", "2006-12-31": 72.233, "2006-09-30": 76.324, "2006-06-30": 152.21, "2006-03-31": "69.26000", "2005-12-31": 78.334, "2005-09-30": 91.411, "2005-06-30": 85.118, "2005-03-31": "79.61600"}, "Total Depreciation And Amortization - Cash Flow": {"2020-09-30": 1193, "2020-06-30": 1162, "2020-03-31": "1160.00000", "2019-12-31": 1210, "2019-09-30": 1235, "2019-06-30": 1196, "2019-03-31": "1188.00000", "2018-12-31": 1262, "2018-09-30": 1285, "2018-06-30": 1290, "2018-03-31": "1283.00000", "2017-12-31": 1197, "2017-09-30": 910, "2017-06-30": 949, "2017-03-31": "880.00000", "2016-12-31": 960, "2016-09-30": 995, "2016-06-30": 988, "2016-03-31": "975.00000", "2015-12-31": 1053, "2015-09-30": 1048, "2015-06-30": 1047, "2015-03-31": "1038.00000", "2014-12-31": 1140, "2014-09-30": 1088, "2014-06-30": 1083, "2014-03-31": "1096.00000", "2013-12-31": 1165, "2013-09-30": 1122, "2013-06-30": 1107, "2013-03-31": "1101.00000", "2012-12-31": 1203, "2012-09-30": 1122, "2012-06-30": 1187, "2012-03-31": "1180.00000", "2011-12-31": 1223, "2011-09-30": 1175, "2011-06-30": 1111, "2011-03-31": "369.00000", "2010-12-31": 366, "2010-09-30": 358, "2010-06-30": 357.838, "2010-03-31": "353.16200", "2009-12-31": 367.674, "2009-09-30": 362.202, "2009-06-30": 128.552, "2009-03-31": "127.57200", "2008-12-31": 128.796, "2008-09-30": 128.352, "2008-06-30": 130.954, "2008-03-31": "135.68400", "2007-12-31": 137.554, "2007-09-30": 136.606, "2007-06-30": 134.311, "2007-03-31": "127.78400", "2006-12-31": 126.36, "2006-09-30": 130.147, "2006-06-30": 132.127, "2006-03-31": "134.87200", "2005-12-31": 135.778, "2005-09-30": 133.526, "2005-06-30": 130.452, "2005-03-31": "132.17500"}, "Other Non-Cash Items": {"2020-09-30": 165, "2020-06-30": 195, "2020-03-31": "290.00000", "2019-12-31": 155, "2019-09-30": 181, "2019-06-30": 141, "2019-03-31": "6704.00000", "2018-12-31": 2789, "2018-09-30": 218, "2018-06-30": 368, "2018-03-31": "239.00000", "2017-12-31": -603, "2017-09-30": -79, "2017-06-30": 94, "2017-03-31": "31.00000", "2016-12-31": 54, "2016-09-30": 106, "2016-06-30": 83, "2016-03-31": "75.00000", "2015-12-31": 322, "2015-09-30": 104, "2015-06-30": 78, "2015-03-31": "105.00000", "2014-12-31": 56, "2014-09-30": 160, "2014-06-30": 190, "2014-03-31": "155.00000", "2013-12-31": 136, "2013-09-30": 1188, "2013-06-30": 179, "2013-03-31": "161.00000", "2012-12-31": 272, "2012-09-30": 164, "2012-06-30": 271, "2012-03-31": "163.00000", "2011-12-31": 163, "2011-09-30": 157, "2011-06-30": 176, "2011-03-31": "60.00000", "2010-12-31": 137, "2010-09-30": 61, "2010-06-30": 37.94, "2010-03-31": "-12.94000", "2009-12-31": 132.679, "2009-09-30": -92.304, "2009-06-30": 13.859, "2009-03-31": "20.76600", "2008-12-31": 43.895, "2008-09-30": 14.869, "2008-06-30": 4.901, "2008-03-31": "10.58300", "2007-12-31": -46.164, "2007-09-30": 13.214, "2007-06-30": 14.892, "2007-03-31": "12.61900", "2006-12-31": 18.141, "2006-09-30": 8.349, "2006-06-30": -106.678, "2006-03-31": "5.23300", "2005-12-31": 41.569, "2005-09-30": 2.701, "2005-06-30": 3.082, "2005-03-31": "20.82800"}, "Total Non-Cash Items": {"2020-09-30": 1358, "2020-06-30": 1357, "2020-03-31": "1450.00000", "2019-12-31": 1365, "2019-09-30": 1416, "2019-06-30": 1337, "2019-03-31": "7892.00000", "2018-12-31": 4051, "2018-09-30": 1503, "2018-06-30": 1658, "2018-03-31": "1522.00000", "2017-12-31": 594, "2017-09-30": 831, "2017-06-30": 1043, "2017-03-31": "911.00000", "2016-12-31": 1014, "2016-09-30": 1101, "2016-06-30": 1071, "2016-03-31": "1050.00000", "2015-12-31": 1375, "2015-09-30": 1152, "2015-06-30": 1125, "2015-03-31": "1143.00000", "2014-12-31": 1196, "2014-09-30": 1248, "2014-06-30": 1273, "2014-03-31": "1251.00000", "2013-12-31": 1301, "2013-09-30": 2310, "2013-06-30": 1286, "2013-03-31": "1262.00000", "2012-12-31": 1475, "2012-09-30": 1286, "2012-06-30": 1458, "2012-03-31": "1343.00000", "2011-12-31": 1386, "2011-09-30": 1332, "2011-06-30": 1287, "2011-03-31": "429.00000", "2010-12-31": 503, "2010-09-30": 419, "2010-06-30": 395.778, "2010-03-31": "340.22200", "2009-12-31": 500.353, "2009-09-30": 269.898, "2009-06-30": 142.411, "2009-03-31": "148.33800", "2008-12-31": 172.6911, "2008-09-30": 143.221, "2008-06-30": 135.855, "2008-03-31": "146.26700", "2007-12-31": 91.39, "2007-09-30": 149.82, "2007-06-30": 149.203, "2007-03-31": "140.40300", "2006-12-31": 144.501, "2006-09-30": 138.496, "2006-06-30": 25.449, "2006-03-31": "140.10500", "2005-12-31": 177.347, "2005-09-30": 136.227, "2005-06-30": 133.534, "2005-03-31": "153.00300"}, "Change In Accounts Receivable": {"2020-09-30": -32, "2020-06-30": -62, "2020-03-31": "60.00000", "2019-12-31": 2, "2019-09-30": 125, "2019-06-30": -137, "2019-03-31": "5.00000", "2018-12-31": 33, "2018-09-30": -43, "2018-06-30": -82, "2018-03-31": "117.00000", "2017-12-31": 29, "2017-09-30": -69, "2017-06-30": -45, "2017-03-31": "116.00000", "2016-12-31": -108, "2016-09-30": -33, "2016-06-30": -151, "2016-03-31": "26.00000", "2015-12-31": -41, "2015-09-30": -40, "2015-06-30": -24, "2015-03-31": "-27.00000", "2014-12-31": -52, "2014-09-30": -39, "2014-06-30": -132, "2014-03-31": "60.00000", "2013-12-31": -107, "2013-09-30": -57, "2013-06-30": -14, "2013-03-31": "-34.00000", "2012-12-31": -18, "2012-09-30": -72, "2012-06-30": -82, "2012-03-31": "18.00000", "2011-12-31": -36, "2011-09-30": -74, "2011-06-30": -17, "2011-03-31": "25.00000", "2010-12-31": 13, "2010-09-30": -73, "2010-06-30": -72.632, "2010-03-31": "14.63200", "2009-12-31": -77.218, "2009-09-30": -33.974, "2009-06-30": -4.906, "2009-03-31": "36.09800", "2008-12-31": -16.28, "2008-09-30": 17.917, "2008-06-30": -14.135, "2008-03-31": "4.52000", "2007-12-31": 10.933, "2007-09-30": -19.329, "2007-06-30": 8.504, "2007-03-31": "15.81200", "2006-12-31": -12.232, "2006-09-30": -1.5, "2006-06-30": -1.977, "2006-03-31": "23.61800", "2005-12-31": 1.582, "2005-09-30": -10.127, "2005-06-30": 0.973, "2005-03-31": "6.88700"}, "Change In Inventories": {"2020-09-30": 0, "2020-06-30": 0, "2020-03-31": "", "2019-12-31": 0, "2019-09-30": 0, "2019-06-30": 0, "2019-03-31": "", "2018-12-31": 0, "2018-09-30": 0, "2018-06-30": 0, "2018-03-31": "", "2017-12-31": 0, "2017-09-30": 0, "2017-06-30": 0, "2017-03-31": "", "2016-12-31": 0, "2016-09-30": 0, "2016-06-30": 0, "2016-03-31": "", "2015-12-31": 0, "2015-09-30": 0, "2015-06-30": 0, "2015-03-31": "", "2014-12-31": 0, "2014-09-30": 0, "2014-06-30": 0, "2014-03-31": "", "2013-12-31": 0, "2013-09-30": 0, "2013-06-30": 0, "2013-03-31": "", "2012-12-31": 0, "2012-09-30": 0, "2012-06-30": 0, "2012-03-31": "", "2011-12-31": 0, "2011-09-30": 0, "2011-06-30": 0, "2011-03-31": "", "2010-12-31": 0, "2010-09-30": 0, "2010-06-30": 0, "2010-03-31": "", "2009-12-31": 0, "2009-09-30": 0, "2009-06-30": 0, "2009-03-31": "", "2008-12-31": 0, "2008-09-30": 0, "2008-06-30": 0, "2008-03-31": "", "2007-12-31": 0, "2007-09-30": 0, "2007-06-30": 0, "2007-03-31": "", "2006-12-31": 0, "2006-09-30": 0, "2006-06-30": 0, "2006-03-31": "", "2005-12-31": 0, "2005-09-30": 0, "2005-06-30": 0, "2005-03-31": ""}, "Change In Accounts Payable": {"2020-09-30": -98, "2020-06-30": -112, "2020-03-31": "-115.00000", "2019-12-31": 4, "2019-09-30": 1, "2019-06-30": -27, "2019-03-31": "-239.00000", "2018-12-31": 275, "2018-09-30": 22, "2018-06-30": -159, "2018-03-31": "-14.00000", "2017-12-31": -30, "2017-09-30": 19, "2017-06-30": -31, "2017-03-31": "-81.00000", "2016-12-31": 57, "2016-09-30": -22, "2016-06-30": -4, "2016-03-31": "78.00000", "2015-12-31": -84, "2015-09-30": 28, "2015-06-30": -32, "2015-03-31": "-80.00000", "2014-12-31": 91, "2014-09-30": -96, "2014-06-30": -48, "2014-03-31": "123.00000", "2013-12-31": -76, "2013-09-30": -123, "2013-06-30": 157, "2013-03-31": "-34.00000", "2012-12-31": -120, "2012-09-30": 188, "2012-06-30": 58, "2012-03-31": "-198.00000", "2011-12-31": -44, "2011-09-30": 10, "2011-06-30": -23, "2011-03-31": "-1.00000", "2010-12-31": 6, "2010-09-30": -6, "2010-06-30": -36.008, "2010-03-31": "-59.99200", "2009-12-31": 61.283, "2009-09-30": -98.044, "2009-06-30": 14.629, "2009-03-31": "-9.86800", "2008-12-31": 36.35, "2008-09-30": -16.026, "2008-06-30": 5.792, "2008-03-31": "-12.07300", "2007-12-31": 22.467, "2007-09-30": -37.271, "2007-06-30": 3.691, "2007-03-31": "-2.58500", "2006-12-31": 21.351, "2006-09-30": 6.262, "2006-06-30": 2.004, "2006-03-31": "-4.71100", "2005-12-31": -3.947, "2005-09-30": -32.991, "2005-06-30": -0.142, "2005-03-31": "-0.09400"}, "Change In Assets/Liabilities": {"2020-09-30": -3, "2020-06-30": 191, "2020-03-31": "-405.00000", "2019-12-31": 476, "2019-09-30": -101, "2019-06-30": 180, "2019-03-31": "-354.00000", "2018-12-31": 146, "2018-09-30": -286, "2018-06-30": 95, "2018-03-31": "-166.00000", "2017-12-31": -534, "2017-09-30": -2, "2017-06-30": -175, "2017-03-31": "-279.00000", "2016-12-31": 130, "2016-09-30": -81, "2016-06-30": 1, "2016-03-31": "-128.00000", "2015-12-31": -206, "2015-09-30": 15, "2015-06-30": -45, "2015-03-31": "-35.00000", "2014-12-31": -36, "2014-09-30": 73, "2014-06-30": -72, "2014-03-31": "-320.00000", "2013-12-31": -147, "2013-09-30": 411, "2013-06-30": -134, "2013-03-31": "-201.00000", "2012-12-31": -38, "2012-09-30": 162, "2012-06-30": -244, "2012-03-31": "128.00000", "2011-12-31": -664, "2011-09-30": 11, "2011-06-30": -24, "2011-03-31": "-93.00000", "2010-12-31": -131, "2010-09-30": 41, "2010-06-30": -40.37, "2010-03-31": "-280.63000", "2009-12-31": 44.467, "2009-09-30": 54.776, "2009-06-30": 18.641, "2009-03-31": "-38.88400", "2008-12-31": -67.504, "2008-09-30": 1.533, "2008-06-30": 19.004, "2008-03-31": "-12.52800", "2007-12-31": 17.802, "2007-09-30": 0.292, "2007-06-30": 33.738, "2007-03-31": "-8.76300", "2006-12-31": 3.016, "2006-09-30": -3.225, "2006-06-30": 33.94, "2006-03-31": "-7.71200", "2005-12-31": -21.732, "2005-09-30": -8.185, "2005-06-30": 21.395, "2005-03-31": "-11.79300"}, "Total Change In Assets/Liabilities": {"2020-09-30": -40, "2020-06-30": 30, "2020-03-31": "-476.00000", "2019-12-31": 371, "2019-09-30": 136, "2019-06-30": -9, "2019-03-31": "-543.00000", "2018-12-31": 312, "2018-09-30": 57, "2018-06-30": -313, "2018-03-31": "-43.00000", "2017-12-31": -584, "2017-09-30": 22, "2017-06-30": -428, "2017-03-31": "-38.00000", "2016-12-31": 35, "2016-09-30": -343, "2016-06-30": -106, "2016-03-31": "136.00000", "2015-12-31": -549, "2015-09-30": 133, "2015-06-30": -117, "2015-03-31": "-6.00000", "2014-12-31": -119, "2014-09-30": -13, "2014-06-30": -328, "2014-03-31": "-72.00000", "2013-12-31": -332, "2013-09-30": 272, "2013-06-30": -78, "2013-03-31": "-193.00000", "2012-12-31": -255, "2012-09-30": 321, "2012-06-30": -326, "2012-03-31": "28.00000", "2011-12-31": -793, "2011-09-30": -40, "2011-06-30": -93, "2011-03-31": "27.00000", "2010-12-31": -169, "2010-09-30": -58, "2010-06-30": -228.284, "2010-03-31": "-131.71600", "2009-12-31": -158.202, "2009-09-30": -71.602, "2009-06-30": 40.355, "2009-03-31": "6.44900", "2008-12-31": -86.996, "2008-09-30": 10.837, "2008-06-30": -31.667, "2008-03-31": "-10.38200", "2007-12-31": 13.145, "2007-09-30": -33.718, "2007-06-30": 37.309, "2007-03-31": "40.15900", "2006-12-31": -6.747, "2006-09-30": -1.203, "2006-06-30": 42.926, "2006-03-31": "-25.87700", "2005-12-31": -26.848, "2005-09-30": 12.235, "2005-06-30": -2.13, "2005-03-31": "31.54000"}, "Cash Flow From Operating Activities": {"2020-09-30": 1794, "2020-06-30": 1749, "2020-03-31": "1299.00000", "2019-12-31": 1909, "2019-09-30": 1888, "2019-06-30": 1701, "2019-03-31": "1182.00000", "2018-12-31": 1996, "2018-09-30": 1787, "2018-06-30": 1582, "2018-03-31": "1667.00000", "2017-12-31": 1178, "2017-09-30": 958, "2017-06-30": 685, "2017-03-31": "1057.00000", "2016-12-31": 1096, "2016-09-30": 911, "2016-06-30": 1178, "2016-03-31": "1423.00000", "2015-12-31": 1197, "2015-09-30": 1475, "2015-06-30": 1145, "2015-03-31": "1336.00000", "2014-12-31": 1251, "2014-09-30": 1428, "2014-06-30": 1129, "2014-03-31": "1380.00000", "2013-12-31": 1151, "2013-09-30": 1552, "2013-06-30": 1469, "2013-03-31": "1387.00000", "2012-12-31": 1379, "2012-09-30": 1887, "2012-06-30": 1216, "2012-03-31": "1583.00000", "2011-12-31": 728, "2011-09-30": 1455, "2011-06-30": 1348, "2011-03-31": "670.00000", "2010-12-31": 564, "2010-09-30": 600, "2010-06-30": 419.537, "2010-03-31": "461.46300", "2009-12-31": 612.239, "2009-09-30": 479.556, "2009-06-30": 252.038, "2009-03-31": "230.16700", "2008-12-31": 186.067, "2008-09-30": 240.246, "2008-06-30": 196.777, "2008-03-31": "230.21000", "2007-12-31": 240.553, "2007-09-30": 231.408, "2007-06-30": 299.315, "2007-03-31": "258.71000", "2006-12-31": 218.211, "2006-09-30": 216.191, "2006-06-30": 222.287, "2006-03-31": "184.03000", "2005-12-31": 233.709, "2005-09-30": 254.456, "2005-06-30": 222.094, "2005-03-31": "256.81900"}, "Net Change In Property, Plant, And Equipment": {"2020-09-30": -953, "2020-06-30": -960, "2020-03-31": "-939.00000", "2019-12-31": -901, "2019-09-30": -929, "2019-06-30": -799, "2019-03-31": "-906.00000", "2018-12-31": -882, "2018-09-30": -684, "2018-06-30": -649, "2018-03-31": "-802.00000", "2017-12-31": 735, "2017-09-30": -750, "2017-06-30": -827, "2017-03-31": "-735.00000", "2016-12-31": -963, "2016-09-30": -735, "2016-06-30": -649, "2016-03-31": "-604.00000", "2015-12-31": -831, "2015-09-30": -764, "2015-06-30": -644, "2015-03-31": "-602.00000", "2014-12-31": -871, "2014-09-30": -712, "2014-06-30": -732, "2014-03-31": "-669.00000", "2013-12-31": -832, "2013-09-30": -801, "2013-06-30": -747, "2013-03-31": "-588.00000", "2012-12-31": -837, "2012-09-30": -719, "2012-06-30": -494, "2012-03-31": "-678.00000", "2011-12-31": -900, "2011-09-30": -721, "2011-06-30": -579, "2011-03-31": "-211.00000", "2010-12-31": -264, "2010-09-30": -238, "2010-06-30": -194.82, "2010-03-31": "-167.18000", "2009-12-31": -337.873, "2009-09-30": -286.326, "2009-06-30": -85.305, "2009-03-31": "-45.49600", "2008-12-31": -101.813, "2008-09-30": -70.606, "2008-06-30": -208.623, "2008-03-31": "-54.73900", "2007-12-31": -141.744, "2007-09-30": -77.445, "2007-06-30": -57.976, "2007-03-31": "-48.88000", "2006-12-31": -101.037, "2006-09-30": -82.579, "2006-06-30": -70.367, "2006-03-31": "-60.08800", "2005-12-31": -132.914, "2005-09-30": -105.044, "2005-06-30": -102.011, "2005-03-31": "-74.90300"}, "Net Change In Intangible Assets": {"2020-09-30": 0, "2020-06-30": 0, "2020-03-31": "", "2019-12-31": 0, "2019-09-30": 0, "2019-06-30": 0, "2019-03-31": "", "2018-12-31": 0, "2018-09-30": 0, "2018-06-30": 0, "2018-03-31": "", "2017-12-31": 0, "2017-09-30": 0, "2017-06-30": 0, "2017-03-31": "", "2016-12-31": 0, "2016-09-30": 0, "2016-06-30": 0, "2016-03-31": "", "2015-12-31": 0, "2015-09-30": 0, "2015-06-30": 0, "2015-03-31": "", "2014-12-31": 0, "2014-09-30": 0, "2014-06-30": 0, "2014-03-31": "", "2013-12-31": 0, "2013-09-30": 0, "2013-06-30": 0, "2013-03-31": "", "2012-12-31": 0, "2012-09-30": 0, "2012-06-30": 0, "2012-03-31": "", "2011-12-31": 0, "2011-09-30": 0, "2011-06-30": 0, "2011-03-31": "", "2010-12-31": 0, "2010-09-30": 0, "2010-06-30": 0, "2010-03-31": "", "2009-12-31": 0, "2009-09-30": 0, "2009-06-30": 0, "2009-03-31": "", "2008-12-31": 0, "2008-09-30": 0, "2008-06-30": 0, "2008-03-31": "", "2007-12-31": 0, "2007-09-30": 0, "2007-06-30": 0, "2007-03-31": "", "2006-12-31": 0, "2006-09-30": 0, "2006-06-30": 0, "2006-03-31": "", "2005-12-31": 0, "2005-09-30": 0, "2005-06-30": 0, "2005-03-31": ""}, "Net Acquisitions/Divestitures": {"2020-09-30": 0, "2020-06-30": 0, "2020-03-31": "", "2019-12-31": 0, "2019-09-30": 0, "2019-06-30": 0, "2019-03-31": "", "2018-12-31": 0, "2018-09-30": 0, "2018-06-30": 0, "2018-03-31": "", "2017-12-31": -8756, "2017-09-30": -6, "2017-06-30": 1473, "2017-03-31": "", "2016-12-31": 24, "2016-09-30": 0, "2016-06-30": -24, "2016-03-31": "", "2015-12-31": 0, "2015-09-30": 0, "2015-06-30": -4, "2015-03-31": "", "2014-12-31": -93, "2014-09-30": 0, "2014-06-30": 0, "2014-03-31": "", "2013-12-31": -160, "2013-09-30": 0, "2013-06-30": 0, "2013-03-31": "", "2012-12-31": 0, "2012-09-30": 0, "2012-06-30": 0, "2012-03-31": "", "2011-12-31": 0, "2011-09-30": -1671, "2011-06-30": 419, "2011-03-31": "", "2010-12-31": 0, "2010-09-30": 0, "2010-06-30": 0, "2010-03-31": "", "2009-12-31": 0.094, "2009-09-30": 76.906, "2009-06-30": 0, "2009-03-31": "", "2008-12-31": 0, "2008-09-30": 0, "2008-06-30": 0, "2008-03-31": "", "2007-12-31": -0.04, "2007-09-30": 0.659, "2007-06-30": -307.424, "2007-03-31": "", "2006-12-31": 0, "2006-09-30": 0, "2006-06-30": 0, "2006-03-31": "", "2005-12-31": -0.029, "2005-09-30": -2.272, "2005-06-30": -73.152, "2005-03-31": ""}, "Net Change In Short-term Investments": {"2020-09-30": 0, "2020-06-30": 0, "2020-03-31": "", "2019-12-31": 0, "2019-09-30": 0, "2019-06-30": 0, "2019-03-31": "", "2018-12-31": 0, "2018-09-30": 0, "2018-06-30": 0, "2018-03-31": "", "2017-12-31": 0, "2017-09-30": 0, "2017-06-30": 0, "2017-03-31": "", "2016-12-31": 0, "2016-09-30": 0, "2016-06-30": 0, "2016-03-31": "", "2015-12-31": 0, "2015-09-30": 0, "2015-06-30": 0, "2015-03-31": "", "2014-12-31": 0, "2014-09-30": 0, "2014-06-30": 0, "2014-03-31": "", "2013-12-31": 0, "2013-09-30": 0, "2013-06-30": 0, "2013-03-31": "", "2012-12-31": 0, "2012-09-30": 0, "2012-06-30": 0, "2012-03-31": "", "2011-12-31": 0, "2011-09-30": 0, "2011-06-30": 0, "2011-03-31": "", "2010-12-31": 0, "2010-09-30": 0, "2010-06-30": 0, "2010-03-31": "", "2009-12-31": 0, "2009-09-30": 0, "2009-06-30": 0, "2009-03-31": "", "2008-12-31": 0, "2008-09-30": 0, "2008-06-30": 0, "2008-03-31": "", "2007-12-31": 0, "2007-09-30": 0, "2007-06-30": 0, "2007-03-31": "", "2006-12-31": 0, "2006-09-30": 0, "2006-06-30": 0, "2006-03-31": "", "2005-12-31": 0, "2005-09-30": 0, "2005-06-30": 0, "2005-03-31": ""}, "Net Change In Long-Term Investments": {"2020-09-30": 0, "2020-06-30": 0, "2020-03-31": "", "2019-12-31": 0, "2019-09-30": 0, "2019-06-30": 0, "2019-03-31": "", "2018-12-31": 0, "2018-09-30": 0, "2018-06-30": 0, "2018-03-31": "", "2017-12-31": 0, "2017-09-30": 0, "2017-06-30": 0, "2017-03-31": "", "2016-12-31": 0, "2016-09-30": 0, "2016-06-30": 0, "2016-03-31": "", "2015-12-31": 0, "2015-09-30": 0, "2015-06-30": 0, "2015-03-31": "", "2014-12-31": 0, "2014-09-30": 0, "2014-06-30": 0, "2014-03-31": "", "2013-12-31": 0, "2013-09-30": 0, "2013-06-30": 0, "2013-03-31": "", "2012-12-31": 0, "2012-09-30": 0, "2012-06-30": 0, "2012-03-31": "", "2011-12-31": 0, "2011-09-30": 0, "2011-06-30": 0, "2011-03-31": "", "2010-12-31": 0, "2010-09-30": 0, "2010-06-30": 0, "2010-03-31": "", "2009-12-31": 0, "2009-09-30": 0, "2009-06-30": 0, "2009-03-31": "", "2008-12-31": 0, "2008-09-30": 11.6, "2008-06-30": 34.945, "2008-03-31": "4.20900", "2007-12-31": 5.206, "2007-09-30": 8.231, "2007-06-30": 0, "2007-03-31": "", "2006-12-31": 5.222, "2006-09-30": 0, "2006-06-30": 128.684, "2006-03-31": "-5.22200", "2005-12-31": 0, "2005-09-30": 4, "2005-06-30": 0, "2005-03-31": ""}, "Net Change In Investments - Total": {"2020-09-30": 0, "2020-06-30": 0, "2020-03-31": "", "2019-12-31": 0, "2019-09-30": 0, "2019-06-30": 0, "2019-03-31": "", "2018-12-31": 0, "2018-09-30": 0, "2018-06-30": 0, "2018-03-31": "", "2017-12-31": 0, "2017-09-30": 0, "2017-06-30": 0, "2017-03-31": "", "2016-12-31": 0, "2016-09-30": 0, "2016-06-30": 0, "2016-03-31": "", "2015-12-31": 0, "2015-09-30": 0, "2015-06-30": 0, "2015-03-31": "", "2014-12-31": 0, "2014-09-30": 0, "2014-06-30": 0, "2014-03-31": "", "2013-12-31": 0, "2013-09-30": 0, "2013-06-30": 0, "2013-03-31": "", "2012-12-31": 0, "2012-09-30": 0, "2012-06-30": 0, "2012-03-31": "", "2011-12-31": 0, "2011-09-30": 0, "2011-06-30": 0, "2011-03-31": "", "2010-12-31": 0, "2010-09-30": 0, "2010-06-30": 0, "2010-03-31": "", "2009-12-31": 0, "2009-09-30": 0, "2009-06-30": 0, "2009-03-31": "", "2008-12-31": 0, "2008-09-30": 11.6, "2008-06-30": 34.945, "2008-03-31": "4.20900", "2007-12-31": 5.206, "2007-09-30": 8.231, "2007-06-30": 0, "2007-03-31": "", "2006-12-31": 5.222, "2006-09-30": 0, "2006-06-30": 128.684, "2006-03-31": "-5.22200", "2005-12-31": 0, "2005-09-30": 4, "2005-06-30": 0, "2005-03-31": ""}, "Investing Activities - Other": {"2020-09-30": 11, "2020-06-30": 1, "2020-03-31": "", "2019-12-31": 2, "2019-09-30": -25, "2019-06-30": -12, "2019-03-31": "", "2018-12-31": 0, "2018-09-30": 0, "2018-06-30": -95, "2018-03-31": "34.00000", "2017-12-31": 0, "2017-09-30": 0, "2017-06-30": -8, "2017-03-31": "3.00000", "2016-12-31": -43, "2016-09-30": 2, "2016-06-30": -1, "2016-03-31": "-1.00000", "2015-12-31": 0, "2015-09-30": 0, "2015-06-30": 0, "2015-03-31": "-8.00000", "2014-12-31": 0, "2014-09-30": 18, "2014-06-30": -5, "2014-03-31": "-13.00000", "2013-12-31": -39, "2013-09-30": -4, "2013-06-30": 19, "2013-03-31": "4.00000", "2012-12-31": 10, "2012-09-30": 31, "2012-06-30": -18, "2012-03-31": "15.00000", "2011-12-31": 2, "2011-09-30": 5, "2011-06-30": 6, "2011-03-31": "3.00000", "2010-12-31": 3, "2010-09-30": 0, "2010-06-30": 3.306, "2010-03-31": "-1.30600", "2009-12-31": -4.025, "2009-09-30": 2.815, "2009-06-30": 0.082, "2009-03-31": "0.12800", "2008-12-31": -0.401, "2008-09-30": -1.697, "2008-06-30": 23.851, "2008-03-31": "-25.72100", "2007-12-31": -0.178, "2007-09-30": -1.12, "2007-06-30": 3.158, "2007-03-31": "-1.63500", "2006-12-31": -6.479, "2006-09-30": -0.569, "2006-06-30": -0.888, "2006-03-31": "-0.40800", "2005-12-31": 1.324, "2005-09-30": 1.886, "2005-06-30": 2.1, "2005-03-31": "-2.71600"}, "Cash Flow From Investing Activities": {"2020-09-30": -942, "2020-06-30": -959, "2020-03-31": "-939.00000", "2019-12-31": -899, "2019-09-30": -954, "2019-06-30": -811, "2019-03-31": "-906.00000", "2018-12-31": -882, "2018-09-30": -684, "2018-06-30": -744, "2018-03-31": "-768.00000", "2017-12-31": -8021, "2017-09-30": -756, "2017-06-30": 638, "2017-03-31": "-732.00000", "2016-12-31": -982, "2016-09-30": -733, "2016-06-30": -674, "2016-03-31": "-605.00000", "2015-12-31": -831, "2015-09-30": -764, "2015-06-30": -648, "2015-03-31": "-610.00000", "2014-12-31": -964, "2014-09-30": -694, "2014-06-30": -737, "2014-03-31": "-682.00000", "2013-12-31": -1031, "2013-09-30": -805, "2013-06-30": -728, "2013-03-31": "-584.00000", "2012-12-31": -827, "2012-09-30": -688, "2012-06-30": -512, "2012-03-31": "-663.00000", "2011-12-31": -898, "2011-09-30": -2387, "2011-06-30": -154, "2011-03-31": "-208.00000", "2010-12-31": -261, "2010-09-30": -238, "2010-06-30": -191.514, "2010-03-31": "-168.48600", "2009-12-31": -341.804, "2009-09-30": -206.605, "2009-06-30": -85.223, "2009-03-31": "-45.36800", "2008-12-31": -102.214, "2008-09-30": -60.703, "2008-06-30": -149.827, "2008-03-31": "-76.25100", "2007-12-31": -136.756, "2007-09-30": -69.675, "2007-06-30": -362.242, "2007-03-31": "-50.51500", "2006-12-31": -102.294, "2006-09-30": -83.148, "2006-06-30": 57.429, "2006-03-31": "-65.71800", "2005-12-31": -131.619, "2005-09-30": -101.43, "2005-06-30": -173.063, "2005-03-31": "-77.61900"}, "Net Long-Term Debt": {"2020-09-30": -1806, "2020-06-30": -320, "2020-03-31": "-126.00000", "2019-12-31": -429, "2019-09-30": 339, "2019-06-30": -652, "2019-03-31": "-8.00000", "2018-12-31": -437, "2018-09-30": -826, "2018-06-30": -55, "2018-03-31": "-343.00000", "2017-12-31": 1844, "2017-09-30": -104, "2017-06-30": 5112, "2017-03-31": "-26.00000", "2016-12-31": 259, "2016-09-30": 59, "2016-06-30": -451, "2016-03-31": "-208.00000", "2015-12-31": -22, "2015-09-30": 47, "2015-06-30": -100, "2015-03-31": "-217.00000", "2014-12-31": -502, "2014-09-30": 182, "2014-06-30": 16, "2014-03-31": "-17.00000", "2013-12-31": 425, "2013-09-30": 4, "2013-06-30": -240, "2013-03-31": "187.00000", "2012-12-31": -50, "2012-09-30": -867, "2012-06-30": -1202, "2012-03-31": "906.00000", "2011-12-31": -322, "2011-09-30": -28, "2011-06-30": 1528, "2011-03-31": "-148.00000", "2010-12-31": -231, "2010-09-30": -116, "2010-06-30": -46.371, "2010-03-31": "-32.62900", "2009-12-31": -470.807, "2009-09-30": 412.473, "2009-06-30": -102.69, "2009-03-31": "-291.97600", "2008-12-31": -30.097, "2008-09-30": 283.036, "2008-06-30": 134.833, "2008-03-31": "-110.05800", "2007-12-31": -26.635, "2007-09-30": -19.2129, "2007-06-30": -602.177, "2007-03-31": "676.88500", "2006-12-31": -20.049, "2006-09-30": -26.387, "2006-06-30": -4.557, "2006-03-31": "-8.00200", "2005-12-31": -177.252, "2005-09-30": -4.468, "2005-06-30": -2.371, "2005-03-31": "-165.08100"}, "Net Current Debt": {"2020-09-30": 0, "2020-06-30": 0, "2020-03-31": "", "2019-12-31": 0, "2019-09-30": 0, "2019-06-30": 0, "2019-03-31": "", "2018-12-31": 0, "2018-09-30": 0, "2018-06-30": 0, "2018-03-31": "", "2017-12-31": 0, "2017-09-30": 0, "2017-06-30": 0, "2017-03-31": "", "2016-12-31": 0, "2016-09-30": 0, "2016-06-30": 0, "2016-03-31": "", "2015-12-31": 0, "2015-09-30": 0, "2015-06-30": 0, "2015-03-31": "", "2014-12-31": 0, "2014-09-30": 0, "2014-06-30": 0, "2014-03-31": "", "2013-12-31": 0, "2013-09-30": 0, "2013-06-30": 0, "2013-03-31": "", "2012-12-31": 0, "2012-09-30": 0, "2012-06-30": 0, "2012-03-31": "", "2011-12-31": 0, "2011-09-30": 0, "2011-06-30": 0, "2011-03-31": "", "2010-12-31": 0, "2010-09-30": 0, "2010-06-30": 0, "2010-03-31": "", "2009-12-31": 0, "2009-09-30": 0, "2009-06-30": 0, "2009-03-31": "", "2008-12-31": 0, "2008-09-30": 0, "2008-06-30": -40, "2008-03-31": "40.00000", "2007-12-31": 23, "2007-09-30": -87, "2007-06-30": 64, "2007-03-31": "", "2006-12-31": 0, "2006-09-30": 0, "2006-06-30": -291, "2006-03-31": "291.00000", "2005-12-31": 0, "2005-09-30": 0, "2005-06-30": 0, "2005-03-31": ""}, "Debt Issuance/Retirement Net - Total": {"2020-09-30": -1806, "2020-06-30": -320, "2020-03-31": "-126.00000", "2019-12-31": -429, "2019-09-30": 339, "2019-06-30": -652, "2019-03-31": "-8.00000", "2018-12-31": -437, "2018-09-30": -826, "2018-06-30": -55, "2018-03-31": "-343.00000", "2017-12-31": 1844, "2017-09-30": -104, "2017-06-30": 5112, "2017-03-31": "-26.00000", "2016-12-31": 259, "2016-09-30": 59, "2016-06-30": -451, "2016-03-31": "-208.00000", "2015-12-31": -22, "2015-09-30": 47, "2015-06-30": -100, "2015-03-31": "-217.00000", "2014-12-31": -502, "2014-09-30": 182, "2014-06-30": 16, "2014-03-31": "-17.00000", "2013-12-31": 425, "2013-09-30": 4, "2013-06-30": -240, "2013-03-31": "187.00000", "2012-12-31": -50, "2012-09-30": -867, "2012-06-30": -1202, "2012-03-31": "906.00000", "2011-12-31": -322, "2011-09-30": -28, "2011-06-30": 1528, "2011-03-31": "-148.00000", "2010-12-31": -231, "2010-09-30": -116, "2010-06-30": -46.371, "2010-03-31": "-32.62900", "2009-12-31": -470.807, "2009-09-30": 412.473, "2009-06-30": -102.69, "2009-03-31": "-291.97600", "2008-12-31": -30.097, "2008-09-30": 283.036, "2008-06-30": 94.833, "2008-03-31": "-70.05800", "2007-12-31": -3.635, "2007-09-30": -106.2129, "2007-06-30": -538.177, "2007-03-31": "676.88500", "2006-12-31": -20.049, "2006-09-30": -26.387, "2006-06-30": -295.557, "2006-03-31": "282.99800", "2005-12-31": -177.252, "2005-09-30": -4.468, "2005-06-30": -2.371, "2005-03-31": "-165.08100"}, "Net Common Equity Issued/Repurchased": {"2020-09-30": 0, "2020-06-30": 0, "2020-03-31": "", "2019-12-31": 0, "2019-09-30": 0, "2019-06-30": 0, "2019-03-31": "", "2018-12-31": 0, "2018-09-30": 0, "2018-06-30": 0, "2018-03-31": "", "2017-12-31": 0, "2017-09-30": 0, "2017-06-30": 11, "2017-03-31": "-11.00000", "2016-12-31": 10, "2016-09-30": 2, "2016-06-30": -4, "2016-03-31": "-8.00000", "2015-12-31": -289, "2015-09-30": -262, "2015-06-30": -91, "2015-03-31": "-177.00000", "2014-12-31": -87, "2014-09-30": -52, "2014-06-30": -140, "2014-03-31": "-321.00000", "2013-12-31": -315, "2013-09-30": -371, "2013-06-30": -443, "2013-03-31": "-384.00000", "2012-12-31": 2, "2012-09-30": 26, "2012-06-30": 21, "2012-03-31": "24.00000", "2011-12-31": 24, "2011-09-30": 20, "2011-06-30": 24, "2011-03-31": "4.00000", "2010-12-31": 73, "2010-09-30": 27, "2010-06-30": 14.461, "2010-03-31": "-1.46100", "2009-12-31": 37.102, "2009-09-30": 1.389, "2009-06-30": 3.587, "2009-03-31": "-1.07800", "2008-12-31": 3.924, "2008-09-30": -132.948, "2008-06-30": -110.359, "2008-03-31": "-93.28200", "2007-12-31": -117.826, "2007-09-30": -33.705, "2007-06-30": -115.763, "2007-03-31": "-143.97800", "2006-12-31": -99.871, "2006-09-30": -71.832, "2006-06-30": 8.583, "2006-03-31": "-541.26500", "2005-12-31": -18.171, "2005-09-30": 27.029, "2005-06-30": -462.201, "2005-03-31": "-48.04200"}, "Net Total Equity Issued/Repurchased": {"2020-09-30": 0, "2020-06-30": 0, "2020-03-31": "", "2019-12-31": 0, "2019-09-30": 0, "2019-06-30": 0, "2019-03-31": "", "2018-12-31": 0, "2018-09-30": 0, "2018-06-30": 0, "2018-03-31": "", "2017-12-31": 0, "2017-09-30": 0, "2017-06-30": 11, "2017-03-31": "-11.00000", "2016-12-31": 10, "2016-09-30": 2, "2016-06-30": -4, "2016-03-31": "-8.00000", "2015-12-31": -289, "2015-09-30": -262, "2015-06-30": -91, "2015-03-31": "-177.00000", "2014-12-31": -87, "2014-09-30": -52, "2014-06-30": -140, "2014-03-31": "-321.00000", "2013-12-31": -315, "2013-09-30": -371, "2013-06-30": -443, "2013-03-31": "-384.00000", "2012-12-31": 2, "2012-09-30": 26, "2012-06-30": 21, "2012-03-31": "24.00000", "2011-12-31": 24, "2011-09-30": 20, "2011-06-30": 24, "2011-03-31": "4.00000", "2010-12-31": 73, "2010-09-30": 27, "2010-06-30": 14.461, "2010-03-31": "-1.46100", "2009-12-31": 37.102, "2009-09-30": 1.389, "2009-06-30": 3.587, "2009-03-31": "-1.07800", "2008-12-31": 3.924, "2008-09-30": -132.948, "2008-06-30": -110.359, "2008-03-31": "-93.28200", "2007-12-31": -117.826, "2007-09-30": -33.705, "2007-06-30": -115.763, "2007-03-31": "-143.97800", "2006-12-31": -99.871, "2006-09-30": -71.832, "2006-06-30": 8.583, "2006-03-31": "-541.26500", "2005-12-31": -18.171, "2005-09-30": 27.029, "2005-06-30": -462.201, "2005-03-31": "-48.04200"}, "Total Common And Preferred Stock Dividends Paid": {"2020-09-30": -275, "2020-06-30": -271, "2020-03-31": "-291.00000", "2019-12-31": -271, "2019-09-30": -275, "2019-06-30": -269, "2019-03-31": "-285.00000", "2018-12-31": -577, "2018-09-30": -579, "2018-06-30": -576, "2018-03-31": "-580.00000", "2017-12-31": -572, "2017-09-30": -291, "2017-06-30": -294, "2017-03-31": "-296.00000", "2016-12-31": -291, "2016-09-30": -290, "2016-06-30": -296, "2016-03-31": "-290.00000", "2015-12-31": -293, "2015-09-30": -296, "2015-06-30": -305, "2015-03-31": "-304.00000", "2014-12-31": -304, "2014-09-30": -308, "2014-06-30": -307, "2014-03-31": "-309.00000", "2013-12-31": -315, "2013-09-30": -325, "2013-06-30": -320, "2013-03-31": "-341.00000", "2012-12-31": -454, "2012-09-30": -452, "2012-06-30": -453, "2012-03-31": "-452.00000", "2011-12-31": -451, "2011-09-30": -448, "2011-06-30": -435, "2011-03-31": "-222.00000", "2010-12-31": -221, "2010-09-30": -221, "2010-06-30": -218.948, "2010-03-31": "-218.05200", "2009-12-31": -209.041, "2009-09-30": -209.854, "2009-06-30": -70.732, "2009-03-31": "-70.37300", "2008-12-31": -70.117, "2008-09-30": -135.803, "2008-06-30": -7.085, "2008-03-31": "-7.26100", "2007-12-31": -7.211, "2007-09-30": -7.361, "2007-06-30": -7.171, "2007-03-31": "-7.30900", "2006-12-31": -7.227, "2006-09-30": -7.315, "2006-06-30": -7.36, "2006-03-31": "-7.30100", "2005-12-31": -7.953, "2005-09-30": -7.953, "2005-06-30": -7.882, "2005-03-31": "-8.07400"}, "Financial Activities - Other": {"2020-09-30": -8, "2020-06-30": -6, "2020-03-31": "-69.00000", "2019-12-31": -24, "2019-09-30": -7, "2019-06-30": -3, "2019-03-31": "-27.00000", "2018-12-31": -2, "2018-09-30": -10, "2018-06-30": -12, "2018-03-31": "-26.00000", "2017-12-31": -6, "2017-09-30": 0, "2017-06-30": -11, "2017-03-31": "", "2016-12-31": -10, "2016-09-30": 0, "2016-06-30": 0, "2016-03-31": "", "2015-12-31": 10, "2015-09-30": 0, "2015-06-30": -1, "2015-03-31": "-1.00000", "2014-12-31": 0, "2014-09-30": -3, "2014-06-30": 1, "2014-03-31": "", "2013-12-31": -13, "2013-09-30": -3, "2013-06-30": 0, "2013-03-31": "", "2012-12-31": -34, "2012-09-30": 7, "2012-06-30": -320, "2012-03-31": "3.00000", "2011-12-31": -69, "2011-09-30": -20, "2011-06-30": -35, "2011-03-31": "1.00000", "2010-12-31": 6, "2010-09-30": 5, "2010-06-30": 2.152, "2010-03-31": "3.84800", "2009-12-31": 3.449, "2009-09-30": -4.914, "2009-06-30": 0.934, "2009-03-31": "-3.46900", "2008-12-31": -3.193, "2008-09-30": 1.229, "2008-06-30": 2.022, "2008-03-31": "19.77900", "2007-12-31": 0.563, "2007-09-30": 0.735, "2007-06-30": 3.814, "2007-03-31": "4.28800", "2006-12-31": 4.204, "2006-09-30": 3.416, "2006-06-30": 1.067, "2006-03-31": "3.73000", "2005-12-31": -8.369, "2005-09-30": 0.405, "2005-06-30": 394.554, "2005-03-31": "4.11300"}, "Cash Flow From Financial Activities": {"2020-09-30": -2089, "2020-06-30": -597, "2020-03-31": "-486.00000", "2019-12-31": -724, "2019-09-30": 57, "2019-06-30": -924, "2019-03-31": "-320.00000", "2018-12-31": -1016, "2018-09-30": -1415, "2018-06-30": -643, "2018-03-31": "-949.00000", "2017-12-31": 1266, "2017-09-30": -395, "2017-06-30": 4818, "2017-03-31": "-333.00000", "2016-12-31": -32, "2016-09-30": -229, "2016-06-30": -751, "2016-03-31": "-506.00000", "2015-12-31": -594, "2015-09-30": -511, "2015-06-30": -497, "2015-03-31": "-699.00000", "2014-12-31": -893, "2014-09-30": -181, "2014-06-30": -430, "2014-03-31": "-647.00000", "2013-12-31": -218, "2013-09-30": -695, "2013-06-30": -1003, "2013-03-31": "-538.00000", "2012-12-31": -536, "2012-09-30": -1286, "2012-06-30": -1954, "2012-03-31": "481.00000", "2011-12-31": -818, "2011-09-30": -476, "2011-06-30": 1082, "2011-03-31": "-365.00000", "2010-12-31": -373, "2010-09-30": -305, "2010-06-30": -248.706, "2010-03-31": "-248.29400", "2009-12-31": -639.297, "2009-09-30": 199.094, "2009-06-30": -168.901, "2009-03-31": "-366.89600", "2008-12-31": -99.483, "2008-09-30": 15.514, "2008-06-30": -20.589, "2008-03-31": "-150.82200", "2007-12-31": -128.109, "2007-09-30": -146.544, "2007-06-30": -657.297, "2007-03-31": "529.88600", "2006-12-31": -122.943, "2006-09-30": -102.118, "2006-06-30": -293.267, "2006-03-31": "-261.83800", "2005-12-31": -211.745, "2005-09-30": 15.013, "2005-06-30": -77.9, "2005-03-31": "-217.08400"}, "Net Cash Flow": {"2020-09-30": -1237, "2020-06-30": 193, "2020-03-31": "-126.00000", "2019-12-31": 286, "2019-09-30": 991, "2019-06-30": -34, "2019-03-31": "-44.00000", "2018-12-31": 98, "2018-09-30": -312, "2018-06-30": 195, "2018-03-31": "-50.00000", "2017-12-31": -5577, "2017-09-30": -193, "2017-06-30": 6141, "2017-03-31": "-8.00000", "2016-12-31": 82, "2016-09-30": -51, "2016-06-30": -247, "2016-03-31": "312.00000", "2015-12-31": -228, "2015-09-30": 200, "2015-06-30": 0, "2015-03-31": "27.00000", "2014-12-31": -606, "2014-09-30": 553, "2014-06-30": -38, "2014-03-31": "51.00000", "2013-12-31": -98, "2013-09-30": 52, "2013-06-30": -262, "2013-03-31": "265.00000", "2012-12-31": 17, "2012-09-30": -87, "2012-06-30": -1249, "2012-03-31": "1402.00000", "2011-12-31": -995, "2011-09-30": -1423, "2011-06-30": 2276, "2011-03-31": "97.00000", "2010-12-31": -70, "2010-09-30": 57, "2010-06-30": -20.683, "2010-03-31": "44.68300", "2009-12-31": -368.862, "2009-09-30": 472.045, "2009-06-30": -2.086, "2009-03-31": "-182.09700", "2008-12-31": -15.63, "2008-09-30": 195.057, "2008-06-30": 26.361, "2008-03-31": "3.13700", "2007-12-31": -24.312, "2007-09-30": 15.189, "2007-06-30": -720.224, "2007-03-31": "738.08100", "2006-12-31": -7.026, "2006-09-30": 30.925, "2006-06-30": -13.551, "2006-03-31": "-143.52600", "2005-12-31": -109.655, "2005-09-30": 168.039, "2005-06-30": -28.869, "2005-03-31": "-37.88400"}, "Stock-Based Compensation": {"2020-09-30": 31, "2020-06-30": 20, "2020-03-31": "69.00000", "2019-12-31": 48, "2019-09-30": 38, "2019-06-30": 43, "2019-03-31": "33.00000", "2018-12-31": 42, "2018-09-30": 49, "2018-06-30": 54, "2018-03-31": "41.00000", "2017-12-31": 47, "2017-09-30": 21, "2017-06-30": 22, "2017-03-31": "21.00000", "2016-12-31": 20, "2016-09-30": 20, "2016-06-30": 22, "2016-03-31": "18.00000", "2015-12-31": 16, "2015-09-30": 19, "2015-06-30": 20, "2015-03-31": "18.00000", "2014-12-31": 17, "2014-09-30": 20, "2014-06-30": 23, "2014-03-31": "19.00000", "2013-12-31": 71, "2013-09-30": 0, "2013-06-30": 0, "2013-03-31": "", "2012-12-31": 110, "2012-09-30": 0, "2012-06-30": 0, "2012-03-31": "", "2011-12-31": 0, "2011-09-30": 0, "2011-06-30": 0, "2011-03-31": "", "2010-12-31": 0, "2010-09-30": 0, "2010-06-30": -7.101, "2010-03-31": "7.10100", "2009-12-31": -39.618, "2009-09-30": 29.759, "2009-06-30": 5.372, "2009-03-31": "4.48700", "2008-12-31": 4.511, "2008-09-30": 4.328, "2008-06-30": 4.227, "2008-03-31": "3.32400", "2007-12-31": 4.237, "2007-09-30": 5.377, "2007-06-30": 6.142, "2007-03-31": "4.20600", "2006-12-31": 11.904, "2006-09-30": 0, "2006-06-30": 0, "2006-03-31": "", "2005-12-31": 4.721, "2005-09-30": 0, "2005-06-30": 0, "2005-03-31": ""}, "Common Stock Dividends Paid": {"2020-09-30": -275, "2020-06-30": -271, "2020-03-31": "-291.00000", "2019-12-31": -271, "2019-09-30": -275, "2019-06-30": -269, "2019-03-31": "-285.00000", "2018-12-31": -577, "2018-09-30": -579, "2018-06-30": -576, "2018-03-31": "-580.00000", "2017-12-31": -572, "2017-09-30": -291, "2017-06-30": -294, "2017-03-31": "-296.00000", "2016-12-31": -291, "2016-09-30": -290, "2016-06-30": -296, "2016-03-31": "-290.00000", "2015-12-31": -293, "2015-09-30": -296, "2015-06-30": -305, "2015-03-31": "-304.00000", "2014-12-31": -304, "2014-09-30": -308, "2014-06-30": -307, "2014-03-31": "-309.00000", "2013-12-31": -315, "2013-09-30": -325, "2013-06-30": -320, "2013-03-31": "-341.00000", "2012-12-31": -454, "2012-09-30": -452, "2012-06-30": -453, "2012-03-31": "-452.00000", "2011-12-31": -451, "2011-09-30": -448, "2011-06-30": -435, "2011-03-31": "-222.00000", "2010-12-31": -221, "2010-09-30": -221, "2010-06-30": -218.948, "2010-03-31": "-218.05200", "2009-12-31": -209.041, "2009-09-30": -209.854, "2009-06-30": -70.732, "2009-03-31": "-70.37300", "2008-12-31": -70.117, "2008-09-30": -135.803, "2008-06-30": -7.085, "2008-03-31": "-7.26100", "2007-12-31": -7.211, "2007-09-30": -7.361, "2007-06-30": -7.171, "2007-03-31": "-7.30900", "2006-12-31": -7.227, "2006-09-30": -7.315, "2006-06-30": -7.36, "2006-03-31": "-7.30100", "2005-12-31": -7.953, "2005-09-30": -7.953, "2005-06-30": -7.882, "2005-03-31": "-8.07400"}}, "financial ratios": {"Current Ratio": {"2019-12-31": "0.65690", "2018-12-31": "0.69070", "2017-12-31": "0.86350", "2016-12-31": "0.96500", "2015-12-31": "0.57560", "2014-12-31": "0.68810", "2013-12-31": "0.88610", "2012-12-31": "0.79170", "2011-12-31": "0.87550", "2010-12-31": "1.13060", "2009-12-31": "0.65820", "2008-12-31": "1.21160", "2007-12-31": "0.39700", "2006-12-31": "0.46980", "2005-12-31": "0.56690"}, "Long-term Debt / Capital": {"2019-12-31": "0.70630", "2018-12-31": "0.64100", "2017-12-31": "0.61350", "2016-12-31": "0.57580", "2015-12-31": "0.57110", "2014-12-31": "0.57050", "2013-12-31": "0.54000", "2012-12-31": "0.50140", "2011-12-31": "0.50630", "2010-12-31": "0.43130", "2009-12-31": "0.43380", "2008-12-31": "0.50980", "2007-12-31": "0.44510", "2006-12-31": "0.43060", "2005-12-31": "0.39650"}, "Debt/Equity Ratio": {"2019-12-31": "2.57560", "2018-12-31": "1.81870", "2017-12-31": "1.60600", "2016-12-31": "1.46940", "2015-12-31": "1.43850", "2014-12-31": "1.36480", "2013-12-31": "1.21960", "2012-12-31": "1.06820", "2011-12-31": "1.04840", "2010-12-31": "0.75960", "2009-12-31": "0.81900", "2008-12-31": "1.04630", "2007-12-31": "0.88420", "2006-12-31": "0.81190", "2005-12-31": "0.73340"}, "Gross Margin": {"2019-12-31": "55.01540", "2018-12-31": "53.66630", "2017-12-31": "53.53990", "2016-12-31": "55.50090", "2015-12-31": "56.54750", "2014-12-31": "56.48610", "2013-12-31": "58.51340", "2012-12-31": "58.42950", "2011-12-31": "58.79750", "2010-12-31": "63.87390", "2009-12-31": "63.79170", "2008-12-31": "63.24750", "2007-12-31": "64.71050", "2006-12-31": "63.70460", "2005-12-31": "66.84770"}, "Operating Margin": {"2019-12-31": "-12.16910", "2018-12-31": "2.43140", "2017-12-31": "11.37860", "2016-12-31": "13.35430", "2015-12-31": "14.40780", "2014-12-31": "13.36590", "2013-12-31": "8.02980", "2012-12-31": "14.76380", "2011-12-31": "13.19130", "2010-12-31": "29.25310", "2009-12-31": "24.78890", "2008-12-31": "27.74700", "2007-12-31": "29.85720", "2006-12-31": "27.19000", "2005-12-31": "29.70260"}, "EBIT Margin": {"2019-12-31": "-12.16910", "2018-12-31": "2.43140", "2017-12-31": "11.37860", "2016-12-31": "13.35430", "2015-12-31": "14.40780", "2014-12-31": "13.36590", "2013-12-31": "8.02980", "2012-12-31": "14.76380", "2011-12-31": "13.19130", "2010-12-31": "29.25310", "2009-12-31": "24.78890", "2008-12-31": "27.74700", "2007-12-31": "29.85720", "2006-12-31": "27.19000", "2005-12-31": "29.70260"}, "EBITDA Margin": {"2019-12-31": "9.38800", "2018-12-31": "24.27160", "2017-12-31": "33.67130", "2016-12-31": "35.78130", "2015-12-31": "37.79330", "2014-12-31": "37.80710", "2013-12-31": "32.87100", "2012-12-31": "40.29710", "2011-12-31": "38.45350", "2010-12-31": "49.63080", "2009-12-31": "44.61200", "2008-12-31": "47.89460", "2007-12-31": "50.04570", "2006-12-31": "48.57740", "2005-12-31": "51.15790"}, "Pre-Tax Profit Margin": {"2019-12-31": "-21.27580", "2018-12-31": "-6.66720", "2017-12-31": "3.05850", "2016-12-31": "5.83860", "2015-12-31": "7.35200", "2014-12-31": "6.15610", "2013-12-31": "1.23790", "2012-12-31": "6.80240", "2011-12-31": "6.17550", "2010-12-31": "21.74100", "2009-12-31": "16.34500", "2008-12-31": "21.59390", "2007-12-31": "23.34880", "2006-12-31": "24.15090", "2005-12-31": "21.69080"}, "Net Profit Margin": {"2019-12-31": "-23.52130", "2018-12-31": "-7.39240", "2017-12-31": "7.86700", "2016-12-31": "3.58330", "2015-12-31": "4.90500", "2014-12-31": "4.28150", "2013-12-31": "-1.32080", "2012-12-31": "4.22290", "2011-12-31": "3.71960", "2010-12-31": "13.37690", "2009-12-31": "12.92720", "2008-12-31": "14.06800", "2007-12-31": "15.75050", "2006-12-31": "15.11720", "2005-12-31": "13.49110"}, "Asset Turnover": {"2019-12-31": "0.34600", "2018-12-31": "0.33370", "2017-12-31": "0.23350", "2016-12-31": "0.37160", "2015-12-31": "0.37600", "2014-12-31": "0.36720", "2013-12-31": "0.34940", "2012-12-31": "0.34070", "2011-12-31": "0.27390", "2010-12-31": "0.31950", "2009-12-31": "0.22050", "2008-12-31": "0.31500", "2007-12-31": "0.32450", "2006-12-31": "0.32900", "2005-12-31": "0.31940"}, "Inventory Turnover Ratio": {"2019-12-31": "", "2018-12-31": "", "2017-12-31": "", "2016-12-31": "", "2015-12-31": "", "2014-12-31": "", "2013-12-31": "", "2012-12-31": "", "2011-12-31": "", "2010-12-31": "", "2009-12-31": "50.37060", "2008-12-31": "107.81690", "2007-12-31": "109.53200", "2006-12-31": "134.03950", "2005-12-31": "117.45200"}, "Receiveable Turnover": {"2019-12-31": "9.91630", "2018-12-31": "9.77610", "2017-12-31": "6.90500", "2016-12-31": "8.66140", "2015-12-31": "9.21260", "2014-12-31": "9.06990", "2013-12-31": "9.15280", "2012-12-31": "9.38030", "2011-12-31": "7.76480", "2010-12-31": "8.64050", "2009-12-31": "6.20760", "2008-12-31": "11.28890", "2007-12-31": "10.64890", "2006-12-31": "10.76650", "2005-12-31": "10.47360"}, "Days Sales In Receivables": {"2019-12-31": "36.80800", "2018-12-31": "37.33610", "2017-12-31": "52.86050", "2016-12-31": "42.14110", "2015-12-31": "39.61980", "2014-12-31": "40.24290", "2013-12-31": "39.87870", "2012-12-31": "38.91140", "2011-12-31": "47.00700", "2010-12-31": "42.24300", "2009-12-31": "58.79870", "2008-12-31": "32.33260", "2007-12-31": "34.27600", "2006-12-31": "33.90130", "2005-12-31": "34.84950"}, "ROE - Return On Equity": {"2019-12-31": "-39.11660", "2018-12-31": "-8.74020", "2017-12-31": "5.91290", "2016-12-31": "4.67200", "2015-12-31": "6.24470", "2014-12-31": "5.13880", "2013-12-31": "-1.39030", "2012-12-31": "4.02820", "2011-12-31": "2.75120", "2010-12-31": "9.82690", "2009-12-31": "5.39790", "2008-12-31": "11.58710", "2007-12-31": "12.33390", "2006-12-31": "11.62330", "2005-12-31": "9.26680"}, "Return On Tangible Equity": {"2019-12-31": "29.88490", "2018-12-31": "9.12970", "2017-12-31": "-7.03040", "2016-12-31": "-5.91740", "2015-12-31": "-7.21740", "2014-12-31": "-6.29070", "2013-12-31": "2.13010", "2012-12-31": "-6.87120", "2011-12-31": "-5.03210", "2010-12-31": "-43.76730", "2009-12-31": "-22.90070", "2008-12-31": "-35.39690", "2007-12-31": "-69.73930", "2006-12-31": "-154.05900", "2005-12-31": "181.16760"}, "ROA - Return On Assets": {"2019-12-31": "-8.13850", "2018-12-31": "-2.46670", "2017-12-31": "1.83700", "2016-12-31": "1.33140", "2015-12-31": "1.84440", "2014-12-31": "1.57220", "2013-12-31": "-0.46150", "2012-12-31": "1.44050", "2011-12-31": "1.02240", "2010-12-31": "4.30170", "2009-12-31": "2.26480", "2008-12-31": "4.44660", "2007-12-31": "5.12710", "2006-12-31": "4.97280", "2005-12-31": "4.30880"}, "ROI - Return On Investment": {"2019-12-31": "-11.48830", "2018-12-31": "-3.13740", "2017-12-31": "2.28550", "2016-12-31": "1.98200", "2015-12-31": "2.67830", "2014-12-31": "2.20720", "2013-12-31": "-0.63950", "2012-12-31": "2.00830", "2011-12-31": "1.35840", "2010-12-31": "5.58860", "2009-12-31": "3.05610", "2008-12-31": "5.67990", "2007-12-31": "6.83040", "2006-12-31": "6.60310", "2005-12-31": "5.58080"}, "Book Value Per Share": {"2019-12-31": "12.35710", "2018-12-31": "18.35640", "2017-12-31": "21.97130", "2016-12-31": "24.51580", "2015-12-31": "25.85510", "2014-12-31": "26.42490", "2013-12-31": "29.45500", "2012-12-31": "30.82990", "2011-12-31": "33.67260", "2010-12-31": "31.63490", "2009-12-31": "31.64150", "2008-12-31": "31.59060", "2007-12-31": "31.42370", "2006-12-31": "28.17520", "2005-12-31": "27.59720"}, "Operating Cash Flow Per Share": {"2019-12-31": -0.3629, "2018-12-31": 0.4291, "2017-12-31": -2.3542, "2016-12-31": -0.7605, "2015-12-31": 0.1772, "2014-12-31": -0.1453, "2013-12-31": -0.4951, "2012-12-31": 1.881, "2011-12-31": 1.078, "2010-12-31": -1.12, "2009-12-31": -0.4127, "2008-12-31": -0.8121, "2007-12-31": 2.2539, "2006-12-31": -0.2281, "2005-12-31": 7.1063}, "Free Cash Flow Per Share": {"2019-12-31": -0.8316, "2018-12-31": 0.1069, "2017-12-31": 0.5953, "2016-12-31": -1.1004, "2015-12-31": 0.2967, "2014-12-31": -0.4435, "2013-12-31": -1.0506, "2012-12-31": 2.0112, "2011-12-31": -0.5684, "2010-12-31": -0.1947, "2009-12-31": 0.0434, "2008-12-31": -2.1703, "2007-12-31": 1.9326, "2006-12-31": 0.251, "2005-12-31": 4.0577}}, "financial ratios, quarterly": {"Current Ratio": {"2020-09-30": "0.59600", "2020-06-30": "0.65020", "2020-03-31": "0.82240", "2019-12-31": "0.65690", "2019-09-30": "0.69650", "2019-06-30": "0.59710", "2019-03-31": "0.71100", "2018-12-31": "0.69070", "2018-09-30": "0.77830", "2018-06-30": "0.98450", "2018-03-31": "0.87750", "2017-12-31": "0.86350", "2017-09-30": "0.82490", "2017-06-30": "0.89670", "2017-03-31": "0.97490", "2016-12-31": "0.96500", "2016-09-30": "0.57640", "2016-06-30": "0.57640", "2016-03-31": "0.76480", "2015-12-31": "0.57560", "2015-09-30": "0.60390", "2015-06-30": "0.68900", "2015-03-31": "0.96900", "2014-12-31": "0.68810", "2014-09-30": "0.87790", "2014-06-30": "0.80980", "2014-03-31": "0.81110", "2013-12-31": "0.88610", "2013-09-30": "0.95830", "2013-06-30": "0.97330", "2013-03-31": "0.84550", "2012-12-31": "0.79170", "2012-09-30": "0.77730", "2012-06-30": "0.73880", "2012-03-31": "0.86510", "2011-12-31": "0.87550", "2011-09-30": "0.80390", "2011-06-30": "0.98870", "2011-03-31": "1.06310", "2010-12-31": "1.13060", "2010-09-30": "0.74380", "2010-06-30": "0.66500", "2010-03-31": "0.59110", "2009-12-31": "0.65820", "2009-09-30": "0.67850", "2009-06-30": "0.71590", "2009-03-31": "0.77290", "2008-12-31": "1.21160", "2008-09-30": "1.07180", "2008-06-30": "0.67600", "2008-03-31": "0.55550", "2007-12-31": "0.39700", "2007-09-30": "0.48220", "2007-06-30": "0.30660", "2007-03-31": "1.31520", "2006-12-31": "0.46980", "2006-09-30": "0.43720", "2006-06-30": "0.29300", "2006-03-31": "0.25870", "2005-12-31": "0.56690", "2005-09-30": "0.65430", "2005-06-30": "0.58430", "2005-03-31": "0.61960"}, "Long-term Debt / Capital": {"2020-09-30": "0.69440", "2020-06-30": "0.70000", "2020-03-31": "0.71580", "2019-12-31": "0.70630", "2019-09-30": "0.70940", "2019-06-30": "0.70800", "2019-03-31": "0.72020", "2018-12-31": "0.64100", "2018-09-30": "0.61060", "2018-06-30": "0.61600", "2018-03-31": "0.61180", "2017-12-31": "0.61350", "2017-09-30": "0.65730", "2017-06-30": "0.65530", "2017-03-31": "0.57740", "2016-12-31": "0.57580", "2016-09-30": "0.56690", "2016-06-30": "0.56500", "2016-03-31": "0.58160", "2015-12-31": "0.57110", "2015-09-30": "0.56490", "2015-06-30": "0.56350", "2015-03-31": "0.57840", "2014-12-31": "0.57050", "2014-09-30": "0.54850", "2014-06-30": "0.54360", "2014-03-31": "0.54120", "2013-12-31": "0.54000", "2013-09-30": "0.54950", "2013-06-30": "0.52430", "2013-03-31": "0.50960", "2012-12-31": "0.50140", "2012-09-30": "0.49130", "2012-06-30": "0.49210", "2012-03-31": "0.50040", "2011-12-31": "0.50630", "2011-09-30": "0.49030", "2011-06-30": "0.47700", "2011-03-31": "0.42600", "2010-12-31": "0.43130", "2010-09-30": "0.42370", "2010-06-30": "0.42910", "2010-03-31": "0.43180", "2009-12-31": "0.43380", "2009-09-30": "0.44320", "2009-06-30": "0.47650", "2009-03-31": "0.48600", "2008-12-31": "0.50980", "2008-09-30": "0.50790", "2008-06-30": "0.47190", "2008-03-31": "0.45870", "2007-12-31": "0.44510", "2007-09-30": "0.44950", "2007-06-30": "0.46580", "2007-03-31": "0.48260", "2006-12-31": "0.43060", "2006-09-30": "0.42250", "2006-06-30": "0.40410", "2006-03-31": "0.42820", "2005-12-31": "0.39650", "2005-09-30": "0.41290", "2005-06-30": "0.44040", "2005-03-31": "0.44000"}, "Debt/Equity Ratio": {"2020-09-30": "2.38090", "2020-06-30": "2.54780", "2020-03-31": "2.60400", "2019-12-31": "2.57560", "2019-09-30": "2.56870", "2019-06-30": "2.54080", "2019-03-31": "2.62050", "2018-12-31": "1.81870", "2018-09-30": "1.60190", "2018-06-30": "1.62320", "2018-03-31": "1.59440", "2017-12-31": "1.60600", "2017-09-30": "1.92730", "2017-06-30": "1.91630", "2017-03-31": "1.47900", "2016-12-31": "1.46940", "2016-09-30": "1.41940", "2016-06-30": "1.40260", "2016-03-31": "1.42670", "2015-12-31": "1.43850", "2015-09-30": "1.43260", "2015-06-30": "1.39530", "2015-03-31": "1.38540", "2014-12-31": "1.36480", "2014-09-30": "1.28620", "2014-06-30": "1.26270", "2014-03-31": "1.24660", "2013-12-31": "1.21960", "2013-09-30": "1.23140", "2013-06-30": "1.11880", "2013-03-31": "1.10250", "2012-12-31": "1.06820", "2012-09-30": "1.02520", "2012-06-30": "1.06270", "2012-03-31": "1.10800", "2011-12-31": "1.04840", "2011-09-30": "1.00910", "2011-06-30": "0.98630", "2011-03-31": "0.74340", "2010-12-31": "0.75960", "2010-09-30": "0.78680", "2010-06-30": "0.80360", "2010-03-31": "0.81260", "2009-12-31": "0.81900", "2009-09-30": "0.87830", "2009-06-30": "0.91640", "2009-03-31": "0.95190", "2008-12-31": "1.04630", "2008-09-30": "1.04640", "2008-06-30": "0.90710", "2008-03-31": "0.87260", "2007-12-31": "0.88420", "2007-09-30": "0.89240", "2007-06-30": "1.03490", "2007-03-31": "1.04800", "2006-12-31": "0.81190", "2006-09-30": "0.79030", "2006-06-30": "0.79380", "2006-03-31": "0.93080", "2005-12-31": "0.73340", "2005-09-30": "0.79730", "2005-06-30": "0.82880", "2005-03-31": "0.82790"}, "Gross Margin": {"2020-09-30": "56.72540", "2020-06-30": "57.01080", "2020-03-31": "57.24940", "2019-12-31": "48.79180", "2019-09-30": "56.37380", "2019-06-30": "58.26980", "2019-03-31": "57.61930", "2018-12-31": "54.01520", "2018-09-30": "54.07360", "2018-06-30": "53.74450", "2018-03-31": "52.85110", "2017-12-31": "53.07160", "2017-09-30": "52.23100", "2017-06-30": "53.78970", "2017-03-31": "55.14370", "2016-12-31": "55.02450", "2016-09-30": "54.45000", "2016-06-30": "55.68440", "2016-03-31": "56.82800", "2015-12-31": "57.21630", "2015-09-30": "56.23630", "2015-06-30": "55.66870", "2015-03-31": "57.06580", "2014-12-31": "55.52050", "2014-09-30": "56.24720", "2014-06-30": "56.79370", "2014-03-31": "57.36010", "2013-12-31": "57.72790", "2013-09-30": "57.51940", "2013-06-30": "58.60770", "2013-03-31": "60.20390", "2012-12-31": "58.38970", "2012-09-30": "57.49290", "2012-06-30": "58.54290", "2012-03-31": "59.28420", "2011-12-31": "57.70470", "2011-09-30": "57.57180", "2011-06-30": "59.57790", "2011-03-31": "63.08960", "2010-12-31": "61.84340", "2010-09-30": "63.32950", "2010-06-30": "64.61630", "2010-03-31": "65.61340", "2009-12-31": "64.68920", "2009-09-30": "63.46070", "2009-06-30": "62.84580", "2009-03-31": "63.13070", "2008-12-31": "63.32680", "2008-09-30": "62.73600", "2008-06-30": "63.58850", "2008-03-31": "63.33540", "2007-12-31": "61.76660", "2007-09-30": "65.23440", "2007-06-30": "67.18970", "2007-03-31": "64.46210", "2006-12-31": "63.28220", "2006-09-30": "63.45230", "2006-06-30": "64.49520", "2006-03-31": "63.59260", "2005-12-31": "65.77780", "2005-09-30": "66.10420", "2005-06-30": "67.86470", "2005-03-31": "67.74760"}, "Operating Margin": {"2020-09-30": "17.18600", "2020-06-30": "17.39210", "2020-03-31": "18.74520", "2019-12-31": "13.55420", "2019-09-30": "17.75700", "2019-06-30": "18.15810", "2019-03-31": "-101.32670", "2018-12-31": "-31.86220", "2018-09-30": "15.36610", "2018-06-30": "12.99560", "2018-03-31": "12.61560", "2017-12-31": "9.84410", "2017-09-30": "12.07240", "2017-06-30": "8.97310", "2017-03-31": "14.99170", "2016-12-31": "9.44280", "2016-09-30": "13.53260", "2016-06-30": "14.71120", "2016-03-31": "15.63280", "2015-12-31": "16.19750", "2015-09-30": "14.40490", "2015-06-30": "12.42360", "2015-03-31": "14.58100", "2014-12-31": "10.88330", "2014-09-30": "13.71290", "2014-06-30": "14.42410", "2014-03-31": "14.38960", "2013-12-31": "14.11270", "2013-09-30": "-15.17170", "2013-06-30": "15.80110", "2013-03-31": "17.32770", "2012-12-31": "14.53200", "2012-09-30": "16.10150", "2012-06-30": "14.24550", "2012-03-31": "14.18660", "2011-12-31": "11.45500", "2011-09-30": "11.92340", "2011-06-30": "10.89420", "2011-03-31": "27.35850", "2010-12-31": "28.21660", "2010-09-30": "28.94740", "2010-06-30": "29.51470", "2010-03-31": "30.28340", "2009-12-31": "29.54020", "2009-09-30": "20.21970", "2009-06-30": "23.55400", "2009-03-31": "25.82350", "2008-12-31": "27.44240", "2008-09-30": "27.80100", "2008-06-30": "27.45610", "2008-03-31": "28.29000", "2007-12-31": "25.73620", "2007-09-30": "31.62730", "2007-06-30": "33.59990", "2007-03-31": "27.97400", "2006-12-31": "28.58000", "2006-09-30": "27.25590", "2006-06-30": "27.09660", "2006-03-31": "25.83450", "2005-12-31": "27.78830", "2005-09-30": "30.62650", "2005-06-30": "30.65270", "2005-03-31": "29.71030"}, "EBIT Margin": {"2020-09-30": "17.18600", "2020-06-30": "17.39210", "2020-03-31": "18.74520", "2019-12-31": "13.55420", "2019-09-30": "17.75700", "2019-06-30": "18.15810", "2019-03-31": "-101.32670", "2018-12-31": "-31.86220", "2018-09-30": "15.36610", "2018-06-30": "12.99560", "2018-03-31": "12.61560", "2017-12-31": "9.84410", "2017-09-30": "12.07240", "2017-06-30": "8.97310", "2017-03-31": "14.99170", "2016-12-31": "9.44280", "2016-09-30": "13.53260", "2016-06-30": "14.71120", "2016-03-31": "15.63280", "2015-12-31": "16.19750", "2015-09-30": "14.40490", "2015-06-30": "12.42360", "2015-03-31": "14.58100", "2014-12-31": "10.88330", "2014-09-30": "13.71290", "2014-06-30": "14.42410", "2014-03-31": "14.38960", "2013-12-31": "14.11270", "2013-09-30": "-15.17170", "2013-06-30": "15.80110", "2013-03-31": "17.32770", "2012-12-31": "14.53200", "2012-09-30": "16.10150", "2012-06-30": "14.24550", "2012-03-31": "14.18660", "2011-12-31": "11.45500", "2011-09-30": "11.92340", "2011-06-30": "10.89420", "2011-03-31": "27.35850", "2010-12-31": "28.21660", "2010-09-30": "28.94740", "2010-06-30": "29.51470", "2010-03-31": "30.28340", "2009-12-31": "29.54020", "2009-09-30": "20.21970", "2009-06-30": "23.55400", "2009-03-31": "25.82350", "2008-12-31": "27.44240", "2008-09-30": "27.80100", "2008-06-30": "27.45610", "2008-03-31": "28.29000", "2007-12-31": "25.73620", "2007-09-30": "31.62730", "2007-06-30": "33.59990", "2007-03-31": "27.97400", "2006-12-31": "28.58000", "2006-09-30": "27.25590", "2006-06-30": "27.09660", "2006-03-31": "25.83450", "2005-12-31": "27.78830", "2005-09-30": "30.62650", "2005-06-30": "30.65270", "2005-03-31": "29.71030"}, "EBITDA Margin": {"2020-09-30": "", "2020-06-30": "", "2020-03-31": "", "2019-12-31": "", "2019-09-30": "", "2019-06-30": "", "2019-03-31": "", "2018-12-31": "", "2018-09-30": "", "2018-06-30": "", "2018-03-31": "", "2017-12-31": "", "2017-09-30": "", "2017-06-30": "", "2017-03-31": "", "2016-12-31": "", "2016-09-30": "", "2016-06-30": "", "2016-03-31": "", "2015-12-31": "", "2015-09-30": "", "2015-06-30": "", "2015-03-31": "", "2014-12-31": "", "2014-09-30": "", "2014-06-30": "", "2014-03-31": "", "2013-12-31": "", "2013-09-30": "", "2013-06-30": "", "2013-03-31": "", "2012-12-31": "", "2012-09-30": "", "2012-06-30": "", "2012-03-31": "", "2011-12-31": "", "2011-09-30": "", "2011-06-30": "", "2011-03-31": "", "2010-12-31": "", "2010-09-30": "", "2010-06-30": "", "2010-03-31": "", "2009-12-31": "", "2009-09-30": "", "2009-06-30": "", "2009-03-31": "", "2008-12-31": "", "2008-09-30": "", "2008-06-30": "", "2008-03-31": "", "2007-12-31": "", "2007-09-30": "", "2007-06-30": "", "2007-03-31": "", "2006-12-31": "", "2006-09-30": "", "2006-06-30": "", "2006-03-31": "", "2005-12-31": "", "2005-09-30": "", "2005-06-30": "", "2005-03-31": ""}, "Pre-Tax Profit Margin": {"2020-09-30": "9.28970", "2020-06-30": "9.88060", "2020-03-31": "8.28230", "2019-12-31": "5.58490", "2019-09-30": "7.66360", "2019-06-30": "9.33950", "2019-03-31": "-111.05580", "2018-12-31": "-40.93110", "2018-09-30": "5.65490", "2018-06-30": "4.01560", "2018-03-31": "3.96970", "2017-12-31": "1.01450", "2017-09-30": "3.44570", "2017-06-30": "0.97800", "2017-03-31": "7.29390", "2016-12-31": "1.72530", "2016-09-30": "5.68230", "2016-06-30": "7.20780", "2016-03-31": "8.63440", "2015-12-31": "9.60680", "2015-09-30": "7.22440", "2015-06-30": "5.29530", "2015-03-31": "7.25680", "2014-12-31": "3.53760", "2014-09-30": "6.62380", "2014-06-30": "7.11300", "2014-03-31": "7.29400", "2013-12-31": "7.26550", "2013-09-30": "-22.25910", "2013-06-30": "8.70720", "2013-03-31": "11.18990", "2012-12-31": "8.16060", "2012-09-30": "9.23210", "2012-06-30": "2.66700", "2012-03-31": "7.18000", "2011-12-31": "4.12640", "2011-09-30": "5.02610", "2011-06-30": "4.22150", "2011-03-31": "19.98820", "2010-12-31": "20.82370", "2010-09-30": "21.28150", "2010-06-30": "21.83970", "2010-03-31": "22.96710", "2009-12-31": "18.72510", "2009-09-30": "13.22730", "2009-06-30": "17.67480", "2009-03-31": "17.36170", "2008-12-31": "21.58970", "2008-09-30": "20.89200", "2008-06-30": "21.99160", "2008-03-31": "21.89810", "2007-12-31": "19.46050", "2007-09-30": "25.92570", "2007-06-30": "26.41320", "2007-03-31": "21.03870", "2006-12-31": "19.25270", "2006-09-30": "19.98960", "2006-06-30": "39.05570", "2006-03-31": "18.39300", "2005-12-31": "20.00320", "2005-09-30": "22.58370", "2005-06-30": "22.78630", "2005-03-31": "21.34840"}, "Net Profit Margin": {"2020-09-30": "7.08340", "2020-06-30": "7.26120", "2020-03-31": "6.00610", "2019-12-31": "3.56860", "2019-09-30": "5.64490", "2019-06-30": "6.90230", "2019-03-31": "-113.59870", "2018-12-31": "-41.74460", "2018-09-30": "4.67510", "2018-06-30": "4.94750", "2018-03-31": "1.93440", "2017-12-31": "20.98440", "2017-09-30": "2.28060", "2017-06-30": "0.41560", "2017-03-31": "3.87270", "2016-12-31": "0.97920", "2016-09-30": "3.46870", "2016-06-30": "4.45660", "2016-03-31": "5.36240", "2015-12-31": "7.55140", "2015-09-30": "4.50150", "2015-06-30": "3.23600", "2015-03-31": "4.31360", "2014-12-31": "4.23610", "2014-09-30": "4.16480", "2014-06-30": "4.25020", "2014-03-31": "4.47330", "2013-12-31": "5.26200", "2013-09-30": "-23.14510", "2013-06-30": "5.94480", "2013-03-31": "6.60310", "2012-12-31": "5.08400", "2012-09-30": "5.90680", "2012-06-30": "1.58280", "2012-03-31": "4.33840", "2011-12-31": "2.34260", "2011-09-30": "3.00260", "2011-06-30": "2.61010", "2011-03-31": "12.32310", "2010-12-31": "12.74410", "2010-09-30": "13.27230", "2010-06-30": "13.43120", "2010-03-31": "14.03010", "2009-12-31": "12.35590", "2009-09-30": "14.98400", "2009-06-30": "10.88000", "2009-03-31": "10.55240", "2008-12-31": "15.56440", "2008-09-30": "13.03440", "2008-06-30": "14.00490", "2008-03-31": "13.68460", "2007-12-31": "17.52050", "2007-09-30": "15.97020", "2007-06-30": "16.27050", "2007-03-31": "12.95990", "2006-12-31": "11.88640", "2006-09-30": "12.31360", "2006-06-30": "24.99730", "2006-03-31": "11.33010", "2005-12-31": "12.62490", "2005-09-30": "13.91160", "2005-06-30": "14.03630", "2005-03-31": "13.37450"}, "Asset Turnover": {"2020-09-30": "0.08250", "2020-06-30": "0.08090", "2020-03-31": "0.08160", "2019-12-31": "0.09650", "2019-09-30": "0.08270", "2019-06-30": "0.08330", "2019-03-31": "0.08380", "2018-12-31": "0.08220", "2018-09-30": "0.07930", "2018-06-30": "0.07940", "2018-03-31": "0.07950", "2017-12-31": "0.07040", "2017-09-30": "0.07980", "2017-06-30": "0.08030", "2017-03-31": "0.09030", "2016-12-31": "0.09120", "2016-09-30": "0.09360", "2016-06-30": "0.09330", "2016-03-31": "0.09260", "2015-12-31": "0.09400", "2015-09-30": "0.09340", "2015-06-30": "0.09020", "2015-03-31": "0.08990", "2014-12-31": "0.09040", "2014-09-30": "0.08910", "2014-06-30": "0.08970", "2014-03-31": "0.08870", "2013-12-31": "0.08770", "2013-09-30": "0.08690", "2013-06-30": "0.08500", "2013-03-31": "0.08400", "2012-12-31": "0.08500", "2012-09-30": "0.08370", "2012-06-30": "0.08370", "2012-03-31": "0.08110", "2011-12-31": "0.08300", "2011-09-30": "0.08100", "2011-06-30": "0.08030", "2011-03-31": "0.07740", "2010-12-31": "0.07810", "2010-09-30": "0.07870", "2010-06-30": "0.07980", "2010-03-31": "0.08070", "2009-12-31": "0.08110", "2009-09-30": "0.08160", "2009-06-30": "0.08040", "2009-03-31": "0.08020", "2008-12-31": "0.07790", "2008-09-30": "0.07860", "2008-06-30": "0.08060", "2008-03-31": "0.07990", "2007-12-31": "0.08020", "2007-09-30": "0.08610", "2007-06-30": "0.08340", "2007-03-31": "0.07430", "2006-12-31": "0.08170", "2006-09-30": "0.08370", "2006-06-30": "0.08190", "2006-03-31": "0.08120", "2005-12-31": "0.07990", "2005-09-30": "0.08380", "2005-06-30": "0.07870", "2005-03-31": "0.07730"}, "Inventory Turnover Ratio": {"2020-09-30": "", "2020-06-30": "", "2020-03-31": "", "2019-12-31": "", "2019-09-30": "", "2019-06-30": "", "2019-03-31": "", "2018-12-31": "", "2018-09-30": "", "2018-06-30": "", "2018-03-31": "", "2017-12-31": "", "2017-09-30": "", "2017-06-30": "", "2017-03-31": "", "2016-12-31": "", "2016-09-30": "", "2016-06-30": "", "2016-03-31": "", "2015-12-31": "", "2015-09-30": "", "2015-06-30": "", "2015-03-31": "", "2014-12-31": "", "2014-09-30": "", "2014-06-30": "", "2014-03-31": "", "2013-12-31": "", "2013-09-30": "", "2013-06-30": "", "2013-03-31": "", "2012-12-31": "", "2012-09-30": "", "2012-06-30": "", "2012-03-31": "", "2011-12-31": "", "2011-09-30": "", "2011-06-30": "", "2011-03-31": "17.65970", "2010-12-31": "", "2010-09-30": "18.24390", "2010-06-30": "17.61290", "2010-03-31": "16.72940", "2009-12-31": "18.06100", "2009-09-30": "15.79090", "2009-06-30": "25.12060", "2009-03-31": "26.72030", "2008-12-31": "26.60710", "2008-09-30": "26.09250", "2008-06-30": "27.28290", "2008-03-31": "29.23680", "2007-12-31": "29.33230", "2007-09-30": "32.05800", "2007-06-30": "32.44780", "2007-03-31": "30.53060", "2006-12-31": "33.66510", "2006-09-30": "32.53430", "2006-06-30": "33.83800", "2006-03-31": "32.59920", "2005-12-31": "30.34280", "2005-09-30": "37.73060", "2005-06-30": "31.83680", "2005-03-31": "31.37140"}, "Receiveable Turnover": {"2020-09-30": "2.41110", "2020-06-30": "2.37950", "2020-03-31": "2.40370", "2019-12-31": "2.76630", "2019-09-30": "2.33620", "2019-06-30": "2.19750", "2019-03-31": "2.31230", "2018-12-31": "2.40950", "2018-09-30": "2.36020", "2018-06-30": "2.38850", "2018-03-31": "2.44450", "2017-12-31": "2.08170", "2017-09-30": "2.13670", "2017-06-30": "2.18950", "2017-03-31": "2.27020", "2016-12-31": "2.12640", "2016-09-30": "2.23910", "2016-06-30": "2.23020", "2016-03-31": "2.35220", "2015-12-31": "2.30370", "2015-09-30": "2.33420", "2015-06-30": "2.26040", "2015-03-31": "2.25600", "2014-12-31": "2.23240", "2014-09-30": "2.28210", "2014-06-30": "2.28650", "2014-03-31": "2.40490", "2013-12-31": "2.29740", "2013-09-30": "2.28150", "2013-06-30": "2.31100", "2013-03-31": "2.33960", "2012-12-31": "2.33950", "2012-09-30": "2.31910", "2012-06-30": "2.40210", "2012-03-31": "2.45340", "2011-12-31": "2.35360", "2011-09-30": "2.23650", "2011-06-30": "2.39850", "2011-03-31": "2.42620", "2010-12-31": "2.11240", "2010-09-30": "2.09320", "2010-06-30": "2.38080", "2010-03-31": "2.68340", "2009-12-31": "2.28240", "2009-09-30": "2.79440", "2009-06-30": "3.18670", "2009-03-31": "3.27710", "2008-12-31": "2.79190", "2008-09-30": "3.03760", "2008-06-30": "2.83060", "2008-03-31": "2.96840", "2007-12-31": "2.63220", "2007-09-30": "3.02970", "2007-06-30": "3.21210", "2007-03-31": "2.84050", "2006-12-31": "2.67300", "2006-09-30": "2.88140", "2006-06-30": "2.83230", "2006-03-31": "2.86860", "2005-12-31": "2.62120", "2005-09-30": "2.74880", "2005-06-30": "2.65860", "2005-03-31": "2.63760"}, "Days Sales In Receivables": {"2020-09-30": "37.32730", "2020-06-30": "37.82360", "2020-03-31": "37.44260", "2019-12-31": "32.53480", "2019-09-30": "38.52340", "2019-06-30": "40.95630", "2019-03-31": "38.92210", "2018-12-31": "37.35200", "2018-09-30": "38.13170", "2018-06-30": "37.68050", "2018-03-31": "36.81750", "2017-12-31": "43.23310", "2017-09-30": "42.12200", "2017-06-30": "41.10510", "2017-03-31": "39.64360", "2016-12-31": "42.32460", "2016-09-30": "40.19400", "2016-06-30": "40.35470", "2016-03-31": "38.26180", "2015-12-31": "39.06840", "2015-09-30": "38.55730", "2015-06-30": "39.81670", "2015-03-31": "39.89440", "2014-12-31": "40.31550", "2014-09-30": "39.43730", "2014-06-30": "39.36140", "2014-03-31": "37.42400", "2013-12-31": "39.17440", "2013-09-30": "39.44850", "2013-06-30": "38.94370", "2013-03-31": "38.46890", "2012-12-31": "38.47040", "2012-09-30": "38.80770", "2012-06-30": "37.46750", "2012-03-31": "36.68330", "2011-12-31": "38.23990", "2011-09-30": "40.24150", "2011-06-30": "37.52380", "2011-03-31": "37.09550", "2010-12-31": "42.60640", "2010-09-30": "42.99650", "2010-06-30": "37.80260", "2010-03-31": "33.53990", "2009-12-31": "39.43230", "2009-09-30": "32.20670", "2009-06-30": "28.24250", "2009-03-31": "27.46370", "2008-12-31": "32.23600", "2008-09-30": "29.62910", "2008-06-30": "31.79590", "2008-03-31": "30.31950", "2007-12-31": "34.19250", "2007-09-30": "29.70570", "2007-06-30": "28.01910", "2007-03-31": "31.68500", "2006-12-31": "33.67010", "2006-09-30": "31.23440", "2006-06-30": "31.77660", "2006-03-31": "31.37400", "2005-12-31": "34.33560", "2005-09-30": "32.74180", "2005-06-30": "33.85240", "2005-03-31": "34.12230"}, "ROE - Return On Equity": {"2020-09-30": "2.67370", "2020-06-30": "2.80050", "2020-03-31": "2.36250", "2019-12-31": "1.65550", "2019-09-30": "2.20860", "2019-06-30": "2.70960", "2019-03-31": "-45.52170", "2018-12-31": "-12.16460", "2018-09-30": "1.19280", "2018-06-30": "1.27020", "2018-03-31": "0.49060", "2017-12-31": "4.75500", "2017-09-30": "0.70990", "2017-06-30": "0.12990", "2017-03-31": "1.22500", "2016-12-31": "0.31350", "2016-09-30": "1.09420", "2016-06-30": "1.40150", "2016-03-31": "1.68140", "2015-12-31": "2.40400", "2015-09-30": "1.43860", "2015-06-30": "0.98030", "2015-03-31": "1.30040", "2014-12-31": "1.25140", "2014-09-30": "1.14320", "2014-06-30": "1.16280", "2014-03-31": "1.20850", "2013-12-31": "1.39030", "2013-09-30": "-6.25220", "2013-06-30": "1.46200", "2013-03-31": "1.58040", "2012-12-31": "1.20790", "2012-09-30": "1.33680", "2012-06-30": "0.36430", "2012-03-31": "0.96910", "2011-12-31": "0.52340", "2011-09-30": "0.62800", "2011-06-30": "0.53140", "2011-03-31": "2.18460", "2010-12-31": "2.33280", "2010-09-30": "2.41530", "2010-06-30": "2.49190", "2010-03-31": "2.66240", "2009-12-31": "2.38990", "2009-09-30": "1.58110", "2009-06-30": "2.17600", "2009-03-31": "2.12220", "2008-12-31": "3.16870", "2008-09-30": "2.66550", "2008-06-30": "2.74040", "2008-03-31": "2.62320", "2007-12-31": "3.41810", "2007-09-30": "3.37210", "2007-06-30": "3.58720", "2007-03-31": "2.49600", "2006-12-31": "2.26900", "2006-09-30": "2.31450", "2006-06-30": "4.62100", "2006-03-31": "2.20930", "2005-12-31": "2.17030", "2005-09-30": "2.57670", "2005-06-30": "2.47790", "2005-03-31": "2.32710"}, "Return On Tangible Equity": {"2020-09-30": "-2.23850", "2020-06-30": "-2.22950", "2020-03-31": "-1.80380", "2019-12-31": "-1.26480", "2019-09-30": "-1.70510", "2019-06-30": "-2.05630", "2019-03-31": "33.33870", "2018-12-31": "12.70680", "2018-09-30": "-1.42160", "2018-06-30": "-1.51590", "2018-03-31": "-0.59700", "2017-12-31": "-5.65370", "2017-09-30": "-0.88200", "2017-06-30": "-0.16180", "2017-03-31": "-1.55620", "2016-12-31": "-0.39700", "2016-09-30": "-1.30520", "2016-06-30": "-1.66680", "2016-03-31": "-1.97820", "2015-12-31": "-2.77850", "2015-09-30": "-1.67520", "2015-06-30": "-1.17640", "2015-03-31": "-1.56760", "2014-12-31": "-1.53190", "2014-09-30": "-1.70460", "2014-06-30": "-1.73030", "2014-03-31": "-1.79760", "2013-12-31": "-2.13010", "2013-09-30": "8.72940", "2013-06-30": "-2.32140", "2013-03-31": "-2.62020", "2012-12-31": "-2.06050", "2012-09-30": "-2.51510", "2012-06-30": "-0.67410", "2012-03-31": "-1.78790", "2011-12-31": "-0.95720", "2011-09-30": "-1.27440", "2011-06-30": "-1.22440", "2011-03-31": "-35.04800", "2010-12-31": "-10.38980", "2010-09-30": "-35.43130", "2010-06-30": "-33.54260", "2010-03-31": "-33.70500", "2009-12-31": "-10.13930", "2009-09-30": "-6.91540", "2009-06-30": "-8.35930", "2009-03-31": "-8.01700", "2008-12-31": "-9.67990", "2008-09-30": "-10.46820", "2008-06-30": "-14.56150", "2008-03-31": "-14.56890", "2007-12-31": "-19.32690", "2007-09-30": "-17.89450", "2007-06-30": "-13.01640", "2007-03-31": "-25.62310", "2006-12-31": "-30.07390", "2006-09-30": "-60.52810", "2006-06-30": "-117.46780", "2006-03-31": "-23.89370", "2005-12-31": "42.42890", "2005-09-30": "74.43160", "2005-06-30": "-7801.37200", "2005-03-31": "-1701.22100"}, "ROA - Return On Assets": {"2020-09-30": "0.58470", "2020-06-30": "0.58750", "2020-03-31": "0.49020", "2019-12-31": "0.34440", "2019-09-30": "0.46660", "2019-06-30": "0.57510", "2019-03-31": "-9.51570", "2018-12-31": "-3.43320", "2018-09-30": "0.37070", "2018-06-30": "0.39280", "2018-03-31": "0.15380", "2017-12-31": "1.47730", "2017-09-30": "0.18200", "2017-06-30": "0.03340", "2017-03-31": "0.34980", "2016-12-31": "0.08930", "2016-09-30": "0.32480", "2016-06-30": "0.41600", "2016-03-31": "0.49670", "2015-12-31": "0.71000", "2015-09-30": "0.42050", "2015-06-30": "0.29200", "2015-03-31": "0.38770", "2014-12-31": "0.38290", "2014-09-30": "0.37120", "2014-06-30": "0.38130", "2014-03-31": "0.39670", "2013-12-31": "0.46150", "2013-09-30": "-2.01020", "2013-06-30": "0.50510", "2013-03-31": "0.55460", "2012-12-31": "0.43200", "2012-09-30": "0.49420", "2012-06-30": "0.13430", "2012-03-31": "0.35190", "2011-12-31": "0.19450", "2011-09-30": "0.24320", "2011-06-30": "0.20970", "2011-03-31": "0.96340", "2010-12-31": "1.02120", "2010-09-30": "1.04410", "2010-06-30": "1.07210", "2010-03-31": "1.13320", "2009-12-31": "1.00270", "2009-09-30": "0.64490", "2009-06-30": "0.87900", "2009-03-31": "0.84930", "2008-12-31": "1.21600", "2008-09-30": "1.02970", "2008-06-30": "1.13200", "2008-03-31": "1.09640", "2007-12-31": "1.42090", "2007-09-30": "1.37500", "2007-06-30": "1.35690", "2007-03-31": "0.96250", "2006-12-31": "0.97070", "2006-09-30": "1.03060", "2006-06-30": "2.04750", "2006-03-31": "0.92050", "2005-12-31": "1.00910", "2005-09-30": "1.16560", "2005-06-30": "1.10400", "2005-03-31": "1.03360"}, "ROI - Return On Investment": {"2020-09-30": "0.81710", "2020-06-30": "0.84010", "2020-03-31": "0.67130", "2019-12-31": "0.48620", "2019-09-30": "0.64180", "2019-06-30": "0.79130", "2019-03-31": "-12.73730", "2018-12-31": "-4.36660", "2018-09-30": "0.46450", "2018-06-30": "0.48770", "2018-03-31": "0.19050", "2017-12-31": "1.83800", "2017-09-30": "0.24330", "2017-06-30": "0.04480", "2017-03-31": "0.51770", "2016-12-31": "0.13300", "2016-09-30": "0.47390", "2016-06-30": "0.60960", "2016-03-31": "0.70360", "2015-12-31": "1.03110", "2015-09-30": "0.62590", "2015-06-30": "0.42790", "2015-03-31": "0.54830", "2014-12-31": "0.53750", "2014-09-30": "0.51610", "2014-06-30": "0.53070", "2014-03-31": "0.55450", "2013-12-31": "0.63950", "2013-09-30": "-2.81630", "2013-06-30": "0.69540", "2013-03-31": "0.77500", "2012-12-31": "0.60220", "2012-09-30": "0.68000", "2012-06-30": "0.18500", "2012-03-31": "0.48420", "2011-12-31": "0.25840", "2011-09-30": "0.32010", "2011-06-30": "0.27790", "2011-03-31": "1.25390", "2010-12-31": "1.32670", "2010-09-30": "1.39190", "2010-06-30": "1.42260", "2010-03-31": "1.51270", "2009-12-31": "1.35310", "2009-09-30": "0.88030", "2009-06-30": "1.13910", "2009-03-31": "1.09070", "2008-12-31": "1.55330", "2008-09-30": "1.31150", "2008-06-30": "1.44670", "2008-03-31": "1.41700", "2007-12-31": "1.89290", "2007-09-30": "1.85210", "2007-06-30": "1.91180", "2007-03-31": "1.28840", "2006-12-31": "1.28900", "2006-09-30": "1.33370", "2006-06-30": "2.74710", "2006-03-31": "1.26000", "2005-12-31": "1.30700", "2005-09-30": "1.50950", "2005-06-30": "1.38350", "2005-03-31": "1.30020"}, "Book Value Per Share": {"2020-09-30": "12.47590", "2020-06-30": "12.27040", "2020-03-31": "12.10790", "2019-12-31": "12.35710", "2019-09-30": "12.54120", "2019-06-30": "12.55990", "2019-03-31": "12.41970", "2018-12-31": "18.35640", "2018-09-30": "21.10270", "2018-06-30": "21.31170", "2018-03-31": "21.73400", "2017-12-31": "21.97130", "2017-09-30": "23.57850", "2017-06-30": "23.80390", "2017-03-31": "24.24360", "2016-12-31": "24.51580", "2016-09-30": "25.41110", "2016-06-30": "25.61710", "2016-03-31": "25.69920", "2015-12-31": "25.85510", "2015-09-30": "25.71780", "2015-06-30": "25.90950", "2015-03-31": "26.10830", "2014-12-31": "26.42490", "2014-09-30": "28.81660", "2014-06-30": "29.05080", "2014-03-31": "29.20820", "2013-12-31": "29.45500", "2013-09-30": "28.16190", "2013-06-30": "30.45300", "2013-03-31": "30.63210", "2012-12-31": "30.82990", "2012-09-30": "32.41150", "2012-06-30": "32.63720", "2012-03-31": "33.21870", "2011-12-31": "33.67260", "2011-09-30": "35.59290", "2011-06-30": "35.95410", "2011-03-31": "31.58700", "2010-12-31": "31.63490", "2010-09-30": "31.73550", "2010-06-30": "31.70320", "2010-03-31": "31.65380", "2009-12-31": "31.64150", "2009-09-30": "31.47920", "2009-06-30": "31.50410", "2009-03-31": "31.56930", "2008-12-31": "31.59060", "2008-09-30": "31.92370", "2008-06-30": "32.55340", "2008-03-31": "31.99710", "2007-12-31": "31.42370", "2007-09-30": "30.26130", "2007-06-30": "28.99270", "2007-03-31": "28.34920", "2006-12-31": "28.17520", "2006-09-30": "28.63990", "2006-06-30": "28.38810", "2006-03-31": "27.09670", "2005-12-31": "27.59720", "2005-09-30": "27.14550", "2005-06-30": "26.50440", "2005-03-31": "26.12270"}, "Operating Cash Flow Per Share": {"2020-09-30": 1.6444, "2020-06-30": 1.6147, "2020-03-31": "1.20080", "2019-12-31": 1.7956, "2019-09-30": 1.7517, "2019-06-30": 1.5815, "2019-03-31": "1.10580", "2018-12-31": 1.9013, "2018-09-30": 1.6564, "2018-06-30": 1.4807, "2018-03-31": "1.55910", "2017-12-31": 1.1865, "2017-09-30": 1.7688, "2017-06-30": 1.2612, "2017-03-31": "1.95190", "2016-12-31": 2.0299, "2016-09-30": 1.6794, "2016-06-30": 2.179, "2016-03-31": "2.63430", "2015-12-31": 2.1572, "2015-09-30": 2.6894, "2015-06-30": 2.0656, "2015-03-31": "2.37090", "2014-12-31": 2.1676, "2014-09-30": 2.5291, "2014-06-30": 2.0111, "2014-03-31": "2.39810", "2013-12-31": 1.8377, "2013-09-30": 2.6975, "2013-06-30": 2.4828, "2013-03-31": "2.23320", "2012-12-31": 2.2282, "2012-09-30": 3.0169, "2012-06-30": 1.9494, "2012-03-31": "2.55180", "2011-12-31": 2.2061, "2011-09-30": 2.2973, "2011-06-30": 1.1614, "2011-03-31": "2.20050", "2010-12-31": 1.8733, "2010-09-30": 1.9832, "2010-06-30": 1.3926, "2010-03-31": "1.53820", "2009-12-31": 4.6843, "2009-09-30": -1.6257, "2009-06-30": 2.5272, "2009-03-31": "2.32150", "2008-12-31": 1.6906, "2008-09-30": 2.5237, "2008-06-30": 1.9476, "2008-03-31": "2.15810", "2007-12-31": 2.098, "2007-09-30": 2.1271, "2007-06-30": 2.6826, "2007-03-31": "2.22440", "2006-12-31": 1.7099, "2006-09-30": 1.8279, "2006-06-30": 1.9022, "2006-03-31": "1.43820", "2005-12-31": 1.7105, "2005-09-30": 1.8573, "2005-06-30": 1.6662, "2005-03-31": "1.87230"}, "Free Cash Flow Per Share": {"2020-09-30": 0.7716, "2020-06-30": 0.7286, "2020-03-31": "0.33280", "2019-12-31": 0.947, "2019-09-30": 0.8903, "2019-06-30": 0.8398, "2019-03-31": "0.25820", "2018-12-31": 1.0616, "2018-09-30": 1.0231, "2018-06-30": 0.8732, "2018-03-31": "0.80900", "2017-12-31": 2.9441, "2017-09-30": 0.3839, "2017-06-30": -0.2626, "2017-03-31": "0.59460", "2016-12-31": 0.2473, "2016-09-30": 0.3228, "2016-06-30": 0.9785, "2016-03-31": "1.51610", "2015-12-31": 0.6598, "2015-09-30": 1.2969, "2015-06-30": 0.9058, "2015-03-31": "1.30260", "2014-12-31": 0.6539, "2014-09-30": 1.2673, "2014-06-30": 0.7117, "2014-03-31": "1.23550", "2013-12-31": 0.4908, "2013-09-30": 1.3095, "2013-06-30": 1.2251, "2013-03-31": "1.28650", "2012-12-31": 0.8783, "2012-09-30": 1.8678, "2012-06-30": 1.1575, "2012-03-31": "1.45890", "2011-12-31": 0.1542, "2011-09-30": 1.1513, "2011-06-30": 0.5383, "2011-03-31": "1.50750", "2010-12-31": 0.9965, "2010-09-30": 1.1967, "2010-06-30": 0.7455, "2010-03-31": "0.98100", "2009-12-31": 2.2892, "2009-09-30": -1.7083, "2009-06-30": 1.6708, "2009-03-31": "1.86270", "2008-12-31": 0.7598, "2008-09-30": 1.7379, "2008-06-30": -0.0716, "2008-03-31": "1.64490", "2007-12-31": 0.8494, "2007-09-30": 1.4246, "2007-06-30": 2.1632, "2007-03-31": "1.80410", "2006-12-31": 0.9091, "2006-09-30": 1.1317, "2006-06-30": 1.2993, "2006-03-31": "0.96860", "2005-12-31": 0.7364, "2005-09-30": 1.09, "2005-06-30": 0.9051, "2005-03-31": "1.32620"}}, "revenue": {"Lumen Technologies Annual Revenue (Millions of US $)": {"2019": "$22,401", "2018": "$23,443", "2017": "$17,656", "2016": "$17,470", "2015": "$17,900", "2014": "$18,031", "2013": "$18,095", "2012": "$18,376", "2011": "$15,351", "2010": "$7,042", "2009": "$4,974", "2008": "$2,600", "2007": "$2,656", "2006": "$2,448", "2005": "$2,479"}, "Lumen Technologies Quarterly Revenue (Millions of US $)": {"2020-09-30": "$5,167", "2020-06-30": "$5,192", "2020-03-31": "$5,228", "2019-12-31": "$6,249", "2019-09-30": "$5,350", "2019-06-30": "$5,375", "2019-03-31": "$5,427", "2018-12-31": "$5,778", "2018-09-30": "$5,818", "2018-06-30": "$5,902", "2018-03-31": "$5,945", "2017-12-31": "$5,323", "2017-09-30": "$4,034", "2017-06-30": "$4,090", "2017-03-31": "$4,209", "2016-12-31": "$4,289", "2016-09-30": "$4,382", "2016-06-30": "$4,398", "2016-03-31": "$4,401", "2015-12-31": "$4,476", "2015-09-30": "$4,554", "2015-06-30": "$4,419", "2015-03-31": "$4,451", "2014-12-31": "$4,438", "2014-09-30": "$4,514", "2014-06-30": "$4,541", "2014-03-31": "$4,538", "2013-12-31": "$4,542", "2013-09-30": "$4,515", "2013-06-30": "$4,525", "2013-03-31": "$4,513", "2012-12-31": "$4,583", "2012-09-30": "$4,571", "2012-06-30": "$4,612", "2012-03-31": "$4,610", "2011-12-31": "$4,653", "2011-09-30": "$4,596", "2011-06-30": "$4,406", "2011-03-31": "$1,696", "2010-12-31": "$1,722", "2010-09-30": "$1,748", "2010-06-30": "$1,772", "2010-03-31": "$1,800", "2009-12-31": "$1,829", "2009-09-30": "$1,874", "2009-06-30": "$634", "2009-03-31": "$636", "2008-12-31": "$643", "2008-09-30": "$650", "2008-06-30": "$658", "2008-03-31": "$649", "2007-12-31": "$657", "2007-09-30": "$709", "2007-06-30": "$690", "2007-03-31": "$601", "2006-12-31": "$608", "2006-09-30": "$620", "2006-06-30": "$609", "2006-03-31": "$611", "2005-12-31": "$620", "2005-09-30": "$657", "2005-06-30": "$606", "2005-03-31": "$595"}}, "gross-profit": {"Lumen Technologies Annual Gross Profit (Millions of US $)": {"2019": "$12,324", "2018": "$12,581", "2017": "$9,453", "2016": "$9,696", "2015": "$10,122", "2014": "$10,185", "2013": "$10,588", "2012": "$10,737", "2011": "$9,026", "2010": "$4,498", "2009": "$3,173", "2008": "$1,644", "2007": "$1,719", "2006": "$1,559", "2005": "$1,657"}, "Lumen Technologies Quarterly Gross Profit (Millions of US $)": {"2020-09-30": "$2,931", "2020-06-30": "$2,960", "2020-03-31": "$2,993", "2019-12-31": "$3,049", "2019-09-30": "$3,016", "2019-06-30": "$3,132", "2019-03-31": "$3,127", "2018-12-31": "$3,121", "2018-09-30": "$3,146", "2018-06-30": "$3,172", "2018-03-31": "$3,142", "2017-12-31": "$2,825", "2017-09-30": "$2,107", "2017-06-30": "$2,200", "2017-03-31": "$2,321", "2016-12-31": "$2,360", "2016-09-30": "$2,386", "2016-06-30": "$2,449", "2016-03-31": "$2,501", "2015-12-31": "$2,561", "2015-09-30": "$2,561", "2015-06-30": "$2,460", "2015-03-31": "$2,540", "2014-12-31": "$2,464", "2014-09-30": "$2,539", "2014-06-30": "$2,579", "2014-03-31": "$2,603", "2013-12-31": "$2,622", "2013-09-30": "$2,597", "2013-06-30": "$2,652", "2013-03-31": "$2,717", "2012-12-31": "$2,676", "2012-09-30": "$2,628", "2012-06-30": "$2,700", "2012-03-31": "$2,733", "2011-12-31": "$2,685", "2011-09-30": "$2,646", "2011-06-30": "$2,625", "2011-03-31": "$1,070", "2010-12-31": "$1,065", "2010-09-30": "$1,107", "2010-06-30": "$1,145", "2010-03-31": "$1,181", "2009-12-31": "$1,183", "2009-09-30": "$1,189", "2009-06-30": "$399", "2009-03-31": "$402", "2008-12-31": "$407", "2008-09-30": "$408", "2008-06-30": "$418", "2008-03-31": "$411", "2007-12-31": "$406", "2007-09-30": "$462", "2007-06-30": "$464", "2007-03-31": "$387", "2006-12-31": "$385", "2006-09-30": "$393", "2006-06-30": "$393", "2006-03-31": "$389", "2005-12-31": "$408", "2005-09-30": "$434", "2005-06-30": "$412", "2005-03-31": "$403"}}, "operating-income": {"Lumen Technologies Annual Operating Income (Millions of US $)": {"2019": "$-2,726", "2018": "$570", "2017": "$2,009", "2016": "$2,333", "2015": "$2,579", "2014": "$2,410", "2013": "$1,453", "2012": "$2,713", "2011": "$2,025", "2010": "$2,060", "2009": "$1,233", "2008": "$721", "2007": "$793", "2006": "$666", "2005": "$736"}, "Lumen Technologies Quarterly Operating Income (Millions of US $)": {"2020-09-30": "$888", "2020-06-30": "$903", "2020-03-31": "$980", "2019-12-31": "$847", "2019-09-30": "$950", "2019-06-30": "$976", "2019-03-31": "$-5,499", "2018-12-31": "$-1,841", "2018-09-30": "$894", "2018-06-30": "$767", "2018-03-31": "$750", "2017-12-31": "$524", "2017-09-30": "$487", "2017-06-30": "$367", "2017-03-31": "$631", "2016-12-31": "$405", "2016-09-30": "$593", "2016-06-30": "$647", "2016-03-31": "$688", "2015-12-31": "$725", "2015-09-30": "$656", "2015-06-30": "$549", "2015-03-31": "$649", "2014-12-31": "$483", "2014-09-30": "$619", "2014-06-30": "$655", "2014-03-31": "$653", "2013-12-31": "$641", "2013-09-30": "$-685", "2013-06-30": "$715", "2013-03-31": "$782", "2012-12-31": "$666", "2012-09-30": "$736", "2012-06-30": "$657", "2012-03-31": "$654", "2011-12-31": "$533", "2011-09-30": "$548", "2011-06-30": "$480", "2011-03-31": "$464", "2010-12-31": "$486", "2010-09-30": "$506", "2010-06-30": "$523", "2010-03-31": "$545", "2009-12-31": "$540", "2009-09-30": "$379", "2009-06-30": "$149", "2009-03-31": "$164", "2008-12-31": "$176", "2008-09-30": "$181", "2008-06-30": "$181", "2008-03-31": "$183", "2007-12-31": "$169", "2007-09-30": "$224", "2007-06-30": "$232", "2007-03-31": "$168", "2006-12-31": "$174", "2006-09-30": "$169", "2006-06-30": "$165", "2006-03-31": "$158", "2005-12-31": "$172", "2005-09-30": "$201", "2005-06-30": "$186", "2005-03-31": "$177"}}, "ebitda": {"Lumen Technologies Annual EBITDA (Millions of US $)": {"2019": "$2,103", "2018": "$5,690", "2017": "$5,945", "2016": "$6,251", "2015": "$6,765", "2014": "$6,817", "2013": "$5,948", "2012": "$7,405", "2011": "$5,903", "2010": "$3,495", "2009": "$2,219", "2008": "$1,245", "2007": "$1,329", "2006": "$1,189", "2005": "$1,268"}, "Lumen Technologies Quarterly EBITDA (Millions of US $)": {"2020-09-30": "$2,081", "2020-06-30": "$2,065", "2020-03-31": "$2,140", "2019-12-31": "$2,057", "2019-09-30": "$2,185", "2019-06-30": "$2,172", "2019-03-31": "$-4,311", "2018-12-31": "$-579", "2018-09-30": "$2,179", "2018-06-30": "$2,057", "2018-03-31": "$2,033", "2017-12-31": "$1,721", "2017-09-30": "$1,397", "2017-06-30": "$1,316", "2017-03-31": "$1,511", "2016-12-31": "$1,365", "2016-09-30": "$1,588", "2016-06-30": "$1,635", "2016-03-31": "$1,663", "2015-12-31": "$1,778", "2015-09-30": "$1,704", "2015-06-30": "$1,596", "2015-03-31": "$1,687", "2014-12-31": "$1,623", "2014-09-30": "$1,707", "2014-06-30": "$1,738", "2014-03-31": "$1,749", "2013-12-31": "$1,806", "2013-09-30": "$437", "2013-06-30": "$1,822", "2013-03-31": "$1,883", "2012-12-31": "$1,869", "2012-09-30": "$1,858", "2012-06-30": "$1,844", "2012-03-31": "$1,834", "2011-12-31": "$1,756", "2011-09-30": "$1,723", "2011-06-30": "$1,591", "2011-03-31": "$833", "2010-12-31": "$852", "2010-09-30": "$864", "2010-06-30": "$881", "2010-03-31": "$898", "2009-12-31": "$908", "2009-09-30": "$741", "2009-06-30": "$278", "2009-03-31": "$292", "2008-12-31": "$305", "2008-09-30": "$309", "2008-06-30": "$312", "2008-03-31": "$319", "2007-12-31": "$307", "2007-09-30": "$361", "2007-06-30": "$366", "2007-03-31": "$296", "2006-12-31": "$300", "2006-09-30": "$299", "2006-06-30": "$297", "2006-03-31": "$293", "2005-12-31": "$308", "2005-09-30": "$335", "2005-06-30": "$316", "2005-03-31": "$309"}}, "net-income": {"Lumen Technologies Annual Net Income (Millions of US $)": {"2019": "$-5,269", "2018": "$-1,733", "2017": "$1,389", "2016": "$626", "2015": "$878", "2014": "$772", "2013": "$-239", "2012": "$776", "2011": "$571", "2010": "$942", "2009": "$643", "2008": "$366", "2007": "$418", "2006": "$370", "2005": "$334"}, "Lumen Technologies Quarterly Net Income (Millions of US $)": {"2020-09-30": "$366", "2020-06-30": "$377", "2020-03-31": "$314", "2019-12-31": "$223", "2019-09-30": "$302", "2019-06-30": "$371", "2019-03-31": "$-6,165", "2018-12-31": "$-2,412", "2018-09-30": "$272", "2018-06-30": "$292", "2018-03-31": "$115", "2017-12-31": "$1,117", "2017-09-30": "$92", "2017-06-30": "$17", "2017-03-31": "$163", "2016-12-31": "$42", "2016-09-30": "$152", "2016-06-30": "$196", "2016-03-31": "$236", "2015-12-31": "$338", "2015-09-30": "$205", "2015-06-30": "$143", "2015-03-31": "$192", "2014-12-31": "$188", "2014-09-30": "$188", "2014-06-30": "$193", "2014-03-31": "$203", "2013-12-31": "$239", "2013-09-30": "$-1,045", "2013-06-30": "$269", "2013-03-31": "$298", "2012-12-31": "$233", "2012-09-30": "$270", "2012-06-30": "$73", "2012-03-31": "$200", "2011-12-31": "$109", "2011-09-30": "$138", "2011-06-30": "$115", "2011-03-31": "$209", "2010-12-31": "$219", "2010-09-30": "$232", "2010-06-30": "$238", "2010-03-31": "$253", "2009-12-31": "$226", "2009-09-30": "$281", "2009-06-30": "$69", "2009-03-31": "$67", "2008-12-31": "$100", "2008-09-30": "$85", "2008-06-30": "$92", "2008-03-31": "$89", "2007-12-31": "$115", "2007-09-30": "$113", "2007-06-30": "$112", "2007-03-31": "$78", "2006-12-31": "$72", "2006-09-30": "$76", "2006-06-30": "$152", "2006-03-31": "$69", "2005-12-31": "$78", "2005-09-30": "$91", "2005-06-30": "$85", "2005-03-31": "$80"}}, "eps-earnings-per-share-diluted": {"Lumen Technologies Annual EPS": {"2019": "$-4.92", "2018": "$-1.63", "2017": "$2.21", "2016": "$1.16", "2015": "$1.58", "2014": "$1.36", "2013": "$-0.40", "2012": "$1.25", "2011": "$1.07", "2010": "$3.13", "2009": "$3.23", "2008": "$3.52", "2007": "$3.71", "2006": "$3.07", "2005": "$2.49"}, "Lumen Technologies Quarterly EPS": {"2020-09-30": "$0.34", "2020-06-30": "$0.35", "2020-03-31": "$0.29", "2019-12-31": "$0.22", "2019-09-30": "$0.28", "2019-06-30": "$0.35", "2019-03-31": "$-5.77", "2018-12-31": "$-2.26", "2018-09-30": "$0.25", "2018-06-30": "$0.27", "2018-03-31": "$0.11", "2017-12-31": "$1.71", "2017-09-30": "$0.17", "2017-06-30": "$0.03", "2017-03-31": "$0.30", "2016-12-31": "$0.08", "2016-09-30": "$0.28", "2016-06-30": "$0.36", "2016-03-31": "$0.44", "2015-12-31": "$0.61", "2015-09-30": "$0.37", "2015-06-30": "$0.26", "2015-03-31": "$0.34", "2014-12-31": "$0.34", "2014-09-30": "$0.33", "2014-06-30": "$0.34", "2014-03-31": "$0.35", "2013-12-31": "$0.44", "2013-09-30": "$-1.76", "2013-06-30": "$0.44", "2013-03-31": "$0.48", "2012-12-31": "$0.38", "2012-09-30": "$0.43", "2012-06-30": "$0.12", "2012-03-31": "$0.32", "2011-12-31": "$-0.03", "2011-09-30": "$0.22", "2011-06-30": "$0.19", "2011-03-31": "$0.69", "2010-12-31": "$0.74", "2010-09-30": "$0.76", "2010-06-30": "$0.79", "2010-03-31": "$0.84", "2009-12-31": "$0.94", "2009-09-30": "$0.94", "2009-06-30": "$0.68", "2009-03-31": "$0.67", "2008-12-31": "$0.99", "2008-09-30": "$0.83", "2008-06-30": "$0.88", "2008-03-31": "$0.82", "2007-12-31": "$1.02", "2007-09-30": "$1.01", "2007-06-30": "$1.00", "2007-03-31": "$0.68", "2006-12-31": "$0.62", "2006-09-30": "$0.64", "2006-06-30": "$1.26", "2006-03-31": "$0.55", "2005-12-31": "$0.58", "2005-09-30": "$0.68", "2005-06-30": "$0.64", "2005-03-31": "$0.59"}}, "shares-outstanding": {"Lumen Technologies Annual Shares Outstanding (Millions of Shares)": {"2019": "1,071", "2018": "1,066", "2017": "629", "2016": "541", "2015": "555", "2014": "570", "2013": "601", "2012": "622", "2011": "534", "2010": "301", "2009": "199", "2008": "103", "2007": "113", "2006": "122", "2005": "136"}, "Lumen Technologies Quarterly Shares Outstanding (Millions of Shares)": {"2020-09-30": "1,086", "2020-06-30": "1,083", "2020-03-31": "1,082", "2019-12-31": "1,071", "2019-09-30": "1,075", "2019-06-30": "1,073", "2019-03-31": "1,069", "2018-12-31": "1,066", "2018-09-30": "1,072", "2018-06-30": "1,069", "2018-03-31": "1,069", "2017-12-31": "629", "2017-09-30": "542", "2017-06-30": "542", "2017-03-31": "542", "2016-12-31": "541", "2016-09-30": "541", "2016-06-30": "540", "2016-03-31": "540", "2015-12-31": "555", "2015-09-30": "555", "2015-06-30": "559", "2015-03-31": "564", "2014-12-31": "570", "2014-09-30": "567", "2014-06-30": "569", "2014-03-31": "575", "2013-12-31": "601", "2013-09-30": "595", "2013-06-30": "606", "2013-03-31": "621", "2012-12-31": "622", "2012-09-30": "623", "2012-06-30": "622", "2012-03-31": "620", "2011-12-31": "534", "2011-09-30": "614", "2011-06-30": "600", "2011-03-31": "304", "2010-12-31": "301", "2010-09-30": "301", "2010-06-30": "301", "2010-03-31": "300", "2009-12-31": "199", "2009-09-30": "298", "2009-06-30": "99", "2009-03-31": "99", "2008-12-31": "103", "2008-09-30": "101", "2008-06-30": "104", "2008-03-31": "107", "2007-12-31": "113", "2007-09-30": "112", "2007-06-30": "114", "2007-03-31": "116", "2006-12-31": "122", "2006-09-30": "120", "2006-06-30": "122", "2006-03-31": "128", "2005-12-31": "136", "2005-09-30": "136", "2005-06-30": "135", "2005-03-31": "137"}}, "total-assets": {"Lumen Technologies Annual Total Assets (Millions of US $)": {"2019": "$64,742", "2018": "$70,256", "2017": "$75,611", "2016": "$47,017", "2015": "$47,604", "2014": "$49,103", "2013": "$51,787", "2012": "$53,940", "2011": "$56,044", "2010": "$22,038", "2009": "$22,563", "2008": "$8,254", "2007": "$8,185", "2006": "$7,441", "2005": "$7,763"}, "Lumen Technologies Quarterly Total Assets (Millions of US $)": {"2020-09-30": "$62,599", "2020-06-30": "$64,171", "2020-03-31": "$64,056", "2019-12-31": "$64,742", "2019-09-30": "$64,728", "2019-06-30": "$64,508", "2019-03-31": "$64,788", "2018-12-31": "$70,256", "2018-09-30": "$73,371", "2018-06-30": "$74,346", "2018-03-31": "$74,793", "2017-12-31": "$75,611", "2017-09-30": "$50,536", "2017-06-30": "$50,925", "2017-03-31": "$46,602", "2016-12-31": "$47,017", "2016-09-30": "$46,796", "2016-06-30": "$47,118", "2016-03-31": "$47,517", "2015-12-31": "$47,604", "2015-09-30": "$48,754", "2015-06-30": "$48,977", "2015-03-31": "$49,520", "2014-12-31": "$49,103", "2014-09-30": "$50,646", "2014-06-30": "$50,614", "2014-03-31": "$51,166", "2013-12-31": "$51,787", "2013-09-30": "$51,984", "2013-06-30": "$53,254", "2013-03-31": "$53,729", "2012-12-31": "$53,940", "2012-09-30": "$54,632", "2012-06-30": "$55,090", "2012-03-31": "$56,842", "2011-12-31": "$56,044", "2011-09-30": "$56,735", "2011-06-30": "$54,842", "2011-03-31": "$21,901", "2010-12-31": "$22,038", "2010-09-30": "$22,220", "2010-06-30": "$22,200", "2010-03-31": "$22,322", "2009-12-31": "$22,563", "2009-09-30": "$22,957", "2009-06-30": "$7,887", "2009-03-31": "$7,934", "2008-12-31": "$8,254", "2008-09-30": "$8,273", "2008-06-30": "$8,168", "2008-03-31": "$8,118", "2007-12-31": "$8,185", "2007-09-30": "$8,233", "2007-06-30": "$8,274", "2007-03-31": "$8,090", "2006-12-31": "$7,441", "2006-09-30": "$7,406", "2006-06-30": "$7,434", "2006-03-31": "$7,524", "2005-12-31": "$7,763", "2005-09-30": "$7,843", "2005-06-30": "$7,710", "2005-03-31": "$7,703"}}, "cash-on-hand": {"Lumen Technologies Annual Cash on Hand (Millions of US $)": {"2019": "$1,693", "2018": "$492", "2017": "$556", "2016": "$222", "2015": "$126", "2014": "$128", "2013": "$168", "2012": "$211", "2011": "$128", "2010": "$173", "2009": "$162", "2008": "$243", "2007": "$34", "2006": "$26", "2005": "$159"}, "Lumen Technologies Quarterly Cash on Hand (Millions of US $)": {"2020-09-30": "$526", "2020-06-30": "$1,763", "2020-03-31": "$1,567", "2019-12-31": "$1,690", "2019-09-30": "$1,407", "2019-06-30": "$413", "2019-03-31": "$444", "2018-12-31": "$492", "2018-09-30": "$393", "2018-06-30": "$705", "2018-03-31": "$506", "2017-12-31": "$556", "2017-09-30": "$160", "2017-06-30": "$342", "2017-03-31": "$214", "2016-12-31": "$222", "2016-09-30": "$140", "2016-06-30": "$191", "2016-03-31": "$438", "2015-12-31": "$126", "2015-09-30": "$355", "2015-06-30": "$155", "2015-03-31": "$155", "2014-12-31": "$128", "2014-09-30": "$734", "2014-06-30": "$181", "2014-03-31": "$219", "2013-12-31": "$168", "2013-09-30": "$266", "2013-06-30": "$214", "2013-03-31": "$476", "2012-12-31": "$211", "2012-09-30": "$194", "2012-06-30": "$281", "2012-03-31": "$1,530", "2011-12-31": "$128", "2011-09-30": "$1,123", "2011-06-30": "$2,546", "2011-03-31": "$270", "2010-12-31": "$173", "2010-09-30": "$243", "2010-06-30": "$186", "2010-03-31": "$206", "2009-12-31": "$162", "2009-09-30": "$531", "2009-06-30": "$59", "2009-03-31": "$61", "2008-12-31": "$243", "2008-09-30": "$259", "2008-06-30": "$64", "2008-03-31": "$38", "2007-12-31": "$34", "2007-09-30": "$59", "2007-06-30": "$44", "2007-03-31": "$764", "2006-12-31": "$26", "2006-09-30": "$33", "2006-06-30": "$2", "2006-03-31": "$15", "2005-12-31": "$159", "2005-09-30": "$269", "2005-06-30": "$100", "2005-03-31": "$129"}}, "long-term-debt": {"Lumen Technologies Annual Long Term Debt (Millions of US $)": {"2019": "$32,394", "2018": "$35,409", "2017": "$37,283", "2016": "$18,185", "2015": "$18,722", "2014": "$19,953", "2013": "$20,181", "2012": "$19,400", "2011": "$21,356", "2010": "$7,316", "2009": "$7,254", "2008": "$3,294", "2007": "$2,734", "2006": "$2,413", "2005": "$2,376"}, "Lumen Technologies Quarterly Long Term Debt (Millions of US $)": {"2020-09-30": "$31,105", "2020-06-30": "$31,414", "2020-03-31": "$33,481", "2019-12-31": "$32,394", "2019-09-30": "$33,381", "2019-06-30": "$33,193", "2019-03-31": "$34,858", "2018-12-31": "$35,409", "2018-09-30": "$35,749", "2018-06-30": "$36,878", "2018-03-31": "$36,940", "2017-12-31": "$37,283", "2017-09-30": "$24,854", "2017-06-30": "$24,881", "2017-03-31": "$18,180", "2016-12-31": "$18,185", "2016-09-30": "$18,184", "2016-06-30": "$18,165", "2016-03-31": "$19,508", "2015-12-31": "$18,722", "2015-09-30": "$18,504", "2015-06-30": "$18,834", "2015-03-31": "$20,254", "2014-12-31": "$19,953", "2014-09-30": "$19,982", "2014-06-30": "$19,771", "2014-03-31": "$19,814", "2013-12-31": "$20,181", "2013-09-30": "$20,391", "2013-06-30": "$20,283", "2013-03-31": "$19,595", "2012-12-31": "$19,400", "2012-09-30": "$19,508", "2012-06-30": "$19,682", "2012-03-31": "$20,667", "2011-12-31": "$21,356", "2011-09-30": "$21,142", "2011-06-30": "$19,734", "2011-03-31": "$7,168", "2010-12-31": "$7,316", "2010-09-30": "$7,062", "2010-06-30": "$7,179", "2010-03-31": "$7,221", "2009-12-31": "$7,254", "2009-09-30": "$7,455", "2009-06-30": "$2,900", "2009-03-31": "$3,002", "2008-12-31": "$3,294", "2008-09-30": "$3,299", "2008-06-30": "$3,016", "2008-03-31": "$2,881", "2007-12-31": "$2,734", "2007-09-30": "$2,748", "2007-06-30": "$2,735", "2007-03-31": "$2,917", "2006-12-31": "$2,413", "2006-09-30": "$2,418", "2006-06-30": "$2,239", "2006-03-31": "$2,354", "2005-12-31": "$2,376", "2005-09-30": "$2,500", "2005-06-30": "$2,709", "2005-03-31": "$2,694"}}, "total-liabilities": {"Lumen Technologies Annual Total Liabilities (Millions of US $)": {"2019": "$51,272", "2018": "$50,428", "2017": "$52,120", "2016": "$33,618", "2015": "$33,544", "2014": "$34,080", "2013": "$34,596", "2012": "$34,651", "2011": "$35,217", "2010": "$12,391", "2009": "$13,096", "2008": "$5,086", "2007": "$4,775", "2006": "$4,250", "2005": "$4,145"}, "Lumen Technologies Quarterly Total Liabilities (Millions of US $)": {"2020-09-30": "$48,910", "2020-06-30": "$50,709", "2020-03-31": "$50,765", "2019-12-31": "$51,272", "2019-09-30": "$51,054", "2019-06-30": "$50,816", "2019-03-31": "$51,245", "2018-12-31": "$50,428", "2018-09-30": "$50,568", "2018-06-30": "$51,357", "2018-03-31": "$51,350", "2017-12-31": "$52,120", "2017-09-30": "$37,576", "2017-06-30": "$37,839", "2017-03-31": "$33,296", "2016-12-31": "$33,618", "2016-09-30": "$32,904", "2016-06-30": "$33,133", "2016-03-31": "$33,481", "2015-12-31": "$33,544", "2015-09-30": "$34,504", "2015-06-30": "$34,390", "2015-03-31": "$34,755", "2014-12-31": "$34,080", "2014-09-30": "$34,201", "2014-06-30": "$34,016", "2014-03-31": "$34,368", "2013-12-31": "$34,596", "2013-09-30": "$35,270", "2013-06-30": "$34,854", "2013-03-31": "$34,873", "2012-12-31": "$34,651", "2012-09-30": "$34,435", "2012-06-30": "$34,779", "2012-03-31": "$36,204", "2011-12-31": "$35,217", "2011-09-30": "$34,759", "2011-06-30": "$33,201", "2011-03-31": "$12,243", "2010-12-31": "$12,391", "2010-09-30": "$12,614", "2010-06-30": "$12,648", "2010-03-31": "$12,820", "2009-12-31": "$13,096", "2009-09-30": "$13,593", "2009-06-30": "$4,700", "2009-03-31": "$4,759", "2008-12-31": "$5,086", "2008-09-30": "$5,077", "2008-06-30": "$4,793", "2008-03-31": "$4,718", "2007-12-31": "$4,775", "2007-09-30": "$4,868", "2007-06-30": "$5,137", "2007-03-31": "$4,963", "2006-12-31": "$4,250", "2006-09-30": "$4,101", "2006-06-30": "$4,132", "2006-03-31": "$4,381", "2005-12-31": "$4,145", "2005-09-30": "$4,287", "2005-06-30": "$4,267", "2005-03-31": "$4,273"}}, "total-share-holder-equity": {"Lumen Technologies Annual Share Holder Equity (Millions of US $)": {"2019": "$13,470", "2018": "$19,828", "2017": "$23,491", "2016": "$13,399", "2015": "$14,060", "2014": "$15,023", "2013": "$17,191", "2012": "$19,289", "2011": "$20,827", "2010": "$9,647", "2009": "$9,467", "2008": "$3,168", "2007": "$3,409", "2006": "$3,191", "2005": "$3,617"}, "Lumen Technologies Quarterly Share Holder Equity (Millions of US $)": {"2020-09-30": "$13,689", "2020-06-30": "$13,462", "2020-03-31": "$13,291", "2019-12-31": "$13,470", "2019-09-30": "$13,674", "2019-06-30": "$13,692", "2019-03-31": "$13,543", "2018-12-31": "$19,828", "2018-09-30": "$22,803", "2018-06-30": "$22,989", "2018-03-31": "$23,443", "2017-12-31": "$23,491", "2017-09-30": "$12,960", "2017-06-30": "$13,086", "2017-03-31": "$13,306", "2016-12-31": "$13,399", "2016-09-30": "$13,892", "2016-06-30": "$13,985", "2016-03-31": "$14,036", "2015-12-31": "$14,060", "2015-09-30": "$14,250", "2015-06-30": "$14,587", "2015-03-31": "$14,765", "2014-12-31": "$15,023", "2014-09-30": "$16,445", "2014-06-30": "$16,598", "2014-03-31": "$16,798", "2013-12-31": "$17,191", "2013-09-30": "$16,714", "2013-06-30": "$18,400", "2013-03-31": "$18,856", "2012-12-31": "$19,289", "2012-09-30": "$20,197", "2012-06-30": "$20,311", "2012-03-31": "$20,638", "2011-12-31": "$20,827", "2011-09-30": "$21,976", "2011-06-30": "$21,641", "2011-03-31": "$9,659", "2010-12-31": "$9,647", "2010-09-30": "$9,606", "2010-06-30": "$9,551", "2010-03-31": "$9,501", "2009-12-31": "$9,467", "2009-09-30": "$9,364", "2009-06-30": "$3,186", "2009-03-31": "$3,175", "2008-12-31": "$3,168", "2008-09-30": "$3,196", "2008-06-30": "$3,375", "2008-03-31": "$3,400", "2007-12-31": "$3,409", "2007-09-30": "$3,364", "2007-06-30": "$3,137", "2007-03-31": "$3,127", "2006-12-31": "$3,191", "2006-09-30": "$3,305", "2006-06-30": "$3,302", "2006-03-31": "$3,143", "2005-12-31": "$3,617", "2005-09-30": "$3,555", "2005-06-30": "$3,443", "2005-03-31": "$3,429"}}, "profit-margins": {"current": "6.05%"}, "gross margin": {"2020-09-30": "54.65%", "2020-06-30": "54.58%", "2020-03-31": "54.90%", "2019-12-31": "55.02%", "2019-09-30": "56.53%", "2019-06-30": "55.92%", "2019-03-31": "54.81%", "2018-12-31": "53.67%", "2018-09-30": "53.44%", "2018-06-30": "53.04%", "2018-03-31": "52.98%", "2017-12-31": "53.54%", "2017-09-30": "54.07%", "2017-06-30": "54.61%", "2017-03-31": "55.08%", "2016-12-31": "55.50%", "2016-09-30": "56.05%", "2016-06-30": "56.49%", "2016-03-31": "56.49%", "2015-12-31": "56.55%", "2015-09-30": "56.12%", "2015-06-30": "56.13%", "2015-03-31": "56.41%", "2014-12-31": "56.49%", "2014-09-30": "57.03%", "2014-06-30": "57.35%", "2014-03-31": "57.80%", "2013-12-31": "58.51%", "2013-09-30": "58.68%", "2013-06-30": "58.67%", "2013-03-31": "58.65%", "2012-12-31": "58.43%", "2012-09-30": "58.26%", "2012-06-30": "58.28%", "2012-03-31": "58.52%", "2011-12-31": "58.80%", "2011-09-30": "59.63%", "2011-06-30": "61.29%", "2011-03-31": "63.23%", "2010-12-31": "63.87%", "2010-09-30": "64.57%", "2010-06-30": "64.58%", "2010-03-31": "64.40%", "2009-12-31": "63.80%", "2009-09-30": "63.30%", "2009-06-30": "63.05%", "2009-03-31": "63.20%", "2008-12-31": "63.23%", "2008-09-30": "62.85%", "2008-06-30": "63.49%", "2008-03-31": "64.44%", "2007-12-31": "64.70%", "2007-09-30": "65.11%", "2007-06-30": "64.67%", "2007-03-31": "63.90%", "2006-12-31": "63.73%", "2006-09-30": "64.35%", "2006-06-30": "65.04%", "2006-03-31": "65.88%", "2005-12-31": "66.87%"}, "operating margin": {"2020-09-30": "16.57%", "2020-06-30": "16.71%", "2020-03-31": "16.90%", "2019-12-31": "-12.17%", "2019-09-30": "-24.69%", "2019-06-30": "-24.42%", "2019-03-31": "-24.77%", "2018-12-31": "2.43%", "2018-09-30": "12.77%", "2018-06-30": "11.92%", "2018-03-31": "10.97%", "2017-12-31": "11.38%", "2017-09-30": "11.37%", "2017-06-30": "11.76%", "2017-03-31": "13.17%", "2016-12-31": "13.35%", "2016-09-30": "15.03%", "2016-06-30": "15.23%", "2016-03-31": "14.67%", "2015-12-31": "14.41%", "2015-09-30": "13.08%", "2015-06-30": "12.91%", "2015-03-31": "13.41%", "2014-12-31": "13.37%", "2014-09-30": "14.16%", "2014-06-30": "6.97%", "2014-03-31": "7.31%", "2013-12-31": "8.03%", "2013-09-30": "8.15%", "2013-06-30": "15.94%", "2013-03-31": "15.54%", "2012-12-31": "14.76%", "2012-09-30": "13.99%", "2012-06-30": "12.95%", "2012-03-31": "12.13%", "2011-12-31": "13.19%", "2011-09-30": "15.93%", "2011-06-30": "20.23%", "2011-03-31": "28.52%", "2010-12-31": "29.25%", "2010-09-30": "29.57%", "2010-06-30": "27.31%", "2010-03-31": "26.28%", "2009-12-31": "24.77%", "2009-09-30": "22.92%", "2009-06-30": "26.14%", "2009-03-31": "27.14%", "2008-12-31": "27.73%", "2008-09-30": "27.31%", "2008-06-30": "28.32%", "2008-03-31": "29.87%", "2007-12-31": "29.85%", "2007-09-30": "30.60%", "2007-06-30": "29.50%", "2007-03-31": "27.73%", "2006-12-31": "27.21%", "2006-09-30": "26.99%", "2006-06-30": "27.87%", "2006-03-31": "28.75%", "2005-12-31": "29.70%"}, "ebitda margin": {"2020-09-30": "38.21%", "2020-06-30": "38.36%", "2020-03-31": "38.53%", "2019-12-31": "9.39%", "2019-09-30": "-2.43%", "2019-06-30": "-2.41%", "2019-03-31": "-2.85%", "2018-12-31": "24.27%", "2018-09-30": "34.76%", "2018-06-30": "33.99%", "2018-03-31": "33.35%", "2017-12-31": "33.67%", "2017-09-30": "33.62%", "2017-06-30": "34.06%", "2017-03-31": "35.30%", "2016-12-31": "35.78%", "2016-09-30": "37.74%", "2016-06-30": "38.03%", "2016-03-31": "37.76%", "2015-12-31": "37.79%", "2015-09-30": "37.01%", "2015-06-30": "37.11%", "2015-03-31": "37.64%", "2014-12-31": "37.81%", "2014-09-30": "38.60%", "2014-06-30": "31.59%", "2014-03-31": "32.09%", "2013-12-31": "32.87%", "2013-09-30": "33.14%", "2013-06-30": "40.85%", "2013-03-31": "40.78%", "2012-12-31": "40.30%", "2012-09-30": "39.53%", "2012-06-30": "38.75%", "2012-03-31": "37.80%", "2011-12-31": "38.45%", "2011-09-30": "40.25%", "2011-06-30": "43.25%", "2011-03-31": "49.44%", "2010-12-31": "49.63%", "2010-09-30": "49.67%", "2010-06-30": "47.12%", "2010-03-31": "46.03%", "2009-12-31": "44.62%", "2009-09-30": "42.67%", "2009-06-30": "46.20%", "2009-03-31": "47.08%", "2008-12-31": "47.88%", "2008-09-30": "47.70%", "2008-06-30": "48.60%", "2008-03-31": "50.02%", "2007-12-31": "50.06%", "2007-09-30": "50.73%", "2007-06-30": "50.06%", "2007-03-31": "48.89%", "2006-12-31": "48.57%", "2006-09-30": "48.66%", "2006-06-30": "49.38%", "2006-03-31": "50.20%", "2005-12-31": "51.17%"}, "pre tax profit margin": {"2020-09-30": "8.13%", "2020-06-30": "7.74%", "2020-03-31": "7.63%", "2019-12-31": "-21.28%", "2019-09-30": "-34.11%", "2019-06-30": "-33.76%", "2019-03-31": "-34.14%", "2018-12-31": "-6.67%", "2018-09-30": "3.72%", "2018-06-30": "3.14%", "2018-03-31": "2.42%", "2017-12-31": "3.06%", "2017-09-30": "3.37%", "2017-06-30": "3.95%", "2017-03-31": "5.48%", "2016-12-31": "5.84%", "2016-09-30": "7.79%", "2016-06-30": "8.17%", "2016-03-31": "7.69%", "2015-12-31": "7.35%", "2015-09-30": "5.84%", "2015-06-30": "5.68%", "2015-03-31": "6.14%", "2014-12-31": "6.16%", "2014-09-30": "7.07%", "2014-06-30": "-0.12%", "2014-03-31": "0.28%", "2013-12-31": "1.24%", "2013-09-30": "1.48%", "2013-06-30": "9.32%", "2013-03-31": "7.79%", "2012-12-31": "6.80%", "2012-09-30": "5.79%", "2012-06-30": "4.75%", "2012-03-31": "5.15%", "2011-12-31": "6.18%", "2011-09-30": "8.97%", "2011-06-30": "13.11%", "2011-03-31": "20.99%", "2010-12-31": "21.74%", "2010-09-30": "21.19%", "2010-06-30": "19.12%", "2010-03-31": "18.18%", "2009-12-31": "16.33%", "2009-09-30": "16.08%", "2009-06-30": "19.39%", "2009-03-31": "20.49%", "2008-12-31": "21.62%", "2008-09-30": "21.08%", "2008-06-30": "22.41%", "2008-03-31": "23.51%", "2007-12-31": "23.33%", "2007-09-30": "23.35%", "2007-06-30": "21.79%", "2007-03-31": "24.82%", "2006-12-31": "24.14%", "2006-09-30": "24.31%", "2006-06-30": "24.91%", "2006-03-31": "20.93%", "2005-12-31": "21.67%"}, "net profit margin": {"2020-09-30": "5.86%", "2020-06-30": "5.52%", "2020-03-31": "5.45%", "2019-12-31": "-23.52%", "2019-09-30": "-36.04%", "2019-06-30": "-35.42%", "2019-03-31": "-34.95%", "2018-12-31": "-7.39%", "2018-09-30": "7.81%", "2018-06-30": "7.62%", "2018-03-31": "6.92%", "2017-12-31": "7.87%", "2017-09-30": "1.89%", "2017-06-30": "2.20%", "2017-03-31": "3.20%", "2016-12-31": "3.58%", "2016-09-30": "5.22%", "2016-06-30": "5.47%", "2016-03-31": "5.17%", "2015-12-31": "4.91%", "2015-09-30": "4.08%", "2015-06-30": "3.99%", "2015-03-31": "4.24%", "2014-12-31": "4.28%", "2014-09-30": "4.54%", "2014-06-30": "-2.26%", "2014-03-31": "-1.84%", "2013-12-31": "-1.32%", "2013-09-30": "-1.35%", "2013-06-30": "5.88%", "2013-03-31": "4.78%", "2012-12-31": "4.22%", "2012-09-30": "3.53%", "2012-06-30": "2.82%", "2012-03-31": "3.08%", "2011-12-31": "3.72%", "2011-09-30": "5.48%", "2011-06-30": "8.10%", "2011-03-31": "12.94%", "2010-12-31": "13.38%", "2010-09-30": "13.27%", "2010-06-30": "13.72%", "2010-03-31": "13.51%", "2009-12-31": "12.93%", "2009-09-30": "13.65%", "2009-06-30": "12.52%", "2009-03-31": "13.30%", "2008-12-31": "14.08%", "2008-09-30": "14.58%", "2008-06-30": "15.30%", "2008-03-31": "15.86%", "2007-12-31": "15.73%", "2007-09-30": "14.38%", "2007-06-30": "13.42%", "2007-03-31": "15.50%", "2006-12-31": "15.07%", "2006-09-30": "15.24%", "2006-06-30": "15.62%", "2006-03-31": "12.95%", "2005-12-31": "13.48%"}, "pe ratio": {"current": "8.26", "2021-02-11": "9.66", "2020-09-30": "8.28", "2020-06-30": "8.48", "2020-03-31": "7.80", "2019-12-31": "0.00", "2019-09-30": "0.00", "2019-06-30": "0.00", "2019-03-31": "0.00", "2018-12-31": "0.00", "2018-09-30": "9.14", "2018-06-30": "8.19", "2018-03-31": "8.08", "2017-12-31": "7.09", "2017-09-30": "23.48", "2017-06-30": "24.27", "2017-03-31": "15.87", "2016-12-31": "13.77", "2016-09-30": "10.61", "2016-06-30": "10.45", "2016-03-31": "11.95", "2015-12-31": "9.83", "2015-09-30": "11.77", "2015-06-30": "13.92", "2015-03-31": "15.15", "2014-12-31": "16.97", "2014-09-30": "16.34", "2014-06-30": "0.00", "2014-03-31": "0.00", "2013-12-31": "0.00", "2013-09-30": "0.00", "2013-06-30": "10.86", "2013-03-31": "13.05", "2012-12-31": "16.16", "2012-09-30": "19.34", "2012-06-30": "22.95", "2012-03-31": "20.81", "2011-12-31": "13.93", "2011-09-30": "8.44", "2011-06-30": "7.79", "2011-03-31": "6.24", "2010-12-31": "6.49", "2010-09-30": "5.40", "2010-06-30": "4.24", "2010-03-31": "4.57", "2009-12-31": "4.81", "2009-09-30": "4.06", "2009-06-30": "3.74", "2009-03-31": "3.16", "2008-12-31": "2.86", "2008-09-30": "3.70", "2008-06-30": "3.31", "2008-03-31": "2.99", "2007-12-31": "3.87", "2007-09-30": "4.86", "2007-06-30": "5.78", "2007-03-31": "4.90", "2006-12-31": "4.88"}, "price sales": {"2021-02-11": "0.57", "2020-09-30": "0.49", "2020-06-30": "0.47", "2020-03-31": "0.43", "2019-12-31": "0.58", "2019-09-30": "0.55", "2019-06-30": "0.49", "2019-03-31": "0.48", "2018-12-31": "0.58", "2018-09-30": "0.69", "2018-06-30": "0.55", "2018-03-31": "0.44", "2017-12-31": "0.40", "2017-09-30": "0.44", "2017-06-30": "0.53", "2017-03-31": "0.51", "2016-12-31": "0.49", "2016-09-30": "0.56", "2016-06-30": "0.57", "2016-03-31": "0.63", "2015-12-31": "0.49", "2015-09-30": "0.48", "2015-06-30": "0.56", "2015-03-31": "0.64", "2014-12-31": "0.72", "2014-09-30": "0.74", "2014-06-30": "0.66", "2014-03-31": "0.60", "2013-12-31": "0.58", "2013-09-30": "0.57", "2013-06-30": "0.63", "2013-03-31": "0.62", "2012-12-31": "0.68", "2012-09-30": "0.66", "2012-06-30": "0.63", "2012-03-31": "0.60", "2011-12-31": "0.61", "2011-09-30": "0.59", "2011-06-30": "0.76", "2011-03-31": "0.81", "2010-12-31": "0.87", "2010-09-30": "0.64", "2010-06-30": "0.52", "2010-03-31": "0.53", "2009-12-31": "0.52", "2009-09-30": "0.53", "2009-06-30": "0.47", "2009-03-31": "0.42", "2008-12-31": "0.40", "2008-09-30": "0.54", "2008-06-30": "0.51", "2008-03-31": "0.48", "2007-12-31": "0.62", "2007-09-30": "0.71", "2007-06-30": "0.80", "2007-03-31": "0.77", "2006-12-31": "0.76"}, "price book": {"current": "1.01", "2021-02-11": "0.92", "2020-09-30": "0.79", "2020-06-30": "0.78", "2020-03-31": "0.73", "2019-12-31": "0.98", "2019-09-30": "0.89", "2019-06-30": "0.82", "2019-03-31": "0.83", "2018-12-31": "0.69", "2018-09-30": "0.82", "2018-06-30": "0.70", "2018-03-31": "0.58", "2017-12-31": "0.57", "2017-09-30": "0.58", "2017-06-30": "0.70", "2017-03-31": "0.67", "2016-12-31": "0.65", "2016-09-30": "0.71", "2016-06-30": "0.73", "2016-03-31": "0.79", "2015-12-31": "0.60", "2015-09-30": "0.59", "2015-06-30": "0.68", "2015-03-31": "0.78", "2014-12-31": "0.87", "2014-09-30": "0.81", "2014-06-30": "0.70", "2014-03-31": "0.62", "2013-12-31": "0.59", "2013-09-30": "0.60", "2013-06-30": "0.61", "2013-03-31": "0.60", "2012-12-31": "0.65", "2012-09-30": "0.63", "2012-06-30": "0.60", "2012-03-31": "0.56", "2011-12-31": "0.53", "2011-09-30": "0.43", "2011-06-30": "0.51", "2011-03-31": "0.59", "2010-12-31": "0.64", "2010-09-30": "0.54", "2010-06-30": "0.45", "2010-03-31": "0.47", "2009-12-31": "0.47", "2009-09-30": "0.43", "2009-06-30": "0.38", "2009-03-31": "0.34", "2008-12-31": "0.32", "2008-09-30": "0.42", "2008-06-30": "0.38", "2008-03-31": "0.36", "2007-12-31": "0.46", "2007-09-30": "0.53", "2007-06-30": "0.59", "2007-03-31": "0.55", "2006-12-31": "0.54", "2006-09-30": "0.48", "2006-06-30": "0.45", "2006-03-31": "0.50"}, "price fcf": {"2021-02-11": "", "2020-09-30": "$2.78", "2020-06-30": "$2.90", "2020-03-31": "$3.01", "2019-12-31": "$2.94", "2019-09-30": "$3.05", "2019-06-30": "$3.18", "2019-03-31": "$3.22", "2018-12-31": "$3.77", "2018-09-30": "$5.65", "2018-06-30": "$5.01", "2018-03-31": "$3.87", "2017-12-31": "$3.66", "2017-09-30": "$0.96", "2017-06-30": "$0.90", "2017-03-31": "$2.14", "2016-12-31": "$3.06", "2016-09-30": "$3.48", "2016-06-30": "$4.45", "2016-03-31": "$4.38", "2015-12-31": "$4.17", "2015-09-30": "$4.16", "2015-06-30": "$4.13", "2015-03-31": "$3.94", "2014-12-31": "$3.87", "2014-09-30": "$3.71", "2014-06-30": "$3.75", "2014-03-31": "$4.26", "2013-12-31": "$4.31", "2013-09-30": "$4.70", "2013-06-30": "$5.26", "2013-03-31": "$5.19", "2012-12-31": "$5.36", "2012-09-30": "$4.64", "2012-06-30": "$3.92", "2012-03-31": "$3.30", "2011-12-31": "$3.35", "2011-09-30": "$4.19", "2011-06-30": "$4.24", "2011-03-31": "$4.45", "2010-12-31": "$3.92", "2010-09-30": "$5.21", "2010-06-30": "$2.31", "2010-03-31": "$3.23", "2009-12-31": "$4.11", "2009-09-30": "$2.59", "2009-06-30": "$6.03", "2009-03-31": "$4.29", "2008-12-31": "$4.07", "2008-09-30": "$4.16", "2008-06-30": "$3.85", "2008-03-31": "$6.08", "2007-12-31": "$6.24", "2007-09-30": "$6.30", "2007-06-30": "$6.01", "2007-03-31": "$5.14", "2006-12-31": "$4.31"}, "net worth": {"value": "$13.78B"}, "current ratio": {"current": "0.60", "2020-09-30": "0.60", "2020-06-30": "0.65", "2020-03-31": "0.82", "2019-12-31": "0.66", "2019-09-30": "0.70", "2019-06-30": "0.60", "2019-03-31": "0.71", "2018-12-31": "0.69", "2018-09-30": "0.78", "2018-06-30": "0.99", "2018-03-31": "0.88", "2017-12-31": "0.86", "2017-09-30": "0.83", "2017-06-30": "0.90", "2017-03-31": "0.98", "2016-12-31": "0.97", "2016-09-30": "0.58", "2016-06-30": "0.58", "2016-03-31": "0.77", "2015-12-31": "0.58", "2015-09-30": "0.60", "2015-06-30": "0.69", "2015-03-31": "0.97", "2014-12-31": "0.69", "2014-09-30": "0.88", "2014-06-30": "0.81", "2014-03-31": "0.81", "2013-12-31": "0.89", "2013-09-30": "0.96", "2013-06-30": "0.97", "2013-03-31": "0.85", "2012-12-31": "0.79", "2012-09-30": "0.78", "2012-06-30": "0.74", "2012-03-31": "0.87", "2011-12-31": "0.88", "2011-09-30": "0.80", "2011-06-30": "0.99", "2011-03-31": "1.06", "2010-12-31": "1.13", "2010-09-30": "0.74", "2010-06-30": "0.67", "2010-03-31": "0.59", "2009-12-31": "0.66", "2009-09-30": "0.68", "2009-06-30": "0.72", "2009-03-31": "0.77", "2008-12-31": "1.21", "2008-09-30": "1.07", "2008-06-30": "0.68", "2008-03-31": "0.56", "2007-12-31": "0.40", "2007-09-30": "0.48", "2007-06-30": "0.31", "2007-03-31": "1.32", "2006-12-31": "0.47", "2006-09-30": "0.44", "2006-06-30": "0.29", "2006-03-31": "0.26", "2005-12-31": "0.57", "2005-09-30": "0.65", "2005-06-30": "0.58", "2005-03-31": "0.62"}, "quick ratio": {"2020-09-30": "0.00", "2020-06-30": "0.00", "2020-03-31": "0.00", "2019-12-31": "0.00", "2019-09-30": "0.00", "2019-06-30": "0.00", "2019-03-31": "0.00", "2018-12-31": "0.00", "2018-09-30": "0.00", "2018-06-30": "0.00", "2018-03-31": "0.00", "2017-12-31": "0.00", "2017-09-30": "0.00", "2017-06-30": "0.00", "2017-03-31": "0.00", "2016-12-31": "0.00", "2016-09-30": "0.00", "2016-06-30": "0.00", "2016-03-31": "0.00", "2015-12-31": "0.00", "2015-09-30": "0.00", "2015-06-30": "0.00", "2015-03-31": "0.00", "2014-12-31": "0.00", "2014-09-30": "0.00", "2014-06-30": "0.00", "2014-03-31": "0.00", "2013-12-31": "0.00", "2013-09-30": "0.00", "2013-06-30": "0.00", "2013-03-31": "0.00", "2012-12-31": "0.00", "2012-09-30": "0.00", "2012-06-30": "0.00", "2012-03-31": "0.00", "2011-12-31": "0.00", "2011-09-30": "0.00", "2011-06-30": "0.00", "2011-03-31": "1.03", "2010-12-31": "0.00", "2010-09-30": "0.72", "2010-06-30": "0.64", "2010-03-31": "0.57", "2009-12-31": "0.64", "2009-09-30": "0.66", "2009-06-30": "0.70", "2009-03-31": "0.75", "2008-12-31": "1.19", "2008-09-30": "1.05", "2008-06-30": "0.66", "2008-03-31": "0.54", "2007-12-31": "0.39", "2007-09-30": "0.47", "2007-06-30": "0.30", "2007-03-31": "1.31", "2006-12-31": "0.46", "2006-09-30": "0.43", "2006-06-30": "0.29", "2006-03-31": "0.25", "2005-12-31": "0.56", "2005-09-30": "0.65", "2005-06-30": "0.57", "2005-03-31": "0.61"}, "debt equity ratio": {"current": "2.27", "2020-09-30": "3.57", "2020-06-30": "3.77", "2020-03-31": "3.82", "2019-12-31": "3.81", "2019-09-30": "3.73", "2019-06-30": "3.71", "2019-03-31": "3.78", "2018-12-31": "2.54", "2018-09-30": "2.22", "2018-06-30": "2.23", "2018-03-31": "2.19", "2017-12-31": "2.22", "2017-09-30": "2.90", "2017-06-30": "2.89", "2017-03-31": "2.50", "2016-12-31": "2.51", "2016-09-30": "2.37", "2016-06-30": "2.37", "2016-03-31": "2.39", "2015-12-31": "2.39", "2015-09-30": "2.42", "2015-06-30": "2.36", "2015-03-31": "2.35", "2014-12-31": "2.27", "2014-09-30": "2.08", "2014-06-30": "2.05", "2014-03-31": "2.05", "2013-12-31": "2.01", "2013-09-30": "2.11", "2013-06-30": "1.89", "2013-03-31": "1.85", "2012-12-31": "1.80", "2012-09-30": "1.71", "2012-06-30": "1.71", "2012-03-31": "1.75", "2011-12-31": "1.69", "2011-09-30": "1.58", "2011-06-30": "1.53", "2011-03-31": "1.27", "2010-12-31": "1.28", "2010-09-30": "1.31", "2010-06-30": "1.32", "2010-03-31": "1.35", "2009-12-31": "1.38", "2009-09-30": "1.45", "2009-06-30": "1.48", "2009-03-31": "1.50", "2008-12-31": "1.61", "2008-09-30": "1.59", "2008-06-30": "1.42", "2008-03-31": "1.39", "2007-12-31": "1.40", "2007-09-30": "1.45", "2007-06-30": "1.64", "2007-03-31": "1.59", "2006-12-31": "1.33", "2006-09-30": "1.24", "2006-06-30": "1.25", "2006-03-31": "1.39", "2005-12-31": "1.15", "2005-09-30": "1.21", "2005-06-30": "1.24", "2005-03-31": "1.25"}, "return on equity": {"2020-09-30": "9.50%", "2020-06-30": "9.02%", "2020-03-31": "8.94%", "2019-12-31": "-38.76%", "2019-09-30": "-52.05%", "2019-06-30": "-45.42%", "2019-03-31": "-40.49%", "2018-12-31": "-7.78%", "2018-09-30": "7.75%", "2018-06-30": "7.80%", "2018-03-31": "7.35%", "2017-12-31": "8.84%", "2017-09-30": "2.38%", "2017-06-30": "2.79%", "2017-03-31": "4.05%", "2016-12-31": "4.53%", "2016-09-30": "6.59%", "2016-06-30": "6.92%", "2016-03-31": "6.48%", "2015-12-31": "6.09%", "2015-09-30": "4.97%", "2015-06-30": "4.68%", "2015-03-31": "4.84%", "2014-12-31": "4.76%", "2014-09-30": "4.91%", "2014-06-30": "-2.44%", "2014-03-31": "-1.93%", "2013-12-31": "-1.34%", "2013-09-30": "-1.34%", "2013-06-30": "5.58%", "2013-03-31": "4.44%", "2012-12-31": "3.86%", "2012-09-30": "3.18%", "2012-06-30": "2.48%", "2012-03-31": "2.64%", "2011-12-31": "3.08%", "2011-09-30": "4.33%", "2011-06-30": "6.13%", "2011-03-31": "9.34%", "2010-12-31": "9.84%", "2010-09-30": "9.96%", "2010-06-30": "10.54%", "2010-03-31": "10.52%", "2009-12-31": "10.21%", "2009-09-30": "10.95%", "2009-06-30": "10.09%", "2009-03-31": "10.66%", "2008-12-31": "11.14%", "2008-09-30": "11.39%", "2008-06-30": "12.08%", "2008-03-31": "12.89%", "2007-12-31": "12.83%", "2007-09-30": "11.70%", "2007-06-30": "10.60%", "2007-03-31": "11.70%", "2006-12-31": "11.41%", "2006-09-30": "11.22%", "2006-06-30": "11.46%", "2006-03-31": "9.39%", "2005-12-31": "9.51%"}, "return on assets": {"2020-09-30": "2.00%", "2020-06-30": "1.89%", "2020-03-31": "1.88%", "2019-12-31": "-8.14%", "2019-09-30": "-11.96%", "2019-06-30": "-11.63%", "2019-03-31": "-11.34%", "2018-12-31": "-2.37%", "2018-09-30": "2.41%", "2018-06-30": "2.35%", "2018-03-31": "2.13%", "2017-12-31": "2.48%", "2017-09-30": "0.64%", "2017-06-30": "0.78%", "2017-03-31": "1.18%", "2016-12-31": "1.33%", "2016-09-30": "1.95%", "2016-06-30": "2.04%", "2016-03-31": "1.91%", "2015-12-31": "1.80%", "2015-09-30": "1.48%", "2015-06-30": "1.43%", "2015-03-31": "1.52%", "2014-12-31": "1.53%", "2014-09-30": "1.61%", "2014-06-30": "-0.80%", "2014-03-31": "-0.64%", "2013-12-31": "-0.45%", "2013-09-30": "-0.46%", "2013-06-30": "1.99%", "2013-03-31": "1.61%", "2012-12-31": "1.41%", "2012-09-30": "1.17%", "2012-06-30": "0.93%", "2012-03-31": "1.00%", "2011-12-31": "1.21%", "2011-09-30": "1.75%", "2011-06-30": "2.56%", "2011-03-31": "4.07%", "2010-12-31": "4.24%", "2010-09-30": "4.25%", "2010-06-30": "4.43%", "2010-03-31": "4.38%", "2009-12-31": "4.19%", "2009-09-30": "4.40%", "2009-06-30": "3.97%", "2009-03-31": "4.22%", "2008-12-31": "4.46%", "2008-09-30": "4.65%", "2008-06-30": "5.00%", "2008-03-31": "5.23%", "2007-12-31": "5.10%", "2007-09-30": "4.68%", "2007-06-30": "4.33%", "2007-03-31": "4.98%", "2006-12-31": "4.95%", "2006-09-30": "4.98%", "2006-06-30": "5.10%", "2006-03-31": "4.19%", "2005-12-31": "4.31%"}, "return on investments": {"2020-09-30": "7.94%", "2020-06-30": "7.98%", "2020-03-31": "8.05%", "2019-12-31": "-5.79%", "2019-09-30": "-10.96%", "2019-06-30": "-10.47%", "2019-03-31": "-10.23%", "2018-12-31": "0.97%", "2018-09-30": "4.90%", "2018-06-30": "4.62%", "2018-03-31": "4.32%", "2017-12-31": "4.78%", "2017-09-30": "5.44%", "2017-06-30": "6.00%", "2017-03-31": "7.15%", "2016-12-31": "7.21%", "2016-09-30": "8.13%", "2016-06-30": "8.28%", "2016-03-31": "7.90%", "2015-12-31": "7.70%", "2015-09-30": "6.86%", "2015-06-30": "6.58%", "2015-03-31": "6.74%", "2014-12-31": "6.68%", "2014-09-30": "7.00%", "2014-06-30": "3.43%", "2014-03-31": "3.54%", "2013-12-31": "3.83%", "2013-09-30": "3.87%", "2013-06-30": "7.46%", "2013-03-31": "7.25%", "2012-12-31": "6.80%", "2012-09-30": "6.32%", "2012-06-30": "5.74%", "2012-03-31": "5.27%", "2011-12-31": "5.64%", "2011-09-30": "6.69%", "2011-06-30": "8.43%", "2011-03-31": "11.78%", "2010-12-31": "12.28%", "2010-09-30": "12.65%", "2010-06-30": "11.86%", "2010-03-31": "11.45%", "2009-12-31": "10.76%", "2009-09-30": "9.77%", "2009-06-30": "10.63%", "2009-03-31": "11.00%", "2008-12-31": "11.25%", "2008-09-30": "11.28%", "2008-06-30": "12.15%", "2008-03-31": "13.24%", "2007-12-31": "13.12%", "2007-09-30": "13.51%", "2007-06-30": "12.79%", "2007-03-31": "11.80%", "2006-12-31": "11.91%", "2006-09-30": "11.67%", "2006-06-30": "12.06%", "2006-03-31": "12.10%", "2005-12-31": "12.10%"}, "return on tangible equity": {"2020-09-30": "-7.50%", "2020-06-30": "-6.98%", "2020-03-31": "-6.84%", "2019-12-31": "29.32%", "2019-09-30": "43.17%", "2019-06-30": "42.51%", "2019-03-31": "42.25%", "2018-12-31": "9.04%", "2018-09-30": "-9.28%", "2018-06-30": "-9.41%", "2018-03-31": "-8.95%", "2017-12-31": "-10.86%", "2017-09-30": "-2.99%", "2017-06-30": "-3.46%", "2017-03-31": "-4.98%", "2016-12-31": "-5.45%", "2016-09-30": "-7.76%", "2016-06-30": "-8.11%", "2016-03-31": "-7.61%", "2015-12-31": "-7.20%", "2015-09-30": "-5.95%", "2015-06-30": "-5.96%", "2015-03-31": "-6.52%", "2014-12-31": "-6.75%", "2014-09-30": "-7.37%", "2014-06-30": "3.59%", "2014-03-31": "2.90%", "2013-12-31": "2.07%", "2013-09-30": "2.12%", "2013-06-30": "-9.51%", "2013-03-31": "-7.87%", "2012-12-31": "-7.02%", "2012-09-30": "-5.89%", "2012-06-30": "-4.69%", "2012-03-31": "-5.25%", "2011-12-31": "-7.09%", "2011-09-30": "-11.85%", "2011-06-30": "-24.19%", "2011-03-31": "-86.91%", "2010-12-31": "-88.00%", "2010-09-30": "-87.32%", "2010-06-30": "-68.44%", "2010-03-31": "-55.71%", "2009-12-31": "-42.58%", "2009-09-30": "-42.67%", "2009-06-30": "-36.48%", "2009-03-31": "-41.37%", "2008-12-31": "-47.27%", "2008-09-30": "-57.25%", "2008-06-30": "-65.94%", "2008-03-31": "-63.37%", "2007-12-31": "-69.64%", "2007-09-30": "-73.57%", "2007-06-30": "-88.25%", "2007-03-31": "-189.00%", "2006-12-31": "-187.79%", "2006-09-30": "-415.51%", "2006-06-30": "-1392.86%", "2006-03-31": "7600.00%", "2005-12-31": "442.38%"}, "dividend yield history": {"last payout": "$1.00", "last yield": "7.96%"}}