{"ticker": "LYFT", "price": {"title": "Lyft Historical Annual Stock Price Data", "value": 53.12, "historical": {"2020": {"Average Stock Price": "34.3350", "Year Open": "43.5800", "Year High": "53.9400", "Year Low": "16.0500", "Year Close": "49.1300", "Annual % Change": "14.20%"}, "2019": {"Average Stock Price": "52.9580", "Year Open": "78.2900", "Year High": "78.2900", "Year Low": "37.7000", "Year Close": "43.0200", "Annual % Change": "0.00%"}}}, "market cap": {"value": "$16.87B"}, "income statement": {"Revenue": {"2019-12-31": "3615.96000", "2018-12-31": "2156.61600", "2017-12-31": "1059.88100", "2016-12-31": "343.29800"}, "Cost Of Goods Sold": {"2019-12-31": "2176.46900", "2018-12-31": "1243.40000", "2017-12-31": "659.53300", "2016-12-31": "279.01100"}, "Gross Profit": {"2019-12-31": "1439.49100", "2018-12-31": "913.21590", "2017-12-31": "400.34800", "2016-12-31": "64.28700"}, "Research And Development Expenses": {"2019-12-31": "1505.64000", "2018-12-31": "300.83600", "2017-12-31": "136.64600", "2016-12-31": "64.70400"}, "SG&A Expenses": {"2019-12-31": "2000.21500", "2018-12-31": "1251.68900", "2017-12-31": "788.46100", "2016-12-31": "594.30600"}, "Other Operating Income Or Expenses": {"2019-12-31": "-636.11600", "2018-12-31": "-338.40200", "2017-12-31": "-183.51300", "2016-12-31": "-97.88000"}, "Operating Expenses": {"2019-12-31": "6318.44000", "2018-12-31": "3134.32700", "2017-12-31": "1768.15300", "2016-12-31": "1035.90100"}, "Operating Income": {"2019-12-31": "-2702.48000", "2018-12-31": "-977.71120", "2017-12-31": "-708.27210", "2016-12-31": "-692.60300"}, "Total Non-Operating Income/Expense": {"2019-12-31": "102.59500", "2018-12-31": "67.11400", "2017-12-31": "20.52700", "2016-12-31": "10.21000"}, "Pre-Tax Income": {"2019-12-31": "-2599.88500", "2018-12-31": "-910.59700", "2017-12-31": "-687.74500", "2016-12-31": "-682.39300"}, "Income Taxes": {"2019-12-31": "2.35600", "2018-12-31": "0.73800", "2017-12-31": "0.55600", "2016-12-31": "0.40100"}, "Income After Taxes": {"2019-12-31": "-2602.24100", "2018-12-31": "-911.33500", "2017-12-31": "-688.30100", "2016-12-31": "-682.79400"}, "Other Income": {"2019-12-31": "", "2018-12-31": "", "2017-12-31": "", "2016-12-31": ""}, "Income From Continuous Operations": {"2019-12-31": "-2602.24100", "2018-12-31": "-911.33500", "2017-12-31": "-688.30100", "2016-12-31": "-682.79400"}, "Income From Discontinued Operations": {"2019-12-31": "", "2018-12-31": "", "2017-12-31": "", "2016-12-31": ""}, "Net Income": {"2019-12-31": "-2602.24100", "2018-12-31": "-911.33500", "2017-12-31": "-688.30100", "2016-12-31": "-682.79400"}, "EBITDA": {"2019-12-31": "-2632.73900", "2018-12-31": "-982.09120", "2017-12-31": "-710.25510", "2016-12-31": "-690.60500"}, "EBIT": {"2019-12-31": "-2702.48000", "2018-12-31": "-977.71120", "2017-12-31": "-708.27210", "2016-12-31": "-692.60300"}, "Basic Shares Outstanding": {"2019-12-31": "227.49800", "2018-12-31": "21.17600", "2017-12-31": "19.37100", "2016-12-31": "18.41300"}, "Shares Outstanding": {"2019-12-31": "227.49800", "2018-12-31": "21.17600", "2017-12-31": "19.37100", "2016-12-31": "18.41300"}, "Basic EPS": {"2019-12-31": "-11.44000", "2018-12-31": "-43.04000", "2017-12-31": "-35.53000", "2016-12-31": "-37.08000"}, "EPS - Earnings Per Share": {"2019-12-31": "-11.44000", "2018-12-31": "-43.04000", "2017-12-31": "-35.53000", "2016-12-31": "-37.08000"}}, "income statement, quarterly": {"Revenue": {"2020-09-30": "499.74400", "2020-06-30": "339.34500", "2020-03-31": "955.71200", "2019-12-31": "1017.07000", "2019-09-30": "955.59800", "2019-06-30": "867.26500", "2019-03-31": "776.02700", "2018-12-31": "669.56500", "2018-09-30": "584.95100", "2018-06-30": "504.91200", "2018-03-31": "397.18800", "2017-12-31": "", "2016-12-31": ""}, "Cost Of Goods Sold": {"2020-09-30": "261.61400", "2020-06-30": "251.35500", "2020-03-31": "542.41900", "2019-12-31": "502.76200", "2019-09-30": "580.71400", "2019-06-30": "630.13600", "2019-03-31": "462.85700", "2018-12-31": "366.99100", "2018-09-30": "322.61400", "2018-06-30": "293.18600", "2018-03-31": "260.60900", "2017-12-31": "", "2016-12-31": ""}, "Gross Profit": {"2020-09-30": "238.13000", "2020-06-30": "87.99000", "2020-03-31": "413.29300", "2019-12-31": "514.30780", "2019-09-30": "374.88400", "2019-06-30": "237.12900", "2019-03-31": "313.17000", "2018-12-31": "302.57400", "2018-09-30": "262.33700", "2018-06-30": "211.72600", "2018-03-31": "136.57900", "2017-12-31": "", "2016-12-31": ""}, "Research And Development Expenses": {"2020-09-30": "232.10600", "2020-06-30": "203.10100", "2020-03-31": "258.73900", "2019-12-31": "276.57500", "2019-09-30": "288.27200", "2019-06-30": "309.83300", "2019-03-31": "630.96000", "2018-12-31": "96.06100", "2018-09-30": "77.16800", "2018-06-30": "64.41500", "2018-03-31": "63.19200", "2017-12-31": "", "2016-12-31": ""}, "SG&A Expenses": {"2020-09-30": "336.24100", "2020-06-30": "273.77600", "2020-03-31": "434.87700", "2019-12-31": "472.43510", "2019-09-30": "427.67800", "2019-06-30": "448.23700", "2019-03-31": "651.86500", "2018-12-31": "476.53600", "2018-09-30": "361.36300", "2018-06-30": "273.57900", "2018-03-31": "258.86100", "2017-12-31": "", "2016-12-31": ""}, "Other Operating Income Or Expenses": {"2020-09-30": "-123.13600", "2020-06-30": "-98.61000", "2020-03-31": "-133.78200", "2019-12-31": "-147.11200", "2019-09-30": "-149.79400", "2019-06-30": "-151.97500", "2019-03-31": "-187.23500", "2018-12-31": "-118.65000", "2018-09-30": "-92.48100", "2018-06-30": "-67.36600", "2018-03-31": "-59.90500", "2017-12-31": "", "2016-12-31": ""}, "Operating Expenses": {"2020-09-30": "953.09700", "2020-06-30": "826.84200", "2020-03-31": "1369.81700", "2019-12-31": "1398.88400", "2019-09-30": "1446.45800", "2019-06-30": "1540.18100", "2019-03-31": "1932.91700", "2018-12-31": "939.58800", "2018-09-30": "853.62600", "2018-06-30": "698.54600", "2018-03-31": "642.56700", "2017-12-31": "", "2016-12-31": ""}, "Operating Income": {"2020-09-30": "-453.35310", "2020-06-30": "-487.49700", "2020-03-31": "-414.10500", "2019-12-31": "-381.81400", "2019-09-30": "-490.86000", "2019-06-30": "-672.91600", "2019-03-31": "-1156.89000", "2018-12-31": "-270.02300", "2018-09-30": "-268.67500", "2018-06-30": "-193.63400", "2018-03-31": "-245.37900", "2017-12-31": "", "2016-12-31": ""}, "Total Non-Operating Income/Expense": {"2020-09-30": "-5.05500", "2020-06-30": "5.58600", "2020-03-31": "17.66200", "2019-12-31": "23.83500", "2019-09-30": "29.29200", "2019-06-30": "29.66800", "2019-03-31": "19.80000", "2018-12-31": "20.68200", "2018-09-30": "20.02400", "2018-06-30": "14.96200", "2018-03-31": "11.44600", "2017-12-31": "", "2016-12-31": ""}, "Pre-Tax Income": {"2020-09-30": "-458.40800", "2020-06-30": "-481.91100", "2020-03-31": "-396.44300", "2019-12-31": "-357.97890", "2019-09-30": "-461.56800", "2019-06-30": "-643.24800", "2019-03-31": "-1137.09000", "2018-12-31": "-249.34100", "2018-09-30": "-248.65100", "2018-06-30": "-178.67200", "2018-03-31": "-233.93300", "2017-12-31": "", "2016-12-31": ""}, "Income Taxes": {"2020-09-30": "1.10900", "2020-06-30": "-44.79900", "2020-03-31": "1.63000", "2019-12-31": "-1.92700", "2019-09-30": "1.90900", "2019-06-30": "0.99100", "2019-03-31": "1.38300", "2018-12-31": "-0.40900", "2018-09-30": "0.51000", "2018-06-30": "0.23100", "2018-03-31": "0.40600", "2017-12-31": "", "2016-12-31": ""}, "Income After Taxes": {"2020-09-30": "-459.51700", "2020-06-30": "-437.11200", "2020-03-31": "-398.07300", "2019-12-31": "-356.05190", "2019-09-30": "-463.47700", "2019-06-30": "-644.23900", "2019-03-31": "-1138.47300", "2018-12-31": "-248.93200", "2018-09-30": "-249.16100", "2018-06-30": "-178.90300", "2018-03-31": "-234.33900", "2017-12-31": "", "2016-12-31": ""}, "Other Income": {"2020-09-30": "", "2020-06-30": "", "2020-03-31": "", "2019-12-31": "", "2019-09-30": "", "2019-06-30": "", "2019-03-31": "", "2018-12-31": "0.00000", "2018-09-30": "", "2018-06-30": "", "2018-03-31": "", "2017-12-31": "", "2016-12-31": ""}, "Income From Continuous Operations": {"2020-09-30": "-459.51700", "2020-06-30": "-437.11200", "2020-03-31": "-398.07300", "2019-12-31": "-356.05190", "2019-09-30": "-463.47700", "2019-06-30": "-644.23900", "2019-03-31": "-1138.47300", "2018-12-31": "-248.93200", "2018-09-30": "-249.16100", "2018-06-30": "-178.90300", "2018-03-31": "-234.33900", "2017-12-31": "", "2016-12-31": ""}, "Income From Discontinued Operations": {"2020-09-30": "", "2020-06-30": "", "2020-03-31": "", "2019-12-31": "", "2019-09-30": "", "2019-06-30": "", "2019-03-31": "", "2018-12-31": "0.00000", "2018-09-30": "", "2018-06-30": "", "2018-03-31": "", "2017-12-31": "", "2016-12-31": ""}, "Net Income": {"2020-09-30": "-459.51700", "2020-06-30": "-437.11200", "2020-03-31": "-398.07300", "2019-12-31": "-356.05190", "2019-09-30": "-463.47700", "2019-06-30": "-644.23900", "2019-03-31": "-1138.47300", "2018-12-31": "-248.93200", "2018-09-30": "-249.16100", "2018-06-30": "-178.90300", "2018-03-31": "-234.33900", "2017-12-31": "", "2016-12-31": ""}, "EBITDA": {"2020-09-30": "-402.56010", "2020-06-30": "-441.62400", "2020-03-31": "-385.97100", "2019-12-31": "-365.55800", "2019-09-30": "-470.38400", "2019-06-30": "-652.98500", "2019-03-31": "-1143.81200", "2018-12-31": "-264.99300", "2018-09-30": "-273.22810", "2018-06-30": "-196.08900", "2018-03-31": "-247.78100", "2017-12-31": "", "2016-12-31": ""}, "EBIT": {"2020-09-30": "-453.35310", "2020-06-30": "-487.49700", "2020-03-31": "-414.10500", "2019-12-31": "-381.81410", "2019-09-30": "-490.86000", "2019-06-30": "-672.91600", "2019-03-31": "-1156.89000", "2018-12-31": "-270.02300", "2018-09-30": "-268.67500", "2018-06-30": "-193.63400", "2018-03-31": "-245.37900", "2017-12-31": "", "2016-12-31": ""}, "Basic Shares Outstanding": {"2020-09-30": "314.53000", "2020-06-30": "309.21300", "2020-03-31": "304.50200", "2019-12-31": "227.49800", "2019-09-30": "294.78400", "2019-06-30": "288.37200", "2019-03-31": "23.45900", "2018-12-31": "21.17600", "2018-09-30": "21.50800", "2018-06-30": "21.08800", "2018-03-31": "20.03900", "2017-12-31": "", "2016-12-31": ""}, "Shares Outstanding": {"2020-09-30": "314.53000", "2020-06-30": "309.21300", "2020-03-31": "304.50200", "2019-12-31": "227.49800", "2019-09-30": "294.78400", "2019-06-30": "288.37200", "2019-03-31": "23.45900", "2018-12-31": "21.17600", "2018-09-30": "21.50800", "2018-06-30": "21.08800", "2018-03-31": "20.03900", "2017-12-31": "", "2016-12-31": ""}, "Basic EPS": {"2020-09-30": "-1.46000", "2020-06-30": "-1.41000", "2020-03-31": "-1.31000", "2019-12-31": "40.89000", "2019-09-30": "-1.57000", "2019-06-30": "-2.23000", "2019-03-31": "-48.53000", "2018-12-31": "-11.29000", "2018-09-30": "-11.58000", "2018-06-30": "-8.48000", "2018-03-31": "-11.69000", "2017-12-31": "", "2016-12-31": ""}, "EPS - Earnings Per Share": {"2020-09-30": "-1.46000", "2020-06-30": "-1.41000", "2020-03-31": "-1.31000", "2019-12-31": "40.89000", "2019-09-30": "-1.57000", "2019-06-30": "-2.23000", "2019-03-31": "-48.53000", "2018-12-31": "-11.29000", "2018-09-30": "-11.58000", "2018-06-30": "-8.48000", "2018-03-31": "-11.69000", "2017-12-31": "0.00000", "2016-12-31": "0.00000"}}, "balance sheet": {"Cash On Hand": {"2019-12-31": "2850.12400", "2018-12-31": "2037.87000", "2017-12-31": "2390.74400", "2016-12-31": ""}, "Receivables": {"2019-12-31": "", "2018-12-31": "", "2017-12-31": "", "2016-12-31": ""}, "Inventory": {"2019-12-31": "", "2018-12-31": "", "2017-12-31": "", "2016-12-31": ""}, "Pre-Paid Expenses": {"2019-12-31": "397.23900", "2018-12-31": "282.57200", "2017-12-31": "172.95100", "2016-12-31": ""}, "Other Current Assets": {"2019-12-31": "", "2018-12-31": "", "2017-12-31": "", "2016-12-31": ""}, "Total Current Assets": {"2019-12-31": "3247.36300", "2018-12-31": "2320.44200", "2017-12-31": "2563.69500", "2016-12-31": ""}, "Property, Plant, And Equipment": {"2019-12-31": "188.60300", "2018-12-31": "109.25700", "2017-12-31": "14.20800", "2016-12-31": ""}, "Long-Term Investments": {"2019-12-31": "1361.04500", "2018-12-31": "863.71300", "2017-12-31": "360.88200", "2016-12-31": ""}, "Goodwill And Intangible Assets": {"2019-12-31": "241.64400", "2018-12-31": "269.81800", "2017-12-31": "4.34900", "2016-12-31": "0.00000"}, "Other Long-Term Assets": {"2019-12-31": "211.47000", "2018-12-31": "196.81300", "2017-12-31": "73.59300", "2016-12-31": ""}, "Total Long-Term Assets": {"2019-12-31": "2444.02000", "2018-12-31": "1439.60100", "2017-12-31": "453.03200", "2016-12-31": ""}, "Total Assets": {"2019-12-31": "5691.38300", "2018-12-31": "3760.04300", "2017-12-31": "3016.72700", "2016-12-31": "0.00000"}, "Total Current Liabilities": {"2019-12-31": "2451.36500", "2018-12-31": "1448.81900", "2017-12-31": "696.81800", "2016-12-31": ""}, "Long Term Debt": {"2019-12-31": "", "2018-12-31": "", "2017-12-31": "", "2016-12-31": ""}, "Other Non-Current Liabilities": {"2019-12-31": "3.85700", "2018-12-31": "30.45800", "2017-12-31": "15.29800", "2016-12-31": ""}, "Total Long Term Liabilities": {"2019-12-31": "385.93400", "2018-12-31": "5182.50500", "2017-12-31": "4299.34700", "2016-12-31": ""}, "Total Liabilities": {"2019-12-31": "2837.29900", "2018-12-31": "6631.32400", "2017-12-31": "4996.16500", "2016-12-31": "0.00000"}, "Common Stock Net": {"2019-12-31": "0.00300", "2018-12-31": "0.00000", "2017-12-31": "", "2016-12-31": "0.00000"}, "Retained Earnings (Accumulated Deficit)": {"2019-12-31": "-5547.57100", "2018-12-31": "-2945.33000", "2017-12-31": "-2033.99500", "2016-12-31": ""}, "Comprehensive Income": {"2019-12-31": "2.72500", "2018-12-31": "0.13300", "2017-12-31": "-1.01100", "2016-12-31": ""}, "Other Share Holders Equity": {"2019-12-31": "", "2018-12-31": "", "2017-12-31": "", "2016-12-31": "0.00000"}, "Share Holder Equity": {"2019-12-31": "2854.08400", "2018-12-31": "-2871.28100", "2017-12-31": "-1979.43800", "2016-12-31": "0.00000"}, "Total Liabilities And Share Holders Equity": {"2019-12-31": "5691.38300", "2018-12-31": "3760.04300", "2017-12-31": "3016.72700", "2016-12-31": "0.00000"}}, "balance sheet, quarterly": {"Cash On Hand": {"2020-09-30": "2453.44900", "2020-06-30": "2775.93700", "2020-03-31": "2669.88000", "2019-12-31": "2850.12400", "2019-09-30": "3116.43900", "2019-06-30": "3310.31000", "2019-03-31": "1034.88600", "2018-12-31": "2037.87000", "2018-09-30": "", "2018-06-30": "", "2018-03-31": "", "2017-12-31": "2390.74400", "2016-12-31": ""}, "Receivables": {"2020-09-30": "", "2020-06-30": "", "2020-03-31": "", "2019-12-31": "", "2019-09-30": "", "2019-06-30": "", "2019-03-31": "", "2018-12-31": "", "2018-09-30": "", "2018-06-30": "", "2018-03-31": "", "2017-12-31": "", "2016-12-31": ""}, "Inventory": {"2020-09-30": "", "2020-06-30": "", "2020-03-31": "", "2019-12-31": "", "2019-09-30": "", "2019-06-30": "", "2019-03-31": "", "2018-12-31": "", "2018-09-30": "", "2018-06-30": "", "2018-03-31": "", "2017-12-31": "", "2016-12-31": ""}, "Pre-Paid Expenses": {"2020-09-30": "299.60500", "2020-06-30": "320.26900", "2020-03-31": "474.87400", "2019-12-31": "397.23900", "2019-09-30": "426.38400", "2019-06-30": "367.48700", "2019-03-31": "345.52600", "2018-12-31": "282.57200", "2018-09-30": "", "2018-06-30": "", "2018-03-31": "", "2017-12-31": "", "2016-12-31": ""}, "Other Current Assets": {"2020-09-30": "", "2020-06-30": "", "2020-03-31": "", "2019-12-31": "", "2019-09-30": "", "2019-06-30": "", "2019-03-31": "", "2018-12-31": "", "2018-09-30": "", "2018-06-30": "", "2018-03-31": "", "2017-12-31": "172.95100", "2016-12-31": ""}, "Total Current Assets": {"2020-09-30": "2753.05400", "2020-06-30": "3096.20600", "2020-03-31": "3144.75400", "2019-12-31": "3247.36300", "2019-09-30": "3542.82300", "2019-06-30": "3677.79700", "2019-03-31": "1380.41200", "2018-12-31": "2320.44200", "2018-09-30": "", "2018-06-30": "", "2018-03-31": "", "2017-12-31": "2563.69500", "2016-12-31": ""}, "Property, Plant, And Equipment": {"2020-09-30": "335.73800", "2020-06-30": "353.57600", "2020-03-31": "360.54600", "2019-12-31": "188.60300", "2019-09-30": "159.98600", "2019-06-30": "138.14900", "2019-03-31": "120.47300", "2018-12-31": "109.25700", "2018-09-30": "", "2018-06-30": "", "2018-03-31": "", "2017-12-31": "17.34900", "2016-12-31": ""}, "Long-Term Investments": {"2020-09-30": "1209.83300", "2020-06-30": "981.83100", "2020-03-31": "950.82700", "2019-12-31": "1361.04500", "2019-09-30": "1237.31400", "2019-06-30": "1165.29900", "2019-03-31": "993.33500", "2018-12-31": "863.71300", "2018-09-30": "", "2018-06-30": "", "2018-03-31": "", "2017-12-31": "360.88200", "2016-12-31": ""}, "Goodwill And Intangible Assets": {"2020-09-30": "254.51700", "2020-06-30": "262.50200", "2020-03-31": "269.33400", "2019-12-31": "241.64400", "2019-09-30": "240.99900", "2019-06-30": "250.53800", "2019-03-31": "259.22200", "2018-12-31": "269.81800", "2018-09-30": "0.00000", "2018-06-30": "0.00000", "2018-03-31": "0.00000", "2017-12-31": "4.34900", "2016-12-31": "0.00000"}, "Other Long-Term Assets": {"2020-09-30": "131.19900", "2020-06-30": "223.15700", "2020-03-31": "538.52300", "2019-12-31": "211.47000", "2019-09-30": "142.07700", "2019-06-30": "125.66600", "2019-03-31": "182.86000", "2018-12-31": "196.81300", "2018-09-30": "", "2018-06-30": "", "2018-03-31": "", "2017-12-31": "73.59300", "2016-12-31": ""}, "Total Long-Term Assets": {"2020-09-30": "2215.27700", "2020-06-30": "2118.23900", "2020-03-31": "2427.00400", "2019-12-31": "2444.02000", "2019-09-30": "2192.33800", "2019-06-30": "2026.67900", "2019-03-31": "1860.49500", "2018-12-31": "1439.60100", "2018-09-30": "", "2018-06-30": "", "2018-03-31": "", "2017-12-31": "456.17300", "2016-12-31": ""}, "Total Assets": {"2020-09-30": "4968.33100", "2020-06-30": "5214.44500", "2020-03-31": "5571.75800", "2019-12-31": "5691.38300", "2019-09-30": "5735.16100", "2019-06-30": "5704.47600", "2019-03-31": "3240.90700", "2018-12-31": "3760.04300", "2018-09-30": "0.00000", "2018-06-30": "0.00000", "2018-03-31": "0.00000", "2017-12-31": "3016.72700", "2016-12-31": "0.00000"}, "Total Current Liabilities": {"2020-09-30": "2045.17500", "2020-06-30": "1979.56400", "2020-03-31": "2551.14000", "2019-12-31": "2451.36500", "2019-09-30": "2380.78900", "2019-06-30": "2125.81600", "2019-03-31": "1752.06300", "2018-12-31": "1448.81900", "2018-09-30": "", "2018-06-30": "", "2018-03-31": "", "2017-12-31": "696.81800", "2016-12-31": ""}, "Long Term Debt": {"2020-09-30": "622.68400", "2020-06-30": "623.36000", "2020-03-31": "82.14100", "2019-12-31": "", "2019-09-30": "", "2019-06-30": "", "2019-03-31": "", "2018-12-31": "", "2018-09-30": "", "2018-06-30": "", "2018-03-31": "", "2017-12-31": "", "2016-12-31": ""}, "Other Non-Current Liabilities": {"2020-09-30": "18.60600", "2020-06-30": "21.94500", "2020-03-31": "25.13700", "2019-12-31": "3.85700", "2019-09-30": "5.69800", "2019-06-30": "6.36400", "2019-03-31": "4.66000", "2018-12-31": "30.45800", "2018-09-30": "", "2018-06-30": "", "2018-03-31": "", "2017-12-31": "15.29800", "2016-12-31": ""}, "Total Long Term Liabilities": {"2020-09-30": "920.06300", "2020-06-30": "938.32200", "2020-03-31": "413.12900", "2019-12-31": "385.93400", "2019-09-30": "364.85800", "2019-06-30": "301.52800", "2019-03-31": "5420.46200", "2018-12-31": "5182.50500", "2018-09-30": "", "2018-06-30": "", "2018-03-31": "", "2017-12-31": "4299.34700", "2016-12-31": ""}, "Total Liabilities": {"2020-09-30": "2965.23800", "2020-06-30": "2917.88600", "2020-03-31": "2964.26900", "2019-12-31": "2837.29900", "2019-09-30": "2745.64700", "2019-06-30": "2427.34400", "2019-03-31": "7172.52500", "2018-12-31": "6631.32400", "2018-09-30": "0.00000", "2018-06-30": "0.00000", "2018-03-31": "0.00000", "2017-12-31": "4996.16500", "2016-12-31": "0.00000"}, "Common Stock Net": {"2020-09-30": "0.00300", "2020-06-30": "0.00300", "2020-03-31": "0.00300", "2019-12-31": "0.00300", "2019-09-30": "0.00300", "2019-06-30": "0.00300", "2019-03-31": "0.00000", "2018-12-31": "", "2018-09-30": "0.00000", "2018-06-30": "0.00000", "2018-03-31": "0.00000", "2017-12-31": "0.00000", "2016-12-31": "0.00000"}, "Retained Earnings (Accumulated Deficit)": {"2020-09-30": "-6842.27300", "2020-06-30": "-6382.75600", "2020-03-31": "-5945.64400", "2019-12-31": "-5547.57100", "2019-09-30": "-5191.51900", "2019-06-30": "-4728.04200", "2019-03-31": "-4083.80300", "2018-12-31": "-2945.33000", "2018-09-30": "", "2018-06-30": "", "2018-03-31": "", "2017-12-31": "-2033.99500", "2016-12-31": ""}, "Comprehensive Income": {"2020-09-30": "7.34000", "2020-06-30": "5.10400", "2020-03-31": "-1.34100", "2019-12-31": "2.72500", "2019-09-30": "4.62900", "2019-06-30": "5.49300", "2019-03-31": "2.18600", "2018-12-31": "0.13300", "2018-09-30": "", "2018-06-30": "", "2018-03-31": "", "2017-12-31": "", "2016-12-31": ""}, "Other Share Holders Equity": {"2020-09-30": "", "2020-06-30": "", "2020-03-31": "", "2019-12-31": "", "2019-09-30": "", "2019-06-30": "", "2019-03-31": "", "2018-12-31": "", "2018-09-30": "0.00000", "2018-06-30": "0.00000", "2018-03-31": "0.00000", "2017-12-31": "-1.01100", "2016-12-31": "0.00000"}, "Share Holder Equity": {"2020-09-30": "2003.09300", "2020-06-30": "2296.55900", "2020-03-31": "2607.48900", "2019-12-31": "2854.08400", "2019-09-30": "2989.51400", "2019-06-30": "3277.13200", "2019-03-31": "-3931.61800", "2018-12-31": "-2871.28100", "2018-09-30": "0.00000", "2018-06-30": "0.00000", "2018-03-31": "0.00000", "2017-12-31": "-1979.43800", "2016-12-31": "0.00000"}, "Total Liabilities And Share Holders Equity": {"2020-09-30": "4968.33100", "2020-06-30": "5214.44500", "2020-03-31": "5571.75800", "2019-12-31": "5691.38300", "2019-09-30": "5735.16100", "2019-06-30": "5704.47600", "2019-03-31": "3240.90700", "2018-12-31": "3760.04300", "2018-09-30": "0.00000", "2018-06-30": "0.00000", "2018-03-31": "0.00000", "2017-12-31": "3016.72700", "2016-12-31": "0.00000"}}, "cash flow statement": {"Net Income/Loss": {"2019-12-31": "-2602.24100", "2018-12-31": "-911.33500", "2017-12-31": "-688.30100", "2016-12-31": "-682.79400"}, "Total Depreciation And Amortization - Cash Flow": {"2019-12-31": "69.74100", "2018-12-31": "-4.38000", "2017-12-31": "-1.98300", "2016-12-31": "1.99800"}, "Other Non-Cash Items": {"2019-12-31": "1634.97700", "2018-12-31": "9.56600", "2017-12-31": "9.54600", "2016-12-31": "5.32900"}, "Total Non-Cash Items": {"2019-12-31": "1704.71800", "2018-12-31": "5.18600", "2017-12-31": "7.56300", "2016-12-31": "7.32700"}, "Change In Accounts Receivable": {"2019-12-31": "", "2018-12-31": "", "2017-12-31": "", "2016-12-31": ""}, "Change In Inventories": {"2019-12-31": "", "2018-12-31": "", "2017-12-31": "", "2016-12-31": ""}, "Change In Accounts Payable": {"2019-12-31": "5.06700", "2018-12-31": "-40.81100", "2017-12-31": "21.38400", "2016-12-31": "24.89000"}, "Change In Assets/Liabilities": {"2019-12-31": "454.39100", "2018-12-31": "358.09500", "2017-12-31": "132.81500", "2016-12-31": "73.13900"}, "Total Change In Assets/Liabilities": {"2019-12-31": "791.82100", "2018-12-31": "625.47600", "2017-12-31": "287.21200", "2016-12-31": "188.30400"}, "Cash Flow From Operating Activities": {"2019-12-31": "-105.70200", "2018-12-31": "-280.67300", "2017-12-31": "-393.52600", "2016-12-31": "-487.16300"}, "Net Change In Property, Plant, And Equipment": {"2019-12-31": "-178.08800", "2018-12-31": "-68.66800", "2017-12-31": "-7.53700", "2016-12-31": "-8.81900"}, "Net Change In Intangible Assets": {"2019-12-31": "0.00000", "2018-12-31": "-2.20000", "2017-12-31": "-4.48600", "2016-12-31": ""}, "Net Acquisitions/Divestitures": {"2019-12-31": "-12.32300", "2018-12-31": "-257.59100", "2017-12-31": "", "2016-12-31": ""}, "Net Change In Short-term Investments": {"2019-12-31": "-1284.75200", "2018-12-31": "-715.29280", "2017-12-31": "-979.40300", "2016-12-31": "-399.03400"}, "Net Change In Long-Term Investments": {"2019-12-31": "", "2018-12-31": "", "2017-12-31": "", "2016-12-31": ""}, "Net Change In Investments - Total": {"2019-12-31": "-1284.75200", "2018-12-31": "-715.29280", "2017-12-31": "-979.40300", "2016-12-31": "-399.03400"}, "Investing Activities - Other": {"2019-12-31": "-135.68000", "2018-12-31": "", "2017-12-31": "", "2016-12-31": ""}, "Cash Flow From Investing Activities": {"2019-12-31": "-1610.84300", "2018-12-31": "-1043.75200", "2017-12-31": "-991.42600", "2016-12-31": "-407.85300"}, "Net Long-Term Debt": {"2019-12-31": "", "2018-12-31": "", "2017-12-31": "", "2016-12-31": ""}, "Net Current Debt": {"2019-12-31": "", "2018-12-31": "", "2017-12-31": "", "2016-12-31": ""}, "Debt Issuance/Retirement Net - Total": {"2019-12-31": "", "2018-12-31": "", "2017-12-31": "", "2016-12-31": ""}, "Net Common Equity Issued/Repurchased": {"2019-12-31": "2517.09100", "2018-12-31": "9.98600", "2017-12-31": "3.67200", "2016-12-31": "1.30500"}, "Net Total Equity Issued/Repurchased": {"2019-12-31": "2517.09100", "2018-12-31": "852.64400", "2017-12-31": "2048.95100", "2016-12-31": "775.37800"}, "Total Common And Preferred Stock Dividends Paid": {"2019-12-31": "", "2018-12-31": "", "2017-12-31": "", "2016-12-31": ""}, "Financial Activities - Other": {"2019-12-31": "-942.89500", "2018-12-31": "-0.40600", "2017-12-31": "", "2016-12-31": ""}, "Cash Flow From Financial Activities": {"2019-12-31": "1574.19600", "2018-12-31": "852.23800", "2017-12-31": "2048.95100", "2016-12-31": "775.37800"}, "Net Cash Flow": {"2019-12-31": "-142.02100", "2018-12-31": "-472.43300", "2017-12-31": "663.99900", "2016-12-31": "-119.63800"}, "Stock-Based Compensation": {"2019-12-31": "1599.31100", "2018-12-31": "8.57700", "2017-12-31": "9.54600", "2016-12-31": "9.39400"}, "Common Stock Dividends Paid": {"2019-12-31": "", "2018-12-31": "", "2017-12-31": "", "2016-12-31": ""}}, "cash flow statement, quarterly": {"Net Income/Loss": {"2020-09-30": -459.517, "2020-06-30": -437.112, "2020-03-31": "-398.07300", "2019-12-31": -356.052, "2019-09-30": -463.477, "2019-06-30": -644.239, "2019-03-31": "-1138.47300", "2018-12-31": -248.932, "2018-09-30": -249.161, "2018-06-30": -178.903, "2018-03-31": "-234.33900", "2017-12-31": -5.507, "2016-12-31": -682.794}, "Total Depreciation And Amortization - Cash Flow": {"2020-09-30": 50.793, "2020-06-30": 45.873, "2020-03-31": "28.13400", "2019-12-31": 16.256, "2019-09-30": 20.476, "2019-06-30": 19.931, "2019-03-31": "13.07800", "2018-12-31": 5.03, "2018-09-30": -4.553, "2018-06-30": -2.455, "2018-03-31": "-2.40200", "2017-12-31": -3.981, "2016-12-31": 1.998}, "Other Non-Cash Items": {"2020-09-30": 174.97, "2020-06-30": 72.422, "2020-03-31": "163.29300", "2019-12-31": 214.944, "2019-09-30": 259.846, "2019-06-30": 300.5979, "2019-03-31": "859.58910", "2018-12-31": 2.927, "2018-09-30": 2.844, "2018-06-30": 1.789, "2018-03-31": "2.00600", "2017-12-31": 0, "2016-12-31": 0}, "Total Non-Cash Items": {"2020-09-30": 225.7629, "2020-06-30": 118.295, "2020-03-31": "191.42700", "2019-12-31": 231.2, "2019-09-30": 280.322, "2019-06-30": 320.5289, "2019-03-31": "872.66710", "2018-12-31": -1.609, "2018-09-30": -1.709, "2018-06-30": -0.666, "2018-03-31": "-0.39600", "2017-12-31": -3.981, "2016-12-31": 1.998}, "Change In Accounts Receivable": {"2020-09-30": 0, "2020-06-30": 0, "2020-03-31": "", "2019-12-31": 0, "2019-09-30": 0, "2019-06-30": 0, "2019-03-31": "", "2018-12-31": 0, "2018-09-30": 0, "2018-06-30": 0, "2018-03-31": "", "2017-12-31": 0, "2016-12-31": 0}, "Change In Inventories": {"2020-09-30": 0, "2020-06-30": 0, "2020-03-31": "", "2019-12-31": 0, "2019-09-30": 0, "2019-06-30": 0, "2019-03-31": "", "2018-12-31": 0, "2018-09-30": 0, "2018-06-30": 0, "2018-03-31": "", "2017-12-31": 0, "2016-12-31": 0}, "Change In Accounts Payable": {"2020-09-30": -19.39, "2020-06-30": -495.767, "2020-03-31": "500.00400", "2019-12-31": 5.8, "2019-09-30": 21.67, "2019-06-30": -23.564, "2019-03-31": "1.16100", "2018-12-31": -20.523, "2018-09-30": -18.186, "2018-06-30": 11.168, "2018-03-31": "-13.27000", "2017-12-31": 0, "2016-12-31": 0}, "Change In Assets/Liabilities": {"2020-09-30": -8.488, "2020-06-30": 127.159, "2020-03-31": "-474.94600", "2019-12-31": 24.4, "2019-09-30": 99.666, "2019-06-30": 244.745, "2019-03-31": "85.58000", "2018-12-31": 99.061, "2018-09-30": 107.567, "2018-06-30": 69.009, "2018-03-31": "82.45800", "2017-12-31": 0, "2016-12-31": 0}, "Total Change In Assets/Liabilities": {"2020-09-30": 78.116, "2020-06-30": -432.905, "2020-03-31": "-0.28000", "2019-12-31": 78.661, "2019-09-30": 193.155, "2019-06-30": 339.026, "2019-03-31": "180.97900", "2018-12-31": 107.882, "2018-09-30": 214.88, "2018-06-30": 147.602, "2018-03-31": "155.11200", "2017-12-31": 98.908, "2016-12-31": 188.304}, "Cash Flow From Operating Activities": {"2020-09-30": -155.638, "2020-06-30": -751.722, "2020-03-31": "-206.92600", "2019-12-31": -46.191, "2019-09-30": 10, "2019-06-30": 15.316, "2019-03-31": "-84.82700", "2018-12-31": -133.093, "2018-09-30": -35.99, "2018-06-30": -31.967, "2018-03-31": "-79.62300", "2017-12-31": 93.637, "2016-12-31": -487.163}, "Net Change In Property, Plant, And Equipment": {"2020-09-30": 0.336, "2020-06-30": -21.759, "2020-03-31": "-34.47600", "2019-12-31": -53.664, "2019-09-30": -56.139, "2019-06-30": -43.159, "2019-03-31": "-25.12600", "2018-12-31": -40.238, "2018-09-30": -17.221, "2018-06-30": -8.121, "2018-03-31": "-3.08800", "2017-12-31": 1.282, "2016-12-31": -8.819}, "Net Change In Intangible Assets": {"2020-09-30": 0, "2020-06-30": 0, "2020-03-31": "", "2019-12-31": 0, "2019-09-30": 0, "2019-06-30": 0, "2019-03-31": "", "2018-12-31": 0, "2018-09-30": 0, "2018-06-30": -2.2, "2018-03-31": "", "2017-12-31": 0, "2016-12-31": 0}, "Net Acquisitions/Divestitures": {"2020-09-30": 0.064, "2020-06-30": 0, "2020-03-31": "-12.44000", "2019-12-31": -10.522, "2019-09-30": 0, "2019-06-30": -0.09, "2019-03-31": "-1.71100", "2018-12-31": -257.591, "2018-09-30": 0, "2018-06-30": 0, "2018-03-31": "", "2017-12-31": 0, "2016-12-31": 0}, "Net Change In Short-term Investments": {"2020-09-30": -59.974, "2020-06-30": 290.634, "2020-03-31": "888.62300", "2019-12-31": 1.752, "2019-09-30": 256.777, "2019-06-30": -2240.442, "2019-03-31": "697.16100", "2018-12-31": -119.3619, "2018-09-30": 296.9451, "2018-06-30": -76.831, "2018-03-31": "-816.04500", "2017-12-31": 0, "2016-12-31": 0}, "Net Change In Long-Term Investments": {"2020-09-30": 0, "2020-06-30": 0, "2020-03-31": "", "2019-12-31": 0, "2019-09-30": 0, "2019-06-30": 0, "2019-03-31": "", "2018-12-31": 0, "2018-09-30": 0, "2018-06-30": 0, "2018-03-31": "", "2017-12-31": 0, "2016-12-31": 0}, "Net Change In Investments - Total": {"2020-09-30": -59.974, "2020-06-30": 290.634, "2020-03-31": "888.62300", "2019-12-31": 1.752, "2019-09-30": 256.777, "2019-06-30": -2240.442, "2019-03-31": "697.16100", "2018-12-31": -119.3621, "2018-09-30": 296.9451, "2018-06-30": -76.831, "2018-03-31": "-816.04500", "2017-12-31": -580.369, "2016-12-31": -399.034}, "Investing Activities - Other": {"2020-09-30": -265.974, "2020-06-30": -175.986, "2020-03-31": "-54.04000", "2019-12-31": -30.68, "2019-09-30": -0.78, "2019-06-30": -104.22, "2019-03-31": "", "2018-12-31": 25.8, "2018-09-30": -28, "2018-06-30": 0, "2018-03-31": "", "2017-12-31": -4.486, "2016-12-31": 0}, "Cash Flow From Investing Activities": {"2020-09-30": -325.548, "2020-06-30": 92.889, "2020-03-31": "787.66700", "2019-12-31": -93.114, "2019-09-30": 199.858, "2019-06-30": -2387.911, "2019-03-31": "670.32400", "2018-12-31": -389.191, "2018-09-30": 251.724, "2018-06-30": -87.152, "2018-03-31": "-819.13300", "2017-12-31": -583.573, "2016-12-31": -407.853}, "Net Long-Term Debt": {"2020-09-30": -28.599, "2020-06-30": 710.284, "2020-03-31": "-12.25400", "2019-12-31": 0, "2019-09-30": 0, "2019-06-30": 0, "2019-03-31": "", "2018-12-31": 0, "2018-09-30": 0, "2018-06-30": 0, "2018-03-31": "", "2017-12-31": 0, "2016-12-31": 0}, "Net Current Debt": {"2020-09-30": 0, "2020-06-30": 0, "2020-03-31": "", "2019-12-31": 0, "2019-09-30": 0, "2019-06-30": 0, "2019-03-31": "", "2018-12-31": 0, "2018-09-30": 0, "2018-06-30": 0, "2018-03-31": "", "2017-12-31": 0, "2016-12-31": 0}, "Debt Issuance/Retirement Net - Total": {"2020-09-30": -28.599, "2020-06-30": 710.284, "2020-03-31": "-12.25400", "2019-12-31": 0, "2019-09-30": 0, "2019-06-30": 0, "2019-03-31": "", "2018-12-31": 0, "2018-09-30": 0, "2018-06-30": 0, "2018-03-31": "", "2017-12-31": 0, "2016-12-31": 0}, "Net Common Equity Issued/Repurchased": {"2020-09-30": 0.41, "2020-06-30": 11.828, "2020-03-31": "2.37200", "2019-12-31": 18.076, "2019-09-30": 12.244, "2019-06-30": 2485.17, "2019-03-31": "1.60100", "2018-12-31": 1.5, "2018-09-30": 4.135, "2018-06-30": 3.005, "2018-03-31": "1.34600", "2017-12-31": 0, "2016-12-31": 0}, "Net Total Equity Issued/Repurchased": {"2020-09-30": 0.41, "2020-06-30": 11.828, "2020-03-31": "2.37200", "2019-12-31": 18.076, "2019-09-30": 12.244, "2019-06-30": 2485.17, "2019-03-31": "1.60100", "2018-12-31": 1.5, "2018-09-30": 39.424, "2018-06-30": 756.178, "2018-03-31": "55.54200", "2017-12-31": 1273.573, "2016-12-31": 775.378}, "Total Common And Preferred Stock Dividends Paid": {"2020-09-30": 0, "2020-06-30": 0, "2020-03-31": "", "2019-12-31": 0, "2019-09-30": 0, "2019-06-30": 0, "2019-03-31": "", "2018-12-31": 0, "2018-09-30": 0, "2018-06-30": 0, "2018-03-31": "", "2017-12-31": 0, "2016-12-31": 0}, "Financial Activities - Other": {"2020-09-30": -3.766, "2020-06-30": -137.492, "2020-03-31": "-6.76200", "2019-12-31": -0.115, "2019-09-30": -78.825, "2019-06-30": -74.187, "2019-03-31": "-789.76800", "2018-12-31": -0.4, "2018-09-30": -0.006, "2018-06-30": 0, "2018-03-31": "", "2017-12-31": 0, "2016-12-31": 0}, "Cash Flow From Financial Activities": {"2020-09-30": -31.955, "2020-06-30": 584.62, "2020-03-31": "-16.64400", "2019-12-31": 17.961, "2019-09-30": -66.581, "2019-06-30": 2410.983, "2019-03-31": "-788.16700", "2018-12-31": 1.1, "2018-09-30": 39.418, "2018-06-30": 756.178, "2018-03-31": "55.54200", "2017-12-31": 1273.573, "2016-12-31": 775.378}, "Net Cash Flow": {"2020-09-30": -513.063, "2020-06-30": -74.457, "2020-03-31": "563.97700", "2019-12-31": -121.212, "2019-09-30": 143.177, "2019-06-30": 38.582, "2019-03-31": "-202.56800", "2018-12-31": -521.321, "2018-09-30": 255.18, "2018-06-30": 636.968, "2018-03-31": "-843.26000", "2017-12-31": 783.637, "2016-12-31": -119.638}, "Stock-Based Compensation": {"2020-09-30": 166.717, "2020-06-30": 105.803, "2020-03-31": "159.97800", "2019-12-31": 204.411, "2019-09-30": 242.176, "2019-06-30": 293.238, "2019-03-31": "859.48600", "2018-12-31": 2.234, "2018-09-30": 2.846, "2018-06-30": 1.501, "2018-03-31": "1.99600", "2017-12-31": 0, "2016-12-31": 0}, "Common Stock Dividends Paid": {"2020-09-30": 0, "2020-06-30": 0, "2020-03-31": "", "2019-12-31": 0, "2019-09-30": 0, "2019-06-30": 0, "2019-03-31": "", "2018-12-31": 0, "2018-09-30": 0, "2018-06-30": 0, "2018-03-31": "", "2017-12-31": 0, "2016-12-31": 0}}, "financial ratios": {"Current Ratio": {"2019-12-31": "1.32470", "2018-12-31": "1.60160", "2017-12-31": "3.67910", "2016-12-31": ""}, "Long-term Debt / Capital": {"2019-12-31": "", "2018-12-31": "", "2017-12-31": "", "2016-12-31": ""}, "Debt/Equity Ratio": {"2019-12-31": "", "2018-12-31": "", "2017-12-31": "", "2016-12-31": ""}, "Gross Margin": {"2019-12-31": "39.80940", "2018-12-31": "42.34490", "2017-12-31": "37.77290", "2016-12-31": "18.72630"}, "Operating Margin": {"2019-12-31": "-74.73760", "2018-12-31": "-45.33540", "2017-12-31": "-66.82560", "2016-12-31": "-201.74980"}, "EBIT Margin": {"2019-12-31": "-74.73760", "2018-12-31": "-45.33540", "2017-12-31": "-66.82560", "2016-12-31": "-201.74980"}, "EBITDA Margin": {"2019-12-31": "-72.80890", "2018-12-31": "-45.53850", "2017-12-31": "-67.01270", "2016-12-31": "-201.16780"}, "Pre-Tax Profit Margin": {"2019-12-31": "-71.90030", "2018-12-31": "-42.22340", "2017-12-31": "-64.88890", "2016-12-31": "-198.77570"}, "Net Profit Margin": {"2019-12-31": "-71.96540", "2018-12-31": "-42.25760", "2017-12-31": "-64.94140", "2016-12-31": "-198.89250"}, "Asset Turnover": {"2019-12-31": "0.63530", "2018-12-31": "0.57360", "2017-12-31": "0.35130", "2016-12-31": ""}, "Inventory Turnover Ratio": {"2019-12-31": "", "2018-12-31": "", "2017-12-31": "", "2016-12-31": ""}, "Receiveable Turnover": {"2019-12-31": "", "2018-12-31": "", "2017-12-31": "", "2016-12-31": ""}, "Days Sales In Receivables": {"2019-12-31": "", "2018-12-31": "", "2017-12-31": "", "2016-12-31": ""}, "ROE - Return On Equity": {"2019-12-31": "-91.17610", "2018-12-31": "31.73970", "2017-12-31": "34.77260", "2016-12-31": ""}, "Return On Tangible Equity": {"2019-12-31": "-99.60960", "2018-12-31": "29.01330", "2017-12-31": "34.69630", "2016-12-31": ""}, "ROA - Return On Assets": {"2019-12-31": "-45.72250", "2018-12-31": "-24.23740", "2017-12-31": "-22.81620", "2016-12-31": ""}, "ROI - Return On Investment": {"2019-12-31": "-91.17610", "2018-12-31": "31.73970", "2017-12-31": "34.77260", "2016-12-31": ""}, "Book Value Per Share": {"2019-12-31": "9.43200", "2018-12-31": "-127.96510", "2017-12-31": "-99.38930", "2016-12-31": ""}, "Operating Cash Flow Per Share": {"2019-12-31": 12.7897, "2018-12-31": 7.0609, "2017-12-31": 6.1424, "2016-12-31": -26.4576}, "Free Cash Flow Per Share": {"2019-12-31": 15.2496, "2018-12-31": 4.2073, "2017-12-31": 6.2322, "2016-12-31": -26.9365}}, "financial ratios, quarterly": {"Current Ratio": {"2020-09-30": "1.34610", "2020-06-30": "1.56410", "2020-03-31": "1.23270", "2019-12-31": "1.32470", "2019-09-30": "1.48810", "2019-06-30": "1.73010", "2019-03-31": "0.78790", "2018-12-31": "1.60160", "2018-09-30": "", "2018-06-30": "", "2018-03-31": "", "2017-12-31": "", "2016-12-31": ""}, "Long-term Debt / Capital": {"2020-09-30": "0.23710", "2020-06-30": "0.21350", "2020-03-31": "0.03050", "2019-12-31": "", "2019-09-30": "", "2019-06-30": "", "2019-03-31": "", "2018-12-31": "", "2018-09-30": "", "2018-06-30": "", "2018-03-31": "", "2017-12-31": "", "2016-12-31": ""}, "Debt/Equity Ratio": {"2020-09-30": "0.31090", "2020-06-30": "0.27140", "2020-03-31": "0.03150", "2019-12-31": "", "2019-09-30": "", "2019-06-30": "", "2019-03-31": "", "2018-12-31": "", "2018-09-30": "", "2018-06-30": "", "2018-03-31": "", "2017-12-31": "", "2016-12-31": ""}, "Gross Margin": {"2020-09-30": "47.65040", "2020-06-30": "25.92940", "2020-03-31": "43.24450", "2019-12-31": "50.56760", "2019-09-30": "39.23030", "2019-06-30": "27.34220", "2019-03-31": "40.35560", "2018-12-31": "45.18960", "2018-09-30": "44.84770", "2018-06-30": "41.93320", "2018-03-31": "34.38650", "2017-12-31": "", "2016-12-31": ""}, "Operating Margin": {"2020-09-30": "-90.71710", "2020-06-30": "-143.65820", "2020-03-31": "-43.32950", "2019-12-31": "-37.54060", "2019-09-30": "-51.36680", "2019-06-30": "-77.59060", "2019-03-31": "-149.07860", "2018-12-31": "-40.32810", "2018-09-30": "-45.93120", "2018-06-30": "-38.35010", "2018-03-31": "-61.77910", "2017-12-31": "", "2016-12-31": ""}, "EBIT Margin": {"2020-09-30": "-90.71710", "2020-06-30": "-143.65820", "2020-03-31": "-43.32950", "2019-12-31": "-37.54060", "2019-09-30": "-51.36680", "2019-06-30": "-77.59060", "2019-03-31": "-149.07860", "2018-12-31": "-40.32810", "2018-09-30": "-45.93120", "2018-06-30": "-38.35010", "2018-03-31": "-61.77910", "2017-12-31": "", "2016-12-31": ""}, "EBITDA Margin": {"2020-09-30": "", "2020-06-30": "", "2020-03-31": "", "2019-12-31": "", "2019-09-30": "", "2019-06-30": "", "2019-03-31": "", "2018-12-31": "", "2018-09-30": "", "2018-06-30": "", "2018-03-31": "", "2017-12-31": "", "2016-12-31": ""}, "Pre-Tax Profit Margin": {"2020-09-30": "-91.72860", "2020-06-30": "-142.01210", "2020-03-31": "-41.48140", "2019-12-31": "-35.19710", "2019-09-30": "-48.30150", "2019-06-30": "-74.16970", "2019-03-31": "-146.52710", "2018-12-31": "-37.23930", "2018-09-30": "-42.50800", "2018-06-30": "-35.38680", "2018-03-31": "-58.89730", "2017-12-31": "", "2016-12-31": ""}, "Net Profit Margin": {"2020-09-30": "-91.95050", "2020-06-30": "-128.81050", "2020-03-31": "-41.65200", "2019-12-31": "-35.00760", "2019-09-30": "-48.50130", "2019-06-30": "-74.28400", "2019-03-31": "-146.70530", "2018-12-31": "-37.17820", "2018-09-30": "-42.59520", "2018-06-30": "-35.43250", "2018-03-31": "-58.99950", "2017-12-31": "", "2016-12-31": ""}, "Asset Turnover": {"2020-09-30": "0.10060", "2020-06-30": "0.06510", "2020-03-31": "0.17150", "2019-12-31": "0.17870", "2019-09-30": "0.16660", "2019-06-30": "0.15200", "2019-03-31": "0.23940", "2018-12-31": "0.17810", "2018-09-30": "", "2018-06-30": "", "2018-03-31": "", "2017-12-31": "", "2016-12-31": ""}, "Inventory Turnover Ratio": {"2020-09-30": "", "2020-06-30": "", "2020-03-31": "", "2019-12-31": "", "2019-09-30": "", "2019-06-30": "", "2019-03-31": "", "2018-12-31": "", "2018-09-30": "", "2018-06-30": "", "2018-03-31": "", "2017-12-31": "", "2016-12-31": ""}, "Receiveable Turnover": {"2020-09-30": "", "2020-06-30": "", "2020-03-31": "", "2019-12-31": "", "2019-09-30": "", "2019-06-30": "", "2019-03-31": "", "2018-12-31": "", "2018-09-30": "", "2018-06-30": "", "2018-03-31": "", "2017-12-31": "", "2016-12-31": ""}, "Days Sales In Receivables": {"2020-09-30": "", "2020-06-30": "", "2020-03-31": "", "2019-12-31": "", "2019-09-30": "", "2019-06-30": "", "2019-03-31": "", "2018-12-31": "", "2018-09-30": "", "2018-06-30": "", "2018-03-31": "", "2017-12-31": "", "2016-12-31": ""}, "ROE - Return On Equity": {"2020-09-30": "-22.94040", "2020-06-30": "-19.03330", "2020-03-31": "-15.26650", "2019-12-31": "-12.47520", "2019-09-30": "-15.50340", "2019-06-30": "-19.65860", "2019-03-31": "28.95690", "2018-12-31": "8.66970", "2018-09-30": "", "2018-06-30": "", "2018-03-31": "", "2017-12-31": "", "2016-12-31": ""}, "Return On Tangible Equity": {"2020-09-30": "-26.27950", "2020-06-30": "-21.48970", "2020-03-31": "-17.02510", "2019-12-31": "-13.62910", "2019-09-30": "-16.86280", "2019-06-30": "-21.28590", "2019-03-31": "27.16580", "2018-12-31": "7.92500", "2018-09-30": "", "2018-06-30": "", "2018-03-31": "", "2017-12-31": "", "2016-12-31": ""}, "ROA - Return On Assets": {"2020-09-30": "-9.24890", "2020-06-30": "-8.38270", "2020-03-31": "-7.14450", "2019-12-31": "-6.25600", "2019-09-30": "-8.08130", "2019-06-30": "-11.29360", "2019-03-31": "-35.12820", "2018-12-31": "-6.62050", "2018-09-30": "", "2018-06-30": "", "2018-03-31": "", "2017-12-31": "", "2016-12-31": ""}, "ROI - Return On Investment": {"2020-09-30": "-17.50020", "2020-06-30": "-14.97000", "2020-03-31": "-14.80030", "2019-12-31": "-12.47520", "2019-09-30": "-15.50340", "2019-06-30": "-19.65860", "2019-03-31": "28.95690", "2018-12-31": "8.66970", "2018-09-30": "", "2018-06-30": "", "2018-03-31": "", "2017-12-31": "", "2016-12-31": ""}, "Book Value Per Share": {"2020-09-30": "6.30920", "2020-06-30": "7.35900", "2020-03-31": "8.49920", "2019-12-31": "9.43200", "2019-09-30": "10.04600", "2019-06-30": "11.19430", "2019-03-31": "-109.72360", "2018-12-31": "-127.96510", "2018-09-30": "", "2018-06-30": "", "2018-03-31": "", "2017-12-31": "", "2016-12-31": ""}, "Operating Cash Flow Per Share": {"2020-09-30": -0.4424, "2020-06-30": -2.4207, "2020-03-31": "-0.67960", "2019-12-31": -0.2627, "2019-09-30": 0.0391, "2019-06-30": 3.375, "2019-03-31": "-3.61600", "2018-12-31": -6.3927, "2018-09-30": -1.57, "2018-06-30": -1.3182, "2018-03-31": "-3.97340", "2017-12-31": 0, "2016-12-31": 0}, "Free Cash Flow Per Share": {"2020-09-30": -0.4383, "2020-06-30": -2.4893, "2020-03-31": "-0.79280", "2019-12-31": -0.6234, "2019-09-30": -0.1462, "2019-06-30": 4.2092, "2019-03-31": "-4.68700", "2018-12-31": -8.3135, "2018-09-30": -2.3603, "2018-06-30": -1.6957, "2018-03-31": "-4.12750", "2017-12-31": 0, "2016-12-31": 0}}, "revenue": {"Lyft Annual Revenue (Millions of US $)": {"2019": "$3,616", "2018": "$2,157", "2017": "$1,060", "2016": "$343"}, "Lyft Quarterly Revenue (Millions of US $)": {"2020-09-30": "$500", "2020-06-30": "$339", "2020-03-31": "$956", "2019-12-31": "$1,017", "2019-09-30": "$956", "2019-06-30": "$867", "2019-03-31": "$776", "2018-12-31": "$670", "2018-09-30": "$585", "2018-06-30": "$505", "2018-03-31": "$397", "2017-12-31": "", "2016-12-31": ""}}, "gross-profit": {"Lyft Annual Gross Profit (Millions of US $)": {"2019": "$1,439", "2018": "$913", "2017": "$400", "2016": "$64"}, "Lyft Quarterly Gross Profit (Millions of US $)": {"2020-09-30": "$238", "2020-06-30": "$88", "2020-03-31": "$413", "2019-12-31": "$514", "2019-09-30": "$375", "2019-06-30": "$237", "2019-03-31": "$313", "2018-12-31": "$303", "2018-09-30": "$262", "2018-06-30": "$212", "2018-03-31": "$137", "2017-12-31": "", "2016-12-31": ""}}, "operating-income": {"Lyft Annual Operating Income (Millions of US $)": {"2019": "$-2,702", "2018": "$-978", "2017": "$-708", "2016": "$-693"}, "Lyft Quarterly Operating Income (Millions of US $)": {"2020-09-30": "$-453", "2020-06-30": "$-487", "2020-03-31": "$-414", "2019-12-31": "$-382", "2019-09-30": "$-491", "2019-06-30": "$-673", "2019-03-31": "$-1,157", "2018-12-31": "$-270", "2018-09-30": "$-269", "2018-06-30": "$-194", "2018-03-31": "$-245", "2017-12-31": "", "2016-12-31": ""}}, "ebitda": {"Lyft Annual EBITDA (Millions of US $)": {"2019": "$-2,633", "2018": "$-982", "2017": "$-710", "2016": "$-691"}, "Lyft Quarterly EBITDA (Millions of US $)": {"2020-09-30": "$-403", "2020-06-30": "$-442", "2020-03-31": "$-386", "2019-12-31": "$-366", "2019-09-30": "$-470", "2019-06-30": "$-653", "2019-03-31": "$-1,144", "2018-12-31": "$-265", "2018-09-30": "$-273", "2018-06-30": "$-196", "2018-03-31": "$-248", "2017-12-31": "", "2016-12-31": ""}}, "net-income": {"Lyft Annual Net Income (Millions of US $)": {"2019": "$-2,602", "2018": "$-911", "2017": "$-688", "2016": "$-683"}, "Lyft Quarterly Net Income (Millions of US $)": {"2020-09-30": "$-460", "2020-06-30": "$-437", "2020-03-31": "$-398", "2019-12-31": "$-356", "2019-09-30": "$-463", "2019-06-30": "$-644", "2019-03-31": "$-1,138", "2018-12-31": "$-249", "2018-09-30": "$-249", "2018-06-30": "$-179", "2018-03-31": "$-234", "2017-12-31": "", "2016-12-31": ""}}, "eps-earnings-per-share-diluted": {"Lyft Annual EPS": {"2019": "$-11.44", "2018": "$-43.04", "2017": "$-35.53", "2016": "$-37.08"}, "Lyft Quarterly EPS": {"2020-09-30": "$-1.46", "2020-06-30": "$-1.41", "2020-03-31": "$-1.31", "2019-12-31": "$40.89", "2019-09-30": "$-1.57", "2019-06-30": "$-2.23", "2019-03-31": "$-48.53", "2018-12-31": "$-11.29", "2018-09-30": "$-11.58", "2018-06-30": "$-8.48", "2018-03-31": "$-11.69", "2017-12-31": "$0.00", "2016-12-31": "$0.00"}}, "shares-outstanding": {"Lyft Annual Shares Outstanding (Millions of Shares)": {"2019": "227", "2018": "21", "2017": "19", "2016": "18"}, "Lyft Quarterly Shares Outstanding (Millions of Shares)": {"2020-09-30": "315", "2020-06-30": "309", "2020-03-31": "305", "2019-12-31": "227", "2019-09-30": "295", "2019-06-30": "288", "2019-03-31": "23", "2018-12-31": "21", "2018-09-30": "22", "2018-06-30": "21", "2018-03-31": "20", "2017-12-31": "", "2016-12-31": ""}}, "total-assets": {"Lyft Annual Total Assets (Millions of US $)": {"2019": "$5,691", "2018": "$3,760", "2017": "$3,017", "2016": "$0"}, "Lyft Quarterly Total Assets (Millions of US $)": {"2020-09-30": "$4,968", "2020-06-30": "$5,214", "2020-03-31": "$5,572", "2019-12-31": "$5,691", "2019-09-30": "$5,735", "2019-06-30": "$5,704", "2019-03-31": "$3,241", "2018-12-31": "$3,760", "2018-09-30": "$0", "2018-06-30": "$0", "2018-03-31": "$0", "2017-12-31": "$3,017", "2016-12-31": "$0"}}, "cash-on-hand": {"Lyft Annual Cash on Hand (Millions of US $)": {"2019": "$2,850", "2018": "$2,038", "2017": "$2,391", "2016": "$"}, "Lyft Quarterly Cash on Hand (Millions of US $)": {"2020-09-30": "$2,453", "2020-06-30": "$2,776", "2020-03-31": "$2,670", "2019-12-31": "$2,850", "2019-09-30": "$3,116", "2019-06-30": "$3,310", "2019-03-31": "$1,035", "2018-12-31": "$2,038", "2018-09-30": "", "2018-06-30": "", "2018-03-31": "", "2017-12-31": "$2,391", "2016-12-31": ""}}, "long-term-debt": {"Lyft Annual Long Term Debt (Millions of US $)": {"2019": "$", "2018": "$", "2017": "$", "2016": "$"}, "Lyft Quarterly Long Term Debt (Millions of US $)": {"2020-09-30": "$623", "2020-06-30": "$623", "2020-03-31": "$82", "2019-12-31": "", "2019-09-30": "", "2019-06-30": "", "2019-03-31": "", "2018-12-31": "", "2018-09-30": "", "2018-06-30": "", "2018-03-31": "", "2017-12-31": "", "2016-12-31": ""}}, "total-liabilities": {"Lyft Annual Total Liabilities (Millions of US $)": {"2019": "$2,837", "2018": "$6,631", "2017": "$4,996", "2016": "$0"}, "Lyft Quarterly Total Liabilities (Millions of US $)": {"2020-09-30": "$2,965", "2020-06-30": "$2,918", "2020-03-31": "$2,964", "2019-12-31": "$2,837", "2019-09-30": "$2,746", "2019-06-30": "$2,427", "2019-03-31": "$7,173", "2018-12-31": "$6,631", "2018-09-30": "$0", "2018-06-30": "$0", "2018-03-31": "$0", "2017-12-31": "$4,996", "2016-12-31": "$0"}}, "total-share-holder-equity": {"Lyft Annual Share Holder Equity (Millions of US $)": {"2019": "$2,854", "2018": "$-2,871", "2017": "$-1,979", "2016": "$0"}, "Lyft Quarterly Share Holder Equity (Millions of US $)": {"2020-09-30": "$2,003", "2020-06-30": "$2,297", "2020-03-31": "$2,607", "2019-12-31": "$2,854", "2019-09-30": "$2,990", "2019-06-30": "$3,277", "2019-03-31": "$-3,932", "2018-12-31": "$-2,871", "2018-09-30": "$0", "2018-06-30": "$0", "2018-03-31": "$0", "2017-12-31": "$-1,979", "2016-12-31": "$0"}}, "profit-margins": {"current": "-58.7%"}, "gross margin": {"2020-09-30": "44.56%", "2020-06-30": "42.53%", "2020-03-31": "40.54%", "2019-12-31": "39.80%", "2019-09-30": "37.57%", "2019-06-30": "38.47%", "2019-03-31": "42.98%", "2018-12-31": "42.37%"}, "operating margin": {"2020-09-30": "-61.74%", "2020-06-30": "-54.28%", "2020-03-31": "-51.63%", "2019-12-31": "-74.75%", "2019-09-30": "-79.26%", "2019-06-30": "-81.75%", "2019-03-31": "-74.53%", "2018-12-31": "-45.34%"}, "ebitda margin": {"2020-09-30": "-56.79%", "2020-06-30": "-50.92%", "2020-03-31": "-49.39%", "2019-12-31": "-72.82%", "2019-09-30": "-77.45%", "2019-06-30": "-80.57%", "2019-03-31": "-74.05%", "2018-12-31": "-45.53%"}, "pre tax profit margin": {"2020-09-30": "-60.24%", "2020-06-30": "-51.96%", "2020-03-31": "-48.97%", "2019-12-31": "-71.90%", "2019-09-30": "-76.20%", "2019-06-30": "-78.61%", "2019-03-31": "-71.53%", "2018-12-31": "-42.23%"}, "net profit margin": {"2020-09-30": "-58.71%", "2020-06-30": "-50.61%", "2020-03-31": "-49.03%", "2019-12-31": "-71.93%", "2019-09-30": "-76.29%", "2019-06-30": "-78.67%", "2019-03-31": "-71.57%", "2018-12-31": "-42.23%"}, "pe ratio": {"current": "0.00", "2021-02-05": "0.00", "2020-09-30": "0.00", "2020-06-30": "0.00", "2020-03-31": "0.00", "2019-12-31": "0.00"}, "price sales": {"2021-02-05": "5.16", "2020-09-30": "2.68", "2020-06-30": "2.76", "2020-03-31": "1.94", "2019-12-31": "0.98"}, "price book": {"current": "8.42", "2021-02-05": "8.42", "2020-09-30": "4.37", "2020-06-30": "4.49", "2020-03-31": "3.16", "2019-12-31": "4.56", "2019-09-30": "4.07", "2019-06-30": "5.87", "2019-03-31": "-0.71"}, "price fcf": {"2021-02-05": "", "2020-09-30": "$-4.34", "2020-06-30": "$-4.05", "2020-03-31": "$2.65", "2019-12-31": "$-1.25"}, "net worth": {"value": "$16.87B"}, "current ratio": {"current": "1.35", "2020-09-30": "1.35", "2020-06-30": "1.56", "2020-03-31": "1.23", "2019-12-31": "1.33", "2019-09-30": "1.49", "2019-06-30": "1.73", "2019-03-31": "0.79", "2018-12-31": "1.60", "2018-09-30": "0.00", "2018-06-30": "0.00", "2018-03-31": "0.00", "2017-12-31": "3.68", "2016-12-31": "0.00"}, "quick ratio": {"2020-09-30": "0.00", "2020-06-30": "0.00", "2020-03-31": "0.00", "2019-12-31": "0.00", "2019-09-30": "0.00", "2019-06-30": "0.00", "2019-03-31": "0.00", "2018-12-31": "0.00", "2018-09-30": "0.00", "2018-06-30": "0.00", "2018-03-31": "0.00", "2017-12-31": "0.00", "2016-12-31": "0.00"}, "debt equity ratio": {"current": "0.31", "2020-09-30": "1.48", "2020-06-30": "1.27", "2020-03-31": "1.14", "2019-12-31": "0.99", "2019-09-30": "0.92", "2019-06-30": "0.74", "2019-03-31": "-1.82", "2018-12-31": "-2.31", "2018-09-30": "0.00", "2018-06-30": "0.00", "2018-03-31": "0.00", "2017-12-31": "-2.52", "2016-12-31": "0.00"}, "return on equity": {"2020-09-30": "-67.66%", "2020-06-30": "-61.56%", "2020-03-31": "-63.47%", "2019-12-31": "-200.50%", "2019-09-30": "1861.19%", "2019-06-30": "258.65%", "2019-03-31": "106.72%", "2018-12-31": "126.92%"}, "return on assets": {"2020-09-30": "-30.80%", "2020-06-30": "-29.79%", "2020-03-31": "-32.79%", "2019-12-31": "-51.07%", "2019-09-30": "-54.10%", "2019-06-30": "-71.78%", "2019-03-31": "-103.70%", "2018-12-31": "-96.91%"}, "return on investments": {"2020-09-30": "-84.31%", "2020-06-30": "-126.49%", "2020-03-31": "-291.45%", "2019-12-31": "inf%", "2019-09-30": "inf%", "2019-06-30": "inf%", "2019-03-31": "inf%", "2018-12-31": "inf%"}, "return on tangible equity": {"2020-09-30": "-75.62%", "2020-06-30": "-67.97%", "2020-03-31": "-69.40%", "2019-12-31": "-247.89%", "2019-09-30": "641.13%", "2019-06-30": "211.85%", "2019-03-31": "99.02%", "2018-12-31": "116.01%"}, "dividend yield history": {"last payout": "$0.00", "last yield": "0.00%"}}