{"ticker": "MA", "price": {"title": "Mastercard Historical Annual Stock Price Data", "value": 342.87, "historical": {"2020": {"Average Stock Price": "309.4657", "Year Open": "303.3900", "Year High": "366.1200", "Year Low": "203.3000", "Year Close": "356.9400", "Annual % Change": "19.54%"}, "2019": {"Average Stock Price": "256.2306", "Year Open": "189.7400", "Year High": "300.7400", "Year Low": "181.1800", "Year Close": "298.5900", "Annual % Change": "58.28%"}, "2018": {"Average Stock Price": "191.6761", "Year Open": "151.9100", "Year High": "223.7700", "Year Low": "151.9100", "Year Close": "188.6500", "Annual % Change": "24.64%"}, "2017": {"Average Stock Price": "127.3863", "Year Open": "105.3900", "Year High": "154.1900", "Year Low": "105.0000", "Year Close": "151.3600", "Annual % Change": "46.60%"}, "2016": {"Average Stock Price": "95.8815", "Year Open": "94.8100", "Year High": "107.0200", "Year Low": "80.6500", "Year Close": "103.2500", "Annual % Change": "6.05%"}, "2015": {"Average Stock Price": "92.6640", "Year Open": "85.6800", "Year High": "101.5000", "Year Low": "80.7400", "Year Close": "97.3600", "Annual % Change": "13.00%"}, "2014": {"Average Stock Price": "77.5525", "Year Open": "83.4140", "Year High": "89.0800", "Year Low": "68.6800", "Year Close": "86.1600", "Annual % Change": "3.13%"}, "2013": {"Average Stock Price": "61.3207", "Year Open": "51.0270", "Year High": "83.5460", "Year Low": "50.9700", "Year Close": "83.5460", "Annual % Change": "70.06%"}, "2012": {"Average Stock Price": "43.1064", "Year Open": "36.8370", "Year High": "49.8530", "Year Low": "33.9060", "Year Close": "49.1280", "Annual % Change": "31.77%"}, "2011": {"Average Stock Price": "29.8500", "Year Open": "22.0850", "Year High": "38.0960", "Year Low": "22.0850", "Year Close": "37.2820", "Annual % Change": "66.36%"}, "2010": {"Average Stock Price": "22.9269", "Year Open": "25.6840", "Year High": "26.7220", "Year Low": "19.1980", "Year Close": "22.4110", "Annual % Change": "-12.45%"}, "2009": {"Average Stock Price": "18.7842", "Year Open": "14.9780", "Year High": "25.8360", "Year Low": "11.9180", "Year Close": "25.5980", "Annual % Change": "79.09%"}, "2008": {"Average Stock Price": "21.3044", "Year Open": "21.4680", "Year High": "32.0000", "Year Low": "12.1090", "Year Close": "14.2930", "Annual % Change": "-33.58%"}, "2007": {"Average Stock Price": "14.3525", "Year Open": "9.6410", "Year High": "22.3200", "Year Low": "9.6410", "Year Close": "21.5200", "Annual % Change": "118.50%"}, "2006": {"Average Stock Price": "6.6750", "Year Open": "4.6000", "Year High": "10.5480", "Year Low": "4.3900", "Year Close": "9.8490", "Annual % Change": "0.00%"}}}, "market cap": {"value": "$332.41B"}, "income statement": {"Revenue": {"2020-12-31": "15301.00000", "2019-12-31": "16883.00000", "2018-12-31": "14950.00000", "2017-12-31": "12497.00000", "2016-12-31": "10776.00000", "2015-12-31": "9667.00000", "2014-12-31": "9441.00000", "2013-12-31": "8312.00000", "2012-12-31": "7391.00000", "2011-12-31": "6714.00000", "2010-12-31": "5539.00000", "2009-12-31": "5099.00000", "2008-12-31": "4992.00000", "2007-12-31": "4067.59900", "2006-12-31": "3326.07400", "2005-12-31": "2937.62800"}, "Cost Of Goods Sold": {"2020-12-31": "", "2019-12-31": "", "2018-12-31": "", "2017-12-31": "", "2016-12-31": "", "2015-12-31": "", "2014-12-31": "", "2013-12-31": "", "2012-12-31": "", "2011-12-31": "", "2010-12-31": "", "2009-12-31": "", "2008-12-31": "", "2007-12-31": "", "2006-12-31": "", "2005-12-31": ""}, "Gross Profit": {"2020-12-31": "15301.00000", "2019-12-31": "16883.00000", "2018-12-31": "14950.00000", "2017-12-31": "12497.00000", "2016-12-31": "10776.00000", "2015-12-31": "9667.00000", "2014-12-31": "9441.00000", "2013-12-31": "8312.00000", "2012-12-31": "7391.00000", "2011-12-31": "6714.00000", "2010-12-31": "5539.00000", "2009-12-31": "5099.00000", "2008-12-31": "4992.00000", "2007-12-31": "4067.59900", "2006-12-31": "3326.07400", "2005-12-31": "2937.62800"}, "Research And Development Expenses": {"2020-12-31": "", "2019-12-31": "", "2018-12-31": "", "2017-12-31": "", "2016-12-31": "", "2015-12-31": "", "2014-12-31": "", "2013-12-31": "", "2012-12-31": "", "2011-12-31": "", "2010-12-31": "", "2009-12-31": "", "2008-12-31": "", "2007-12-31": "", "2006-12-31": "", "2005-12-31": ""}, "SG&A Expenses": {"2020-12-31": "6567.00000", "2019-12-31": "6697.00000", "2018-12-31": "6081.00000", "2017-12-31": "5424.00000", "2016-12-31": "4525.00000", "2015-12-31": "4162.00000", "2014-12-31": "4014.00000", "2013-12-31": "3456.00000", "2012-12-31": "3204.00000", "2011-12-31": "3037.00000", "2010-12-31": "2639.00000", "2009-12-31": "2698.00000", "2008-12-31": "2931.00000", "2007-12-31": "2858.44500", "2006-12-31": "2557.05500", "2005-12-31": "2359.35000"}, "Other Operating Income Or Expenses": {"2020-12-31": "-73.00000", "2019-12-31": "", "2018-12-31": "-1128.00000", "2017-12-31": "-15.00000", "2016-12-31": "-117.00000", "2015-12-31": "-61.00000", "2014-12-31": "", "2013-12-31": "-95.00000", "2012-12-31": "-20.00000", "2011-12-31": "-770.00000", "2010-12-31": "", "2009-12-31": "", "2008-12-31": "-2483.00000", "2007-12-31": "-3.40000", "2006-12-31": "-439.74200", "2005-12-31": "-75.15800"}, "Operating Expenses": {"2020-12-31": "7220.00000", "2019-12-31": "7219.00000", "2018-12-31": "7668.00000", "2017-12-31": "5875.00000", "2016-12-31": "5015.00000", "2015-12-31": "4589.00000", "2014-12-31": "4335.00000", "2013-12-31": "3809.00000", "2012-12-31": "3454.00000", "2011-12-31": "4001.00000", "2010-12-31": "2787.00000", "2009-12-31": "2839.00000", "2008-12-31": "5526.00000", "2007-12-31": "2959.48700", "2006-12-31": "3096.57900", "2005-12-31": "2544.44400"}, "Operating Income": {"2020-12-31": "8081.00000", "2019-12-31": "9664.00000", "2018-12-31": "7282.00000", "2017-12-31": "6622.00000", "2016-12-31": "5761.00000", "2015-12-31": "5078.00000", "2014-12-31": "5106.00000", "2013-12-31": "4503.00000", "2012-12-31": "3937.00000", "2011-12-31": "2713.00000", "2010-12-31": "2752.00000", "2009-12-31": "2260.00000", "2008-12-31": "-534.00000", "2007-12-31": "1108.11200", "2006-12-31": "229.49490", "2005-12-31": "393.18380"}, "Total Non-Operating Income/Expense": {"2020-12-31": "-321.00000", "2019-12-31": "67.00000", "2018-12-31": "-78.00000", "2017-12-31": "-100.00000", "2016-12-31": "-115.00000", "2015-12-31": "-120.00000", "2014-12-31": "-27.00000", "2013-12-31": "-3.00000", "2012-12-31": "-4.00000", "2011-12-31": "35.00000", "2010-12-31": "5.00000", "2009-12-31": "-42.00000", "2008-12-31": "151.00000", "2007-12-31": "563.32000", "2006-12-31": "64.67700", "2005-12-31": "14.15400"}, "Pre-Tax Income": {"2020-12-31": "7760.00000", "2019-12-31": "9731.00000", "2018-12-31": "7204.00000", "2017-12-31": "6522.00000", "2016-12-31": "5646.00000", "2015-12-31": "4958.00000", "2014-12-31": "5079.00000", "2013-12-31": "4500.00000", "2012-12-31": "3933.00000", "2011-12-31": "2748.00000", "2010-12-31": "2757.00000", "2009-12-31": "2218.00000", "2008-12-31": "-383.00000", "2007-12-31": "1671.43200", "2006-12-31": "294.17200", "2005-12-31": "407.33800"}, "Income Taxes": {"2020-12-31": "1349.00000", "2019-12-31": "1613.00000", "2018-12-31": "1345.00000", "2017-12-31": "2607.00000", "2016-12-31": "1587.00000", "2015-12-31": "1150.00000", "2014-12-31": "1462.00000", "2013-12-31": "1384.00000", "2012-12-31": "1174.00000", "2011-12-31": "842.00000", "2010-12-31": "910.00000", "2009-12-31": "755.00000", "2008-12-31": "-129.00000", "2007-12-31": "585.54600", "2006-12-31": "243.98200", "2005-12-31": "140.61900"}, "Income After Taxes": {"2020-12-31": "6411.00000", "2019-12-31": "8118.00000", "2018-12-31": "5859.00000", "2017-12-31": "3915.00000", "2016-12-31": "4059.00000", "2015-12-31": "3808.00000", "2014-12-31": "3617.00000", "2013-12-31": "3116.00000", "2012-12-31": "2759.00000", "2011-12-31": "1906.00000", "2010-12-31": "1847.00000", "2009-12-31": "1463.00000", "2008-12-31": "-254.00000", "2007-12-31": "1085.88600", "2006-12-31": "50.19000", "2005-12-31": "266.71900"}, "Other Income": {"2020-12-31": "", "2019-12-31": "", "2018-12-31": "", "2017-12-31": "", "2016-12-31": "", "2015-12-31": "", "2014-12-31": "", "2013-12-31": "", "2012-12-31": "", "2011-12-31": "", "2010-12-31": "", "2009-12-31": "", "2008-12-31": "", "2007-12-31": "", "2006-12-31": "", "2005-12-31": ""}, "Income From Continuous Operations": {"2020-12-31": "6411.00000", "2019-12-31": "8118.00000", "2018-12-31": "5859.00000", "2017-12-31": "3915.00000", "2016-12-31": "4059.00000", "2015-12-31": "3808.00000", "2014-12-31": "3617.00000", "2013-12-31": "3116.00000", "2012-12-31": "2759.00000", "2011-12-31": "1906.00000", "2010-12-31": "1847.00000", "2009-12-31": "1463.00000", "2008-12-31": "-254.00000", "2007-12-31": "1085.88600", "2006-12-31": "50.19000", "2005-12-31": "266.71900"}, "Income From Discontinued Operations": {"2020-12-31": "", "2019-12-31": "", "2018-12-31": "", "2017-12-31": "", "2016-12-31": "", "2015-12-31": "", "2014-12-31": "", "2013-12-31": "", "2012-12-31": "", "2011-12-31": "", "2010-12-31": "", "2009-12-31": "", "2008-12-31": "", "2007-12-31": "", "2006-12-31": "", "2005-12-31": ""}, "Net Income": {"2020-12-31": "6411.00000", "2019-12-31": "8118.00000", "2018-12-31": "5859.00000", "2017-12-31": "3915.00000", "2016-12-31": "4059.00000", "2015-12-31": "3808.00000", "2014-12-31": "3617.00000", "2013-12-31": "3116.00000", "2012-12-31": "2759.00000", "2011-12-31": "1906.00000", "2010-12-31": "1843.00000", "2009-12-31": "1463.00000", "2008-12-31": "-254.00000", "2007-12-31": "1085.88600", "2006-12-31": "50.19000", "2005-12-31": "266.71900"}, "EBITDA": {"2020-12-31": "9733.00000", "2019-12-31": "11327.00000", "2018-12-31": "8976.00000", "2017-12-31": "8060.00000", "2016-12-31": "6994.00000", "2015-12-31": "6208.00000", "2014-12-31": "6118.00000", "2013-12-31": "5364.00000", "2012-12-31": "4686.00000", "2011-12-31": "2907.00000", "2010-12-31": "2900.00000", "2009-12-31": "2487.00000", "2008-12-31": "-345.00000", "2007-12-31": "1243.80000", "2006-12-31": "372.07490", "2005-12-31": "550.30290"}, "EBIT": {"2020-12-31": "8081.00000", "2019-12-31": "9664.00000", "2018-12-31": "7282.00000", "2017-12-31": "6622.00000", "2016-12-31": "5761.00000", "2015-12-31": "5078.00000", "2014-12-31": "5106.00000", "2013-12-31": "4503.00000", "2012-12-31": "3937.00000", "2011-12-31": "2713.00000", "2010-12-31": "2752.00000", "2009-12-31": "2260.00000", "2008-12-31": "-534.00000", "2007-12-31": "1108.11200", "2006-12-31": "229.49490", "2005-12-31": "393.18380"}, "Basic Shares Outstanding": {"2020-12-31": "1002.00000", "2019-12-31": "1017.00000", "2018-12-31": "1041.00000", "2017-12-31": "1067.00000", "2016-12-31": "1098.00000", "2015-12-31": "1134.00000", "2014-12-31": "1165.00000", "2013-12-31": "1211.00000", "2012-12-31": "1253.00000", "2011-12-31": "1279.00000", "2010-12-31": "1310.00000", "2009-12-31": "1300.00000", "2008-12-31": "1300.00000", "2007-12-31": "1348.87000", "2006-12-31": "1354.11000", "2005-12-31": "1349.69000"}, "Shares Outstanding": {"2020-12-31": "1006.00000", "2019-12-31": "1022.00000", "2018-12-31": "1047.00000", "2017-12-31": "1072.00000", "2016-12-31": "1101.00000", "2015-12-31": "1137.00000", "2014-12-31": "1169.00000", "2013-12-31": "1215.00000", "2012-12-31": "1258.00000", "2011-12-31": "1284.00000", "2010-12-31": "1310.00000", "2009-12-31": "1300.00000", "2008-12-31": "1300.00000", "2007-12-31": "1351.53000", "2006-12-31": "1357.79000", "2005-12-31": "1349.69000"}, "Basic EPS": {"2020-12-31": "6.40000", "2019-12-31": "7.98000", "2018-12-31": "5.63000", "2017-12-31": "3.67000", "2016-12-31": "3.70000", "2015-12-31": "3.36000", "2014-12-31": "3.11000", "2013-12-31": "2.57000", "2012-12-31": "2.20000", "2011-12-31": "1.49000", "2010-12-31": "1.41000", "2009-12-31": "1.11900", "2008-12-31": "-0.19400", "2007-12-31": "0.79800", "2006-12-31": "0.03700", "2005-12-31": "0.19800"}, "EPS - Earnings Per Share": {"2020-12-31": "6.37000", "2019-12-31": "7.94000", "2018-12-31": "5.60000", "2017-12-31": "3.65000", "2016-12-31": "3.69000", "2015-12-31": "3.35000", "2014-12-31": "3.10000", "2013-12-31": "2.56000", "2012-12-31": "2.19000", "2011-12-31": "1.48000", "2010-12-31": "1.40500", "2009-12-31": "1.11600", "2008-12-31": "-0.19400", "2007-12-31": "0.79600", "2006-12-31": "0.03700", "2005-12-31": "0.19800"}}, "income statement, quarterly": {"Revenue": {"2020-12-31": "4120.00000", "2020-09-30": "3837.00000", "2020-06-30": "3335.00000", "2020-03-31": "4009.00000", "2019-12-31": "4414.00000", "2019-09-30": "4467.00000", "2019-06-30": "4113.00000", "2019-03-31": "3889.00000", "2018-12-31": "3807.00000", "2018-09-30": "3898.00000", "2018-06-30": "3665.00000", "2018-03-31": "3580.00000", "2017-12-31": "3312.00000", "2017-09-30": "3398.00000", "2017-06-30": "3053.00000", "2017-03-31": "2734.00000", "2016-12-31": "2756.00000", "2016-09-30": "2880.00000", "2016-06-30": "2694.00000", "2016-03-31": "2446.00000", "2015-12-31": "2517.00000", "2015-09-30": "2530.00000", "2015-06-30": "2390.00000", "2015-03-31": "2230.00000", "2014-12-31": "2411.00000", "2014-09-30": "2490.00000", "2014-06-30": "2368.00000", "2014-03-31": "2172.00000", "2013-12-31": "2092.00000", "2013-09-30": "2218.00000", "2013-06-30": "2096.00000", "2013-03-31": "1906.00000", "2012-12-31": "1895.00000", "2012-09-30": "1918.00000", "2012-06-30": "1820.00000", "2012-03-31": "1758.00000", "2011-12-31": "1728.00000", "2011-09-30": "1818.00000", "2011-06-30": "1667.00000", "2011-03-31": "1501.00000", "2010-12-31": "1438.00000", "2010-09-30": "1428.00000", "2010-06-30": "1365.00000", "2010-03-31": "1308.00000", "2009-12-31": "1299.00000", "2009-09-30": "1364.00000", "2009-06-30": "1280.00000", "2009-03-31": "1156.00000", "2008-12-31": "1225.23400", "2008-09-30": "1338.17800", "2008-06-30": "1246.50400", "2008-03-31": "1182.08400", "2007-12-31": "1072.68700", "2007-09-30": "1082.85000", "2007-06-30": "996.95900", "2007-03-31": "915.10300", "2006-12-31": "839.16300", "2006-09-30": "901.96900", "2006-06-30": "846.48900", "2006-03-31": "738.45300", "2005-12-31": "715.91800", "2005-09-30": "791.60500", "2005-06-30": "771.86700", "2005-03-31": "658.23800"}, "Cost Of Goods Sold": {"2020-12-31": "", "2020-09-30": "", "2020-06-30": "", "2020-03-31": "", "2019-12-31": "", "2019-09-30": "", "2019-06-30": "", "2019-03-31": "", "2018-12-31": "", "2018-09-30": "", "2018-06-30": "", "2018-03-31": "", "2017-12-31": "", "2017-09-30": "", "2017-06-30": "", "2017-03-31": "", "2016-12-31": "", "2016-09-30": "", "2016-06-30": "", "2016-03-31": "", "2015-12-31": "", "2015-09-30": "", "2015-06-30": "", "2015-03-31": "", "2014-12-31": "", "2014-09-30": "", "2014-06-30": "", "2014-03-31": "", "2013-12-31": "", "2013-09-30": "", "2013-06-30": "", "2013-03-31": "", "2012-12-31": "", "2012-09-30": "", "2012-06-30": "", "2012-03-31": "", "2011-12-31": "", "2011-09-30": "", "2011-06-30": "", "2011-03-31": "", "2010-12-31": "", "2010-09-30": "", "2010-06-30": "", "2010-03-31": "", "2009-12-31": "", "2009-09-30": "", "2009-06-30": "", "2009-03-31": "", "2008-12-31": "", "2008-09-30": "", "2008-06-30": "", "2008-03-31": "", "2007-12-31": "", "2007-09-30": "", "2007-06-30": "", "2007-03-31": "", "2006-12-31": "", "2006-09-30": "", "2006-06-30": "", "2006-03-31": "", "2005-12-31": "", "2005-09-30": "", "2005-06-30": "", "2005-03-31": ""}, "Gross Profit": {"2020-12-31": "4120.00000", "2020-09-30": "3837.00000", "2020-06-30": "3335.00000", "2020-03-31": "4009.00000", "2019-12-31": "4414.00000", "2019-09-30": "4467.00000", "2019-06-30": "4113.00000", "2019-03-31": "3889.00000", "2018-12-31": "3807.00000", "2018-09-30": "3898.00000", "2018-06-30": "3665.00000", "2018-03-31": "3580.00000", "2017-12-31": "3312.00000", "2017-09-30": "3398.00000", "2017-06-30": "3053.00000", "2017-03-31": "2734.00000", "2016-12-31": "2756.00000", "2016-09-30": "2880.00000", "2016-06-30": "2694.00000", "2016-03-31": "2446.00000", "2015-12-31": "2517.00000", "2015-09-30": "2530.00000", "2015-06-30": "2390.00000", "2015-03-31": "2230.00000", "2014-12-31": "2411.00000", "2014-09-30": "2490.00000", "2014-06-30": "2368.00000", "2014-03-31": "2172.00000", "2013-12-31": "2092.00000", "2013-09-30": "2218.00000", "2013-06-30": "2096.00000", "2013-03-31": "1906.00000", "2012-12-31": "1895.00000", "2012-09-30": "1918.00000", "2012-06-30": "1820.00000", "2012-03-31": "1758.00000", "2011-12-31": "1728.00000", "2011-09-30": "1818.00000", "2011-06-30": "1667.00000", "2011-03-31": "1501.00000", "2010-12-31": "1438.00000", "2010-09-30": "1428.00000", "2010-06-30": "1365.00000", "2010-03-31": "1308.00000", "2009-12-31": "1299.00000", "2009-09-30": "1364.00000", "2009-06-30": "1280.00000", "2009-03-31": "1156.00000", "2008-12-31": "1225.23400", "2008-09-30": "1338.17800", "2008-06-30": "1246.50400", "2008-03-31": "1182.08400", "2007-12-31": "1072.68700", "2007-09-30": "1082.85000", "2007-06-30": "996.95900", "2007-03-31": "915.10300", "2006-12-31": "839.16300", "2006-09-30": "901.96900", "2006-06-30": "846.48900", "2006-03-31": "738.45300", "2005-12-31": "715.91800", "2005-09-30": "791.60500", "2005-06-30": "771.86700", "2005-03-31": "658.23800"}, "Research And Development Expenses": {"2020-12-31": "", "2020-09-30": "", "2020-06-30": "", "2020-03-31": "", "2019-12-31": "", "2019-09-30": "", "2019-06-30": "", "2019-03-31": "", "2018-12-31": "", "2018-09-30": "", "2018-06-30": "", "2018-03-31": "", "2017-12-31": "", "2017-09-30": "", "2017-06-30": "", "2017-03-31": "", "2016-12-31": "", "2016-09-30": "", "2016-06-30": "", "2016-03-31": "", "2015-12-31": "", "2015-09-30": "", "2015-06-30": "", "2015-03-31": "", "2014-12-31": "", "2014-09-30": "", "2014-06-30": "", "2014-03-31": "", "2013-12-31": "", "2013-09-30": "", "2013-06-30": "", "2013-03-31": "", "2012-12-31": "", "2012-09-30": "", "2012-06-30": "", "2012-03-31": "", "2011-12-31": "", "2011-09-30": "", "2011-06-30": "", "2011-03-31": "", "2010-12-31": "", "2010-09-30": "", "2010-06-30": "", "2010-03-31": "", "2009-12-31": "", "2009-09-30": "", "2009-06-30": "", "2009-03-31": "", "2008-12-31": "", "2008-09-30": "", "2008-06-30": "", "2008-03-31": "", "2007-12-31": "", "2007-09-30": "", "2007-06-30": "", "2007-03-31": "", "2006-12-31": "", "2006-09-30": "", "2006-06-30": "", "2006-03-31": "", "2005-12-31": "", "2005-09-30": "", "2005-06-30": "", "2005-03-31": ""}, "SG&A Expenses": {"2020-12-31": "1867.00000", "2020-09-30": "1591.00000", "2020-06-30": "1461.00000", "2020-03-31": "1648.00000", "2019-12-31": "1869.00000", "2019-09-30": "1675.00000", "2019-06-30": "1594.00000", "2019-03-31": "1559.00000", "2018-12-31": "1703.00000", "2018-09-30": "1471.00000", "2018-06-30": "1389.00000", "2018-03-31": "1518.00000", "2017-12-31": "1675.00000", "2017-09-30": "1339.00000", "2017-06-30": "1289.00000", "2017-03-31": "1121.00000", "2016-12-31": "1291.00000", "2016-09-30": "1117.00000", "2016-06-30": "1114.00000", "2016-03-31": "1003.00000", "2015-12-31": "1317.00000", "2015-09-30": "1067.00000", "2015-06-30": "986.00000", "2015-03-31": "792.00000", "2014-12-31": "1309.00000", "2014-09-30": "987.00000", "2014-06-30": "904.00000", "2014-03-31": "814.00000", "2013-12-31": "1006.00000", "2013-09-30": "906.00000", "2013-06-30": "807.00000", "2013-03-31": "737.00000", "2012-12-31": "934.00000", "2012-09-30": "796.00000", "2012-06-30": "770.00000", "2012-03-31": "704.00000", "2011-12-31": "916.00000", "2011-09-30": "765.00000", "2011-06-30": "733.00000", "2011-03-31": "623.00000", "2010-12-31": "827.00000", "2010-09-30": "626.00000", "2010-06-30": "613.00000", "2010-03-31": "573.00000", "2009-12-31": "798.00000", "2009-09-30": "649.00000", "2009-06-30": "687.00000", "2009-03-31": "564.00000", "2008-12-31": "726.17410", "2008-09-30": "761.20000", "2008-06-30": "802.41300", "2008-03-31": "641.21300", "2007-12-31": "884.47910", "2007-09-30": "697.27290", "2007-06-30": "699.71600", "2007-03-31": "576.97700", "2006-12-31": "752.23800", "2006-09-30": "602.07000", "2006-06-30": "672.22710", "2006-03-31": "530.52000", "2005-12-31": "761.03610", "2005-09-30": "569.25400", "2005-06-30": "550.76500", "2005-03-31": "478.29500"}, "Other Operating Income Or Expenses": {"2020-12-31": "-45.00000", "2020-09-30": "", "2020-06-30": "-22.00000", "2020-03-31": "-6.00000", "2019-12-31": "", "2019-09-30": "", "2019-06-30": "", "2019-03-31": "", "2018-12-31": "-757.00000", "2018-09-30": "-29.00000", "2018-06-30": "-225.00000", "2018-03-31": "-117.00000", "2017-12-31": "", "2017-09-30": "", "2017-06-30": "", "2017-03-31": "-15.00000", "2016-12-31": "-10.00000", "2016-09-30": "", "2016-06-30": "-107.00000", "2016-03-31": "", "2015-12-31": "", "2015-09-30": "", "2015-06-30": "-61.00000", "2015-03-31": "", "2014-12-31": "", "2014-09-30": "", "2014-06-30": "", "2014-03-31": "", "2013-12-31": "", "2013-09-30": "", "2013-06-30": "", "2013-03-31": "", "2012-12-31": "", "2012-09-30": "", "2012-06-30": "-20.00000", "2012-03-31": "", "2011-12-31": "", "2011-09-30": "", "2011-06-30": "", "2011-03-31": "", "2010-12-31": "", "2010-09-30": "", "2010-06-30": "", "2010-03-31": "", "2009-12-31": "", "2009-09-30": "-6.00000", "2009-06-30": "", "2009-03-31": "", "2008-12-31": "-6.15500", "2008-09-30": "-827.50000", "2008-06-30": "-1649.34500", "2008-03-31": "", "2007-12-31": "10.00000", "2007-09-30": "-10.00000", "2007-06-30": "-3.40000", "2007-03-31": "", "2006-12-31": "-16.20700", "2006-09-30": "", "2006-06-30": "-423.53500", "2006-03-31": "", "2005-12-31": "-26.97000", "2005-09-30": "-48.18800", "2005-06-30": "", "2005-03-31": ""}, "Operating Expenses": {"2020-12-31": "2062.00000", "2020-09-30": "1732.00000", "2020-06-30": "1628.00000", "2020-03-31": "1798.00000", "2019-12-31": "2015.00000", "2019-09-30": "1812.00000", "2019-06-30": "1716.00000", "2019-03-31": "1676.00000", "2018-12-31": "2573.00000", "2018-09-30": "1611.00000", "2018-06-30": "1729.00000", "2018-03-31": "1755.00000", "2017-12-31": "1790.00000", "2017-09-30": "1457.00000", "2017-06-30": "1400.00000", "2017-03-31": "1228.00000", "2016-12-31": "1393.00000", "2016-09-30": "1210.00000", "2016-06-30": "1314.00000", "2016-03-31": "1098.00000", "2015-12-31": "1410.00000", "2015-09-30": "1161.00000", "2015-06-30": "1139.00000", "2015-03-31": "879.00000", "2014-12-31": "1393.00000", "2014-09-30": "1070.00000", "2014-06-30": "985.00000", "2014-03-31": "887.00000", "2013-12-31": "1172.00000", "2013-09-30": "970.00000", "2013-06-30": "868.00000", "2013-03-31": "799.00000", "2012-12-31": "996.00000", "2012-09-30": "854.00000", "2012-06-30": "846.00000", "2012-03-31": "758.00000", "2011-12-31": "1738.00000", "2011-09-30": "816.00000", "2011-06-30": "782.00000", "2011-03-31": "665.00000", "2010-12-31": "869.00000", "2010-09-30": "662.00000", "2010-06-30": "648.00000", "2010-03-31": "608.00000", "2009-12-31": "830.00000", "2009-09-30": "691.00000", "2009-06-30": "723.00000", "2009-03-31": "595.00000", "2008-12-31": "762.37310", "2008-09-30": "1617.44200", "2008-06-30": "2479.70800", "2008-03-31": "666.47700", "2007-12-31": "900.63210", "2007-09-30": "729.54690", "2007-06-30": "728.14300", "2007-03-31": "601.16500", "2006-12-31": "793.17500", "2006-09-30": "627.20900", "2006-06-30": "1120.45500", "2006-03-31": "555.74000", "2005-12-31": "814.57600", "2005-09-30": "643.71200", "2005-06-30": "579.43100", "2005-03-31": "506.72500"}, "Operating Income": {"2020-12-31": "2058.00000", "2020-09-30": "2105.00000", "2020-06-30": "1707.00000", "2020-03-31": "2211.00000", "2019-12-31": "2399.00000", "2019-09-30": "2655.00000", "2019-06-30": "2397.00000", "2019-03-31": "2213.00000", "2018-12-31": "1234.00000", "2018-09-30": "2287.00000", "2018-06-30": "1936.00000", "2018-03-31": "1825.00000", "2017-12-31": "1522.00000", "2017-09-30": "1941.00000", "2017-06-30": "1653.00000", "2017-03-31": "1506.00000", "2016-12-31": "1363.00000", "2016-09-30": "1670.00000", "2016-06-30": "1380.00000", "2016-03-31": "1348.00000", "2015-12-31": "1107.00000", "2015-09-30": "1369.00000", "2015-06-30": "1251.00000", "2015-03-31": "1351.00000", "2014-12-31": "1018.00000", "2014-09-30": "1420.00000", "2014-06-30": "1383.00000", "2014-03-31": "1285.00000", "2013-12-31": "920.00000", "2013-09-30": "1248.00000", "2013-06-30": "1228.00000", "2013-03-31": "1107.00000", "2012-12-31": "899.00000", "2012-09-30": "1064.00000", "2012-06-30": "974.00000", "2012-03-31": "1000.00000", "2011-12-31": "-10.00000", "2011-09-30": "1002.00000", "2011-06-30": "885.00000", "2011-03-31": "836.00000", "2010-12-31": "569.00000", "2010-09-30": "766.00000", "2010-06-30": "717.00000", "2010-03-31": "700.00000", "2009-12-31": "469.00000", "2009-09-30": "673.00000", "2009-06-30": "557.00000", "2009-03-31": "561.00000", "2008-12-31": "462.86080", "2008-09-30": "-279.26400", "2008-06-30": "-1233.20400", "2008-03-31": "515.60700", "2007-12-31": "172.05490", "2007-09-30": "353.30300", "2007-06-30": "268.81600", "2007-03-31": "313.93800", "2006-12-31": "45.98790", "2006-09-30": "274.76000", "2006-06-30": "-273.96610", "2006-03-31": "182.71300", "2005-12-31": "-98.65800", "2005-09-30": "147.89290", "2005-06-30": "192.43600", "2005-03-31": "151.51300"}, "Total Non-Operating Income/Expense": {"2020-12-31": "110.00000", "2020-09-30": "-190.00000", "2020-06-30": "-17.00000", "2020-03-31": "-224.00000", "2019-12-31": "76.00000", "2019-09-30": "-121.00000", "2019-06-30": "122.00000", "2019-03-31": "-10.00000", "2018-12-31": "-19.00000", "2018-09-30": "-23.00000", "2018-06-30": "-14.00000", "2018-03-31": "-22.00000", "2017-12-31": "-38.00000", "2017-09-30": "-9.00000", "2017-06-30": "-25.00000", "2017-03-31": "-28.00000", "2016-12-31": "-52.00000", "2016-09-30": "-37.00000", "2016-06-30": "-15.00000", "2016-03-31": "-11.00000", "2015-12-31": "-82.00000", "2015-09-30": "-17.00000", "2015-06-30": "-10.00000", "2015-03-31": "-11.00000", "2014-12-31": "-11.00000", "2014-09-30": "-2.00000", "2014-06-30": "-10.00000", "2014-03-31": "-4.00000", "2013-12-31": "-9.00000", "2013-09-30": "6.00000", "2013-06-30": "5.00000", "2013-03-31": "-5.00000", "2012-12-31": "-5.00000", "2012-09-30": "2.00000", "2012-06-30": "-1.00000", "2012-03-31": "", "2011-12-31": "", "2011-09-30": "28.00000", "2011-06-30": "7.00000", "2011-03-31": "", "2010-12-31": "13.00000", "2010-09-30": "1.00000", "2010-06-30": "-4.00000", "2010-03-31": "-5.00000", "2009-12-31": "-10.00000", "2009-09-30": "", "2009-06-30": "-21.00000", "2009-03-31": "-11.00000", "2008-12-31": "-17.58800", "2008-09-30": "-14.40800", "2008-06-30": "10.02200", "2008-03-31": "172.97400", "2007-12-31": "294.98100", "2007-09-30": "129.00400", "2007-06-30": "117.48300", "2007-03-31": "21.85200", "2006-12-31": "23.75000", "2006-09-30": "17.34900", "2006-06-30": "13.37400", "2006-03-31": "10.20400", "2005-12-31": "10.45000", "2005-09-30": "16.06400", "2005-06-30": "-5.04200", "2005-03-31": "-7.31800"}, "Pre-Tax Income": {"2020-12-31": "2168.00000", "2020-09-30": "1915.00000", "2020-06-30": "1690.00000", "2020-03-31": "1987.00000", "2019-12-31": "2475.00000", "2019-09-30": "2534.00000", "2019-06-30": "2519.00000", "2019-03-31": "2203.00000", "2018-12-31": "1215.00000", "2018-09-30": "2264.00000", "2018-06-30": "1922.00000", "2018-03-31": "1803.00000", "2017-12-31": "1484.00000", "2017-09-30": "1932.00000", "2017-06-30": "1628.00000", "2017-03-31": "1478.00000", "2016-12-31": "1311.00000", "2016-09-30": "1633.00000", "2016-06-30": "1365.00000", "2016-03-31": "1337.00000", "2015-12-31": "1025.00000", "2015-09-30": "1352.00000", "2015-06-30": "1241.00000", "2015-03-31": "1340.00000", "2014-12-31": "1007.00000", "2014-09-30": "1418.00000", "2014-06-30": "1373.00000", "2014-03-31": "1281.00000", "2013-12-31": "911.00000", "2013-09-30": "1254.00000", "2013-06-30": "1233.00000", "2013-03-31": "1102.00000", "2012-12-31": "894.00000", "2012-09-30": "1066.00000", "2012-06-30": "973.00000", "2012-03-31": "1000.00000", "2011-12-31": "-10.00000", "2011-09-30": "1030.00000", "2011-06-30": "892.00000", "2011-03-31": "836.00000", "2010-12-31": "582.00000", "2010-09-30": "767.00000", "2010-06-30": "713.00000", "2010-03-31": "695.00000", "2009-12-31": "459.00000", "2009-09-30": "673.00000", "2009-06-30": "536.00000", "2009-03-31": "550.00000", "2008-12-31": "445.27300", "2008-09-30": "-293.67200", "2008-06-30": "-1223.18200", "2008-03-31": "688.58100", "2007-12-31": "467.03600", "2007-09-30": "482.30700", "2007-06-30": "386.29900", "2007-03-31": "335.79000", "2006-12-31": "69.73800", "2006-09-30": "292.10900", "2006-06-30": "-260.59200", "2006-03-31": "192.91700", "2005-12-31": "-88.20800", "2005-09-30": "163.95700", "2005-06-30": "187.39400", "2005-03-31": "144.19500"}, "Income Taxes": {"2020-12-31": "383.00000", "2020-09-30": "402.00000", "2020-06-30": "270.00000", "2020-03-31": "294.00000", "2019-12-31": "375.00000", "2019-09-30": "426.00000", "2019-06-30": "471.00000", "2019-03-31": "341.00000", "2018-12-31": "316.00000", "2018-09-30": "365.00000", "2018-06-30": "353.00000", "2018-03-31": "311.00000", "2017-12-31": "1257.00000", "2017-09-30": "502.00000", "2017-06-30": "451.00000", "2017-03-31": "397.00000", "2016-12-31": "378.00000", "2016-09-30": "449.00000", "2016-06-30": "382.00000", "2016-03-31": "378.00000", "2015-12-31": "135.00000", "2015-09-30": "375.00000", "2015-06-30": "320.00000", "2015-03-31": "320.00000", "2014-12-31": "206.00000", "2014-09-30": "403.00000", "2014-06-30": "442.00000", "2014-03-31": "411.00000", "2013-12-31": "288.00000", "2013-09-30": "375.00000", "2013-06-30": "385.00000", "2013-03-31": "336.00000", "2012-12-31": "289.00000", "2012-09-30": "294.00000", "2012-06-30": "273.00000", "2012-03-31": "318.00000", "2011-12-31": "-30.00000", "2011-09-30": "314.00000", "2011-06-30": "284.00000", "2011-03-31": "274.00000", "2010-12-31": "167.00000", "2010-09-30": "248.00000", "2010-06-30": "255.00000", "2010-03-31": "240.00000", "2009-12-31": "164.00000", "2009-09-30": "221.00000", "2009-06-30": "187.00000", "2009-03-31": "183.00000", "2008-12-31": "205.91600", "2008-09-30": "-100.09000", "2008-06-30": "-476.52900", "2008-03-31": "241.70300", "2007-12-31": "162.80300", "2007-09-30": "167.84600", "2007-06-30": "134.01300", "2007-03-31": "120.88400", "2006-12-31": "28.83600", "2006-09-30": "99.10500", "2006-06-30": "49.86800", "2006-03-31": "66.17300", "2005-12-31": "-35.30000", "2005-09-30": "57.87200", "2005-06-30": "67.14600", "2005-03-31": "50.90100"}, "Income After Taxes": {"2020-12-31": "1785.00000", "2020-09-30": "1513.00000", "2020-06-30": "1420.00000", "2020-03-31": "1693.00000", "2019-12-31": "2100.00000", "2019-09-30": "2108.00000", "2019-06-30": "2048.00000", "2019-03-31": "1862.00000", "2018-12-31": "899.00000", "2018-09-30": "1899.00000", "2018-06-30": "1569.00000", "2018-03-31": "1492.00000", "2017-12-31": "227.00000", "2017-09-30": "1430.00000", "2017-06-30": "1177.00000", "2017-03-31": "1081.00000", "2016-12-31": "933.00000", "2016-09-30": "1184.00000", "2016-06-30": "983.00000", "2016-03-31": "959.00000", "2015-12-31": "890.00000", "2015-09-30": "977.00000", "2015-06-30": "921.00000", "2015-03-31": "1020.00000", "2014-12-31": "801.00000", "2014-09-30": "1015.00000", "2014-06-30": "931.00000", "2014-03-31": "870.00000", "2013-12-31": "623.00000", "2013-09-30": "879.00000", "2013-06-30": "848.00000", "2013-03-31": "766.00000", "2012-12-31": "605.00000", "2012-09-30": "772.00000", "2012-06-30": "700.00000", "2012-03-31": "682.00000", "2011-12-31": "20.00000", "2011-09-30": "716.00000", "2011-06-30": "608.00000", "2011-03-31": "562.00000", "2010-12-31": "415.00000", "2010-09-30": "519.00000", "2010-06-30": "458.00000", "2010-03-31": "455.00000", "2009-12-31": "295.00000", "2009-09-30": "452.00000", "2009-06-30": "349.00000", "2009-03-31": "367.00000", "2008-12-31": "239.35700", "2008-09-30": "-193.58200", "2008-06-30": "-746.65300", "2008-03-31": "446.87800", "2007-12-31": "304.23300", "2007-09-30": "314.46100", "2007-06-30": "252.28600", "2007-03-31": "214.90600", "2006-12-31": "40.90200", "2006-09-30": "193.00400", "2006-06-30": "-310.46000", "2006-03-31": "126.74400", "2005-12-31": "-52.90800", "2005-09-30": "106.08500", "2005-06-30": "120.24800", "2005-03-31": "93.29400"}, "Other Income": {"2020-12-31": "", "2020-09-30": "", "2020-06-30": "", "2020-03-31": "", "2019-12-31": "", "2019-09-30": "", "2019-06-30": "", "2019-03-31": "", "2018-12-31": "", "2018-09-30": "", "2018-06-30": "", "2018-03-31": "", "2017-12-31": "", "2017-09-30": "", "2017-06-30": "", "2017-03-31": "", "2016-12-31": "", "2016-09-30": "", "2016-06-30": "", "2016-03-31": "", "2015-12-31": "", "2015-09-30": "", "2015-06-30": "", "2015-03-31": "", "2014-12-31": "", "2014-09-30": "", "2014-06-30": "", "2014-03-31": "", "2013-12-31": "", "2013-09-30": "", "2013-06-30": "", "2013-03-31": "", "2012-12-31": "", "2012-09-30": "", "2012-06-30": "", "2012-03-31": "", "2011-12-31": "", "2011-09-30": "", "2011-06-30": "", "2011-03-31": "", "2010-12-31": "", "2010-09-30": "", "2010-06-30": "", "2010-03-31": "", "2009-12-31": "", "2009-09-30": "", "2009-06-30": "", "2009-03-31": "", "2008-12-31": "", "2008-09-30": "", "2008-06-30": "", "2008-03-31": "", "2007-12-31": "", "2007-09-30": "", "2007-06-30": "", "2007-03-31": "", "2006-12-31": "", "2006-09-30": "", "2006-06-30": "", "2006-03-31": "", "2005-12-31": "", "2005-09-30": "", "2005-06-30": "", "2005-03-31": ""}, "Income From Continuous Operations": {"2020-12-31": "1785.00000", "2020-09-30": "1513.00000", "2020-06-30": "1420.00000", "2020-03-31": "1693.00000", "2019-12-31": "2100.00000", "2019-09-30": "2108.00000", "2019-06-30": "2048.00000", "2019-03-31": "1862.00000", "2018-12-31": "899.00000", "2018-09-30": "1899.00000", "2018-06-30": "1569.00000", "2018-03-31": "1492.00000", "2017-12-31": "227.00000", "2017-09-30": "1430.00000", "2017-06-30": "1177.00000", "2017-03-31": "1081.00000", "2016-12-31": "933.00000", "2016-09-30": "1184.00000", "2016-06-30": "983.00000", "2016-03-31": "959.00000", "2015-12-31": "890.00000", "2015-09-30": "977.00000", "2015-06-30": "921.00000", "2015-03-31": "1020.00000", "2014-12-31": "801.00000", "2014-09-30": "1015.00000", "2014-06-30": "931.00000", "2014-03-31": "870.00000", "2013-12-31": "623.00000", "2013-09-30": "879.00000", "2013-06-30": "848.00000", "2013-03-31": "766.00000", "2012-12-31": "605.00000", "2012-09-30": "772.00000", "2012-06-30": "700.00000", "2012-03-31": "682.00000", "2011-12-31": "20.00000", "2011-09-30": "716.00000", "2011-06-30": "608.00000", "2011-03-31": "562.00000", "2010-12-31": "415.00000", "2010-09-30": "519.00000", "2010-06-30": "458.00000", "2010-03-31": "455.00000", "2009-12-31": "295.00000", "2009-09-30": "452.00000", "2009-06-30": "349.00000", "2009-03-31": "367.00000", "2008-12-31": "239.35700", "2008-09-30": "-193.58200", "2008-06-30": "-746.65300", "2008-03-31": "446.87800", "2007-12-31": "304.23300", "2007-09-30": "314.46100", "2007-06-30": "252.28600", "2007-03-31": "214.90600", "2006-12-31": "40.90200", "2006-09-30": "193.00400", "2006-06-30": "-310.46000", "2006-03-31": "126.74400", "2005-12-31": "-52.90800", "2005-09-30": "106.08500", "2005-06-30": "120.24800", "2005-03-31": "93.29400"}, "Income From Discontinued Operations": {"2020-12-31": "", "2020-09-30": "", "2020-06-30": "", "2020-03-31": "", "2019-12-31": "", "2019-09-30": "", "2019-06-30": "", "2019-03-31": "", "2018-12-31": "", "2018-09-30": "", "2018-06-30": "", "2018-03-31": "", "2017-12-31": "", "2017-09-30": "", "2017-06-30": "", "2017-03-31": "", "2016-12-31": "", "2016-09-30": "", "2016-06-30": "", "2016-03-31": "", "2015-12-31": "", "2015-09-30": "", "2015-06-30": "", "2015-03-31": "", "2014-12-31": "", "2014-09-30": "", "2014-06-30": "", "2014-03-31": "", "2013-12-31": "", "2013-09-30": "", "2013-06-30": "", "2013-03-31": "", "2012-12-31": "", "2012-09-30": "", "2012-06-30": "", "2012-03-31": "", "2011-12-31": "", "2011-09-30": "", "2011-06-30": "", "2011-03-31": "", "2010-12-31": "", "2010-09-30": "", "2010-06-30": "", "2010-03-31": "", "2009-12-31": "", "2009-09-30": "", "2009-06-30": "", "2009-03-31": "", "2008-12-31": "", "2008-09-30": "", "2008-06-30": "", "2008-03-31": "", "2007-12-31": "", "2007-09-30": "", "2007-06-30": "", "2007-03-31": "", "2006-12-31": "", "2006-09-30": "", "2006-06-30": "", "2006-03-31": "", "2005-12-31": "", "2005-09-30": "", "2005-06-30": "", "2005-03-31": ""}, "Net Income": {"2020-12-31": "1785.00000", "2020-09-30": "1513.00000", "2020-06-30": "1420.00000", "2020-03-31": "1693.00000", "2019-12-31": "2100.00000", "2019-09-30": "2108.00000", "2019-06-30": "2048.00000", "2019-03-31": "1862.00000", "2018-12-31": "899.00000", "2018-09-30": "1899.00000", "2018-06-30": "1569.00000", "2018-03-31": "1492.00000", "2017-12-31": "227.00000", "2017-09-30": "1430.00000", "2017-06-30": "1177.00000", "2017-03-31": "1081.00000", "2016-12-31": "933.00000", "2016-09-30": "1184.00000", "2016-06-30": "983.00000", "2016-03-31": "959.00000", "2015-12-31": "890.00000", "2015-09-30": "977.00000", "2015-06-30": "921.00000", "2015-03-31": "1020.00000", "2014-12-31": "801.00000", "2014-09-30": "1015.00000", "2014-06-30": "931.00000", "2014-03-31": "870.00000", "2013-12-31": "623.00000", "2013-09-30": "879.00000", "2013-06-30": "848.00000", "2013-03-31": "766.00000", "2012-12-31": "605.00000", "2012-09-30": "772.00000", "2012-06-30": "700.00000", "2012-03-31": "682.00000", "2011-12-31": "19.00000", "2011-09-30": "717.00000", "2011-06-30": "608.00000", "2011-03-31": "562.00000", "2010-12-31": "412.00000", "2010-09-30": "518.00000", "2010-06-30": "458.00000", "2010-03-31": "455.00000", "2009-12-31": "295.00000", "2009-09-30": "452.00000", "2009-06-30": "349.00000", "2009-03-31": "367.00000", "2008-12-31": "239.35700", "2008-09-30": "-193.58200", "2008-06-30": "-746.65300", "2008-03-31": "446.87800", "2007-12-31": "304.23300", "2007-09-30": "314.46100", "2007-06-30": "252.28600", "2007-03-31": "214.90600", "2006-12-31": "40.90200", "2006-09-30": "193.00400", "2006-06-30": "-310.46000", "2006-03-31": "126.74400", "2005-12-31": "-52.90800", "2005-09-30": "106.08500", "2005-06-30": "120.24800", "2005-03-31": "93.29400"}, "EBITDA": {"2020-12-31": "", "2020-09-30": "2527.00000", "2020-06-30": "2083.00000", "2020-03-31": "2592.00000", "2019-12-31": "2808.00000", "2019-09-30": "3047.00000", "2019-06-30": "2797.00000", "2019-03-31": "2675.00000", "2018-12-31": "1697.00000", "2018-09-30": "2705.00000", "2018-06-30": "2342.00000", "2018-03-31": "2232.00000", "2017-12-31": "1878.00000", "2017-09-30": "2324.00000", "2017-06-30": "1994.00000", "2017-03-31": "1864.00000", "2016-12-31": "1686.00000", "2016-09-30": "1996.00000", "2016-06-30": "1665.00000", "2016-03-31": "1647.00000", "2015-12-31": "1404.00000", "2015-09-30": "1665.00000", "2015-06-30": "1517.00000", "2015-03-31": "1622.00000", "2014-12-31": "1280.00000", "2014-09-30": "1691.00000", "2014-06-30": "1625.00000", "2014-03-31": "1522.00000", "2013-12-31": "1594.00000", "2013-09-30": "1312.00000", "2013-06-30": "1289.00000", "2013-03-31": "1169.00000", "2012-12-31": "1480.00000", "2012-09-30": "1122.00000", "2012-06-30": "1030.00000", "2012-03-31": "1054.00000", "2011-12-31": "42.00000", "2011-09-30": "1053.00000", "2011-06-30": "934.00000", "2011-03-31": "878.00000", "2010-12-31": "582.00000", "2010-09-30": "810.00000", "2010-06-30": "762.00000", "2010-03-31": "746.00000", "2009-12-31": "520.00000", "2009-09-30": "732.00000", "2009-06-30": "617.00000", "2009-03-31": "618.00000", "2008-12-31": "522.41480", "2008-09-30": "-219.15600", "2008-06-30": "-1197.11200", "2008-03-31": "548.85300", "2007-12-31": "208.00490", "2007-09-30": "385.18100", "2007-06-30": "303.25900", "2007-03-31": "347.35500", "2006-12-31": "81.73890", "2006-09-30": "310.70200", "2006-06-30": "-238.68110", "2006-03-31": "218.31500", "2005-12-31": "-24.90500", "2005-09-30": "174.16290", "2005-06-30": "221.10200", "2005-03-31": "179.94300"}, "EBIT": {"2020-12-31": "2058.00000", "2020-09-30": "2105.00000", "2020-06-30": "1707.00000", "2020-03-31": "2211.00000", "2019-12-31": "2399.00000", "2019-09-30": "2655.00000", "2019-06-30": "2397.00000", "2019-03-31": "2213.00000", "2018-12-31": "1234.00000", "2018-09-30": "2287.00000", "2018-06-30": "1936.00000", "2018-03-31": "1825.00000", "2017-12-31": "1522.00000", "2017-09-30": "1941.00000", "2017-06-30": "1653.00000", "2017-03-31": "1506.00000", "2016-12-31": "1363.00000", "2016-09-30": "1670.00000", "2016-06-30": "1380.00000", "2016-03-31": "1348.00000", "2015-12-31": "1107.00000", "2015-09-30": "1369.00000", "2015-06-30": "1251.00000", "2015-03-31": "1351.00000", "2014-12-31": "1018.00000", "2014-09-30": "1420.00000", "2014-06-30": "1383.00000", "2014-03-31": "1285.00000", "2013-12-31": "920.00000", "2013-09-30": "1248.00000", "2013-06-30": "1228.00000", "2013-03-31": "1107.00000", "2012-12-31": "899.00000", "2012-09-30": "1064.00000", "2012-06-30": "974.00000", "2012-03-31": "1000.00000", "2011-12-31": "-10.00000", "2011-09-30": "1002.00000", "2011-06-30": "885.00000", "2011-03-31": "836.00000", "2010-12-31": "569.00000", "2010-09-30": "766.00000", "2010-06-30": "717.00000", "2010-03-31": "700.00000", "2009-12-31": "469.00000", "2009-09-30": "673.00000", "2009-06-30": "557.00000", "2009-03-31": "561.00000", "2008-12-31": "462.86100", "2008-09-30": "-279.26400", "2008-06-30": "-1233.20400", "2008-03-31": "515.60700", "2007-12-31": "172.05500", "2007-09-30": "353.30300", "2007-06-30": "268.81600", "2007-03-31": "313.93800", "2006-12-31": "45.98790", "2006-09-30": "274.76000", "2006-06-30": "-273.96610", "2006-03-31": "182.71300", "2005-12-31": "-98.65810", "2005-09-30": "147.89290", "2005-06-30": "192.43600", "2005-03-31": "151.51300"}, "Basic Shares Outstanding": {"2020-12-31": "996.00000", "2020-09-30": "1001.00000", "2020-06-30": "1004.00000", "2020-03-31": "1005.00000", "2019-12-31": "1017.00000", "2019-09-30": "1013.00000", "2019-06-30": "1020.00000", "2019-03-31": "1026.00000", "2018-12-31": "1041.00000", "2018-09-30": "1037.00000", "2018-06-30": "1043.00000", "2018-03-31": "1051.00000", "2017-12-31": "1067.00000", "2017-09-30": "1063.00000", "2017-06-30": "1070.00000", "2017-03-31": "1078.00000", "2016-12-31": "1098.00000", "2016-09-30": "1096.00000", "2016-06-30": "1098.00000", "2016-03-31": "1109.00000", "2015-12-31": "1134.00000", "2015-09-30": "1130.00000", "2015-06-30": "1138.00000", "2015-03-31": "1148.00000", "2014-12-31": "1165.00000", "2014-09-30": "1157.00000", "2014-06-30": "1165.00000", "2014-03-31": "1185.00000", "2013-12-31": "1211.00000", "2013-09-30": "1205.00000", "2013-06-30": "1214.00000", "2013-03-31": "1226.00000", "2012-12-31": "1253.00000", "2012-09-30": "1250.00000", "2012-06-30": "1260.00000", "2012-03-31": "1270.00000", "2011-12-31": "1279.00000", "2011-09-30": "1270.00000", "2011-06-30": "1270.00000", "2011-03-31": "1300.00000", "2010-12-31": "1310.00000", "2010-09-30": "1310.00000", "2010-06-30": "1310.00000", "2010-03-31": "1300.00000", "2009-12-31": "1300.00000", "2009-09-30": "1300.00000", "2009-06-30": "1300.00000", "2009-03-31": "1300.00000", "2008-12-31": "1300.00000", "2008-09-30": "1295.36000", "2008-06-30": "1300.73000", "2008-03-31": "1314.26000", "2007-12-31": "1348.87000", "2007-09-30": "1353.57000", "2007-06-30": "1358.65000", "2007-03-31": "1358.47000", "2006-12-31": "1354.11000", "2006-09-30": "1356.84000", "2006-06-30": "1352.52000", "2006-03-31": "1349.69000", "2005-12-31": "1349.69000", "2005-09-30": "1349.69000", "2005-06-30": "1349.69000", "2005-03-31": "1000.00000"}, "Shares Outstanding": {"2020-12-31": "1001.00000", "2020-09-30": "1005.00000", "2020-06-30": "1008.00000", "2020-03-31": "1010.00000", "2019-12-31": "1022.00000", "2019-09-30": "1019.00000", "2019-06-30": "1025.00000", "2019-03-31": "1032.00000", "2018-12-31": "1047.00000", "2018-09-30": "1043.00000", "2018-06-30": "1049.00000", "2018-03-31": "1057.00000", "2017-12-31": "1072.00000", "2017-09-30": "1068.00000", "2017-06-30": "1075.00000", "2017-03-31": "1082.00000", "2016-12-31": "1101.00000", "2016-09-30": "1099.00000", "2016-06-30": "1101.00000", "2016-03-31": "1112.00000", "2015-12-31": "1137.00000", "2015-09-30": "1133.00000", "2015-06-30": "1141.00000", "2015-03-31": "1152.00000", "2014-12-31": "1169.00000", "2014-09-30": "1160.00000", "2014-06-30": "1169.00000", "2014-03-31": "1189.00000", "2013-12-31": "1215.00000", "2013-09-30": "1209.00000", "2013-06-30": "1217.00000", "2013-03-31": "1230.00000", "2012-12-31": "1258.00000", "2012-09-30": "1250.00000", "2012-06-30": "1260.00000", "2012-03-31": "1270.00000", "2011-12-31": "1284.00000", "2011-09-30": "1270.00000", "2011-06-30": "1280.00000", "2011-03-31": "1310.00000", "2010-12-31": "1310.00000", "2010-09-30": "1310.00000", "2010-06-30": "1310.00000", "2010-03-31": "1310.00000", "2009-12-31": "1300.00000", "2009-09-30": "1300.00000", "2009-06-30": "1300.00000", "2009-03-31": "1300.00000", "2008-12-31": "1300.00000", "2008-09-30": "1295.36000", "2008-06-30": "1300.73000", "2008-03-31": "1317.64000", "2007-12-31": "1351.53000", "2007-09-30": "1362.28000", "2007-06-30": "1366.87000", "2007-03-31": "1365.94000", "2006-12-31": "1357.79000", "2006-09-30": "1361.34000", "2006-06-30": "1352.52000", "2006-03-31": "1349.69000", "2005-12-31": "1349.69000", "2005-09-30": "1349.69000", "2005-06-30": "1349.69000", "2005-03-31": "1000.00000"}, "Basic EPS": {"2020-12-31": "1.79000", "2020-09-30": "1.51000", "2020-06-30": "1.41000", "2020-03-31": "1.68000", "2019-12-31": "2.08000", "2019-09-30": "2.08000", "2019-06-30": "2.01000", "2019-03-31": "1.81000", "2018-12-31": "0.88000", "2018-09-30": "1.83000", "2018-06-30": "1.50000", "2018-03-31": "1.42000", "2017-12-31": "0.23000", "2017-09-30": "1.34000", "2017-06-30": "1.10000", "2017-03-31": "1.00000", "2016-12-31": "0.87000", "2016-09-30": "1.08000", "2016-06-30": "0.89000", "2016-03-31": "0.86000", "2015-12-31": "0.80000", "2015-09-30": "0.86000", "2015-06-30": "0.81000", "2015-03-31": "0.89000", "2014-12-31": "0.70000", "2014-09-30": "0.88000", "2014-06-30": "0.80000", "2014-03-31": "0.73000", "2013-12-31": "0.52000", "2013-09-30": "0.73000", "2013-06-30": "0.70000", "2013-03-31": "0.62000", "2012-12-31": "0.48700", "2012-09-30": "0.61900", "2012-06-30": "0.55600", "2012-03-31": "0.53800", "2011-12-31": "0.01700", "2011-09-30": "0.56500", "2011-06-30": "0.47700", "2011-03-31": "0.43100", "2010-12-31": "0.31700", "2010-09-30": "0.39600", "2010-06-30": "0.35000", "2010-03-31": "0.34700", "2009-12-31": "0.22500", "2009-09-30": "0.34600", "2009-06-30": "0.26700", "2009-03-31": "0.28100", "2008-12-31": "0.18700", "2008-09-30": "-0.14800", "2008-06-30": "-0.57000", "2008-03-31": "0.33700", "2007-12-31": "0.22200", "2007-09-30": "0.23200", "2007-06-30": "0.18600", "2007-03-31": "0.15800", "2006-12-31": "0.03100", "2006-09-30": "0.14200", "2006-06-30": "-0.23000", "2006-03-31": "0.09400", "2005-12-31": "-0.06300", "2005-09-30": "0.07900", "2005-06-30": "0.08900", "2005-03-31": "0.09300"}, "EPS - Earnings Per Share": {"2020-12-31": "1.78000", "2020-09-30": "1.51000", "2020-06-30": "1.41000", "2020-03-31": "1.68000", "2019-12-31": "2.07000", "2019-09-30": "2.07000", "2019-06-30": "2.00000", "2019-03-31": "1.80000", "2018-12-31": "0.87000", "2018-09-30": "1.82000", "2018-06-30": "1.50000", "2018-03-31": "1.41000", "2017-12-31": "0.21000", "2017-09-30": "1.34000", "2017-06-30": "1.10000", "2017-03-31": "1.00000", "2016-12-31": "0.86000", "2016-09-30": "1.08000", "2016-06-30": "0.89000", "2016-03-31": "0.86000", "2015-12-31": "0.79000", "2015-09-30": "0.86000", "2015-06-30": "0.81000", "2015-03-31": "0.89000", "2014-12-31": "0.70000", "2014-09-30": "0.87000", "2014-06-30": "0.80000", "2014-03-31": "0.73000", "2013-12-31": "0.51000", "2013-09-30": "0.73000", "2013-06-30": "0.70000", "2013-03-31": "0.62000", "2012-12-31": "0.48200", "2012-09-30": "0.61700", "2012-06-30": "0.55500", "2012-03-31": "0.53600", "2011-12-31": "0.01200", "2011-09-30": "0.56300", "2011-06-30": "0.47600", "2011-03-31": "0.42900", "2010-12-31": "0.31600", "2010-09-30": "0.39400", "2010-06-30": "0.34900", "2010-03-31": "0.34600", "2009-12-31": "0.22400", "2009-09-30": "0.34500", "2009-06-30": "0.26700", "2009-03-31": "0.28000", "2008-12-31": "0.18700", "2008-09-30": "-0.14800", "2008-06-30": "-0.57000", "2008-03-31": "0.33700", "2007-12-31": "0.22300", "2007-09-30": "0.23100", "2007-06-30": "0.18500", "2007-03-31": "0.15700", "2006-12-31": "0.03100", "2006-09-30": "0.14200", "2006-06-30": "-0.23000", "2006-03-31": "0.09400", "2005-12-31": "-0.06300", "2005-09-30": "0.07900", "2005-06-30": "0.08900", "2005-03-31": "0.09300"}}, "balance sheet": {"Cash On Hand": {"2020-12-31": "11182.00000", "2019-12-31": "8260.00000", "2018-12-31": "8931.00000", "2017-12-31": "8328.00000", "2016-12-31": "8878.00000", "2015-12-31": "7279.00000", "2014-12-31": "6915.00000", "2013-12-31": "7018.00000", "2012-12-31": "5729.00000", "2011-12-31": "4949.00000", "2010-12-31": "4198.00000", "2009-12-31": "2879.00000", "2008-12-31": "2093.25500", "2007-12-31": "2969.98200", "2006-12-31": "2483.92100", "2005-12-31": "1281.89200"}, "Receivables": {"2020-12-31": "2646.00000", "2019-12-31": "2514.00000", "2018-12-31": "2276.00000", "2017-12-31": "1969.00000", "2016-12-31": "1416.00000", "2015-12-31": "1079.00000", "2014-12-31": "1109.00000", "2013-12-31": "966.00000", "2012-12-31": "925.00000", "2011-12-31": "808.00000", "2010-12-31": "650.00000", "2009-12-31": "536.00000", "2008-12-31": "837.79000", "2007-12-31": "532.63300", "2006-12-31": "451.26100", "2005-12-31": "347.75400"}, "Inventory": {"2020-12-31": "", "2019-12-31": "", "2018-12-31": "", "2017-12-31": "", "2016-12-31": "", "2015-12-31": "", "2014-12-31": "", "2013-12-31": "", "2012-12-31": "", "2011-12-31": "", "2010-12-31": "", "2009-12-31": "", "2008-12-31": "", "2007-12-31": "", "2006-12-31": "", "2005-12-31": ""}, "Pre-Paid Expenses": {"2020-12-31": "1883.00000", "2019-12-31": "1763.00000", "2018-12-31": "1432.00000", "2017-12-31": "1040.00000", "2016-12-31": "850.00000", "2015-12-31": "663.00000", "2014-12-31": "671.00000", "2013-12-31": "471.00000", "2012-12-31": "681.00000", "2011-12-31": "404.00000", "2010-12-31": "400.00000", "2009-12-31": "313.00000", "2008-12-31": "213.61200", "2007-12-31": "156.25800", "2006-12-31": "130.84900", "2005-12-31": "167.20900"}, "Other Current Assets": {"2020-12-31": "3402.00000", "2019-12-31": "4365.00000", "2018-12-31": "3532.00000", "2017-12-31": "2460.00000", "2016-12-31": "2084.00000", "2015-12-31": "1963.00000", "2014-12-31": "2002.00000", "2013-12-31": "2262.00000", "2012-12-31": "1894.00000", "2011-12-31": "1237.00000", "2010-12-31": "990.00000", "2009-12-31": "1031.00000", "2008-12-31": "883.05500", "2007-12-31": "888.34300", "2006-12-31": "511.19800", "2005-12-31": "431.04300"}, "Total Current Assets": {"2020-12-31": "19113.00000", "2019-12-31": "16902.00000", "2018-12-31": "16171.00000", "2017-12-31": "13797.00000", "2016-12-31": "13228.00000", "2015-12-31": "10984.00000", "2014-12-31": "10997.00000", "2013-12-31": "10950.00000", "2012-12-31": "9357.00000", "2011-12-31": "7741.00000", "2010-12-31": "6454.00000", "2009-12-31": "5003.00000", "2008-12-31": "4311.50700", "2007-12-31": "4591.74100", "2006-12-31": "3577.22900", "2005-12-31": "2227.89800"}, "Property, Plant, And Equipment": {"2020-12-31": "1902.00000", "2019-12-31": "1828.00000", "2018-12-31": "921.00000", "2017-12-31": "829.00000", "2016-12-31": "733.00000", "2015-12-31": "675.00000", "2014-12-31": "615.00000", "2013-12-31": "526.00000", "2012-12-31": "472.00000", "2011-12-31": "449.00000", "2010-12-31": "439.00000", "2009-12-31": "449.00000", "2008-12-31": "306.79800", "2007-12-31": "290.20000", "2006-12-31": "252.73100", "2005-12-31": "230.61400"}, "Long-Term Investments": {"2020-12-31": "", "2019-12-31": "", "2018-12-31": "", "2017-12-31": "", "2016-12-31": "", "2015-12-31": "", "2014-12-31": "", "2013-12-31": "", "2012-12-31": "", "2011-12-31": "", "2010-12-31": "142.00000", "2009-12-31": "518.00000", "2008-12-31": "229.21000", "2007-12-31": "192.48900", "2006-12-31": "193.47700", "2005-12-31": "194.40300"}, "Goodwill And Intangible Assets": {"2020-12-31": "6713.00000", "2019-12-31": "5438.00000", "2018-12-31": "3895.00000", "2017-12-31": "4155.00000", "2016-12-31": "2478.00000", "2015-12-31": "2694.00000", "2014-12-31": "2236.00000", "2013-12-31": "1794.00000", "2012-12-31": "1764.00000", "2011-12-31": "1679.00000", "2010-12-31": "1207.00000", "2009-12-31": "724.00000", "2008-12-31": "692.27500", "2007-12-31": "560.38400", "2006-12-31": "488.38600", "2005-12-31": "470.55500"}, "Other Long-Term Assets": {"2020-12-31": "5365.00000", "2019-12-31": "4525.00000", "2018-12-31": "3303.00000", "2017-12-31": "2298.00000", "2016-12-31": "1929.00000", "2015-12-31": "1580.00000", "2014-12-31": "1385.00000", "2013-12-31": "902.00000", "2012-12-31": "809.00000", "2011-12-31": "736.00000", "2010-12-31": "590.00000", "2009-12-31": "512.00000", "2008-12-31": "368.49200", "2007-12-31": "362.08400", "2006-12-31": "353.86500", "2005-12-31": "352.04000"}, "Total Long-Term Assets": {"2020-12-31": "14471.00000", "2019-12-31": "12334.00000", "2018-12-31": "8689.00000", "2017-12-31": "7532.00000", "2016-12-31": "5447.00000", "2015-12-31": "5266.00000", "2014-12-31": "4332.00000", "2013-12-31": "3292.00000", "2012-12-31": "3105.00000", "2011-12-31": "2952.00000", "2010-12-31": "2383.00000", "2009-12-31": "2467.00000", "2008-12-31": "2164.34200", "2007-12-31": "1668.30000", "2006-12-31": "1505.24100", "2005-12-31": "1472.64600"}, "Total Assets": {"2020-12-31": "33584.00000", "2019-12-31": "29236.00000", "2018-12-31": "24860.00000", "2017-12-31": "21329.00000", "2016-12-31": "18675.00000", "2015-12-31": "16250.00000", "2014-12-31": "15329.00000", "2013-12-31": "14242.00000", "2012-12-31": "12462.00000", "2011-12-31": "10693.00000", "2010-12-31": "8837.00000", "2009-12-31": "7470.00000", "2008-12-31": "6475.84900", "2007-12-31": "6260.04100", "2006-12-31": "5082.47000", "2005-12-31": "3700.54400"}, "Total Current Liabilities": {"2020-12-31": "11847.00000", "2019-12-31": "11904.00000", "2018-12-31": "11593.00000", "2017-12-31": "8793.00000", "2016-12-31": "7206.00000", "2015-12-31": "6269.00000", "2014-12-31": "6222.00000", "2013-12-31": "6032.00000", "2012-12-31": "4906.00000", "2011-12-31": "4217.00000", "2010-12-31": "3143.00000", "2009-12-31": "3167.00000", "2008-12-31": "2990.45100", "2007-12-31": "2363.34200", "2006-12-31": "1811.59000", "2005-12-31": "1556.70300"}, "Long Term Debt": {"2020-12-31": "12023.00000", "2019-12-31": "8527.00000", "2018-12-31": "5834.00000", "2017-12-31": "5424.00000", "2016-12-31": "5180.00000", "2015-12-31": "3268.00000", "2014-12-31": "1494.00000", "2013-12-31": "", "2012-12-31": "", "2011-12-31": "", "2010-12-31": "", "2009-12-31": "22.00000", "2008-12-31": "19.38700", "2007-12-31": "149.82400", "2006-12-31": "229.66800", "2005-12-31": "229.48900"}, "Other Non-Current Liabilities": {"2020-12-31": "3111.00000", "2019-12-31": "2729.00000", "2018-12-31": "1877.00000", "2017-12-31": "1438.00000", "2016-12-31": "524.00000", "2015-12-31": "572.00000", "2014-12-31": "674.00000", "2013-12-31": "598.00000", "2012-12-31": "523.00000", "2011-12-31": "486.00000", "2010-12-31": "404.00000", "2009-12-31": "689.00000", "2008-12-31": "1459.51800", "2007-12-31": "643.67000", "2006-12-31": "606.03500", "2005-12-31": "679.39600"}, "Total Long Term Liabilities": {"2020-12-31": "15249.00000", "2019-12-31": "11415.00000", "2018-12-31": "7849.00000", "2017-12-31": "7039.00000", "2016-12-31": "5785.00000", "2015-12-31": "3919.00000", "2014-12-31": "2283.00000", "2013-12-31": "715.00000", "2012-12-31": "627.00000", "2011-12-31": "599.00000", "2010-12-31": "478.00000", "2009-12-31": "791.00000", "2008-12-31": "1553.42300", "2007-12-31": "869.39200", "2006-12-31": "906.52100", "2005-12-31": "974.69300"}, "Total Liabilities": {"2020-12-31": "27096.00000", "2019-12-31": "23319.00000", "2018-12-31": "19442.00000", "2017-12-31": "15832.00000", "2016-12-31": "12991.00000", "2015-12-31": "10188.00000", "2014-12-31": "8505.00000", "2013-12-31": "6747.00000", "2012-12-31": "5533.00000", "2011-12-31": "4816.00000", "2010-12-31": "3621.00000", "2009-12-31": "3958.00000", "2008-12-31": "4543.87400", "2007-12-31": "3232.73400", "2006-12-31": "2718.11100", "2005-12-31": "2531.39600"}, "Common Stock Net": {"2020-12-31": "", "2019-12-31": "", "2018-12-31": "", "2017-12-31": "", "2016-12-31": "", "2015-12-31": "", "2014-12-31": "", "2013-12-31": "", "2012-12-31": "", "2011-12-31": "", "2010-12-31": "", "2009-12-31": "", "2008-12-31": "0.01400", "2007-12-31": "0.01400", "2006-12-31": "0.01400", "2005-12-31": "0.01400"}, "Retained Earnings (Accumulated Deficit)": {"2020-12-31": "38747.00000", "2019-12-31": "33984.00000", "2018-12-31": "27283.00000", "2017-12-31": "22364.00000", "2016-12-31": "19418.00000", "2015-12-31": "16222.00000", "2014-12-31": "13169.00000", "2013-12-31": "10121.00000", "2012-12-31": "7354.00000", "2011-12-31": "4745.00000", "2010-12-31": "2915.00000", "2009-12-31": "1148.00000", "2008-12-31": "-236.10000", "2007-12-31": "37.69900", "2006-12-31": "-1029.19600", "2005-12-31": "145.51500"}, "Comprehensive Income": {"2020-12-31": "-680.00000", "2019-12-31": "-673.00000", "2018-12-31": "-718.00000", "2017-12-31": "-497.00000", "2016-12-31": "-924.00000", "2015-12-31": "-676.00000", "2014-12-31": "-260.00000", "2013-12-31": "178.00000", "2012-12-31": "61.00000", "2011-12-31": "-2.00000", "2010-12-31": "95.00000", "2009-12-31": "194.00000", "2008-12-31": "108.83700", "2007-12-31": "277.74600", "2006-12-31": "103.66200", "2005-12-31": "49.01400"}, "Other Share Holders Equity": {"2020-12-31": "", "2019-12-31": "", "2018-12-31": "", "2017-12-31": "", "2016-12-31": "", "2015-12-31": "", "2014-12-31": "", "2013-12-31": "", "2012-12-31": "", "2011-12-31": "", "2010-12-31": "", "2009-12-31": "", "2008-12-31": "", "2007-12-31": "", "2006-12-31": "", "2005-12-31": ""}, "Share Holder Equity": {"2020-12-31": "6488.00000", "2019-12-31": "5917.00000", "2018-12-31": "5418.00000", "2017-12-31": "5497.00000", "2016-12-31": "5684.00000", "2015-12-31": "6062.00000", "2014-12-31": "6824.00000", "2013-12-31": "7495.00000", "2012-12-31": "6929.00000", "2011-12-31": "5877.00000", "2010-12-31": "5216.00000", "2009-12-31": "3512.00000", "2008-12-31": "1931.97500", "2007-12-31": "3027.30700", "2006-12-31": "2364.35900", "2005-12-31": "1169.14800"}, "Total Liabilities And Share Holders Equity": {"2020-12-31": "33584.00000", "2019-12-31": "29236.00000", "2018-12-31": "24860.00000", "2017-12-31": "21329.00000", "2016-12-31": "18675.00000", "2015-12-31": "16250.00000", "2014-12-31": "15329.00000", "2013-12-31": "14242.00000", "2012-12-31": "12462.00000", "2011-12-31": "10693.00000", "2010-12-31": "8837.00000", "2009-12-31": "7470.00000", "2008-12-31": "6475.84900", "2007-12-31": "6260.04100", "2006-12-31": "5082.47000", "2005-12-31": "3700.54400"}}, "balance sheet, quarterly": {"Cash On Hand": {"2020-12-31": "11182.00000", "2020-09-30": "11211.00000", "2020-06-30": "12114.00000", "2020-03-31": "11271.00000", "2019-12-31": "8260.00000", "2019-09-30": "6518.00000", "2019-06-30": "7162.00000", "2019-03-31": "7836.00000", "2018-12-31": "8931.00000", "2018-09-30": "9043.00000", "2018-06-30": "8294.00000", "2018-03-31": "8816.00000", "2017-12-31": "8328.00000", "2017-09-30": "7968.00000", "2017-06-30": "7503.00000", "2017-03-31": "8203.00000", "2016-12-31": "8878.00000", "2016-09-30": "7522.00000", "2016-06-30": "6989.00000", "2016-03-31": "6750.00000", "2015-12-31": "7279.00000", "2015-09-30": "5650.00000", "2015-06-30": "5618.00000", "2015-03-31": "6336.00000", "2014-12-31": "6915.00000", "2014-09-30": "6859.00000", "2014-06-30": "6254.00000", "2014-03-31": "7102.00000", "2013-12-31": "7018.00000", "2013-09-30": "6734.00000", "2013-06-30": "5814.00000", "2013-03-31": "5744.00000", "2012-12-31": "5729.00000", "2012-09-30": "5639.00000", "2012-06-30": "4956.00000", "2012-03-31": "5141.00000", "2011-12-31": "4949.00000", "2011-09-30": "4392.00000", "2011-06-30": "3604.00000", "2011-03-31": "3939.00000", "2010-12-31": "4198.00000", "2010-09-30": "4143.00000", "2010-06-30": "3453.00000", "2010-03-31": "3101.00000", "2009-12-31": "2879.00000", "2009-09-30": "2946.06900", "2009-06-30": "2653.59700", "2009-03-31": "2275.86100", "2008-12-31": "2093.25500", "2008-09-30": "2905.10200", "2008-06-30": "2488.23400", "2008-03-31": "2662.74900", "2007-12-31": "2969.98200", "2007-09-30": "3277.79100", "2007-06-30": "2830.58500", "2007-03-31": "2509.16900", "2006-12-31": "2483.92100", "2006-09-30": "2324.41400", "2006-06-30": "2081.27200", "2006-03-31": "1306.97600", "2005-12-31": "1281.89200", "2005-09-30": "1391.55800", "2005-06-30": "1262.73800", "2005-03-31": "1084.74800"}, "Receivables": {"2020-12-31": "2646.00000", "2020-09-30": "2357.00000", "2020-06-30": "2147.00000", "2020-03-31": "2441.00000", "2019-12-31": "2514.00000", "2019-09-30": "2500.00000", "2019-06-30": "2607.00000", "2019-03-31": "2577.00000", "2018-12-31": "2276.00000", "2018-09-30": "2277.00000", "2018-06-30": "2164.00000", "2018-03-31": "2122.00000", "2017-12-31": "1969.00000", "2017-09-30": "1858.00000", "2017-06-30": "1708.00000", "2017-03-31": "1553.00000", "2016-12-31": "1416.00000", "2016-09-30": "1298.00000", "2016-06-30": "1203.00000", "2016-03-31": "1186.00000", "2015-12-31": "1079.00000", "2015-09-30": "1081.00000", "2015-06-30": "1128.00000", "2015-03-31": "1072.00000", "2014-12-31": "1109.00000", "2014-09-30": "1071.00000", "2014-06-30": "1134.00000", "2014-03-31": "995.00000", "2013-12-31": "966.00000", "2013-09-30": "990.00000", "2013-06-30": "949.00000", "2013-03-31": "941.00000", "2012-12-31": "925.00000", "2012-09-30": "912.00000", "2012-06-30": "844.00000", "2012-03-31": "812.00000", "2011-12-31": "808.00000", "2011-09-30": "763.00000", "2011-06-30": "713.00000", "2011-03-31": "642.00000", "2010-12-31": "650.00000", "2010-09-30": "580.00000", "2010-06-30": "517.00000", "2010-03-31": "505.00000", "2009-12-31": "536.00000", "2009-09-30": "503.47200", "2009-06-30": "545.25500", "2009-03-31": "533.65400", "2008-12-31": "837.79000", "2008-09-30": "867.22900", "2008-06-30": "575.49300", "2008-03-31": "527.06500", "2007-12-31": "532.63300", "2007-09-30": "536.40100", "2007-06-30": "480.93900", "2007-03-31": "450.37200", "2006-12-31": "451.26100", "2006-09-30": "444.94600", "2006-06-30": "410.32100", "2006-03-31": "324.47300", "2005-12-31": "347.75400", "2005-09-30": "368.59400", "2005-06-30": "324.58900", "2005-03-31": "299.32000"}, "Inventory": {"2020-12-31": "", "2020-09-30": "", "2020-06-30": "", "2020-03-31": "", "2019-12-31": "", "2019-09-30": "", "2019-06-30": "", "2019-03-31": "", "2018-12-31": "", "2018-09-30": "", "2018-06-30": "", "2018-03-31": "", "2017-12-31": "", "2017-09-30": "", "2017-06-30": "", "2017-03-31": "", "2016-12-31": "", "2016-09-30": "", "2016-06-30": "", "2016-03-31": "", "2015-12-31": "", "2015-09-30": "", "2015-06-30": "", "2015-03-31": "", "2014-12-31": "", "2014-09-30": "", "2014-06-30": "", "2014-03-31": "", "2013-12-31": "", "2013-09-30": "", "2013-06-30": "", "2013-03-31": "", "2012-12-31": "", "2012-09-30": "", "2012-06-30": "", "2012-03-31": "", "2011-12-31": "", "2011-09-30": "", "2011-06-30": "", "2011-03-31": "", "2010-12-31": "", "2010-09-30": "", "2010-06-30": "", "2010-03-31": "", "2009-12-31": "", "2009-09-30": "", "2009-06-30": "", "2009-03-31": "", "2008-12-31": "", "2008-09-30": "", "2008-06-30": "", "2008-03-31": "", "2007-12-31": "", "2007-09-30": "", "2007-06-30": "", "2007-03-31": "", "2006-12-31": "", "2006-09-30": "", "2006-06-30": "", "2006-03-31": "", "2005-12-31": "", "2005-09-30": "", "2005-06-30": "", "2005-03-31": ""}, "Pre-Paid Expenses": {"2020-12-31": "1883.00000", "2020-09-30": "1958.00000", "2020-06-30": "1790.00000", "2020-03-31": "1729.00000", "2019-12-31": "1763.00000", "2019-09-30": "1933.00000", "2019-06-30": "1786.00000", "2019-03-31": "1513.00000", "2018-12-31": "1432.00000", "2018-09-30": "1375.00000", "2018-06-30": "1323.00000", "2018-03-31": "1273.00000", "2017-12-31": "1040.00000", "2017-09-30": "1180.00000", "2017-06-30": "1067.00000", "2017-03-31": "1060.00000", "2016-12-31": "850.00000", "2016-09-30": "822.00000", "2016-06-30": "865.00000", "2016-03-31": "713.00000", "2015-12-31": "663.00000", "2015-09-30": "843.00000", "2015-06-30": "903.00000", "2015-03-31": "644.00000", "2014-12-31": "671.00000", "2014-09-30": "602.00000", "2014-06-30": "641.00000", "2014-03-31": "552.00000", "2013-12-31": "471.00000", "2013-09-30": "502.00000", "2013-06-30": "565.00000", "2013-03-31": "488.00000", "2012-12-31": "681.00000", "2012-09-30": "575.00000", "2012-06-30": "592.00000", "2012-03-31": "510.00000", "2011-12-31": "404.00000", "2011-09-30": "280.00000", "2011-06-30": "401.00000", "2011-03-31": "265.00000", "2010-12-31": "400.00000", "2010-09-30": "305.00000", "2010-06-30": "332.00000", "2010-03-31": "278.00000", "2009-12-31": "313.00000", "2009-09-30": "268.21300", "2009-06-30": "284.64700", "2009-03-31": "206.57200", "2008-12-31": "213.61200", "2008-09-30": "261.33400", "2008-06-30": "203.66300", "2008-03-31": "188.34500", "2007-12-31": "156.25800", "2007-09-30": "167.36300", "2007-06-30": "169.20000", "2007-03-31": "163.54100", "2006-12-31": "130.84900", "2006-09-30": "153.86600", "2006-06-30": "185.57700", "2006-03-31": "194.12800", "2005-12-31": "167.20900", "2005-09-30": "142.77700", "2005-06-30": "106.29300", "2005-03-31": "111.77800"}, "Other Current Assets": {"2020-12-31": "3402.00000", "2020-09-30": "2943.00000", "2020-06-30": "3330.00000", "2020-03-31": "2682.00000", "2019-12-31": "4365.00000", "2019-09-30": "3896.00000", "2019-06-30": "2610.00000", "2019-03-31": "2470.00000", "2018-12-31": "3532.00000", "2018-09-30": "2369.00000", "2018-06-30": "2524.00000", "2018-03-31": "2496.00000", "2017-12-31": "2460.00000", "2017-09-30": "2225.00000", "2017-06-30": "2264.00000", "2017-03-31": "2069.00000", "2016-12-31": "2084.00000", "2016-09-30": "2134.00000", "2016-06-30": "1941.00000", "2016-03-31": "1957.00000", "2015-12-31": "1963.00000", "2015-09-30": "1783.00000", "2015-06-30": "2274.00000", "2015-03-31": "2023.00000", "2014-12-31": "2002.00000", "2014-09-30": "2141.00000", "2014-06-30": "2261.00000", "2014-03-31": "2389.00000", "2013-12-31": "2262.00000", "2013-09-30": "2211.00000", "2013-06-30": "1508.00000", "2013-03-31": "1482.00000", "2012-12-31": "1894.00000", "2012-09-30": "1590.00000", "2012-06-30": "1533.00000", "2012-03-31": "1303.00000", "2011-12-31": "1237.00000", "2011-09-30": "1223.00000", "2011-06-30": "1159.00000", "2011-03-31": "1053.00000", "2010-12-31": "990.00000", "2010-09-30": "952.00000", "2010-06-30": "970.00000", "2010-03-31": "946.00000", "2009-12-31": "1031.00000", "2009-09-30": "756.94600", "2009-06-30": "943.93900", "2009-03-31": "833.23600", "2008-12-31": "883.05500", "2008-09-30": "808.03400", "2008-06-30": "936.44900", "2008-03-31": "1046.27000", "2007-12-31": "888.34300", "2007-09-30": "499.77500", "2007-06-30": "507.81000", "2007-03-31": "485.46500", "2006-12-31": "511.19800", "2006-09-30": "435.22000", "2006-06-30": "484.59800", "2006-03-31": "420.49200", "2005-12-31": "431.04300", "2005-09-30": "348.64400", "2005-06-30": "345.08100", "2005-03-31": "424.03500"}, "Total Current Assets": {"2020-12-31": "19113.00000", "2020-09-30": "18469.00000", "2020-06-30": "19381.00000", "2020-03-31": "18123.00000", "2019-12-31": "16902.00000", "2019-09-30": "14847.00000", "2019-06-30": "14165.00000", "2019-03-31": "14396.00000", "2018-12-31": "16171.00000", "2018-09-30": "15064.00000", "2018-06-30": "14305.00000", "2018-03-31": "14707.00000", "2017-12-31": "13797.00000", "2017-09-30": "13231.00000", "2017-06-30": "12542.00000", "2017-03-31": "12885.00000", "2016-12-31": "13228.00000", "2016-09-30": "11776.00000", "2016-06-30": "10998.00000", "2016-03-31": "10606.00000", "2015-12-31": "10984.00000", "2015-09-30": "9625.00000", "2015-06-30": "10217.00000", "2015-03-31": "10348.00000", "2014-12-31": "10997.00000", "2014-09-30": "10956.00000", "2014-06-30": "10577.00000", "2014-03-31": "11342.00000", "2013-12-31": "10950.00000", "2013-09-30": "10559.00000", "2013-06-30": "8962.00000", "2013-03-31": "8783.00000", "2012-12-31": "9357.00000", "2012-09-30": "9072.00000", "2012-06-30": "8283.00000", "2012-03-31": "8113.00000", "2011-12-31": "7741.00000", "2011-09-30": "6753.00000", "2011-06-30": "6011.00000", "2011-03-31": "6073.00000", "2010-12-31": "6454.00000", "2010-09-30": "6233.00000", "2010-06-30": "5543.00000", "2010-03-31": "5106.00000", "2009-12-31": "5003.00000", "2009-09-30": "4752.66700", "2009-06-30": "4690.20200", "2009-03-31": "4106.90000", "2008-12-31": "4311.50700", "2008-09-30": "5070.64300", "2008-06-30": "4399.63700", "2008-03-31": "4424.42900", "2007-12-31": "4591.74100", "2007-09-30": "4481.33000", "2007-06-30": "3988.53400", "2007-03-31": "3608.54700", "2006-12-31": "3577.22900", "2006-09-30": "3358.44600", "2006-06-30": "3161.76800", "2006-03-31": "2246.06900", "2005-12-31": "2227.89800", "2005-09-30": "2251.57300", "2005-06-30": "2038.70100", "2005-03-31": "1919.88100"}, "Property, Plant, And Equipment": {"2020-12-31": "1902.00000", "2020-09-30": "1887.00000", "2020-06-30": "1872.00000", "2020-03-31": "1901.00000", "2019-12-31": "1828.00000", "2019-09-30": "1492.00000", "2019-06-30": "1348.00000", "2019-03-31": "1305.00000", "2018-12-31": "921.00000", "2018-09-30": "876.00000", "2018-06-30": "860.00000", "2018-03-31": "839.00000", "2017-12-31": "829.00000", "2017-09-30": "901.00000", "2017-06-30": "845.00000", "2017-03-31": "748.00000", "2016-12-31": "733.00000", "2016-09-30": "698.00000", "2016-06-30": "680.00000", "2016-03-31": "669.00000", "2015-12-31": "675.00000", "2015-09-30": "641.00000", "2015-06-30": "632.00000", "2015-03-31": "602.00000", "2014-12-31": "615.00000", "2014-09-30": "553.00000", "2014-06-30": "539.00000", "2014-03-31": "528.00000", "2013-12-31": "526.00000", "2013-09-30": "474.00000", "2013-06-30": "471.00000", "2013-03-31": "468.00000", "2012-12-31": "472.00000", "2012-09-30": "465.00000", "2012-06-30": "458.00000", "2012-03-31": "450.00000", "2011-12-31": "449.00000", "2011-09-30": "450.00000", "2011-06-30": "454.00000", "2011-03-31": "436.00000", "2010-12-31": "439.00000", "2010-09-30": "433.00000", "2010-06-30": "435.00000", "2010-03-31": "433.00000", "2009-12-31": "449.00000", "2009-09-30": "450.91500", "2009-06-30": "456.75000", "2009-03-31": "454.22700", "2008-12-31": "306.79800", "2008-09-30": "299.79100", "2008-06-30": "297.17800", "2008-03-31": "292.74800", "2007-12-31": "290.20000", "2007-09-30": "280.37000", "2007-06-30": "269.98500", "2007-03-31": "258.03200", "2006-12-31": "252.73100", "2006-09-30": "240.31500", "2006-06-30": "227.90000", "2006-03-31": "226.76400", "2005-12-31": "230.61400", "2005-09-30": "227.87900", "2005-06-30": "230.72000", "2005-03-31": "233.68200"}, "Long-Term Investments": {"2020-12-31": "", "2020-09-30": "", "2020-06-30": "", "2020-03-31": "", "2019-12-31": "", "2019-09-30": "", "2019-06-30": "", "2019-03-31": "", "2018-12-31": "", "2018-09-30": "", "2018-06-30": "", "2018-03-31": "", "2017-12-31": "", "2017-09-30": "", "2017-06-30": "", "2017-03-31": "", "2016-12-31": "", "2016-09-30": "", "2016-06-30": "", "2016-03-31": "", "2015-12-31": "", "2015-09-30": "", "2015-06-30": "", "2015-03-31": "", "2014-12-31": "", "2014-09-30": "", "2014-06-30": "", "2014-03-31": "", "2013-12-31": "", "2013-09-30": "", "2013-06-30": "", "2013-03-31": "", "2012-12-31": "", "2012-09-30": "", "2012-06-30": "", "2012-03-31": "", "2011-12-31": "", "2011-09-30": "114.00000", "2011-06-30": "117.00000", "2011-03-31": "129.00000", "2010-12-31": "142.00000", "2010-09-30": "154.00000", "2010-06-30": "170.00000", "2010-03-31": "359.00000", "2009-12-31": "518.00000", "2009-09-30": "232.75000", "2009-06-30": "223.91000", "2009-03-31": "228.14900", "2008-12-31": "229.21000", "2008-09-30": "256.46500", "2008-06-30": "416.16500", "2008-03-31": "428.66800", "2007-12-31": "192.48900", "2007-09-30": "192.48800", "2007-06-30": "192.98900", "2007-03-31": "192.98900", "2006-12-31": "193.47700", "2006-09-30": "193.46500", "2006-06-30": "193.94000", "2006-03-31": "193.94000", "2005-12-31": "194.40300", "2005-09-30": "194.40300", "2005-06-30": "194.85500", "2005-03-31": "194.85500"}, "Goodwill And Intangible Assets": {"2020-12-31": "6713.00000", "2020-09-30": "5666.00000", "2020-06-30": "5561.00000", "2020-03-31": "5517.00000", "2019-12-31": "5438.00000", "2019-09-30": "5034.00000", "2019-06-30": "4756.00000", "2019-03-31": "3969.00000", "2018-12-31": "3895.00000", "2018-09-30": "3973.00000", "2018-06-30": "4017.00000", "2018-03-31": "4222.00000", "2017-12-31": "4155.00000", "2017-09-30": "4162.00000", "2017-06-30": "3885.00000", "2017-03-31": "2477.00000", "2016-12-31": "2478.00000", "2016-09-30": "2561.00000", "2016-06-30": "2596.00000", "2016-03-31": "2674.00000", "2015-12-31": "2694.00000", "2015-09-30": "2727.00000", "2015-06-30": "2802.00000", "2015-03-31": "2117.00000", "2014-12-31": "2236.00000", "2014-09-30": "2161.00000", "2014-06-30": "2286.00000", "2014-03-31": "2009.00000", "2013-12-31": "1794.00000", "2013-09-30": "1756.00000", "2013-06-30": "1687.00000", "2013-03-31": "1679.00000", "2012-12-31": "1764.00000", "2012-09-30": "1763.00000", "2012-06-30": "1665.00000", "2012-03-31": "1724.00000", "2011-12-31": "1679.00000", "2011-09-30": "1709.00000", "2011-06-30": "1768.00000", "2011-03-31": "1249.00000", "2010-12-31": "1207.00000", "2010-09-30": "709.00000", "2010-06-30": "657.00000", "2010-03-31": "701.00000", "2009-12-31": "724.00000", "2009-09-30": "724.96300", "2009-06-30": "697.70900", "2009-03-31": "656.78900", "2008-12-31": "692.27500", "2008-09-30": "610.26100", "2008-06-30": "634.53800", "2008-03-31": "601.36000", "2007-12-31": "560.38400", "2007-09-30": "536.98700", "2007-06-30": "508.83200", "2007-03-31": "502.09700", "2006-12-31": "488.38600", "2006-09-30": "478.99600", "2006-06-30": "480.44100", "2006-03-31": "472.39300", "2005-12-31": "470.55500", "2005-09-30": "486.41100", "2005-06-30": "489.57800", "2005-03-31": "521.80100"}, "Other Long-Term Assets": {"2020-12-31": "5365.00000", "2020-09-30": "4965.00000", "2020-06-30": "4740.00000", "2020-03-31": "4557.00000", "2019-12-31": "4525.00000", "2019-09-30": "4090.00000", "2019-06-30": "3984.00000", "2019-03-31": "3346.00000", "2018-12-31": "3303.00000", "2018-09-30": "2925.00000", "2018-06-30": "2894.00000", "2018-03-31": "2826.00000", "2017-12-31": "2298.00000", "2017-09-30": "2195.00000", "2017-06-30": "2192.00000", "2017-03-31": "2147.00000", "2016-12-31": "1929.00000", "2016-09-30": "1961.00000", "2016-06-30": "1671.00000", "2016-03-31": "1603.00000", "2015-12-31": "1580.00000", "2015-09-30": "1619.00000", "2015-06-30": "1589.00000", "2015-03-31": "1490.00000", "2014-12-31": "1385.00000", "2014-09-30": "887.00000", "2014-06-30": "887.00000", "2014-03-31": "858.00000", "2013-12-31": "902.00000", "2013-09-30": "852.00000", "2013-06-30": "816.00000", "2013-03-31": "820.00000", "2012-12-31": "809.00000", "2012-09-30": "719.00000", "2012-06-30": "718.00000", "2012-03-31": "751.00000", "2011-12-31": "736.00000", "2011-09-30": "625.00000", "2011-06-30": "652.00000", "2011-03-31": "602.00000", "2010-12-31": "590.00000", "2010-09-30": "535.00000", "2010-06-30": "496.00000", "2010-03-31": "505.00000", "2009-12-31": "512.00000", "2009-09-30": "419.27200", "2009-06-30": "413.20100", "2009-03-31": "415.90900", "2008-12-31": "368.49200", "2008-09-30": "381.33400", "2008-06-30": "380.03700", "2008-03-31": "392.89900", "2007-12-31": "362.08400", "2007-09-30": "353.65800", "2007-06-30": "367.87200", "2007-03-31": "370.05400", "2006-12-31": "353.86500", "2006-09-30": "360.85100", "2006-06-30": "348.80500", "2006-03-31": "354.68400", "2005-12-31": "352.04000", "2005-09-30": "235.36300", "2005-06-30": "144.91400", "2005-03-31": "143.46400"}, "Total Long-Term Assets": {"2020-12-31": "14471.00000", "2020-09-30": "13125.00000", "2020-06-30": "12746.00000", "2020-03-31": "12525.00000", "2019-12-31": "12334.00000", "2019-09-30": "11134.00000", "2019-06-30": "10566.00000", "2019-03-31": "9124.00000", "2018-12-31": "8689.00000", "2018-09-30": "8276.00000", "2018-06-30": "8166.00000", "2018-03-31": "8237.00000", "2017-12-31": "7532.00000", "2017-09-30": "7683.00000", "2017-06-30": "7297.00000", "2017-03-31": "5685.00000", "2016-12-31": "5447.00000", "2016-09-30": "5547.00000", "2016-06-30": "5284.00000", "2016-03-31": "5299.00000", "2015-12-31": "5266.00000", "2015-09-30": "5009.00000", "2015-06-30": "5055.00000", "2015-03-31": "4285.00000", "2014-12-31": "4332.00000", "2014-09-30": "3703.00000", "2014-06-30": "3798.00000", "2014-03-31": "3460.00000", "2013-12-31": "3292.00000", "2013-09-30": "3171.00000", "2013-06-30": "3059.00000", "2013-03-31": "3026.00000", "2012-12-31": "3105.00000", "2012-09-30": "3048.00000", "2012-06-30": "2957.00000", "2012-03-31": "3018.00000", "2011-12-31": "2952.00000", "2011-09-30": "2921.00000", "2011-06-30": "3014.00000", "2011-03-31": "2429.00000", "2010-12-31": "2383.00000", "2010-09-30": "1933.00000", "2010-06-30": "1889.00000", "2010-03-31": "2180.00000", "2009-12-31": "2467.00000", "2009-09-30": "2186.68100", "2009-06-30": "2293.73100", "2009-03-31": "2308.41200", "2008-12-31": "2164.34200", "2008-09-30": "2202.33200", "2008-06-30": "2460.53800", "2008-03-31": "2001.17800", "2007-12-31": "1668.30000", "2007-09-30": "1653.65000", "2007-06-30": "1618.01500", "2007-03-31": "1597.60600", "2006-12-31": "1505.24100", "2006-09-30": "1513.50400", "2006-06-30": "1480.17100", "2006-03-31": "1464.89200", "2005-12-31": "1472.64600", "2005-09-30": "1418.78900", "2005-06-30": "1309.22300", "2005-03-31": "1327.16800"}, "Total Assets": {"2020-12-31": "33584.00000", "2020-09-30": "31594.00000", "2020-06-30": "32127.00000", "2020-03-31": "30648.00000", "2019-12-31": "29236.00000", "2019-09-30": "25981.00000", "2019-06-30": "24731.00000", "2019-03-31": "23520.00000", "2018-12-31": "24860.00000", "2018-09-30": "23340.00000", "2018-06-30": "22471.00000", "2018-03-31": "22944.00000", "2017-12-31": "21329.00000", "2017-09-30": "20914.00000", "2017-06-30": "19839.00000", "2017-03-31": "18570.00000", "2016-12-31": "18675.00000", "2016-09-30": "17323.00000", "2016-06-30": "16282.00000", "2016-03-31": "15905.00000", "2015-12-31": "16250.00000", "2015-09-30": "14634.00000", "2015-06-30": "15272.00000", "2015-03-31": "14633.00000", "2014-12-31": "15329.00000", "2014-09-30": "14659.00000", "2014-06-30": "14375.00000", "2014-03-31": "14802.00000", "2013-12-31": "14242.00000", "2013-09-30": "13730.00000", "2013-06-30": "12021.00000", "2013-03-31": "11809.00000", "2012-12-31": "12462.00000", "2012-09-30": "12120.00000", "2012-06-30": "11240.00000", "2012-03-31": "11131.00000", "2011-12-31": "10693.00000", "2011-09-30": "9674.00000", "2011-06-30": "9025.00000", "2011-03-31": "8502.00000", "2010-12-31": "8837.00000", "2010-09-30": "8166.00000", "2010-06-30": "7432.00000", "2010-03-31": "7286.00000", "2009-12-31": "7470.00000", "2009-09-30": "6939.34800", "2009-06-30": "6983.93300", "2009-03-31": "6415.31200", "2008-12-31": "6475.84900", "2008-09-30": "7272.97500", "2008-06-30": "6860.17500", "2008-03-31": "6425.60700", "2007-12-31": "6260.04100", "2007-09-30": "6134.98000", "2007-06-30": "5606.54900", "2007-03-31": "5206.15300", "2006-12-31": "5082.47000", "2006-09-30": "4871.95000", "2006-06-30": "4641.93900", "2006-03-31": "3710.96100", "2005-12-31": "3700.54400", "2005-09-30": "3670.36200", "2005-06-30": "3347.92400", "2005-03-31": "3247.04900"}, "Total Current Liabilities": {"2020-12-31": "11847.00000", "2020-09-30": "9958.00000", "2020-06-30": "9923.00000", "2020-03-31": "9712.00000", "2019-12-31": "11904.00000", "2019-09-30": "10714.00000", "2019-06-30": "9497.00000", "2019-03-31": "10246.00000", "2018-12-31": "11593.00000", "2018-09-30": "9709.00000", "2018-06-30": "9455.00000", "2018-03-31": "8948.00000", "2017-12-31": "8793.00000", "2017-09-30": "7984.00000", "2017-06-30": "7583.00000", "2017-03-31": "7095.00000", "2016-12-31": "7206.00000", "2016-09-30": "7121.00000", "2016-06-30": "6462.00000", "2016-03-31": "6440.00000", "2015-12-31": "6269.00000", "2015-09-30": "5943.00000", "2015-06-30": "6476.00000", "2015-03-31": "5937.00000", "2014-12-31": "6222.00000", "2014-09-30": "5849.00000", "2014-06-30": "5790.00000", "2014-03-31": "5994.00000", "2013-12-31": "6032.00000", "2013-09-30": "5420.00000", "2013-06-30": "4327.00000", "2013-03-31": "4414.00000", "2012-12-31": "4906.00000", "2012-09-30": "4548.00000", "2012-06-30": "4307.00000", "2012-03-31": "4092.00000", "2011-12-31": "4217.00000", "2011-09-30": "3105.00000", "2011-06-30": "2964.00000", "2011-03-31": "2791.00000", "2010-12-31": "3143.00000", "2010-09-30": "2832.00000", "2010-06-30": "2818.00000", "2010-03-31": "2822.00000", "2009-12-31": "3167.00000", "2009-09-30": "2791.33200", "2009-06-30": "2981.61200", "2009-03-31": "2751.30400", "2008-12-31": "2990.45100", "2008-09-30": "3800.38300", "2008-06-30": "2800.57900", "2008-03-31": "2365.23300", "2007-12-31": "2363.34200", "2007-09-30": "1996.74200", "2007-06-30": "1827.61600", "2007-03-31": "1611.74300", "2006-12-31": "1811.59000", "2006-09-30": "1554.68700", "2006-06-30": "1563.42300", "2006-03-31": "1418.23500", "2005-12-31": "1556.70300", "2005-09-30": "1430.79500", "2005-06-30": "1221.57800", "2005-03-31": "1233.83900"}, "Long Term Debt": {"2020-12-31": "12023.00000", "2020-09-30": "12574.00000", "2020-06-30": "12498.00000", "2020-03-31": "12466.00000", "2019-12-31": "8527.00000", "2019-09-30": "7735.00000", "2019-06-30": "7806.00000", "2019-03-31": "5799.00000", "2018-12-31": "5834.00000", "2018-09-30": "5858.00000", "2018-06-30": "5858.00000", "2018-03-31": "6469.00000", "2017-12-31": "5424.00000", "2017-09-30": "5393.00000", "2017-06-30": "5326.00000", "2017-03-31": "5216.00000", "2016-12-31": "5180.00000", "2016-09-30": "3326.00000", "2016-06-30": "3306.00000", "2016-03-31": "3333.00000", "2015-12-31": "3268.00000", "2015-09-30": "1495.00000", "2015-06-30": "1495.00000", "2015-03-31": "1495.00000", "2014-12-31": "1494.00000", "2014-09-30": "1494.00000", "2014-06-30": "1494.00000", "2014-03-31": "1494.00000", "2013-12-31": "", "2013-09-30": "", "2013-06-30": "", "2013-03-31": "", "2012-12-31": "", "2012-09-30": "", "2012-06-30": "", "2012-03-31": "", "2011-12-31": "", "2011-09-30": "", "2011-06-30": "", "2011-03-31": "", "2010-12-31": "", "2010-09-30": "1.00000", "2010-06-30": "19.00000", "2010-03-31": "21.00000", "2009-12-31": "22.00000", "2009-09-30": "21.69000", "2009-06-30": "20.56400", "2009-03-31": "18.40700", "2008-12-31": "19.38700", "2008-09-30": "19.58600", "2008-06-30": "170.63700", "2008-03-31": "149.97400", "2007-12-31": "149.82400", "2007-09-30": "149.74700", "2007-06-30": "149.64700", "2007-03-31": "229.68500", "2006-12-31": "229.66800", "2006-09-30": "229.58800", "2006-06-30": "229.58000", "2006-03-31": "229.55100", "2005-12-31": "229.48900", "2005-09-30": "229.46000", "2005-06-30": "229.47600", "2005-03-31": "229.53600"}, "Other Non-Current Liabilities": {"2020-12-31": "3111.00000", "2020-09-30": "3095.00000", "2020-06-30": "3075.00000", "2020-03-31": "2890.00000", "2019-12-31": "2729.00000", "2019-09-30": "2386.00000", "2019-06-30": "2224.00000", "2019-03-31": "2151.00000", "2018-12-31": "1877.00000", "2018-09-30": "1856.00000", "2018-06-30": "1750.00000", "2018-03-31": "1661.00000", "2017-12-31": "1438.00000", "2017-09-30": "860.00000", "2017-06-30": "842.00000", "2017-03-31": "538.00000", "2016-12-31": "524.00000", "2016-09-30": "545.00000", "2016-06-30": "562.00000", "2016-03-31": "545.00000", "2015-12-31": "572.00000", "2015-09-30": "803.00000", "2015-06-30": "764.00000", "2015-03-31": "765.00000", "2014-12-31": "674.00000", "2014-09-30": "649.00000", "2014-06-30": "652.00000", "2014-03-31": "619.00000", "2013-12-31": "598.00000", "2013-09-30": "549.00000", "2013-06-30": "567.00000", "2013-03-31": "540.00000", "2012-12-31": "523.00000", "2012-09-30": "545.00000", "2012-06-30": "552.00000", "2012-03-31": "548.00000", "2011-12-31": "486.00000", "2011-09-30": "462.00000", "2011-06-30": "450.00000", "2011-03-31": "414.00000", "2010-12-31": "404.00000", "2010-09-30": "392.00000", "2010-06-30": "396.00000", "2010-03-31": "537.00000", "2009-12-31": "689.00000", "2009-09-30": "824.90400", "2009-06-30": "1234.04800", "2009-03-31": "1346.83600", "2008-12-31": "1459.51800", "2008-09-30": "1607.07400", "2008-06-30": "1752.31700", "2008-03-31": "671.48500", "2007-12-31": "643.67000", "2007-09-30": "741.26500", "2007-06-30": "703.64100", "2007-03-31": "692.03700", "2006-12-31": "606.03500", "2006-09-30": "698.79600", "2006-06-30": "662.90200", "2006-03-31": "688.21000", "2005-12-31": "679.39600", "2005-09-30": "707.21700", "2005-06-30": "700.17400", "2005-03-31": "671.95300"}, "Total Long Term Liabilities": {"2020-12-31": "15249.00000", "2020-09-30": "15780.00000", "2020-06-30": "15706.00000", "2020-03-31": "15513.00000", "2019-12-31": "11415.00000", "2019-09-30": "10292.00000", "2019-06-30": "10199.00000", "2019-03-31": "8084.00000", "2018-12-31": "7849.00000", "2018-09-30": "7835.00000", "2018-06-30": "7737.00000", "2018-03-31": "8265.00000", "2017-12-31": "7039.00000", "2017-09-30": "6462.00000", "2017-06-30": "6378.00000", "2017-03-31": "5837.00000", "2016-12-31": "5785.00000", "2016-09-30": "3953.00000", "2016-06-30": "3951.00000", "2016-03-31": "3954.00000", "2015-12-31": "3919.00000", "2015-09-30": "2393.00000", "2015-06-30": "2360.00000", "2015-03-31": "2362.00000", "2014-12-31": "2283.00000", "2014-09-30": "2262.00000", "2014-06-30": "2271.00000", "2014-03-31": "2230.00000", "2013-12-31": "715.00000", "2013-09-30": "642.00000", "2013-06-30": "665.00000", "2013-03-31": "639.00000", "2012-12-31": "627.00000", "2012-09-30": "648.00000", "2012-06-30": "657.00000", "2012-03-31": "660.00000", "2011-12-31": "599.00000", "2011-09-30": "587.00000", "2011-06-30": "580.00000", "2011-03-31": "509.00000", "2010-12-31": "478.00000", "2010-09-30": "483.00000", "2010-06-30": "489.00000", "2010-03-31": "632.00000", "2009-12-31": "791.00000", "2009-09-30": "922.78000", "2009-06-30": "1328.28000", "2009-03-31": "1434.67900", "2008-12-31": "1553.42300", "2008-09-30": "1707.46100", "2008-06-30": "2011.50900", "2008-03-31": "902.43500", "2007-12-31": "869.39200", "2007-09-30": "965.52000", "2007-06-30": "924.93700", "2007-03-31": "993.16390", "2006-12-31": "906.52100", "2006-09-30": "997.07500", "2006-06-30": "961.51000", "2006-03-31": "985.01900", "2005-12-31": "974.69300", "2005-09-30": "1004.14200", "2005-06-30": "997.81800", "2005-03-31": "975.08300"}, "Total Liabilities": {"2020-12-31": "27096.00000", "2020-09-30": "25738.00000", "2020-06-30": "25629.00000", "2020-03-31": "25225.00000", "2019-12-31": "23319.00000", "2019-09-30": "21006.00000", "2019-06-30": "19696.00000", "2019-03-31": "18330.00000", "2018-12-31": "19442.00000", "2018-09-30": "17544.00000", "2018-06-30": "17192.00000", "2018-03-31": "17213.00000", "2017-12-31": "15832.00000", "2017-09-30": "14446.00000", "2017-06-30": "13961.00000", "2017-03-31": "12932.00000", "2016-12-31": "12991.00000", "2016-09-30": "11074.00000", "2016-06-30": "10413.00000", "2016-03-31": "10394.00000", "2015-12-31": "10188.00000", "2015-09-30": "8336.00000", "2015-06-30": "8836.00000", "2015-03-31": "8299.00000", "2014-12-31": "8505.00000", "2014-09-30": "8111.00000", "2014-06-30": "8061.00000", "2014-03-31": "8224.00000", "2013-12-31": "6747.00000", "2013-09-30": "6062.00000", "2013-06-30": "4992.00000", "2013-03-31": "5053.00000", "2012-12-31": "5533.00000", "2012-09-30": "5196.00000", "2012-06-30": "4964.00000", "2012-03-31": "4752.00000", "2011-12-31": "4816.00000", "2011-09-30": "3692.00000", "2011-06-30": "3544.00000", "2011-03-31": "3300.00000", "2010-12-31": "3621.00000", "2010-09-30": "3315.00000", "2010-06-30": "3307.00000", "2010-03-31": "3454.00000", "2009-12-31": "3958.00000", "2009-09-30": "3714.11200", "2009-06-30": "4309.89200", "2009-03-31": "4185.98300", "2008-12-31": "4543.87400", "2008-09-30": "5507.84400", "2008-06-30": "4812.08800", "2008-03-31": "3267.66800", "2007-12-31": "3232.73400", "2007-09-30": "2962.26200", "2007-06-30": "2752.55300", "2007-03-31": "2604.90700", "2006-12-31": "2718.11100", "2006-09-30": "2551.76200", "2006-06-30": "2524.93300", "2006-03-31": "2403.25400", "2005-12-31": "2531.39600", "2005-09-30": "2434.93700", "2005-06-30": "2219.39600", "2005-03-31": "2208.92200"}, "Common Stock Net": {"2020-12-31": "", "2020-09-30": "", "2020-06-30": "", "2020-03-31": "", "2019-12-31": "", "2019-09-30": "", "2019-06-30": "", "2019-03-31": "", "2018-12-31": "", "2018-09-30": "", "2018-06-30": "", "2018-03-31": "", "2017-12-31": "", "2017-09-30": "", "2017-06-30": "", "2017-03-31": "", "2016-12-31": "", "2016-09-30": "", "2016-06-30": "", "2016-03-31": "", "2015-12-31": "", "2015-09-30": "", "2015-06-30": "", "2015-03-31": "", "2014-12-31": "", "2014-09-30": "", "2014-06-30": "", "2014-03-31": "", "2013-12-31": "", "2013-09-30": "", "2013-06-30": "", "2013-03-31": "", "2012-12-31": "", "2012-09-30": "", "2012-06-30": "", "2012-03-31": "", "2011-12-31": "", "2011-09-30": "", "2011-06-30": "", "2011-03-31": "", "2010-12-31": "", "2010-09-30": "", "2010-06-30": "", "2010-03-31": "", "2009-12-31": "", "2009-09-30": "0.01400", "2009-06-30": "0.01400", "2009-03-31": "0.01400", "2008-12-31": "0.01400", "2008-09-30": "0.01400", "2008-06-30": "0.01400", "2008-03-31": "0.01400", "2007-12-31": "0.01400", "2007-09-30": "0.01400", "2007-06-30": "0.01400", "2007-03-31": "0.01400", "2006-12-31": "0.01400", "2006-09-30": "0.01400", "2006-06-30": "0.01400", "2006-03-31": "1.00000", "2005-12-31": "0.01400", "2005-09-30": "1.00000", "2005-06-30": "1.00000", "2005-03-31": "1.00000"}, "Retained Earnings (Accumulated Deficit)": {"2020-12-31": "38747.00000", "2020-09-30": "37403.00000", "2020-06-30": "36288.00000", "2020-03-31": "35273.00000", "2019-12-31": "33984.00000", "2019-09-30": "32289.00000", "2019-06-30": "30517.00000", "2019-03-31": "28806.00000", "2018-12-31": "27283.00000", "2018-09-30": "26726.00000", "2018-06-30": "25086.00000", "2018-03-31": "23852.00000", "2017-12-31": "22364.00000", "2017-09-30": "22401.00000", "2017-06-30": "21205.00000", "2017-03-31": "20263.00000", "2016-12-31": "19418.00000", "2016-09-30": "18722.00000", "2016-06-30": "17746.00000", "2016-03-31": "16972.00000", "2015-12-31": "16222.00000", "2015-09-30": "15543.00000", "2015-06-30": "14746.00000", "2015-03-31": "14006.00000", "2014-12-31": "13169.00000", "2014-09-30": "12553.00000", "2014-06-30": "11666.00000", "2014-03-31": "10861.00000", "2013-12-31": "10121.00000", "2013-09-30": "9630.00000", "2013-06-30": "8823.00000", "2013-03-31": "8047.00000", "2012-12-31": "7354.00000", "2012-09-30": "6786.00000", "2012-06-30": "6052.00000", "2012-03-31": "5389.00000", "2011-12-31": "4745.00000", "2011-09-30": "4745.00000", "2011-06-30": "4047.00000", "2011-03-31": "3457.00000", "2010-12-31": "2915.00000", "2010-09-30": "2520.00000", "2010-06-30": "2022.00000", "2010-03-31": "1583.00000", "2009-12-31": "1148.00000", "2009-09-30": "873.42400", "2009-06-30": "440.90100", "2009-03-31": "111.47700", "2008-12-31": "-236.10000", "2008-09-30": "-475.55900", "2008-06-30": "-282.02000", "2008-03-31": "464.58500", "2007-12-31": "37.69900", "2007-09-30": "-226.36800", "2007-06-30": "-540.83000", "2007-03-31": "-793.11500", "2006-12-31": "-1029.19600", "2006-09-30": "-1070.09800", "2006-06-30": "-1263.10200", "2006-03-31": "272.25900", "2005-12-31": "145.51500", "2005-09-30": "198.42300", "2005-06-30": "92.33800", "2005-03-31": "-27.91000"}, "Comprehensive Income": {"2020-12-31": "-680.00000", "2020-09-30": "-880.00000", "2020-06-30": "-1046.00000", "2020-03-31": "-1079.00000", "2019-12-31": "-673.00000", "2019-09-30": "-858.00000", "2019-06-30": "-730.00000", "2019-03-31": "-673.00000", "2018-12-31": "-718.00000", "2018-09-30": "-670.00000", "2018-06-30": "-632.00000", "2018-03-31": "-373.00000", "2017-12-31": "-497.00000", "2017-09-30": "-542.00000", "2017-06-30": "-699.00000", "2017-03-31": "-863.00000", "2016-12-31": "-924.00000", "2016-09-30": "-717.00000", "2016-06-30": "-697.00000", "2016-03-31": "-620.00000", "2015-12-31": "-676.00000", "2015-09-30": "-536.00000", "2015-06-30": "-493.00000", "2015-03-31": "-639.00000", "2014-12-31": "-260.00000", "2014-09-30": "-92.00000", "2014-06-30": "188.00000", "2014-03-31": "180.00000", "2013-12-31": "178.00000", "2013-09-30": "120.00000", "2013-06-30": "-15.00000", "2013-03-31": "-50.00000", "2012-12-31": "61.00000", "2012-09-30": "34.00000", "2012-06-30": "-47.00000", "2012-03-31": "78.00000", "2011-12-31": "-2.00000", "2011-09-30": "104.00000", "2011-06-30": "247.00000", "2011-03-31": "201.00000", "2010-12-31": "95.00000", "2010-09-30": "141.00000", "2010-06-30": "-72.00000", "2010-03-31": "88.00000", "2009-12-31": "194.00000", "2009-09-30": "209.80500", "2009-06-30": "128.79700", "2009-03-31": "39.51900", "2008-12-31": "108.83700", "2008-09-30": "181.26300", "2008-06-30": "276.01300", "2008-03-31": "287.98100", "2007-12-31": "277.74600", "2007-09-30": "414.70700", "2007-06-30": "126.35500", "2007-03-31": "118.99700", "2006-12-31": "103.66200", "2006-09-30": "93.57400", "2006-06-30": "77.79600", "2006-03-31": "60.82900", "2005-12-31": "49.01400", "2005-09-30": "62.38300", "2005-06-30": "67.82200", "2005-03-31": "97.66900"}, "Other Share Holders Equity": {"2020-12-31": "", "2020-09-30": "", "2020-06-30": "", "2020-03-31": "", "2019-12-31": "", "2019-09-30": "", "2019-06-30": "", "2019-03-31": "", "2018-12-31": "", "2018-09-30": "", "2018-06-30": "", "2018-03-31": "", "2017-12-31": "", "2017-09-30": "", "2017-06-30": "", "2017-03-31": "", "2016-12-31": "", "2016-09-30": "", "2016-06-30": "", "2016-03-31": "", "2015-12-31": "", "2015-09-30": "", "2015-06-30": "", "2015-03-31": "", "2014-12-31": "", "2014-09-30": "", "2014-06-30": "", "2014-03-31": "", "2013-12-31": "", "2013-09-30": "", "2013-06-30": "", "2013-03-31": "", "2012-12-31": "", "2012-09-30": "", "2012-06-30": "", "2012-03-31": "", "2011-12-31": "", "2011-09-30": "", "2011-06-30": "", "2011-03-31": "", "2010-12-31": "", "2010-09-30": "", "2010-06-30": "", "2010-03-31": "", "2009-12-31": "", "2009-09-30": "", "2009-06-30": "", "2009-03-31": "", "2008-12-31": "", "2008-09-30": "", "2008-06-30": "", "2008-03-31": "", "2007-12-31": "", "2007-09-30": "", "2007-06-30": "", "2007-03-31": "", "2006-12-31": "", "2006-09-30": "", "2006-06-30": "", "2006-03-31": "", "2005-12-31": "", "2005-09-30": "", "2005-06-30": "", "2005-03-31": ""}, "Share Holder Equity": {"2020-12-31": "6488.00000", "2020-09-30": "5856.00000", "2020-06-30": "6498.00000", "2020-03-31": "5423.00000", "2019-12-31": "5917.00000", "2019-09-30": "4975.00000", "2019-06-30": "5035.00000", "2019-03-31": "5190.00000", "2018-12-31": "5418.00000", "2018-09-30": "5796.00000", "2018-06-30": "5279.00000", "2018-03-31": "5731.00000", "2017-12-31": "5497.00000", "2017-09-30": "6468.00000", "2017-06-30": "5878.00000", "2017-03-31": "5638.00000", "2016-12-31": "5684.00000", "2016-09-30": "6249.00000", "2016-06-30": "5869.00000", "2016-03-31": "5511.00000", "2015-12-31": "6062.00000", "2015-09-30": "6298.00000", "2015-06-30": "6436.00000", "2015-03-31": "6334.00000", "2014-12-31": "6824.00000", "2014-09-30": "6548.00000", "2014-06-30": "6314.00000", "2014-03-31": "6578.00000", "2013-12-31": "7495.00000", "2013-09-30": "7668.00000", "2013-06-30": "7029.00000", "2013-03-31": "6756.00000", "2012-12-31": "6929.00000", "2012-09-30": "6924.00000", "2012-06-30": "6276.00000", "2012-03-31": "6379.00000", "2011-12-31": "5877.00000", "2011-09-30": "5982.00000", "2011-06-30": "5481.00000", "2011-03-31": "5202.00000", "2010-12-31": "5216.00000", "2010-09-30": "4851.00000", "2010-06-30": "4125.00000", "2010-03-31": "3832.00000", "2009-12-31": "3512.00000", "2009-09-30": "3225.23600", "2009-06-30": "2674.04100", "2009-03-31": "2229.32900", "2008-12-31": "1931.97500", "2008-09-30": "1765.13100", "2008-06-30": "2048.08700", "2008-03-31": "3157.93900", "2007-12-31": "3027.30700", "2007-09-30": "3172.71800", "2007-06-30": "2853.99600", "2007-03-31": "2601.24600", "2006-12-31": "2364.35900", "2006-09-30": "2320.18800", "2006-06-30": "2117.00600", "2006-03-31": "1307.70700", "2005-12-31": "1169.14800", "2005-09-30": "1235.42500", "2005-06-30": "1128.52800", "2005-03-31": "1038.12700"}, "Total Liabilities And Share Holders Equity": {"2020-12-31": "33584.00000", "2020-09-30": "31594.00000", "2020-06-30": "32127.00000", "2020-03-31": "30648.00000", "2019-12-31": "29236.00000", "2019-09-30": "25981.00000", "2019-06-30": "24731.00000", "2019-03-31": "23520.00000", "2018-12-31": "24860.00000", "2018-09-30": "23340.00000", "2018-06-30": "22471.00000", "2018-03-31": "22944.00000", "2017-12-31": "21329.00000", "2017-09-30": "20914.00000", "2017-06-30": "19839.00000", "2017-03-31": "18570.00000", "2016-12-31": "18675.00000", "2016-09-30": "17323.00000", "2016-06-30": "16282.00000", "2016-03-31": "15905.00000", "2015-12-31": "16250.00000", "2015-09-30": "14634.00000", "2015-06-30": "15272.00000", "2015-03-31": "14633.00000", "2014-12-31": "15329.00000", "2014-09-30": "14659.00000", "2014-06-30": "14375.00000", "2014-03-31": "14802.00000", "2013-12-31": "14242.00000", "2013-09-30": "13730.00000", "2013-06-30": "12021.00000", "2013-03-31": "11809.00000", "2012-12-31": "12462.00000", "2012-09-30": "12120.00000", "2012-06-30": "11240.00000", "2012-03-31": "11131.00000", "2011-12-31": "10693.00000", "2011-09-30": "9674.00000", "2011-06-30": "9025.00000", "2011-03-31": "8502.00000", "2010-12-31": "8837.00000", "2010-09-30": "8166.00000", "2010-06-30": "7432.00000", "2010-03-31": "7286.00000", "2009-12-31": "7470.00000", "2009-09-30": "6939.34800", "2009-06-30": "6983.93300", "2009-03-31": "6415.31200", "2008-12-31": "6475.84900", "2008-09-30": "7272.97500", "2008-06-30": "6860.17500", "2008-03-31": "6425.60700", "2007-12-31": "6260.04100", "2007-09-30": "6134.98000", "2007-06-30": "5606.54900", "2007-03-31": "5206.15300", "2006-12-31": "5082.47000", "2006-09-30": "4871.95000", "2006-06-30": "4641.93900", "2006-03-31": "3710.96100", "2005-12-31": "3700.54400", "2005-09-30": "3670.36200", "2005-06-30": "3347.92400", "2005-03-31": "3247.04900"}}, "cash flow statement": {"Net Income/Loss": {"2020-12-31": "6411.00000", "2019-12-31": "8118.00000", "2018-12-31": "5859.00000", "2017-12-31": "3915.00000", "2016-12-31": "4059.00000", "2015-12-31": "3808.00000", "2014-12-31": "3617.00000", "2013-12-31": "3116.00000", "2012-12-31": "2759.00000", "2011-12-31": "1906.00000", "2010-12-31": "1847.00000", "2009-12-31": "1463.00000", "2008-12-31": "-254.00000", "2007-12-31": "1085.88600", "2006-12-31": "50.19000", "2005-12-31": "266.71900"}, "Total Depreciation And Amortization - Cash Flow": {"2020-12-31": "1652.00000", "2019-12-31": "1663.00000", "2018-12-31": "1694.00000", "2017-12-31": "1438.00000", "2016-12-31": "1233.00000", "2015-12-31": "1130.00000", "2014-12-31": "1012.00000", "2013-12-31": "861.00000", "2012-12-31": "749.00000", "2011-12-31": "194.00000", "2010-12-31": "148.00000", "2009-12-31": "227.00000", "2008-12-31": "189.00000", "2007-12-31": "135.68800", "2006-12-31": "142.58000", "2005-12-31": "157.11900"}, "Other Non-Cash Items": {"2020-12-31": "297.00000", "2019-12-31": "76.00000", "2018-12-31": "-48.00000", "2017-12-31": "429.00000", "2016-12-31": "81.00000", "2015-12-31": "64.00000", "2014-12-31": "-106.00000", "2013-12-31": "-56.00000", "2012-12-31": "241.00000", "2011-12-31": "-140.00000", "2010-12-31": "100.00000", "2009-12-31": "358.00000", "2008-12-31": "-611.00000", "2007-12-31": "-356.29200", "2006-12-31": "446.23300", "2005-12-31": "-54.03600"}, "Total Non-Cash Items": {"2020-12-31": "1949.00000", "2019-12-31": "1739.00000", "2018-12-31": "1646.00000", "2017-12-31": "1867.00000", "2016-12-31": "1314.00000", "2015-12-31": "1194.00000", "2014-12-31": "906.00000", "2013-12-31": "805.00000", "2012-12-31": "990.00000", "2011-12-31": "54.00000", "2010-12-31": "248.00000", "2009-12-31": "585.00000", "2008-12-31": "-422.00000", "2007-12-31": "-220.60400", "2006-12-31": "588.81300", "2005-12-31": "103.08300"}, "Change In Accounts Receivable": {"2020-12-31": "-86.00000", "2019-12-31": "-246.00000", "2018-12-31": "-317.00000", "2017-12-31": "-445.00000", "2016-12-31": "-338.00000", "2015-12-31": "-35.00000", "2014-12-31": "-164.00000", "2013-12-31": "-42.00000", "2012-12-31": "-121.00000", "2011-12-31": "-162.00000", "2010-12-31": "-115.00000", "2009-12-31": "122.00000", "2008-12-31": "-116.00000", "2007-12-31": "-60.98400", "2006-12-31": "-93.42800", "2005-12-31": "-64.18900"}, "Change In Inventories": {"2020-12-31": "", "2019-12-31": "", "2018-12-31": "", "2017-12-31": "", "2016-12-31": "", "2015-12-31": "", "2014-12-31": "", "2013-12-31": "", "2012-12-31": "", "2011-12-31": "", "2010-12-31": "", "2009-12-31": "", "2008-12-31": "", "2007-12-31": "", "2006-12-31": "", "2005-12-31": ""}, "Change In Accounts Payable": {"2020-12-31": "26.00000", "2019-12-31": "-42.00000", "2018-12-31": "101.00000", "2017-12-31": "290.00000", "2016-12-31": "145.00000", "2015-12-31": "49.00000", "2014-12-31": "61.00000", "2013-12-31": "-20.00000", "2012-12-31": "-2.00000", "2011-12-31": "67.00000", "2010-12-31": "-19.00000", "2009-12-31": "34.00000", "2008-12-31": "8.00000", "2007-12-31": "-30.65000", "2006-12-31": "89.38200", "2005-12-31": "4.11100"}, "Change In Assets/Liabilities": {"2020-12-31": "-937.00000", "2019-12-31": "-1205.00000", "2018-12-31": "-2265.00000", "2017-12-31": "-1168.00000", "2016-12-31": "-1108.00000", "2015-12-31": "-1159.00000", "2014-12-31": "-1331.00000", "2013-12-31": "-419.00000", "2012-12-31": "-722.00000", "2011-12-31": "39.00000", "2010-12-31": "83.00000", "2009-12-31": "-164.00000", "2008-12-31": "74.00000", "2007-12-31": "-92.08200", "2006-12-31": "89.48200", "2005-12-31": "-230.07000"}, "Total Change In Assets/Liabilities": {"2020-12-31": "-1150.00000", "2019-12-31": "-1698.00000", "2018-12-31": "-1313.00000", "2017-12-31": "-177.00000", "2016-12-31": "-765.00000", "2015-12-31": "-820.00000", "2014-12-31": "-1168.00000", "2013-12-31": "147.00000", "2012-12-31": "-853.00000", "2011-12-31": "707.00000", "2010-12-31": "-439.00000", "2009-12-31": "-675.00000", "2008-12-31": "1074.00000", "2007-12-31": "-110.54200", "2006-12-31": "1.41200", "2005-12-31": "-109.13600"}, "Cash Flow From Operating Activities": {"2020-12-31": "7224.00000", "2019-12-31": "8183.00000", "2018-12-31": "6223.00000", "2017-12-31": "5664.00000", "2016-12-31": "4637.00000", "2015-12-31": "4101.00000", "2014-12-31": "3407.00000", "2013-12-31": "4135.00000", "2012-12-31": "2948.00000", "2011-12-31": "2684.00000", "2010-12-31": "1697.00000", "2009-12-31": "1378.00000", "2008-12-31": "413.00000", "2007-12-31": "769.86100", "2006-12-31": "650.16100", "2005-12-31": "272.84800"}, "Net Change In Property, Plant, And Equipment": {"2020-12-31": "-708.00000", "2019-12-31": "-728.00000", "2018-12-31": "-504.00000", "2017-12-31": "-423.00000", "2016-12-31": "-382.00000", "2015-12-31": "-342.00000", "2014-12-31": "-334.00000", "2013-12-31": "-299.00000", "2012-12-31": "-218.00000", "2011-12-31": "-177.00000", "2010-12-31": "-151.00000", "2009-12-31": "-140.00000", "2008-12-31": "-171.00000", "2007-12-31": "-156.42200", "2006-12-31": "-94.46800", "2005-12-31": "-82.00300"}, "Net Change In Intangible Assets": {"2020-12-31": "", "2019-12-31": "", "2018-12-31": "", "2017-12-31": "", "2016-12-31": "", "2015-12-31": "", "2014-12-31": "", "2013-12-31": "0.00000", "2012-12-31": "0.00000", "2011-12-31": "0.00000", "2010-12-31": "0.00000", "2009-12-31": "0.00000", "2008-12-31": "0.00000", "2007-12-31": "0.00000", "2006-12-31": "0.00000", "2005-12-31": "0.00000"}, "Net Acquisitions/Divestitures": {"2020-12-31": "-989.00000", "2019-12-31": "-1440.00000", "2018-12-31": "", "2017-12-31": "-1175.00000", "2016-12-31": "", "2015-12-31": "-584.00000", "2014-12-31": "-525.00000", "2013-12-31": "", "2012-12-31": "-70.00000", "2011-12-31": "-460.00000", "2010-12-31": "-498.00000", "2009-12-31": "-3.00000", "2008-12-31": "-82.00000", "2007-12-31": "", "2006-12-31": "", "2005-12-31": ""}, "Net Change In Short-term Investments": {"2020-12-31": "", "2019-12-31": "", "2018-12-31": "", "2017-12-31": "", "2016-12-31": "", "2015-12-31": "", "2014-12-31": "0.00000", "2013-12-31": "", "2012-12-31": "", "2011-12-31": "", "2010-12-31": "", "2009-12-31": "", "2008-12-31": "", "2007-12-31": "", "2006-12-31": "", "2005-12-31": ""}, "Net Change In Long-Term Investments": {"2020-12-31": "-10.00000", "2019-12-31": "532.00000", "2018-12-31": "12.00000", "2017-12-31": "-182.00000", "2016-12-31": "-783.00000", "2015-12-31": "212.00000", "2014-12-31": "1450.00000", "2013-12-31": "319.00000", "2012-12-31": "-1700.00000", "2011-12-31": "-125.00000", "2010-12-31": "11.00000", "2009-12-31": "-517.00000", "2008-12-31": "457.00000", "2007-12-31": "463.65410", "2006-12-31": "-581.38990", "2005-12-31": "49.38790"}, "Net Change In Investments - Total": {"2020-12-31": "-10.00000", "2019-12-31": "532.00000", "2018-12-31": "12.00000", "2017-12-31": "-182.00000", "2016-12-31": "-783.00000", "2015-12-31": "212.00000", "2014-12-31": "1450.00000", "2013-12-31": "319.00000", "2012-12-31": "-1700.00000", "2011-12-31": "-125.00000", "2010-12-31": "11.00000", "2009-12-31": "-517.00000", "2008-12-31": "457.00000", "2007-12-31": "463.65410", "2006-12-31": "-581.38990", "2005-12-31": "49.38790"}, "Investing Activities - Other": {"2020-12-31": "-172.00000", "2019-12-31": "-4.00000", "2018-12-31": "-14.00000", "2017-12-31": "-1.00000", "2016-12-31": "2.00000", "2015-12-31": "-1.00000", "2014-12-31": "99.00000", "2013-12-31": "-24.00000", "2012-12-31": "-851.00000", "2011-12-31": "14.00000", "2010-12-31": "-3.00000", "2009-12-31": "-4.00000", "2008-12-31": "-2.00000", "2007-12-31": "7.90900", "2006-12-31": "-0.36800", "2005-12-31": "-1.04000"}, "Cash Flow From Investing Activities": {"2020-12-31": "-1879.00000", "2019-12-31": "-1640.00000", "2018-12-31": "-506.00000", "2017-12-31": "-1781.00000", "2016-12-31": "-1163.00000", "2015-12-31": "-715.00000", "2014-12-31": "690.00000", "2013-12-31": "-4.00000", "2012-12-31": "-2839.00000", "2011-12-31": "-748.00000", "2010-12-31": "-641.00000", "2009-12-31": "-664.00000", "2008-12-31": "202.00000", "2007-12-31": "315.14100", "2006-12-31": "-676.22600", "2005-12-31": "-33.65500"}, "Net Long-Term Debt": {"2020-12-31": "3959.00000", "2019-12-31": "2224.00000", "2018-12-31": "991.00000", "2017-12-31": "-64.00000", "2016-12-31": "1972.00000", "2015-12-31": "1735.00000", "2014-12-31": "1530.00000", "2013-12-31": "35.00000", "2012-12-31": "", "2011-12-31": "", "2010-12-31": "", "2009-12-31": "-149.00000", "2008-12-31": "-80.00000", "2007-12-31": "", "2006-12-31": "", "2005-12-31": ""}, "Net Current Debt": {"2020-12-31": "", "2019-12-31": "", "2018-12-31": "", "2017-12-31": "", "2016-12-31": "", "2015-12-31": "", "2014-12-31": "", "2013-12-31": "", "2012-12-31": "", "2011-12-31": "", "2010-12-31": "", "2009-12-31": "", "2008-12-31": "", "2007-12-31": "", "2006-12-31": "", "2005-12-31": ""}, "Debt Issuance/Retirement Net - Total": {"2020-12-31": "3959.00000", "2019-12-31": "2224.00000", "2018-12-31": "991.00000", "2017-12-31": "-64.00000", "2016-12-31": "1972.00000", "2015-12-31": "1735.00000", "2014-12-31": "1530.00000", "2013-12-31": "35.00000", "2012-12-31": "", "2011-12-31": "", "2010-12-31": "", "2009-12-31": "-149.00000", "2008-12-31": "-80.00000", "2007-12-31": "", "2006-12-31": "", "2005-12-31": ""}, "Net Common Equity Issued/Repurchased": {"2020-12-31": "-4376.00000", "2019-12-31": "-6371.00000", "2018-12-31": "-4829.00000", "2017-12-31": "-3705.00000", "2016-12-31": "-3474.00000", "2015-12-31": "-3491.00000", "2014-12-31": "-3358.00000", "2013-12-31": "-2417.00000", "2012-12-31": "-1717.00000", "2011-12-31": "-1129.00000", "2010-12-31": "11.00000", "2009-12-31": "9.00000", "2008-12-31": "-640.00000", "2007-12-31": "-598.93500", "2006-12-31": "649.97290", "2005-12-31": ""}, "Net Total Equity Issued/Repurchased": {"2020-12-31": "-4376.00000", "2019-12-31": "-6371.00000", "2018-12-31": "-4829.00000", "2017-12-31": "-3705.00000", "2016-12-31": "-3474.00000", "2015-12-31": "-3491.00000", "2014-12-31": "-3358.00000", "2013-12-31": "-2417.00000", "2012-12-31": "-1717.00000", "2011-12-31": "-1129.00000", "2010-12-31": "11.00000", "2009-12-31": "9.00000", "2008-12-31": "-640.00000", "2007-12-31": "-598.93500", "2006-12-31": "649.97290", "2005-12-31": ""}, "Total Common And Preferred Stock Dividends Paid": {"2020-12-31": "-1605.00000", "2019-12-31": "-1345.00000", "2018-12-31": "-1044.00000", "2017-12-31": "-942.00000", "2016-12-31": "-837.00000", "2015-12-31": "-727.00000", "2014-12-31": "-515.00000", "2013-12-31": "-255.00000", "2012-12-31": "-132.00000", "2011-12-31": "-77.00000", "2010-12-31": "-79.00000", "2009-12-31": "-79.00000", "2008-12-31": "-79.00000", "2007-12-31": "-74.00200", "2006-12-31": "-12.37300", "2005-12-31": ""}, "Financial Activities - Other": {"2020-12-31": "-130.00000", "2019-12-31": "-375.00000", "2018-12-31": "-84.00000", "2017-12-31": "-53.00000", "2016-12-31": "-5.00000", "2015-12-31": "-33.00000", "2014-12-31": "4.00000", "2013-12-31": "8.00000", "2012-12-31": "51.00000", "2011-12-31": "-9.00000", "2010-12-31": "87.00000", "2009-12-31": "34.00000", "2008-12-31": "48.00000", "2007-12-31": "15.43000", "2006-12-31": "", "2005-12-31": ""}, "Cash Flow From Financial Activities": {"2020-12-31": "-2152.00000", "2019-12-31": "-5867.00000", "2018-12-31": "-4966.00000", "2017-12-31": "-4764.00000", "2016-12-31": "-2344.00000", "2015-12-31": "-2516.00000", "2014-12-31": "-2339.00000", "2013-12-31": "-2629.00000", "2012-12-31": "-1798.00000", "2011-12-31": "-1215.00000", "2010-12-31": "19.00000", "2009-12-31": "-185.00000", "2008-12-31": "-751.00000", "2007-12-31": "-657.50700", "2006-12-31": "637.60000", "2005-12-31": ""}, "Net Cash Flow": {"2020-12-31": "3450.00000", "2019-12-31": "632.00000", "2018-12-31": "745.00000", "2017-12-31": "-681.00000", "2016-12-31": "1080.00000", "2015-12-31": "610.00000", "2014-12-31": "1538.00000", "2013-12-31": "1547.00000", "2012-12-31": "-1682.00000", "2011-12-31": "667.00000", "2010-12-31": "1012.00000", "2009-12-31": "550.00000", "2008-12-31": "-154.00000", "2007-12-31": "474.21500", "2006-12-31": "639.80700", "2005-12-31": "216.27700"}, "Stock-Based Compensation": {"2020-12-31": "254.00000", "2019-12-31": "250.00000", "2018-12-31": "196.00000", "2017-12-31": "176.00000", "2016-12-31": "149.00000", "2015-12-31": "122.00000", "2014-12-31": "-15.00000", "2013-12-31": "63.00000", "2012-12-31": "0.00000", "2011-12-31": "35.00000", "2010-12-31": "63.00000", "2009-12-31": "88.00000", "2008-12-31": "61.00000", "2007-12-31": "58.21300", "2006-12-31": "19.18100", "2005-12-31": ""}, "Common Stock Dividends Paid": {"2020-12-31": "-1605.00000", "2019-12-31": "-1345.00000", "2018-12-31": "-1044.00000", "2017-12-31": "-942.00000", "2016-12-31": "-837.00000", "2015-12-31": "-727.00000", "2014-12-31": "-515.00000", "2013-12-31": "-255.00000", "2012-12-31": "-132.00000", "2011-12-31": "-77.00000", "2010-12-31": "-79.00000", "2009-12-31": "-79.00000", "2008-12-31": "-79.00000", "2007-12-31": "-74.00200", "2006-12-31": "-12.37300", "2005-12-31": ""}}, "cash flow statement, quarterly": {"Net Income/Loss": {"2020-12-31": 1785, "2020-09-30": 1513, "2020-06-30": 1420, "2020-03-31": "1693.00000", "2019-12-31": 2100, "2019-09-30": 2108, "2019-06-30": 2048, "2019-03-31": "1862.00000", "2018-12-31": 899, "2018-09-30": 1899, "2018-06-30": 1569, "2018-03-31": "1492.00000", "2017-12-31": 227, "2017-09-30": 1430, "2017-06-30": 1177, "2017-03-31": "1081.00000", "2016-12-31": 933, "2016-09-30": 1184, "2016-06-30": 983, "2016-03-31": "959.00000", "2015-12-31": 890, "2015-09-30": 977, "2015-06-30": 921, "2015-03-31": "1020.00000", "2014-12-31": 801, "2014-09-30": 1015, "2014-06-30": 931, "2014-03-31": "870.00000", "2013-12-31": 623, "2013-09-30": 879, "2013-06-30": 848, "2013-03-31": "766.00000", "2012-12-31": 605, "2012-09-30": 772, "2012-06-30": 700, "2012-03-31": "682.00000", "2011-12-31": 20, "2011-09-30": 716, "2011-06-30": 608, "2011-03-31": "562.00000", "2010-12-31": 415, "2010-09-30": 519, "2010-06-30": 458, "2010-03-31": "455.00000", "2009-12-31": 294, "2009-09-30": 453, "2009-06-30": 349, "2009-03-31": "367.00000", "2008-12-31": 239.357, "2008-09-30": -193.582, "2008-06-30": -746.653, "2008-03-31": "446.87800", "2007-12-31": 304.233, "2007-09-30": 314.462, "2007-06-30": 252.285, "2007-03-31": "214.90600", "2006-12-31": 40.902, "2006-09-30": 193.004, "2006-06-30": -310.46, "2006-03-31": "126.74400", "2005-12-31": -52.908, "2005-09-30": 106.085, "2005-06-30": 120.248, "2005-03-31": "93.29400"}, "Total Depreciation And Amortization - Cash Flow": {"2020-12-31": 473, "2020-09-30": 422, "2020-06-30": 376, "2020-03-31": "381.00000", "2019-12-31": 409, "2019-09-30": 392, "2019-06-30": 400, "2019-03-31": "462.00000", "2018-12-31": 463, "2018-09-30": 418, "2018-06-30": 406, "2018-03-31": "407.00000", "2017-12-31": 356, "2017-09-30": 383, "2017-06-30": 341, "2017-03-31": "358.00000", "2016-12-31": 323, "2016-09-30": 326, "2016-06-30": 285, "2016-03-31": "299.00000", "2015-12-31": 297, "2015-09-30": 296, "2015-06-30": 266, "2015-03-31": "271.00000", "2014-12-31": 262, "2014-09-30": 271, "2014-06-30": 242, "2014-03-31": "237.00000", "2013-12-31": 674, "2013-09-30": 64, "2013-06-30": 61, "2013-03-31": "62.00000", "2012-12-31": 581, "2012-09-30": 58, "2012-06-30": 56, "2012-03-31": "54.00000", "2011-12-31": 52, "2011-09-30": 51, "2011-06-30": 49, "2011-03-31": "42.00000", "2010-12-31": 13, "2010-09-30": 44, "2010-06-30": 45, "2010-03-31": "46.00000", "2009-12-31": 51, "2009-09-30": 59, "2009-06-30": 60, "2009-03-31": "57.00000", "2008-12-31": 59.554, "2008-09-30": 60.108, "2008-06-30": 36.092, "2008-03-31": "33.24600", "2007-12-31": 35.95, "2007-09-30": 31.878, "2007-06-30": 34.443, "2007-03-31": "33.41700", "2006-12-31": 35.751, "2006-09-30": 35.942, "2006-06-30": 35.285, "2006-03-31": "35.60200", "2005-12-31": 73.753, "2005-09-30": 26.27, "2005-06-30": 28.666, "2005-03-31": "28.43000"}, "Other Non-Cash Items": {"2020-12-31": -102, "2020-09-30": 144, "2020-06-30": 3, "2020-03-31": "252.00000", "2019-12-31": -97, "2019-09-30": 126, "2019-06-30": -53, "2019-03-31": "100.00000", "2018-12-31": 8, "2018-09-30": -47, "2018-06-30": -6, "2018-03-31": "-3.00000", "2017-12-31": 348, "2017-09-30": 16, "2017-06-30": 9, "2017-03-31": "56.00000", "2016-12-31": 16, "2016-09-30": 32, "2016-06-30": 43, "2016-03-31": "-10.00000", "2015-12-31": 45, "2015-09-30": 41, "2015-06-30": -6, "2015-03-31": "-16.00000", "2014-12-31": 17, "2014-09-30": 0, "2014-06-30": 18, "2014-03-31": "-141.00000", "2013-12-31": -49, "2013-09-30": 26, "2013-06-30": -5, "2013-03-31": "-28.00000", "2012-12-31": 302, "2012-09-30": 24, "2012-06-30": -18, "2012-03-31": "-67.00000", "2011-12-31": -285, "2011-09-30": 57, "2011-06-30": 57, "2011-03-31": "31.00000", "2010-12-31": 103, "2010-09-30": 69, "2010-06-30": 76, "2010-03-31": "-148.00000", "2009-12-31": 129, "2009-09-30": 142, "2009-06-30": 32, "2009-03-31": "55.00000", "2008-12-31": 66.536, "2008-09-30": 54.324, "2008-06-30": -525.914, "2008-03-31": "-205.94600", "2007-12-31": -258.198, "2007-09-30": -101.992, "2007-06-30": -14.21, "2007-03-31": "18.10800", "2006-12-31": 19.114, "2006-09-30": 32.879, "2006-06-30": 387.517, "2006-03-31": "6.72300", "2005-12-31": 1.126, "2005-09-30": -44.354, "2005-06-30": -17.506, "2005-03-31": "6.69800"}, "Total Non-Cash Items": {"2020-12-31": 371, "2020-09-30": 566, "2020-06-30": 379, "2020-03-31": "633.00000", "2019-12-31": 312, "2019-09-30": 518, "2019-06-30": 347, "2019-03-31": "562.00000", "2018-12-31": 471, "2018-09-30": 371, "2018-06-30": 400, "2018-03-31": "404.00000", "2017-12-31": 704, "2017-09-30": 399, "2017-06-30": 350, "2017-03-31": "414.00000", "2016-12-31": 339, "2016-09-30": 358, "2016-06-30": 328, "2016-03-31": "289.00000", "2015-12-31": 342, "2015-09-30": 337, "2015-06-30": 260, "2015-03-31": "255.00000", "2014-12-31": 279, "2014-09-30": 271, "2014-06-30": 260, "2014-03-31": "96.00000", "2013-12-31": 625, "2013-09-30": 90, "2013-06-30": 56, "2013-03-31": "34.00000", "2012-12-31": 883, "2012-09-30": 82, "2012-06-30": 38, "2012-03-31": "-13.00000", "2011-12-31": -233, "2011-09-30": 108, "2011-06-30": 106, "2011-03-31": "73.00000", "2010-12-31": 116, "2010-09-30": 113, "2010-06-30": 121, "2010-03-31": "-102.00000", "2009-12-31": 180, "2009-09-30": 201, "2009-06-30": 92, "2009-03-31": "112.00000", "2008-12-31": 126.09, "2008-09-30": 114.432, "2008-06-30": -489.822, "2008-03-31": "-172.70000", "2007-12-31": -222.248, "2007-09-30": -70.114, "2007-06-30": 20.233, "2007-03-31": "51.52500", "2006-12-31": 54.865, "2006-09-30": 68.821, "2006-06-30": 422.802, "2006-03-31": "42.32500", "2005-12-31": 74.879, "2005-09-30": -18.084, "2005-06-30": 11.16, "2005-03-31": "35.12800"}, "Change In Accounts Receivable": {"2020-12-31": -198, "2020-09-30": -187, "2020-06-30": 302, "2020-03-31": "-3.00000", "2019-12-31": 32, "2019-09-30": 49, "2019-06-30": -7, "2019-03-31": "-320.00000", "2018-12-31": 0, "2018-09-30": -122, "2018-06-30": -115, "2018-03-31": "-80.00000", "2017-12-31": -124, "2017-09-30": -135, "2017-06-30": -66, "2017-03-31": "-120.00000", "2016-12-31": -148, "2016-09-30": -90, "2016-06-30": -13, "2016-03-31": "-87.00000", "2015-12-31": -8, "2015-09-30": 24, "2015-06-30": -21, "2015-03-31": "-30.00000", "2014-12-31": -68, "2014-09-30": 25, "2014-06-30": -106, "2014-03-31": "-15.00000", "2013-12-31": 25, "2013-09-30": -31, "2013-06-30": -11, "2013-03-31": "-25.00000", "2012-12-31": -9, "2012-09-30": -61, "2012-06-30": -58, "2012-03-31": "7.00000", "2011-12-31": -62, "2011-09-30": -78, "2011-06-30": -20, "2011-03-31": "-2.00000", "2010-12-31": -62, "2010-09-30": -41, "2010-06-30": -31, "2010-03-31": "19.00000", "2009-12-31": -40, "2009-09-30": 52, "2009-06-30": 8, "2009-03-31": "102.00000", "2008-12-31": -40.149, "2008-09-30": -60.042, "2008-06-30": -32.178, "2008-03-31": "16.36900", "2007-12-31": 7.671, "2007-09-30": -45.514, "2007-06-30": -27.178, "2007-03-31": "4.03700", "2006-12-31": -3.009, "2006-09-30": -33.021, "2006-06-30": -83.393, "2006-03-31": "25.99500", "2005-12-31": 20.748, "2005-09-30": -45.083, "2005-06-30": -30.067, "2005-03-31": "-9.78700"}, "Change In Inventories": {"2020-12-31": 0, "2020-09-30": 0, "2020-06-30": 0, "2020-03-31": "", "2019-12-31": 0, "2019-09-30": 0, "2019-06-30": 0, "2019-03-31": "", "2018-12-31": 0, "2018-09-30": 0, "2018-06-30": 0, "2018-03-31": "", "2017-12-31": 0, "2017-09-30": 0, "2017-06-30": 0, "2017-03-31": "", "2016-12-31": 0, "2016-09-30": 0, "2016-06-30": 0, "2016-03-31": "", "2015-12-31": 0, "2015-09-30": 0, "2015-06-30": 0, "2015-03-31": "", "2014-12-31": 0, "2014-09-30": 0, "2014-06-30": 0, "2014-03-31": "", "2013-12-31": 0, "2013-09-30": 0, "2013-06-30": 0, "2013-03-31": "", "2012-12-31": 0, "2012-09-30": 0, "2012-06-30": 0, "2012-03-31": "", "2011-12-31": 0, "2011-09-30": 0, "2011-06-30": 0, "2011-03-31": "", "2010-12-31": 0, "2010-09-30": 0, "2010-06-30": 0, "2010-03-31": "", "2009-12-31": 0, "2009-09-30": 0, "2009-06-30": 0, "2009-03-31": "", "2008-12-31": 0, "2008-09-30": 0, "2008-06-30": 0, "2008-03-31": "", "2007-12-31": 0, "2007-09-30": 0, "2007-06-30": 0, "2007-03-31": "", "2006-12-31": 0, "2006-09-30": 0, "2006-06-30": 0, "2006-03-31": "", "2005-12-31": 0, "2005-09-30": 0, "2005-06-30": 0, "2005-03-31": ""}, "Change In Accounts Payable": {"2020-12-31": 171, "2020-09-30": -63, "2020-06-30": 20, "2020-03-31": "-102.00000", "2019-12-31": -6, "2019-09-30": 69, "2019-06-30": -83, "2019-03-31": "-22.00000", "2018-12-31": 145, "2018-09-30": 42, "2018-06-30": -24, "2018-03-31": "-62.00000", "2017-12-31": 205, "2017-09-30": 61, "2017-06-30": -33, "2017-03-31": "57.00000", "2016-12-31": 178, "2016-09-30": -15, "2016-06-30": 57, "2016-03-31": "-75.00000", "2015-12-31": 80, "2015-09-30": -68, "2015-06-30": 36, "2015-03-31": "1.00000", "2014-12-31": 100, "2014-09-30": -68, "2014-06-30": 75, "2014-03-31": "-46.00000", "2013-12-31": 56, "2013-09-30": 21, "2013-06-30": -4, "2013-03-31": "-93.00000", "2012-12-31": 34, "2012-09-30": -9, "2012-06-30": 61, "2012-03-31": "-88.00000", "2011-12-31": 75, "2011-09-30": -42, "2011-06-30": 26, "2011-03-31": "8.00000", "2010-12-31": 26, "2010-09-30": -7, "2010-06-30": -2, "2010-03-31": "-36.00000", "2009-12-31": 13, "2009-09-30": 16, "2009-06-30": 2, "2009-03-31": "3.00000", "2008-12-31": 39.871, "2008-09-30": -31.599, "2008-06-30": -10.318, "2008-03-31": "10.04600", "2007-12-31": 5.459, "2007-09-30": 7.205, "2007-06-30": 4.768, "2007-03-31": "-48.08200", "2006-12-31": 83.687, "2006-09-30": -10.123, "2006-06-30": 28.524, "2006-03-31": "-12.70600", "2005-12-31": 3.376, "2005-09-30": 4.273, "2005-06-30": -18.468, "2005-03-31": "14.93000"}, "Change In Assets/Liabilities": {"2020-12-31": -121, "2020-09-30": -739, "2020-06-30": -317, "2020-03-31": "240.00000", "2019-12-31": 1010, "2019-09-30": -1318, "2019-06-30": -609, "2019-03-31": "-288.00000", "2018-12-31": -708, "2018-09-30": -180, "2018-06-30": -707, "2018-03-31": "-670.00000", "2017-12-31": -4, "2017-09-30": -310, "2017-06-30": -126, "2017-03-31": "-728.00000", "2016-12-31": -538, "2016-09-30": -66, "2016-06-30": -467, "2016-03-31": "-37.00000", "2015-12-31": -500, "2015-09-30": -204, "2015-06-30": -434, "2015-03-31": "-21.00000", "2014-12-31": -633, "2014-09-30": -204, "2014-06-30": -153, "2014-03-31": "-341.00000", "2013-12-31": -410, "2013-09-30": 48, "2013-06-30": -112, "2013-03-31": "55.00000", "2012-12-31": -561, "2012-09-30": 42, "2012-06-30": -33, "2012-03-31": "-170.00000", "2011-12-31": 374, "2011-09-30": 62, "2011-06-30": -237, "2011-03-31": "-160.00000", "2010-12-31": 543, "2010-09-30": -133, "2010-06-30": -217, "2010-03-31": "-110.00000", "2009-12-31": 677, "2009-09-30": -479, "2009-06-30": -141, "2009-03-31": "-221.00000", "2008-12-31": 150.422, "2008-09-30": -1747.467, "2008-06-30": 1744.282, "2008-03-31": "-73.23700", "2007-12-31": -60.238, "2007-09-30": 8.548, "2007-06-30": 34.988, "2007-03-31": "-75.38000", "2006-12-31": 37.587, "2006-09-30": 50.636, "2006-06-30": 2.395, "2006-03-31": "-1.13600", "2005-12-31": -113.095, "2005-09-30": -122.835, "2005-06-30": 33.67, "2005-03-31": "-27.81000"}, "Total Change In Assets/Liabilities": {"2020-12-31": 98, "2020-09-30": -472, "2020-06-30": -289, "2020-03-31": "-487.00000", "2019-12-31": 565, "2019-09-30": -280, "2019-06-30": -870, "2019-03-31": "-1113.00000", "2018-12-31": -58, "2018-09-30": 91, "2018-06-30": -484, "2018-03-31": "-862.00000", "2017-12-31": 855, "2017-09-30": -27, "2017-06-30": -237, "2017-03-31": "-768.00000", "2016-12-31": -231, "2016-09-30": -94, "2016-06-30": -265, "2016-03-31": "-175.00000", "2015-12-31": -21, "2015-09-30": -98, "2015-06-30": -374, "2015-03-31": "-327.00000", "2014-12-31": -383, "2014-09-30": 97, "2014-06-30": -482, "2014-03-31": "-400.00000", "2013-12-31": -68, "2013-09-30": 334, "2013-06-30": -175, "2013-03-31": "56.00000", "2012-12-31": -640, "2012-09-30": 149, "2012-06-30": -112, "2012-03-31": "-250.00000", "2011-12-31": 987, "2011-09-30": 189, "2011-06-30": -183, "2011-03-31": "-286.00000", "2010-12-31": 107, "2010-09-30": -46, "2010-06-30": -239, "2010-03-31": "-261.00000", "2009-12-31": -208, "2009-09-30": -326, "2009-06-30": -80, "2009-03-31": "-61.00000", "2008-12-31": -888.549, "2008-09-30": 462.661, "2008-06-30": 1552.704, "2008-03-31": "-52.81600", "2007-12-31": -36.053, "2007-09-30": 22.919, "2007-06-30": 100.445, "2007-03-31": "-197.85300", "2006-12-31": 105.305, "2006-09-30": -1.098, "2006-06-30": 28.776, "2006-03-31": "-131.57100", "2005-12-31": -101.471, "2005-09-30": 59.323, "2005-06-30": 77.33, "2005-03-31": "-144.31800"}, "Cash Flow From Operating Activities": {"2020-12-31": 2253, "2020-09-30": 1654, "2020-06-30": 1458, "2020-03-31": "1859.00000", "2019-12-31": 2980, "2019-09-30": 2355, "2019-06-30": 1536, "2019-03-31": "1312.00000", "2018-12-31": 1332, "2018-09-30": 2367, "2018-06-30": 1489, "2018-03-31": "1035.00000", "2017-12-31": 1823, "2017-09-30": 1789, "2017-06-30": 1325, "2017-03-31": "727.00000", "2016-12-31": 1094, "2016-09-30": 1424, "2016-06-30": 1061, "2016-03-31": "1058.00000", "2015-12-31": 1097, "2015-09-30": 1272, "2015-06-30": 821, "2015-03-31": "911.00000", "2014-12-31": 725, "2014-09-30": 1385, "2014-06-30": 729, "2014-03-31": "568.00000", "2013-12-31": 1199, "2013-09-30": 1322, "2013-06-30": 742, "2013-03-31": "872.00000", "2012-12-31": 866, "2012-09-30": 1014, "2012-06-30": 641, "2012-03-31": "427.00000", "2011-12-31": 784, "2011-09-30": 1007, "2011-06-30": 538, "2011-03-31": "355.00000", "2010-12-31": 670, "2010-09-30": 589, "2010-06-30": 343, "2010-03-31": "95.00000", "2009-12-31": 284, "2009-09-30": 316, "2009-06-30": 362, "2009-03-31": "416.00000", "2008-12-31": -517.584, "2008-09-30": 387.785, "2008-06-30": 318.887, "2008-03-31": "223.91200", "2007-12-31": 52.198, "2007-09-30": 271.502, "2007-06-30": 375.187, "2007-03-31": "70.97400", "2006-12-31": 203.378, "2006-09-30": 263.202, "2006-06-30": 142.945, "2006-03-31": "40.63600", "2005-12-31": -75.579, "2005-09-30": 151.148, "2005-06-30": 211.485, "2005-03-31": "-14.20600"}, "Net Change In Property, Plant, And Equipment": {"2020-12-31": -151, "2020-09-30": -165, "2020-06-30": -183, "2020-03-31": "-209.00000", "2019-12-31": -185, "2019-09-30": -219, "2019-06-30": -182, "2019-03-31": "-142.00000", "2018-12-31": -123, "2018-09-30": -130, "2018-06-30": -125, "2018-03-31": "-126.00000", "2017-12-31": -122, "2017-09-30": -133, "2017-06-30": -74, "2017-03-31": "-94.00000", "2016-12-31": -102, "2016-09-30": -99, "2016-06-30": -106, "2016-03-31": "-75.00000", "2015-12-31": -93, "2015-09-30": -106, "2015-06-30": -86, "2015-03-31": "-57.00000", "2014-12-31": -162, "2014-09-30": -70, "2014-06-30": -53, "2014-03-31": "-49.00000", "2013-12-31": -146, "2013-09-30": -50, "2013-06-30": -61, "2013-03-31": "-42.00000", "2012-12-31": -54, "2012-09-30": -57, "2012-06-30": -56, "2012-03-31": "-51.00000", "2011-12-31": -61, "2011-09-30": -44, "2011-06-30": -47, "2011-03-31": "-25.00000", "2010-12-31": -46, "2010-09-30": -40, "2010-06-30": -45, "2010-03-31": "-20.00000", "2009-12-31": -44, "2009-09-30": -33, "2009-06-30": -35, "2009-03-31": "-28.00000", "2008-12-31": -48.483, "2008-09-30": -54.772, "2008-06-30": -36.019, "2008-03-31": "-31.72600", "2007-12-31": -44.761, "2007-09-30": -36.978, "2007-06-30": -38.58, "2007-03-31": "-36.10300", "2006-12-31": -31.531, "2006-09-30": -31.381, "2006-06-30": -19.079, "2006-03-31": "-12.47700", "2005-12-31": -24.539, "2005-09-30": -16.515, "2005-06-30": -23.192, "2005-03-31": "-17.75700"}, "Net Change In Intangible Assets": {"2020-12-31": 0, "2020-09-30": 0, "2020-06-30": 0, "2020-03-31": "", "2019-12-31": 0, "2019-09-30": 0, "2019-06-30": 0, "2019-03-31": "", "2018-12-31": 0, "2018-09-30": 0, "2018-06-30": 0, "2018-03-31": "", "2017-12-31": 0, "2017-09-30": 0, "2017-06-30": 0, "2017-03-31": "", "2016-12-31": 0, "2016-09-30": 0, "2016-06-30": 0, "2016-03-31": "", "2015-12-31": 0, "2015-09-30": 0, "2015-06-30": 0, "2015-03-31": "0.00000", "2014-12-31": 0, "2014-09-30": 0, "2014-06-30": 0, "2014-03-31": "0.00000", "2013-12-31": 0, "2013-09-30": 0, "2013-06-30": 0, "2013-03-31": "0.00000", "2012-12-31": 0, "2012-09-30": 0, "2012-06-30": 0, "2012-03-31": "0.00000", "2011-12-31": 0, "2011-09-30": 0, "2011-06-30": 0, "2011-03-31": "0.00000", "2010-12-31": 0, "2010-09-30": 0, "2010-06-30": 0, "2010-03-31": "0.00000", "2009-12-31": 0, "2009-09-30": 0, "2009-06-30": 0, "2009-03-31": "0.00000", "2008-12-31": 0, "2008-09-30": 0, "2008-06-30": 0, "2008-03-31": "0.00000", "2007-12-31": 0, "2007-09-30": 0, "2007-06-30": 0, "2007-03-31": "0.00000", "2006-12-31": 0, "2006-09-30": 0, "2006-06-30": 0, "2006-03-31": "0.00000", "2005-12-31": 0, "2005-09-30": 0, "2005-06-30": 0, "2005-03-31": "0.00000"}, "Net Acquisitions/Divestitures": {"2020-12-31": -806, "2020-09-30": 0, "2020-06-30": -183, "2020-03-31": "", "2019-12-31": -270, "2019-09-30": -447, "2019-06-30": -723, "2019-03-31": "", "2018-12-31": 0, "2018-09-30": 0, "2018-06-30": 0, "2018-03-31": "", "2017-12-31": 0, "2017-09-30": -224, "2017-06-30": -951, "2017-03-31": "", "2016-12-31": 0, "2016-09-30": 0, "2016-06-30": 0, "2016-03-31": "", "2015-12-31": 0, "2015-09-30": 0, "2015-06-30": -572, "2015-03-31": "-12.00000", "2014-12-31": -189, "2014-09-30": 5, "2014-06-30": -195, "2014-03-31": "-146.00000", "2013-12-31": 0, "2013-09-30": 0, "2013-06-30": 0, "2013-03-31": "", "2012-12-31": 0, "2012-09-30": -70, "2012-06-30": 0, "2012-03-31": "", "2011-12-31": 0, "2011-09-30": 0, "2011-06-30": -460, "2011-03-31": "", "2010-12-31": -498, "2010-09-30": 0, "2010-06-30": 0, "2010-03-31": "", "2009-12-31": 0, "2009-09-30": -3, "2009-06-30": 3, "2009-03-31": "-3.00000", "2008-12-31": -82, "2008-09-30": 0, "2008-06-30": 0, "2008-03-31": "", "2007-12-31": 0, "2007-09-30": 0, "2007-06-30": 0, "2007-03-31": "", "2006-12-31": 0, "2006-09-30": 0, "2006-06-30": 0, "2006-03-31": "", "2005-12-31": 0, "2005-09-30": 0, "2005-06-30": 0, "2005-03-31": ""}, "Net Change In Short-term Investments": {"2020-12-31": 0, "2020-09-30": 82, "2020-06-30": -82, "2020-03-31": "", "2019-12-31": 0, "2019-09-30": 124, "2019-06-30": -124, "2019-03-31": "", "2018-12-31": 400, "2018-09-30": -400, "2018-06-30": 0, "2018-03-31": "", "2017-12-31": 0, "2017-09-30": 0, "2017-06-30": 0, "2017-03-31": "", "2016-12-31": 0, "2016-09-30": 0, "2016-06-30": 60, "2016-03-31": "-60.00000", "2015-12-31": 868, "2015-09-30": -124, "2015-06-30": -744, "2015-03-31": "", "2014-12-31": 0, "2014-09-30": 0, "2014-06-30": 0, "2014-03-31": "", "2013-12-31": 0, "2013-09-30": 0, "2013-06-30": 0, "2013-03-31": "", "2012-12-31": 0, "2012-09-30": 0, "2012-06-30": 0, "2012-03-31": "", "2011-12-31": 0, "2011-09-30": 0, "2011-06-30": 0, "2011-03-31": "", "2010-12-31": 0, "2010-09-30": 0, "2010-06-30": 0, "2010-03-31": "", "2009-12-31": 0, "2009-09-30": 0, "2009-06-30": 0, "2009-03-31": "", "2008-12-31": 0, "2008-09-30": 0, "2008-06-30": 0, "2008-03-31": "", "2007-12-31": 0, "2007-09-30": 0, "2007-06-30": 0, "2007-03-31": "", "2006-12-31": 0, "2006-09-30": 0, "2006-06-30": 0, "2006-03-31": "", "2005-12-31": 0, "2005-09-30": 0, "2005-06-30": 0, "2005-03-31": ""}, "Net Change In Long-Term Investments": {"2020-12-31": -100, "2020-09-30": -122, "2020-06-30": 158, "2020-03-31": "54.00000", "2019-12-31": -3, "2019-09-30": -84, "2019-06-30": 253, "2019-03-31": "366.00000", "2018-12-31": -547, "2018-09-30": 298, "2018-06-30": -244, "2018-03-31": "505.00000", "2017-12-31": 6, "2017-09-30": -45, "2017-06-30": -121, "2017-03-31": "-22.00000", "2016-12-31": 60, "2016-09-30": -531, "2016-06-30": -70, "2016-03-31": "-242.00000", "2015-12-31": -644, "2015-09-30": 607, "2015-06-30": 690, "2015-03-31": "-441.00000", "2014-12-31": 661, "2014-09-30": 949, "2014-06-30": -307, "2014-03-31": "147.00000", "2013-12-31": -89, "2013-09-30": 184, "2013-06-30": 289, "2013-03-31": "-65.00000", "2012-12-31": -323, "2012-09-30": -794, "2012-06-30": -332, "2012-03-31": "-251.00000", "2011-12-31": -637, "2011-09-30": 194, "2011-06-30": 158, "2011-03-31": "160.00000", "2010-12-31": -39, "2010-09-30": 5, "2010-06-30": 48, "2010-03-31": "-3.00000", "2009-12-31": -480, "2009-09-30": -14, "2009-06-30": -3, "2009-03-31": "-20.00000", "2008-12-31": 100.619, "2008-09-30": 41.504, "2008-06-30": 61.629, "2008-03-31": "253.24800", "2007-12-31": 284.7251, "2007-09-30": 205.9781, "2007-06-30": -17.9681, "2007-03-31": "-9.08100", "2006-12-31": -405.686, "2006-09-30": -25.6658, "2006-06-30": -64.5601, "2006-03-31": "-85.47800", "2005-12-31": 119.4958, "2005-09-30": -124.3198, "2005-06-30": -15.5661, "2005-03-31": "69.77800"}, "Net Change In Investments - Total": {"2020-12-31": -100, "2020-09-30": -40, "2020-06-30": 76, "2020-03-31": "54.00000", "2019-12-31": -3, "2019-09-30": 40, "2019-06-30": 129, "2019-03-31": "366.00000", "2018-12-31": -147, "2018-09-30": -102, "2018-06-30": -244, "2018-03-31": "505.00000", "2017-12-31": 6, "2017-09-30": -45, "2017-06-30": -121, "2017-03-31": "-22.00000", "2016-12-31": 60, "2016-09-30": -531, "2016-06-30": -10, "2016-03-31": "-302.00000", "2015-12-31": 224, "2015-09-30": 483, "2015-06-30": -54, "2015-03-31": "-441.00000", "2014-12-31": 661, "2014-09-30": 949, "2014-06-30": -307, "2014-03-31": "147.00000", "2013-12-31": -89, "2013-09-30": 184, "2013-06-30": 289, "2013-03-31": "-65.00000", "2012-12-31": -323, "2012-09-30": -794, "2012-06-30": -332, "2012-03-31": "-251.00000", "2011-12-31": -637, "2011-09-30": 194, "2011-06-30": 158, "2011-03-31": "160.00000", "2010-12-31": -39, "2010-09-30": 5, "2010-06-30": 48, "2010-03-31": "-3.00000", "2009-12-31": -480, "2009-09-30": -14, "2009-06-30": -3, "2009-03-31": "-20.00000", "2008-12-31": 100.619, "2008-09-30": 41.504, "2008-06-30": 61.629, "2008-03-31": "253.24800", "2007-12-31": 284.7251, "2007-09-30": 205.9781, "2007-06-30": -17.9681, "2007-03-31": "-9.08100", "2006-12-31": -405.686, "2006-09-30": -25.6658, "2006-06-30": -64.5601, "2006-03-31": "-85.47800", "2005-12-31": 119.4958, "2005-09-30": -124.3198, "2005-06-30": -15.5661, "2005-03-31": "69.77800"}, "Investing Activities - Other": {"2020-12-31": 3, "2020-09-30": 6, "2020-06-30": 171, "2020-03-31": "-352.00000", "2019-12-31": -2, "2019-09-30": 0, "2019-06-30": 9, "2019-03-31": "-11.00000", "2018-12-31": 1, "2018-09-30": 1, "2018-06-30": -4, "2018-03-31": "-12.00000", "2017-12-31": -42, "2017-09-30": 24, "2017-06-30": 24, "2017-03-31": "-7.00000", "2016-12-31": 4, "2016-09-30": 0, "2016-06-30": 6, "2016-03-31": "-8.00000", "2015-12-31": 7, "2015-09-30": -8, "2015-06-30": 9, "2015-03-31": "-9.00000", "2014-12-31": -68, "2014-09-30": -4, "2014-06-30": -7, "2014-03-31": "178.00000", "2013-12-31": -4, "2013-09-30": -17, "2013-06-30": -3, "2013-03-31": "", "2012-12-31": -850, "2012-09-30": -1, "2012-06-30": 0, "2012-03-31": "", "2011-12-31": 5, "2011-09-30": 9, "2011-06-30": 0, "2011-03-31": "", "2010-12-31": 525, "2010-09-30": -528, "2010-06-30": 0, "2010-03-31": "", "2009-12-31": 0, "2009-09-30": -2, "2009-06-30": -3, "2009-03-31": "1.00000", "2008-12-31": 0.223, "2008-09-30": -2.932, "2008-06-30": 0.195, "2008-03-31": "0.51400", "2007-12-31": -0.642, "2007-09-30": 3.546, "2007-06-30": 3.928, "2007-03-31": "1.07700", "2006-12-31": 0.513, "2006-09-30": 0.522, "2006-06-30": -1.366, "2006-03-31": "-0.03700", "2005-12-31": -1.901, "2005-09-30": 1.126, "2005-06-30": -0.347, "2005-03-31": "0.08200"}, "Cash Flow From Investing Activities": {"2020-12-31": -1054, "2020-09-30": -199, "2020-06-30": -119, "2020-03-31": "-507.00000", "2019-12-31": -460, "2019-09-30": -626, "2019-06-30": -767, "2019-03-31": "213.00000", "2018-12-31": -269, "2018-09-30": -231, "2018-06-30": -373, "2018-03-31": "367.00000", "2017-12-31": -158, "2017-09-30": -378, "2017-06-30": -1122, "2017-03-31": "-123.00000", "2016-12-31": -38, "2016-09-30": -630, "2016-06-30": -110, "2016-03-31": "-385.00000", "2015-12-31": 138, "2015-09-30": 369, "2015-06-30": -703, "2015-03-31": "-519.00000", "2014-12-31": 242, "2014-09-30": 880, "2014-06-30": -562, "2014-03-31": "130.00000", "2013-12-31": -239, "2013-09-30": 117, "2013-06-30": 225, "2013-03-31": "-107.00000", "2012-12-31": -1227, "2012-09-30": -922, "2012-06-30": -388, "2012-03-31": "-302.00000", "2011-12-31": -693, "2011-09-30": 159, "2011-06-30": -349, "2011-03-31": "135.00000", "2010-12-31": -58, "2010-09-30": -563, "2010-06-30": 3, "2010-03-31": "-23.00000", "2009-12-31": -524, "2009-09-30": -52, "2009-06-30": -38, "2009-03-31": "-50.00000", "2008-12-31": -29.641, "2008-09-30": -16.2, "2008-06-30": 25.805, "2008-03-31": "222.03600", "2007-12-31": 239.322, "2007-09-30": 172.546, "2007-06-30": -52.62, "2007-03-31": "-44.10700", "2006-12-31": -436.704, "2006-09-30": -56.525, "2006-06-30": -85.005, "2006-03-31": "-97.99200", "2005-12-31": 93.056, "2005-09-30": -139.709, "2005-06-30": -39.105, "2005-03-31": "52.10300"}, "Net Long-Term Debt": {"2020-12-31": 0, "2020-09-30": 0, "2020-06-30": 0, "2020-03-31": "3959.00000", "2019-12-31": 744, "2019-09-30": 0, "2019-06-30": 1480, "2019-03-31": "", "2018-12-31": 0, "2018-09-30": 0, "2018-06-30": 0, "2018-03-31": "991.00000", "2017-12-31": 0, "2017-09-30": 0, "2017-06-30": -64, "2017-03-31": "", "2016-12-31": 1972, "2016-09-30": 0, "2016-06-30": 0, "2016-03-31": "", "2015-12-31": 1735, "2015-09-30": 0, "2015-06-30": 0, "2015-03-31": "", "2014-12-31": 43, "2014-09-30": 0, "2014-06-30": 0, "2014-03-31": "1487.00000", "2013-12-31": 35, "2013-09-30": 0, "2013-06-30": 0, "2013-03-31": "", "2012-12-31": 0, "2012-09-30": 0, "2012-06-30": 0, "2012-03-31": "", "2011-12-31": 21, "2011-09-30": 0, "2011-06-30": -21, "2011-03-31": "", "2010-12-31": 0, "2010-09-30": 0, "2010-06-30": 0, "2010-03-31": "", "2009-12-31": 0, "2009-09-30": 0, "2009-06-30": 0, "2009-03-31": "-149.00000", "2008-12-31": 0, "2008-09-30": 0, "2008-06-30": -80, "2008-03-31": "", "2007-12-31": 0, "2007-09-30": 0, "2007-06-30": 0, "2007-03-31": "", "2006-12-31": 0, "2006-09-30": 0, "2006-06-30": 0, "2006-03-31": "", "2005-12-31": 0, "2005-09-30": 0, "2005-06-30": 0, "2005-03-31": ""}, "Net Current Debt": {"2020-12-31": 0, "2020-09-30": 0, "2020-06-30": 0, "2020-03-31": "", "2019-12-31": 0, "2019-09-30": 0, "2019-06-30": 0, "2019-03-31": "", "2018-12-31": 0, "2018-09-30": 0, "2018-06-30": 0, "2018-03-31": "", "2017-12-31": 0, "2017-09-30": 0, "2017-06-30": 0, "2017-03-31": "", "2016-12-31": 0, "2016-09-30": 0, "2016-06-30": 0, "2016-03-31": "", "2015-12-31": 0, "2015-09-30": 0, "2015-06-30": 0, "2015-03-31": "", "2014-12-31": 0, "2014-09-30": 0, "2014-06-30": 0, "2014-03-31": "", "2013-12-31": 0, "2013-09-30": 0, "2013-06-30": 0, "2013-03-31": "", "2012-12-31": 0, "2012-09-30": 0, "2012-06-30": 0, "2012-03-31": "", "2011-12-31": 0, "2011-09-30": 0, "2011-06-30": 0, "2011-03-31": "", "2010-12-31": 0, "2010-09-30": 0, "2010-06-30": 0, "2010-03-31": "", "2009-12-31": 0, "2009-09-30": 0, "2009-06-30": 0, "2009-03-31": "", "2008-12-31": 0, "2008-09-30": 0, "2008-06-30": 0, "2008-03-31": "", "2007-12-31": 0, "2007-09-30": 0, "2007-06-30": 0, "2007-03-31": "", "2006-12-31": 0, "2006-09-30": 0, "2006-06-30": 0, "2006-03-31": "", "2005-12-31": 0, "2005-09-30": 0, "2005-06-30": 0, "2005-03-31": ""}, "Debt Issuance/Retirement Net - Total": {"2020-12-31": 0, "2020-09-30": 0, "2020-06-30": 0, "2020-03-31": "3959.00000", "2019-12-31": 744, "2019-09-30": 0, "2019-06-30": 1480, "2019-03-31": "", "2018-12-31": 0, "2018-09-30": 0, "2018-06-30": 0, "2018-03-31": "991.00000", "2017-12-31": 0, "2017-09-30": 0, "2017-06-30": -64, "2017-03-31": "", "2016-12-31": 1972, "2016-09-30": 0, "2016-06-30": 0, "2016-03-31": "", "2015-12-31": 1735, "2015-09-30": 0, "2015-06-30": 0, "2015-03-31": "", "2014-12-31": 43, "2014-09-30": 0, "2014-06-30": 0, "2014-03-31": "1487.00000", "2013-12-31": 35, "2013-09-30": 0, "2013-06-30": 0, "2013-03-31": "", "2012-12-31": 0, "2012-09-30": 0, "2012-06-30": 0, "2012-03-31": "", "2011-12-31": 21, "2011-09-30": 0, "2011-06-30": -21, "2011-03-31": "", "2010-12-31": 0, "2010-09-30": 0, "2010-06-30": 0, "2010-03-31": "", "2009-12-31": 0, "2009-09-30": 0, "2009-06-30": 0, "2009-03-31": "-149.00000", "2008-12-31": 0, "2008-09-30": 0, "2008-06-30": -80, "2008-03-31": "", "2007-12-31": 0, "2007-09-30": 0, "2007-06-30": 0, "2007-03-31": "", "2006-12-31": 0, "2006-09-30": 0, "2006-06-30": 0, "2006-03-31": "", "2005-12-31": 0, "2005-09-30": 0, "2005-06-30": 0, "2005-03-31": ""}, "Net Common Equity Issued/Repurchased": {"2020-12-31": -1021, "2020-09-30": -2037, "2020-06-30": 34, "2020-03-31": "-1352.00000", "2019-12-31": -975, "2019-09-30": -1746, "2019-06-30": -1880, "2019-03-31": "-1770.00000", "2018-12-31": -876, "2018-09-30": -1139, "2018-06-30": -1502, "2018-03-31": "-1312.00000", "2017-12-31": -1022, "2017-09-30": -826, "2017-06-30": -914, "2017-03-31": "-943.00000", "2016-12-31": -1095, "2016-09-30": -576, "2016-06-30": -450, "2016-03-31": "-1353.00000", "2015-12-31": -791, "2015-09-30": -926, "2015-06-30": -837, "2015-03-31": "-937.00000", "2014-12-31": -150, "2014-09-30": -397, "2014-06-30": -1150, "2014-03-31": "-1661.00000", "2013-12-31": -747, "2013-09-30": -339, "2013-06-30": -570, "2013-03-31": "-761.00000", "2012-12-31": -610, "2012-09-30": -206, "2012-06-30": -667, "2012-03-31": "-234.00000", "2011-12-31": -26, "2011-09-30": -70, "2011-06-30": -381, "2011-03-31": "-652.00000", "2010-12-31": 1, "2010-09-30": 1, "2010-06-30": 3, "2010-03-31": "6.00000", "2009-12-31": 3, "2009-09-30": 4, "2009-06-30": 1, "2009-03-31": "1.00000", "2008-12-31": 0.133, "2008-09-30": 4.679, "2008-06-30": -352.371, "2008-03-31": "-292.44100", "2007-12-31": -322.854, "2007-09-30": -277.164, "2007-06-30": 1.083, "2007-03-31": "", "2006-12-31": 0, "2006-09-30": 0, "2006-06-30": 649.9729, "2006-03-31": "", "2005-12-31": 0, "2005-09-30": 0, "2005-06-30": 0, "2005-03-31": ""}, "Net Total Equity Issued/Repurchased": {"2020-12-31": -1021, "2020-09-30": -2037, "2020-06-30": 34, "2020-03-31": "-1352.00000", "2019-12-31": -975, "2019-09-30": -1746, "2019-06-30": -1880, "2019-03-31": "-1770.00000", "2018-12-31": -876, "2018-09-30": -1139, "2018-06-30": -1502, "2018-03-31": "-1312.00000", "2017-12-31": -1022, "2017-09-30": -826, "2017-06-30": -914, "2017-03-31": "-943.00000", "2016-12-31": -1095, "2016-09-30": -576, "2016-06-30": -450, "2016-03-31": "-1353.00000", "2015-12-31": -791, "2015-09-30": -926, "2015-06-30": -837, "2015-03-31": "-937.00000", "2014-12-31": -150, "2014-09-30": -397, "2014-06-30": -1150, "2014-03-31": "-1661.00000", "2013-12-31": -747, "2013-09-30": -339, "2013-06-30": -570, "2013-03-31": "-761.00000", "2012-12-31": -610, "2012-09-30": -206, "2012-06-30": -667, "2012-03-31": "-234.00000", "2011-12-31": -26, "2011-09-30": -70, "2011-06-30": -381, "2011-03-31": "-652.00000", "2010-12-31": 1, "2010-09-30": 1, "2010-06-30": 3, "2010-03-31": "6.00000", "2009-12-31": 3, "2009-09-30": 4, "2009-06-30": 1, "2009-03-31": "1.00000", "2008-12-31": 0.133, "2008-09-30": 4.679, "2008-06-30": -352.371, "2008-03-31": "-292.44100", "2007-12-31": -322.854, "2007-09-30": -277.164, "2007-06-30": 1.083, "2007-03-31": "", "2006-12-31": 0, "2006-09-30": 0, "2006-06-30": 649.9729, "2006-03-31": "", "2005-12-31": 0, "2005-09-30": 0, "2005-06-30": 0, "2005-03-31": ""}, "Total Common And Preferred Stock Dividends Paid": {"2020-12-31": -399, "2020-09-30": -402, "2020-06-30": -401, "2020-03-31": "-403.00000", "2019-12-31": -333, "2019-09-30": -335, "2019-06-30": -337, "2019-03-31": "-340.00000", "2018-12-31": -259, "2018-09-30": -260, "2018-06-30": -262, "2018-03-31": "-263.00000", "2017-12-31": -233, "2017-09-30": -235, "2017-06-30": -236, "2017-03-31": "-238.00000", "2016-12-31": -207, "2016-09-30": -209, "2016-06-30": -209, "2016-03-31": "-212.00000", "2015-12-31": -179, "2015-09-30": -181, "2015-06-30": -183, "2015-03-31": "-184.00000", "2014-12-31": -127, "2014-09-30": -128, "2014-06-30": -129, "2014-03-31": "-131.00000", "2013-12-31": -73, "2013-09-30": -72, "2013-06-30": -73, "2013-03-31": "-37.00000", "2012-12-31": -38, "2012-09-30": -37, "2012-06-30": -38, "2012-03-31": "-19.00000", "2011-12-31": -19, "2011-09-30": -19, "2011-06-30": -19, "2011-03-31": "-20.00000", "2010-12-31": -20, "2010-09-30": -20, "2010-06-30": -19, "2010-03-31": "-20.00000", "2009-12-31": -20, "2009-09-30": -20, "2009-06-30": -19, "2009-03-31": "-20.00000", "2008-12-31": -19.424, "2008-09-30": -19.698, "2008-06-30": -19.84, "2008-03-31": "-20.03800", "2007-12-31": -20.197, "2007-09-30": -20.706, "2007-06-30": -20.942, "2007-03-31": "-12.15700", "2006-12-31": -12.373, "2006-09-30": 0, "2006-06-30": 0, "2006-03-31": "", "2005-12-31": 0, "2005-09-30": 0, "2005-06-30": 0, "2005-03-31": ""}, "Financial Activities - Other": {"2020-12-31": 45, "2020-09-30": -29, "2020-06-30": -42, "2020-03-31": "-104.00000", "2019-12-31": -18, "2019-09-30": -44, "2019-06-30": -200, "2019-03-31": "-113.00000", "2018-12-31": 2, "2018-09-30": -18, "2018-06-30": 13, "2018-03-31": "-81.00000", "2017-12-31": -15, "2017-09-30": 19, "2017-06-30": -1, "2017-03-31": "-56.00000", "2016-12-31": 5, "2016-09-30": 12, "2016-06-30": 8, "2016-03-31": "-30.00000", "2015-12-31": -65, "2015-09-30": 7, "2015-06-30": 4, "2015-03-31": "21.00000", "2014-12-31": -10, "2014-09-30": 15, "2014-06-30": -27, "2014-03-31": "26.00000", "2013-12-31": -7, "2013-09-30": -5, "2013-06-30": 5, "2013-03-31": "15.00000", "2012-12-31": 1, "2012-09-30": 14, "2012-06-30": 3, "2012-03-31": "33.00000", "2011-12-31": -20, "2011-09-30": 1, "2011-06-30": 3, "2011-03-31": "7.00000", "2010-12-31": 2, "2010-09-30": -4, "2010-06-30": -2, "2010-03-31": "91.00000", "2009-12-31": 7, "2009-09-30": 6, "2009-06-30": 18, "2009-03-31": "3.00000", "2008-12-31": -0.901, "2008-09-30": 5.072, "2008-06-30": 3.168, "2008-03-31": "40.66100", "2007-12-31": 7.832, "2007-09-30": 0.864, "2007-06-30": 2.973, "2007-03-31": "3.76100", "2006-12-31": 0, "2006-09-30": 0, "2006-06-30": 0, "2006-03-31": "", "2005-12-31": 0, "2005-09-30": 0, "2005-06-30": 0, "2005-03-31": ""}, "Cash Flow From Financial Activities": {"2020-12-31": -1375, "2020-09-30": -2468, "2020-06-30": -409, "2020-03-31": "2100.00000", "2019-12-31": -582, "2019-09-30": -2125, "2019-06-30": -937, "2019-03-31": "-2223.00000", "2018-12-31": -1133, "2018-09-30": -1417, "2018-06-30": -1751, "2018-03-31": "-665.00000", "2017-12-31": -1270, "2017-09-30": -1042, "2017-06-30": -1215, "2017-03-31": "-1237.00000", "2016-12-31": 675, "2016-09-30": -773, "2016-06-30": -651, "2016-03-31": "-1595.00000", "2015-12-31": 700, "2015-09-30": -1100, "2015-06-30": -1016, "2015-03-31": "-1100.00000", "2014-12-31": -244, "2014-09-30": -510, "2014-06-30": -1306, "2014-03-31": "-279.00000", "2013-12-31": -792, "2013-09-30": -416, "2013-06-30": -638, "2013-03-31": "-783.00000", "2012-12-31": -647, "2012-09-30": -229, "2012-06-30": -702, "2012-03-31": "-220.00000", "2011-12-31": -44, "2011-09-30": -88, "2011-06-30": -418, "2011-03-31": "-665.00000", "2010-12-31": -17, "2010-09-30": -23, "2010-06-30": -18, "2010-03-31": "77.00000", "2009-12-31": -10, "2009-09-30": -10, "2009-06-30": 0, "2009-03-31": "-165.00000", "2008-12-31": -20.192, "2008-09-30": -9.947, "2008-06-30": -449.043, "2008-03-31": "-271.81800", "2007-12-31": -335.219, "2007-09-30": -297.006, "2007-06-30": -16.886, "2007-03-31": "-8.39600", "2006-12-31": -12.373, "2006-09-30": 0, "2006-06-30": 649.973, "2006-03-31": "", "2005-12-31": 0, "2005-09-30": 0, "2005-06-30": 0, "2005-03-31": ""}, "Net Cash Flow": {"2020-12-31": 15, "2020-09-30": -898, "2020-06-30": 969, "2020-03-31": "3364.00000", "2019-12-31": 1997, "2019-09-30": -473, "2019-06-30": -140, "2019-03-31": "-752.00000", "2018-12-31": -141, "2018-09-30": 710, "2018-06-30": -656, "2018-03-31": "832.00000", "2017-12-31": 401, "2017-09-30": 440, "2017-06-30": -924, "2017-03-31": "-598.00000", "2016-12-31": 1622, "2016-09-30": 29, "2016-06-30": 282, "2016-03-31": "-853.00000", "2015-12-31": 1870, "2015-09-30": 516, "2015-06-30": -846, "2015-03-31": "-930.00000", "2014-12-31": 675, "2014-09-30": 1584, "2014-06-30": -1141, "2014-03-31": "420.00000", "2013-12-31": 186, "2013-09-30": 1065, "2013-06-30": 364, "2013-03-31": "-68.00000", "2012-12-31": -993, "2012-09-30": -108, "2012-06-30": -531, "2012-03-31": "-50.00000", "2011-12-31": -19, "2011-09-30": 989, "2011-06-30": -190, "2011-03-31": "-113.00000", "2010-12-31": 588, "2010-09-30": 156, "2010-06-30": 204, "2010-03-31": "64.00000", "2009-12-31": -261, "2009-09-30": 268, "2009-06-30": 370, "2009-03-31": "173.00000", "2008-12-31": -566.162, "2008-09-30": 302.246, "2008-06-30": -103.339, "2008-03-31": "213.25500", "2007-12-31": -28.128, "2007-09-30": 167.1, "2007-06-30": 310.504, "2007-03-31": "24.73900", "2006-12-31": -236.059, "2006-09-30": 211.283, "2006-06-30": 715.064, "2006-03-31": "-50.48100", "2005-12-31": 14.285, "2005-09-30": 10.907, "2005-06-30": 160.089, "2005-03-31": "30.99600"}, "Stock-Based Compensation": {"2020-12-31": 52, "2020-09-30": 75, "2020-06-30": 75, "2020-03-31": "52.00000", "2019-12-31": 43, "2019-09-30": 77, "2019-06-30": 73, "2019-03-31": "57.00000", "2018-12-31": 43, "2018-09-30": 55, "2018-06-30": 55, "2018-03-31": "43.00000", "2017-12-31": 39, "2017-09-30": 49, "2017-06-30": 49, "2017-03-31": "39.00000", "2016-12-31": 39, "2016-09-30": 36, "2016-06-30": 42, "2016-03-31": "32.00000", "2015-12-31": 121, "2015-09-30": 24, "2015-06-30": 30, "2015-03-31": "-53.00000", "2014-12-31": 28, "2014-09-30": 3, "2014-06-30": 28, "2014-03-31": "-74.00000", "2013-12-31": 36, "2013-09-30": 28, "2013-06-30": 22, "2013-03-31": "-23.00000", "2012-12-31": 21, "2012-09-30": 9, "2012-06-30": 23, "2012-03-31": "-53.00000", "2011-12-31": -18, "2011-09-30": 17, "2011-06-30": 21, "2011-03-31": "15.00000", "2010-12-31": 14, "2010-09-30": 18, "2010-06-30": 15, "2010-03-31": "16.00000", "2009-12-31": 19, "2009-09-30": 28, "2009-06-30": 26, "2009-03-31": "15.00000", "2008-12-31": 16.783, "2008-09-30": 15.228, "2008-06-30": 17.938, "2008-03-31": "11.05100", "2007-12-31": 22.304, "2007-09-30": 12.527, "2007-06-30": 14.957, "2007-03-31": "8.42500", "2006-12-31": 5.809, "2006-09-30": 6.547, "2006-06-30": 6.825, "2006-03-31": "", "2005-12-31": 0, "2005-09-30": 0, "2005-06-30": 0, "2005-03-31": ""}, "Common Stock Dividends Paid": {"2020-12-31": -399, "2020-09-30": -402, "2020-06-30": -401, "2020-03-31": "-403.00000", "2019-12-31": -333, "2019-09-30": -335, "2019-06-30": -337, "2019-03-31": "-340.00000", "2018-12-31": -259, "2018-09-30": -260, "2018-06-30": -262, "2018-03-31": "-263.00000", "2017-12-31": -233, "2017-09-30": -235, "2017-06-30": -236, "2017-03-31": "-238.00000", "2016-12-31": -207, "2016-09-30": -209, "2016-06-30": -209, "2016-03-31": "-212.00000", "2015-12-31": -179, "2015-09-30": -181, "2015-06-30": -183, "2015-03-31": "-184.00000", "2014-12-31": -127, "2014-09-30": -128, "2014-06-30": -129, "2014-03-31": "-131.00000", "2013-12-31": -73, "2013-09-30": -72, "2013-06-30": -73, "2013-03-31": "-37.00000", "2012-12-31": -38, "2012-09-30": -37, "2012-06-30": -38, "2012-03-31": "-19.00000", "2011-12-31": -19, "2011-09-30": -19, "2011-06-30": -19, "2011-03-31": "-20.00000", "2010-12-31": -20, "2010-09-30": -20, "2010-06-30": -19, "2010-03-31": "-20.00000", "2009-12-31": -20, "2009-09-30": -20, "2009-06-30": -19, "2009-03-31": "-20.00000", "2008-12-31": -19.424, "2008-09-30": -19.698, "2008-06-30": -19.84, "2008-03-31": "-20.03800", "2007-12-31": -20.197, "2007-09-30": -20.706, "2007-06-30": -20.942, "2007-03-31": "-12.15700", "2006-12-31": -12.373, "2006-09-30": 0, "2006-06-30": 0, "2006-03-31": "", "2005-12-31": 0, "2005-09-30": 0, "2005-06-30": 0, "2005-03-31": ""}}, "financial ratios": {"Current Ratio": {"2019-12-31": "1.41990", "2018-12-31": "1.39490", "2017-12-31": "1.56910", "2016-12-31": "1.83570", "2015-12-31": "1.75210", "2014-12-31": "1.76740", "2013-12-31": "1.81530", "2012-12-31": "1.90730", "2011-12-31": "1.83570", "2010-12-31": "2.05350", "2009-12-31": "1.57970", "2008-12-31": "1.44180", "2007-12-31": "1.94290", "2006-12-31": "1.97460", "2005-12-31": "1.43120"}, "Long-term Debt / Capital": {"2019-12-31": "0.59030", "2018-12-31": "0.51850", "2017-12-31": "0.49670", "2016-12-31": "0.47680", "2015-12-31": "0.35030", "2014-12-31": "0.17960", "2013-12-31": "", "2012-12-31": "", "2011-12-31": "", "2010-12-31": "", "2009-12-31": "0.00620", "2008-12-31": "0.00990", "2007-12-31": "0.04720", "2006-12-31": "0.08850", "2005-12-31": "0.16410"}, "Debt/Equity Ratio": {"2019-12-31": "1.44110", "2018-12-31": "1.16910", "2017-12-31": "0.98670", "2016-12-31": "0.91130", "2015-12-31": "0.53910", "2014-12-31": "0.21890", "2013-12-31": "", "2012-12-31": "", "2011-12-31": "", "2010-12-31": "", "2009-12-31": "0.00630", "2008-12-31": "0.08740", "2007-12-31": "0.07590", "2006-12-31": "0.09710", "2005-12-31": "0.19630"}, "Gross Margin": {"2019-12-31": "100.00000", "2018-12-31": "100.00000", "2017-12-31": "100.00000", "2016-12-31": "100.00000", "2015-12-31": "100.00000", "2014-12-31": "100.00000", "2013-12-31": "100.00000", "2012-12-31": "100.00000", "2011-12-31": "100.00000", "2010-12-31": "100.00000", "2009-12-31": "100.00000", "2008-12-31": "100.00000", "2007-12-31": "100.00000", "2006-12-31": "100.00000", "2005-12-31": "100.00000"}, "Operating Margin": {"2019-12-31": "57.24100", "2018-12-31": "48.70900", "2017-12-31": "52.98870", "2016-12-31": "53.46140", "2015-12-31": "52.52920", "2014-12-31": "54.08330", "2013-12-31": "54.17470", "2012-12-31": "53.26750", "2011-12-31": "40.40810", "2010-12-31": "49.68410", "2009-12-31": "44.32240", "2008-12-31": "-10.69710", "2007-12-31": "27.24240", "2006-12-31": "6.89990", "2005-12-31": "13.38440"}, "EBIT Margin": {"2019-12-31": "57.24100", "2018-12-31": "48.70900", "2017-12-31": "52.98870", "2016-12-31": "53.46140", "2015-12-31": "52.52920", "2014-12-31": "54.08330", "2013-12-31": "54.17470", "2012-12-31": "53.26750", "2011-12-31": "40.40810", "2010-12-31": "49.68410", "2009-12-31": "44.32240", "2008-12-31": "-10.69710", "2007-12-31": "27.24240", "2006-12-31": "6.89990", "2005-12-31": "13.38440"}, "EBITDA Margin": {"2019-12-31": "67.09120", "2018-12-31": "60.04010", "2017-12-31": "64.49550", "2016-12-31": "64.90350", "2015-12-31": "64.21850", "2014-12-31": "64.80250", "2013-12-31": "64.53320", "2012-12-31": "63.40140", "2011-12-31": "43.29760", "2010-12-31": "52.35600", "2009-12-31": "48.77430", "2008-12-31": "-6.91110", "2007-12-31": "30.57820", "2006-12-31": "11.18660", "2005-12-31": "18.73290"}, "Pre-Tax Profit Margin": {"2019-12-31": "57.63790", "2018-12-31": "48.18730", "2017-12-31": "52.18850", "2016-12-31": "52.39420", "2015-12-31": "51.28790", "2014-12-31": "53.79730", "2013-12-31": "54.13860", "2012-12-31": "53.21340", "2011-12-31": "40.92940", "2010-12-31": "49.77430", "2009-12-31": "43.49870", "2008-12-31": "-7.67230", "2007-12-31": "41.09140", "2006-12-31": "8.84440", "2005-12-31": "13.86620"}, "Net Profit Margin": {"2019-12-31": "48.08390", "2018-12-31": "39.19060", "2017-12-31": "31.32750", "2016-12-31": "37.66700", "2015-12-31": "39.39170", "2014-12-31": "38.31160", "2013-12-31": "37.48800", "2012-12-31": "37.32920", "2011-12-31": "28.38840", "2010-12-31": "33.27320", "2009-12-31": "28.69190", "2008-12-31": "-5.08810", "2007-12-31": "26.69600", "2006-12-31": "1.50900", "2005-12-31": "9.07940"}, "Asset Turnover": {"2019-12-31": "0.57750", "2018-12-31": "0.60140", "2017-12-31": "0.58590", "2016-12-31": "0.57700", "2015-12-31": "0.59490", "2014-12-31": "0.61590", "2013-12-31": "0.58360", "2012-12-31": "0.59310", "2011-12-31": "0.62790", "2010-12-31": "0.62680", "2009-12-31": "0.68260", "2008-12-31": "0.77090", "2007-12-31": "0.64980", "2006-12-31": "0.65440", "2005-12-31": "0.79380"}, "Inventory Turnover Ratio": {"2019-12-31": "", "2018-12-31": "", "2017-12-31": "", "2016-12-31": "", "2015-12-31": "", "2014-12-31": "", "2013-12-31": "", "2012-12-31": "", "2011-12-31": "", "2010-12-31": "", "2009-12-31": "", "2008-12-31": "", "2007-12-31": "", "2006-12-31": "", "2005-12-31": ""}, "Receiveable Turnover": {"2019-12-31": "6.71560", "2018-12-31": "6.56850", "2017-12-31": "6.34690", "2016-12-31": "7.61020", "2015-12-31": "8.95920", "2014-12-31": "8.51310", "2013-12-31": "8.60460", "2012-12-31": "7.99030", "2011-12-31": "8.30940", "2010-12-31": "8.52150", "2009-12-31": "9.51310", "2008-12-31": "5.95850", "2007-12-31": "7.63680", "2006-12-31": "7.37060", "2005-12-31": "8.44740"}, "Days Sales In Receivables": {"2019-12-31": "54.35110", "2018-12-31": "55.56790", "2017-12-31": "57.50860", "2016-12-31": "47.96210", "2015-12-31": "40.74020", "2014-12-31": "42.87520", "2013-12-31": "42.41940", "2012-12-31": "45.68060", "2011-12-31": "43.92610", "2010-12-31": "42.83260", "2009-12-31": "38.36830", "2008-12-31": "61.25670", "2007-12-31": "47.79500", "2006-12-31": "49.52090", "2005-12-31": "43.20840"}, "ROE - Return On Equity": {"2019-12-31": "137.19790", "2018-12-31": "108.13950", "2017-12-31": "71.22070", "2016-12-31": "71.41100", "2015-12-31": "62.81760", "2014-12-31": "53.00410", "2013-12-31": "41.57440", "2012-12-31": "39.81820", "2011-12-31": "32.43150", "2010-12-31": "35.41030", "2009-12-31": "41.65720", "2008-12-31": "-13.14720", "2007-12-31": "35.86970", "2006-12-31": "2.12280", "2005-12-31": "22.81310"}, "Return On Tangible Equity": {"2019-12-31": "1694.78100", "2018-12-31": "384.70130", "2017-12-31": "291.72880", "2016-12-31": "126.60640", "2015-12-31": "113.06410", "2014-12-31": "78.83610", "2013-12-31": "54.65710", "2012-12-31": "53.41720", "2011-12-31": "45.40260", "2010-12-31": "46.07130", "2009-12-31": "52.47490", "2008-12-31": "-20.48880", "2007-12-31": "44.01780", "2006-12-31": "2.67540", "2005-12-31": "38.17950"}, "ROA - Return On Assets": {"2019-12-31": "27.76710", "2018-12-31": "23.56800", "2017-12-31": "18.35530", "2016-12-31": "21.73490", "2015-12-31": "23.43390", "2014-12-31": "23.59580", "2013-12-31": "21.87900", "2012-12-31": "22.13930", "2011-12-31": "17.82480", "2010-12-31": "20.90080", "2009-12-31": "19.58500", "2008-12-31": "-3.92230", "2007-12-31": "17.34630", "2006-12-31": "0.98750", "2005-12-31": "7.20760"}, "ROI - Return On Investment": {"2019-12-31": "56.20330", "2018-12-31": "52.07070", "2017-12-31": "35.84840", "2016-12-31": "37.36190", "2015-12-31": "40.81460", "2014-12-31": "43.48400", "2013-12-31": "41.57440", "2012-12-31": "39.81820", "2011-12-31": "32.43150", "2010-12-31": "35.41030", "2009-12-31": "41.39790", "2008-12-31": "-13.01660", "2007-12-31": "34.17820", "2006-12-31": "1.93480", "2005-12-31": "19.06990"}, "Book Value Per Share": {"2019-12-31": "5.87590", "2018-12-31": "5.25510", "2017-12-31": "5.21540", "2016-12-31": "5.25810", "2015-12-31": "5.43190", "2014-12-31": "5.92360", "2013-12-31": "6.27620", "2012-12-31": "5.62220", "2011-12-31": "4.63250", "2010-12-31": "3.98480", "2009-12-31": "2.70630", "2008-12-31": "1.49490", "2007-12-31": "2.30610", "2006-12-31": "1.75180", "2005-12-31": "0.86620"}, "Operating Cash Flow Per Share": {"2019-12-31": 2.0632, "2018-12-31": 0.66, "2017-12-31": 1.072, "2016-12-31": 0.6047, "2015-12-31": 0.6924, "2014-12-31": -0.4888, "2013-12-31": 1.0599, "2012-12-31": 0.2531, "2011-12-31": 0.7949, "2010-12-31": 0.2354, "2009-12-31": 0.7423, "2008-12-31": -0.2519, "2007-12-31": 0.0908, "2006-12-31": 0.2766, "2005-12-31": 0.2022}, "Free Cash Flow Per Share": {"2019-12-31": 1.8322, "2018-12-31": 0.5733, "2017-12-31": 1.0243, "2016-12-31": 0.5586, "2015-12-31": 0.6774, "2014-12-31": -0.5285, "2013-12-31": 0.9871, "2012-12-31": 0.2176, "2011-12-31": 0.7723, "2010-12-31": 0.2279, "2009-12-31": 0.7661, "2008-12-31": -0.2677, "2007-12-31": 0.0446, "2006-12-31": 0.2679, "2005-12-31": 0.1414}}, "financial ratios, quarterly": {"Current Ratio": {"2020-09-30": "1.85470", "2020-06-30": "1.95310", "2020-03-31": "1.86600", "2019-12-31": "1.41990", "2019-09-30": "1.38580", "2019-06-30": "1.49150", "2019-03-31": "1.40500", "2018-12-31": "1.39490", "2018-09-30": "1.55160", "2018-06-30": "1.51300", "2018-03-31": "1.64360", "2017-12-31": "1.56910", "2017-09-30": "1.65720", "2017-06-30": "1.65400", "2017-03-31": "1.81610", "2016-12-31": "1.83570", "2016-09-30": "1.65370", "2016-06-30": "1.70200", "2016-03-31": "1.64690", "2015-12-31": "1.75210", "2015-09-30": "1.61960", "2015-06-30": "1.57770", "2015-03-31": "1.74300", "2014-12-31": "1.76740", "2014-09-30": "1.87310", "2014-06-30": "1.82680", "2014-03-31": "1.89220", "2013-12-31": "1.81530", "2013-09-30": "1.94820", "2013-06-30": "2.07120", "2013-03-31": "1.98980", "2012-12-31": "1.90730", "2012-09-30": "1.99470", "2012-06-30": "1.92310", "2012-03-31": "1.98260", "2011-12-31": "1.83570", "2011-09-30": "2.17490", "2011-06-30": "2.02800", "2011-03-31": "2.17590", "2010-12-31": "2.05350", "2010-09-30": "2.20090", "2010-06-30": "1.96700", "2010-03-31": "1.80940", "2009-12-31": "1.57970", "2009-09-30": "1.70270", "2009-06-30": "1.57300", "2009-03-31": "1.49270", "2008-12-31": "1.44180", "2008-09-30": "1.33420", "2008-06-30": "1.57100", "2008-03-31": "1.87060", "2007-12-31": "1.94290", "2007-09-30": "2.24430", "2007-06-30": "2.18240", "2007-03-31": "2.23890", "2006-12-31": "1.97460", "2006-09-30": "2.16020", "2006-06-30": "2.02230", "2006-03-31": "1.58370", "2005-12-31": "1.43120", "2005-09-30": "1.57370", "2005-06-30": "1.66890", "2005-03-31": "1.55600"}, "Long-term Debt / Capital": {"2020-09-30": "0.68230", "2020-06-30": "0.65790", "2020-03-31": "0.69690", "2019-12-31": "0.59030", "2019-09-30": "0.60860", "2019-06-30": "0.60790", "2019-03-31": "0.52770", "2018-12-31": "0.51850", "2018-09-30": "0.50270", "2018-06-30": "0.52600", "2018-03-31": "0.53020", "2017-12-31": "0.49670", "2017-09-30": "0.45470", "2017-06-30": "0.47540", "2017-03-31": "0.48060", "2016-12-31": "0.47680", "2016-09-30": "0.34740", "2016-06-30": "0.36030", "2016-03-31": "0.37690", "2015-12-31": "0.35030", "2015-09-30": "0.19180", "2015-06-30": "0.18850", "2015-03-31": "0.19100", "2014-12-31": "0.17960", "2014-09-30": "0.18580", "2014-06-30": "0.19130", "2014-03-31": "0.18510", "2013-12-31": "", "2013-09-30": "", "2013-06-30": "", "2013-03-31": "", "2012-12-31": "", "2012-09-30": "", "2012-06-30": "", "2012-03-31": "", "2011-12-31": "", "2011-09-30": "", "2011-06-30": "", "2011-03-31": "", "2010-12-31": "", "2010-09-30": "0.00020", "2010-06-30": "0.00460", "2010-03-31": "0.00550", "2009-12-31": "0.00620", "2009-09-30": "0.00670", "2009-06-30": "0.00760", "2009-03-31": "0.00820", "2008-12-31": "0.00990", "2008-09-30": "0.01100", "2008-06-30": "0.07690", "2008-03-31": "0.04530", "2007-12-31": "0.04720", "2007-09-30": "0.04510", "2007-06-30": "0.04980", "2007-03-31": "0.08110", "2006-12-31": "0.08850", "2006-09-30": "0.09000", "2006-06-30": "0.09780", "2006-03-31": "0.14930", "2005-12-31": "0.16410", "2005-09-30": "0.15660", "2005-06-30": "0.16900", "2005-03-31": "0.18110"}, "Debt/Equity Ratio": {"2020-09-30": "2.14720", "2020-06-30": "1.92340", "2020-03-31": "2.29870", "2019-12-31": "1.44110", "2019-09-30": "1.55480", "2019-06-30": "1.55030", "2019-03-31": "1.21370", "2018-12-31": "1.16910", "2018-09-30": "1.09700", "2018-06-30": "1.10970", "2018-03-31": "1.12880", "2017-12-31": "0.98670", "2017-09-30": "0.83380", "2017-06-30": "0.90610", "2017-03-31": "0.92520", "2016-12-31": "0.91130", "2016-09-30": "0.53220", "2016-06-30": "0.56330", "2016-03-31": "0.60480", "2015-12-31": "0.53910", "2015-09-30": "0.23740", "2015-06-30": "0.23230", "2015-03-31": "0.23600", "2014-12-31": "0.21890", "2014-09-30": "0.22820", "2014-06-30": "0.23660", "2014-03-31": "0.22710", "2013-12-31": "", "2013-09-30": "", "2013-06-30": "", "2013-03-31": "", "2012-12-31": "", "2012-09-30": "", "2012-06-30": "", "2012-03-31": "", "2011-12-31": "", "2011-09-30": "", "2011-06-30": "", "2011-03-31": "", "2010-12-31": "", "2010-09-30": "0.00020", "2010-06-30": "0.00460", "2010-03-31": "0.00550", "2009-12-31": "0.00630", "2009-09-30": "0.00670", "2009-06-30": "0.00770", "2009-03-31": "0.00830", "2008-12-31": "0.08740", "2008-09-30": "0.09570", "2008-06-30": "0.08330", "2008-03-31": "0.07280", "2007-12-31": "0.07590", "2007-09-30": "0.07240", "2007-06-30": "0.08050", "2007-03-31": "0.08830", "2006-12-31": "0.09710", "2006-09-30": "0.09900", "2006-06-30": "0.10840", "2006-03-31": "0.17550", "2005-12-31": "0.19630", "2005-09-30": "0.18570", "2005-06-30": "0.20330", "2005-03-31": "0.22110"}, "Gross Margin": {"2020-09-30": "100.00000", "2020-06-30": "100.00000", "2020-03-31": "100.00000", "2019-12-31": "100.00000", "2019-09-30": "100.00000", "2019-06-30": "100.00000", "2019-03-31": "100.00000", "2018-12-31": "100.00000", "2018-09-30": "100.00000", "2018-06-30": "100.00000", "2018-03-31": "100.00000", "2017-12-31": "100.00000", "2017-09-30": "100.00000", "2017-06-30": "100.00000", "2017-03-31": "100.00000", "2016-12-31": "100.00000", "2016-09-30": "100.00000", "2016-06-30": "100.00000", "2016-03-31": "100.00000", "2015-12-31": "100.00000", "2015-09-30": "100.00000", "2015-06-30": "100.00000", "2015-03-31": "100.00000", "2014-12-31": "100.00000", "2014-09-30": "100.00000", "2014-06-30": "100.00000", "2014-03-31": "100.00000", "2013-12-31": "100.00000", "2013-09-30": "100.00000", "2013-06-30": "100.00000", "2013-03-31": "100.00000", "2012-12-31": "100.00000", "2012-09-30": "100.00000", "2012-06-30": "100.00000", "2012-03-31": "100.00000", "2011-12-31": "100.00000", "2011-09-30": "100.00000", "2011-06-30": "100.00000", "2011-03-31": "100.00000", "2010-12-31": "100.00000", "2010-09-30": "100.00000", "2010-06-30": "100.00000", "2010-03-31": "100.00000", "2009-12-31": "100.00000", "2009-09-30": "100.00000", "2009-06-30": "100.00000", "2009-03-31": "100.00000", "2008-12-31": "100.00000", "2008-09-30": "100.00000", "2008-06-30": "100.00000", "2008-03-31": "100.00000", "2007-12-31": "100.00000", "2007-09-30": "100.00000", "2007-06-30": "100.00000", "2007-03-31": "100.00000", "2006-12-31": "100.00000", "2006-09-30": "100.00000", "2006-06-30": "100.00000", "2006-03-31": "100.00000", "2005-12-31": "100.00000", "2005-09-30": "100.00000", "2005-06-30": "100.00000", "2005-03-31": "100.00000"}, "Operating Margin": {"2020-09-30": "54.86060", "2020-06-30": "51.18440", "2020-03-31": "55.15090", "2019-12-31": "54.34980", "2019-09-30": "59.43590", "2019-06-30": "58.27860", "2019-03-31": "56.90410", "2018-12-31": "32.41400", "2018-09-30": "58.67110", "2018-06-30": "52.82400", "2018-03-31": "50.97770", "2017-12-31": "45.95410", "2017-09-30": "57.12180", "2017-06-30": "54.14350", "2017-03-31": "55.08410", "2016-12-31": "49.45570", "2016-09-30": "57.98610", "2016-06-30": "51.22500", "2016-03-31": "55.11040", "2015-12-31": "43.98090", "2015-09-30": "54.11070", "2015-06-30": "52.34310", "2015-03-31": "60.58300", "2014-12-31": "42.22310", "2014-09-30": "57.02810", "2014-06-30": "58.40370", "2014-03-31": "59.16210", "2013-12-31": "43.97710", "2013-09-30": "56.26690", "2013-06-30": "58.58780", "2013-03-31": "58.07980", "2012-12-31": "47.44060", "2012-09-30": "55.47450", "2012-06-30": "53.51650", "2012-03-31": "56.88280", "2011-12-31": "-0.57870", "2011-09-30": "55.11550", "2011-06-30": "53.08940", "2011-03-31": "55.69620", "2010-12-31": "39.56880", "2010-09-30": "53.64150", "2010-06-30": "52.52750", "2010-03-31": "53.51680", "2009-12-31": "36.10470", "2009-09-30": "49.34020", "2009-06-30": "43.51560", "2009-03-31": "48.52940", "2008-12-31": "37.77730", "2008-09-30": "-20.86900", "2008-06-30": "-98.93300", "2008-03-31": "43.61850", "2007-12-31": "16.03960", "2007-09-30": "32.62710", "2007-06-30": "26.96360", "2007-03-31": "34.30630", "2006-12-31": "5.48020", "2006-09-30": "30.46220", "2006-06-30": "-32.36500", "2006-03-31": "24.74270", "2005-12-31": "-13.78060", "2005-09-30": "18.68270", "2005-06-30": "24.93120", "2005-03-31": "23.01800"}, "EBIT Margin": {"2020-09-30": "54.86060", "2020-06-30": "51.18440", "2020-03-31": "55.15090", "2019-12-31": "54.34980", "2019-09-30": "59.43590", "2019-06-30": "58.27860", "2019-03-31": "56.90410", "2018-12-31": "32.41400", "2018-09-30": "58.67110", "2018-06-30": "52.82400", "2018-03-31": "50.97770", "2017-12-31": "45.95410", "2017-09-30": "57.12180", "2017-06-30": "54.14350", "2017-03-31": "55.08410", "2016-12-31": "49.45570", "2016-09-30": "57.98610", "2016-06-30": "51.22500", "2016-03-31": "55.11040", "2015-12-31": "43.98090", "2015-09-30": "54.11070", "2015-06-30": "52.34310", "2015-03-31": "60.58300", "2014-12-31": "42.22310", "2014-09-30": "57.02810", "2014-06-30": "58.40370", "2014-03-31": "59.16210", "2013-12-31": "43.97710", "2013-09-30": "56.26690", "2013-06-30": "58.58780", "2013-03-31": "58.07980", "2012-12-31": "47.44060", "2012-09-30": "55.47450", "2012-06-30": "53.51650", "2012-03-31": "56.88280", "2011-12-31": "-0.57870", "2011-09-30": "55.11550", "2011-06-30": "53.08940", "2011-03-31": "55.69620", "2010-12-31": "39.56880", "2010-09-30": "53.64150", "2010-06-30": "52.52750", "2010-03-31": "53.51680", "2009-12-31": "36.10470", "2009-09-30": "49.34020", "2009-06-30": "43.51560", "2009-03-31": "48.52940", "2008-12-31": "37.77740", "2008-09-30": "-20.86900", "2008-06-30": "-98.93300", "2008-03-31": "43.61850", "2007-12-31": "16.03960", "2007-09-30": "32.62710", "2007-06-30": "26.96360", "2007-03-31": "34.30630", "2006-12-31": "5.48020", "2006-09-30": "30.46220", "2006-06-30": "-32.36500", "2006-03-31": "24.74270", "2005-12-31": "-13.78060", "2005-09-30": "18.68270", "2005-06-30": "24.93120", "2005-03-31": "23.01800"}, "EBITDA Margin": {"2020-09-30": "", "2020-06-30": "", "2020-03-31": "", "2019-12-31": "", "2019-09-30": "", "2019-06-30": "", "2019-03-31": "", "2018-12-31": "", "2018-09-30": "", "2018-06-30": "", "2018-03-31": "", "2017-12-31": "", "2017-09-30": "", "2017-06-30": "", "2017-03-31": "", "2016-12-31": "", "2016-09-30": "", "2016-06-30": "", "2016-03-31": "", "2015-12-31": "", "2015-09-30": "", "2015-06-30": "", "2015-03-31": "", "2014-12-31": "", "2014-09-30": "", "2014-06-30": "", "2014-03-31": "", "2013-12-31": "", "2013-09-30": "", "2013-06-30": "", "2013-03-31": "", "2012-12-31": "", "2012-09-30": "", "2012-06-30": "", "2012-03-31": "", "2011-12-31": "", "2011-09-30": "", "2011-06-30": "", "2011-03-31": "", "2010-12-31": "", "2010-09-30": "", "2010-06-30": "", "2010-03-31": "", "2009-12-31": "", "2009-09-30": "", "2009-06-30": "", "2009-03-31": "", "2008-12-31": "", "2008-09-30": "", "2008-06-30": "", "2008-03-31": "", "2007-12-31": "", "2007-09-30": "", "2007-06-30": "", "2007-03-31": "", "2006-12-31": "", "2006-09-30": "", "2006-06-30": "", "2006-03-31": "", "2005-12-31": "", "2005-09-30": "", "2005-06-30": "", "2005-03-31": ""}, "Pre-Tax Profit Margin": {"2020-09-30": "49.90880", "2020-06-30": "50.67470", "2020-03-31": "49.56350", "2019-12-31": "56.07160", "2019-09-30": "56.72710", "2019-06-30": "61.24480", "2019-03-31": "56.64700", "2018-12-31": "31.91490", "2018-09-30": "58.08110", "2018-06-30": "52.44200", "2018-03-31": "50.36310", "2017-12-31": "44.80680", "2017-09-30": "56.85700", "2017-06-30": "53.32460", "2017-03-31": "54.06000", "2016-12-31": "47.56890", "2016-09-30": "56.70140", "2016-06-30": "50.66820", "2016-03-31": "54.66070", "2015-12-31": "40.72310", "2015-09-30": "53.43870", "2015-06-30": "51.92470", "2015-03-31": "60.08970", "2014-12-31": "41.76690", "2014-09-30": "56.94780", "2014-06-30": "57.98140", "2014-03-31": "58.97790", "2013-12-31": "43.54690", "2013-09-30": "56.53740", "2013-06-30": "58.82630", "2013-03-31": "57.81740", "2012-12-31": "47.17680", "2012-09-30": "55.57870", "2012-06-30": "53.46150", "2012-03-31": "56.88280", "2011-12-31": "-0.57870", "2011-09-30": "56.65570", "2011-06-30": "53.50930", "2011-03-31": "55.69620", "2010-12-31": "40.47290", "2010-09-30": "53.71150", "2010-06-30": "52.23440", "2010-03-31": "53.13460", "2009-12-31": "35.33490", "2009-09-30": "49.34020", "2009-06-30": "41.87500", "2009-03-31": "47.57790", "2008-12-31": "36.34190", "2008-09-30": "-21.94570", "2008-06-30": "-98.12900", "2008-03-31": "58.25150", "2007-12-31": "43.53890", "2007-09-30": "44.54050", "2007-06-30": "38.74770", "2007-03-31": "36.69420", "2006-12-31": "8.31040", "2006-09-30": "32.38570", "2006-06-30": "-30.78500", "2006-03-31": "26.12450", "2005-12-31": "-12.32100", "2005-09-30": "20.71200", "2005-06-30": "24.27800", "2005-03-31": "21.90620"}, "Net Profit Margin": {"2020-09-30": "39.43190", "2020-06-30": "42.57870", "2020-03-31": "42.23000", "2019-12-31": "47.57590", "2019-09-30": "47.19050", "2019-06-30": "49.79330", "2019-03-31": "47.87860", "2018-12-31": "23.61440", "2018-09-30": "48.71730", "2018-06-30": "42.81040", "2018-03-31": "41.67600", "2017-12-31": "6.85390", "2017-09-30": "42.08360", "2017-06-30": "38.55220", "2017-03-31": "39.53910", "2016-12-31": "33.85340", "2016-09-30": "41.11110", "2016-06-30": "36.48850", "2016-03-31": "39.20690", "2015-12-31": "35.35960", "2015-09-30": "38.61660", "2015-06-30": "38.53560", "2015-03-31": "45.73990", "2014-12-31": "33.22270", "2014-09-30": "40.76310", "2014-06-30": "39.31590", "2014-03-31": "40.05530", "2013-12-31": "29.78010", "2013-09-30": "39.63030", "2013-06-30": "40.45800", "2013-03-31": "40.18890", "2012-12-31": "31.92610", "2012-09-30": "40.25030", "2012-06-30": "38.46150", "2012-03-31": "38.79410", "2011-12-31": "1.09950", "2011-09-30": "39.43900", "2011-06-30": "36.47270", "2011-03-31": "37.44170", "2010-12-31": "28.65090", "2010-09-30": "36.27450", "2010-06-30": "33.55310", "2010-03-31": "34.78590", "2009-12-31": "22.70980", "2009-09-30": "33.13780", "2009-06-30": "27.26560", "2009-03-31": "31.74740", "2008-12-31": "19.53560", "2008-09-30": "-14.46610", "2008-06-30": "-59.89980", "2008-03-31": "37.80430", "2007-12-31": "28.36180", "2007-09-30": "29.04010", "2007-06-30": "25.30560", "2007-03-31": "23.48440", "2006-12-31": "4.87410", "2006-09-30": "21.39810", "2006-06-30": "-36.67620", "2006-03-31": "17.16350", "2005-12-31": "-7.39020", "2005-09-30": "13.40130", "2005-06-30": "15.57890", "2005-03-31": "14.17330"}, "Asset Turnover": {"2020-09-30": "0.12140", "2020-06-30": "0.10380", "2020-03-31": "0.13080", "2019-12-31": "0.15100", "2019-09-30": "0.17190", "2019-06-30": "0.16630", "2019-03-31": "0.16530", "2018-12-31": "0.15310", "2018-09-30": "0.16700", "2018-06-30": "0.16310", "2018-03-31": "0.15600", "2017-12-31": "0.15530", "2017-09-30": "0.16250", "2017-06-30": "0.15390", "2017-03-31": "0.14720", "2016-12-31": "0.14760", "2016-09-30": "0.16630", "2016-06-30": "0.16550", "2016-03-31": "0.15380", "2015-12-31": "0.15490", "2015-09-30": "0.17290", "2015-06-30": "0.15650", "2015-03-31": "0.15240", "2014-12-31": "0.15730", "2014-09-30": "0.16990", "2014-06-30": "0.16470", "2014-03-31": "0.14670", "2013-12-31": "0.14690", "2013-09-30": "0.16150", "2013-06-30": "0.17440", "2013-03-31": "0.16140", "2012-12-31": "0.15210", "2012-09-30": "0.15830", "2012-06-30": "0.16190", "2012-03-31": "0.15790", "2011-12-31": "0.16160", "2011-09-30": "0.18790", "2011-06-30": "0.18470", "2011-03-31": "0.17650", "2010-12-31": "0.16270", "2010-09-30": "0.17490", "2010-06-30": "0.18370", "2010-03-31": "0.17950", "2009-12-31": "0.17390", "2009-09-30": "0.19660", "2009-06-30": "0.18330", "2009-03-31": "0.18020", "2008-12-31": "0.18920", "2008-09-30": "0.18400", "2008-06-30": "0.18170", "2008-03-31": "0.18400", "2007-12-31": "0.17140", "2007-09-30": "0.17650", "2007-06-30": "0.17780", "2007-03-31": "0.17580", "2006-12-31": "0.16510", "2006-09-30": "0.18510", "2006-06-30": "0.18240", "2006-03-31": "0.19900", "2005-12-31": "0.19350", "2005-09-30": "0.21570", "2005-06-30": "0.23060", "2005-03-31": "0.20270"}, "Inventory Turnover Ratio": {"2020-09-30": "", "2020-06-30": "", "2020-03-31": "", "2019-12-31": "", "2019-09-30": "", "2019-06-30": "", "2019-03-31": "", "2018-12-31": "", "2018-09-30": "", "2018-06-30": "", "2018-03-31": "", "2017-12-31": "", "2017-09-30": "", "2017-06-30": "", "2017-03-31": "", "2016-12-31": "", "2016-09-30": "", "2016-06-30": "", "2016-03-31": "", "2015-12-31": "", "2015-09-30": "", "2015-06-30": "", "2015-03-31": "", "2014-12-31": "", "2014-09-30": "", "2014-06-30": "", "2014-03-31": "", "2013-12-31": "", "2013-09-30": "", "2013-06-30": "", "2013-03-31": "", "2012-12-31": "", "2012-09-30": "", "2012-06-30": "", "2012-03-31": "", "2011-12-31": "", "2011-09-30": "", "2011-06-30": "", "2011-03-31": "", "2010-12-31": "", "2010-09-30": "", "2010-06-30": "", "2010-03-31": "", "2009-12-31": "", "2009-09-30": "", "2009-06-30": "", "2009-03-31": "", "2008-12-31": "", "2008-09-30": "", "2008-06-30": "", "2008-03-31": "", "2007-12-31": "", "2007-09-30": "", "2007-06-30": "", "2007-03-31": "", "2006-12-31": "", "2006-09-30": "", "2006-06-30": "", "2006-03-31": "", "2005-12-31": "", "2005-09-30": "", "2005-06-30": "", "2005-03-31": ""}, "Receiveable Turnover": {"2020-09-30": "1.62790", "2020-06-30": "1.55330", "2020-03-31": "1.64240", "2019-12-31": "1.75580", "2019-09-30": "1.78680", "2019-06-30": "1.57770", "2019-03-31": "1.50910", "2018-12-31": "1.67270", "2018-09-30": "1.71190", "2018-06-30": "1.69360", "2018-03-31": "1.68710", "2017-12-31": "1.68210", "2017-09-30": "1.82880", "2017-06-30": "1.78750", "2017-03-31": "1.76050", "2016-12-31": "1.94630", "2016-09-30": "2.21880", "2016-06-30": "2.23940", "2016-03-31": "2.06240", "2015-12-31": "2.33270", "2015-09-30": "2.34040", "2015-06-30": "2.11880", "2015-03-31": "2.08020", "2014-12-31": "2.17400", "2014-09-30": "2.32490", "2014-06-30": "2.08820", "2014-03-31": "2.18290", "2013-12-31": "2.16560", "2013-09-30": "2.24040", "2013-06-30": "2.20860", "2013-03-31": "2.02550", "2012-12-31": "2.04860", "2012-09-30": "2.10310", "2012-06-30": "2.15640", "2012-03-31": "2.16500", "2011-12-31": "2.13860", "2011-09-30": "2.38270", "2011-06-30": "2.33800", "2011-03-31": "2.33800", "2010-12-31": "2.21230", "2010-09-30": "2.46210", "2010-06-30": "2.64020", "2010-03-31": "2.59010", "2009-12-31": "2.42350", "2009-09-30": "2.70920", "2009-06-30": "2.34750", "2009-03-31": "2.16620", "2008-12-31": "1.46250", "2008-09-30": "1.54310", "2008-06-30": "2.16600", "2008-03-31": "2.24280", "2007-12-31": "2.01390", "2007-09-30": "2.01870", "2007-06-30": "2.07290", "2007-03-31": "2.03190", "2006-12-31": "1.85960", "2006-09-30": "2.02710", "2006-06-30": "2.06300", "2006-03-31": "2.27590", "2005-12-31": "2.05870", "2005-09-30": "2.14760", "2005-06-30": "2.37800", "2005-03-31": "2.19910"}, "Days Sales In Receivables": {"2020-09-30": "55.28540", "2020-06-30": "57.94000", "2020-03-31": "54.79920", "2019-12-31": "51.25960", "2019-09-30": "50.36940", "2019-06-30": "57.04600", "2019-03-31": "59.63740", "2018-12-31": "53.80620", "2018-09-30": "52.57310", "2018-06-30": "53.14050", "2018-03-31": "53.34640", "2017-12-31": "53.50540", "2017-09-30": "49.21130", "2017-06-30": "50.35050", "2017-03-31": "51.12290", "2016-12-31": "46.24090", "2016-09-30": "40.56250", "2016-06-30": "40.18930", "2016-03-31": "43.63860", "2015-12-31": "38.58170", "2015-09-30": "38.45460", "2015-06-30": "42.47700", "2015-03-31": "43.26460", "2014-12-31": "41.39780", "2014-09-30": "38.71080", "2014-06-30": "43.09970", "2014-03-31": "41.22930", "2013-12-31": "41.55830", "2013-09-30": "40.17130", "2013-06-30": "40.74910", "2013-03-31": "44.43340", "2012-12-31": "43.93140", "2012-09-30": "42.79460", "2012-06-30": "41.73630", "2012-03-31": "41.57000", "2011-12-31": "42.08330", "2011-09-30": "37.77230", "2011-06-30": "38.49430", "2011-03-31": "38.49430", "2010-12-31": "40.68150", "2010-09-30": "36.55460", "2010-06-30": "34.08790", "2010-03-31": "34.74770", "2009-12-31": "37.13630", "2009-09-30": "33.22030", "2009-06-30": "38.33830", "2009-03-31": "41.54750", "2008-12-31": "61.54020", "2008-09-30": "58.32600", "2008-06-30": "41.55170", "2008-03-31": "40.12900", "2007-12-31": "44.68870", "2007-09-30": "44.58240", "2007-06-30": "43.41650", "2007-03-31": "44.29390", "2006-12-31": "48.39760", "2006-09-30": "44.39750", "2006-06-30": "43.62600", "2006-03-31": "39.54560", "2005-12-31": "43.71710", "2005-09-30": "41.90660", "2005-06-30": "37.84720", "2005-03-31": "40.92560"}, "ROE - Return On Equity": {"2020-09-30": "25.83680", "2020-06-30": "21.85290", "2020-03-31": "31.21890", "2019-12-31": "35.49100", "2019-09-30": "42.37190", "2019-06-30": "40.67530", "2019-03-31": "35.87670", "2018-12-31": "16.59280", "2018-09-30": "32.76400", "2018-06-30": "29.72150", "2018-03-31": "26.03390", "2017-12-31": "4.12950", "2017-09-30": "22.10880", "2017-06-30": "20.02380", "2017-03-31": "19.17350", "2016-12-31": "16.41450", "2016-09-30": "18.94700", "2016-06-30": "16.74900", "2016-03-31": "17.40160", "2015-12-31": "14.68160", "2015-09-30": "15.51290", "2015-06-30": "14.31010", "2015-03-31": "16.10360", "2014-12-31": "11.73800", "2014-09-30": "15.50090", "2014-06-30": "14.74500", "2014-03-31": "13.22590", "2013-12-31": "8.31220", "2013-09-30": "11.46320", "2013-06-30": "12.06430", "2013-03-31": "11.33810", "2012-12-31": "8.73140", "2012-09-30": "11.14960", "2012-06-30": "11.15360", "2012-03-31": "10.69130", "2011-12-31": "0.34030", "2011-09-30": "11.96920", "2011-06-30": "11.09290", "2011-03-31": "10.80350", "2010-12-31": "7.95630", "2010-09-30": "10.69880", "2010-06-30": "11.10300", "2010-03-31": "11.87370", "2009-12-31": "8.39980", "2009-09-30": "14.01450", "2009-06-30": "13.05140", "2009-03-31": "16.46240", "2008-12-31": "12.38920", "2008-09-30": "-10.96700", "2008-06-30": "-36.45610", "2008-03-31": "14.15090", "2007-12-31": "10.04960", "2007-09-30": "9.91140", "2007-06-30": "8.83970", "2007-03-31": "8.26170", "2006-12-31": "1.72990", "2006-09-30": "8.31850", "2006-06-30": "-14.66510", "2006-03-31": "9.69210", "2005-12-31": "-4.52530", "2005-09-30": "8.58690", "2005-06-30": "10.65530", "2005-03-31": "8.98680"}, "Return On Tangible Equity": {"2020-09-30": "796.31580", "2020-06-30": "151.54750", "2020-03-31": "-1801.06400", "2019-12-31": "438.41340", "2019-09-30": "-3572.88100", "2019-06-30": "734.05020", "2019-03-31": "152.49790", "2018-12-31": "59.02820", "2018-09-30": "104.16900", "2018-06-30": "124.32650", "2018-03-31": "98.87340", "2017-12-31": "16.91510", "2017-09-30": "62.01210", "2017-06-30": "59.05670", "2017-03-31": "34.19800", "2016-12-31": "29.10170", "2016-09-30": "32.10410", "2016-06-30": "30.03360", "2016-03-31": "33.80330", "2015-12-31": "26.42520", "2015-09-30": "27.35930", "2015-06-30": "25.34400", "2015-03-31": "24.18780", "2014-12-31": "17.45860", "2014-09-30": "23.13650", "2014-06-30": "23.11320", "2014-03-31": "19.04140", "2013-12-31": "10.92790", "2013-09-30": "14.86810", "2013-06-30": "15.87420", "2013-03-31": "15.08770", "2012-12-31": "11.71350", "2012-09-30": "14.95830", "2012-06-30": "15.18110", "2012-03-31": "14.65090", "2011-12-31": "0.47640", "2011-09-30": "16.75640", "2011-06-30": "16.37490", "2011-03-31": "14.21710", "2010-12-31": "10.35170", "2010-09-30": "12.53020", "2010-06-30": "13.20650", "2010-03-31": "14.53210", "2009-12-31": "10.58110", "2009-09-30": "18.07800", "2009-06-30": "17.65900", "2009-03-31": "23.33800", "2008-12-31": "19.30770", "2008-09-30": "-16.76220", "2008-06-30": "-52.82120", "2008-03-31": "17.47950", "2007-12-31": "12.33250", "2007-09-30": "11.93070", "2007-06-30": "10.75770", "2007-03-31": "10.23780", "2006-12-31": "2.18030", "2006-09-30": "10.48260", "2006-06-30": "-18.97020", "2006-03-31": "15.17320", "2005-12-31": "-7.57350", "2005-09-30": "14.16330", "2005-06-30": "18.81960", "2005-03-31": "18.06880"}, "ROA - Return On Assets": {"2020-09-30": "4.78890", "2020-06-30": "4.42000", "2020-03-31": "5.52400", "2019-12-31": "7.18290", "2019-09-30": "8.11360", "2019-06-30": "8.28110", "2019-03-31": "7.91670", "2018-12-31": "3.61630", "2018-09-30": "8.13620", "2018-06-30": "6.98230", "2018-03-31": "6.50280", "2017-12-31": "1.06430", "2017-09-30": "6.83750", "2017-06-30": "5.93280", "2017-03-31": "5.82120", "2016-12-31": "4.99600", "2016-09-30": "6.83480", "2016-06-30": "6.03730", "2016-03-31": "6.02960", "2015-12-31": "5.47690", "2015-09-30": "6.67620", "2015-06-30": "6.03060", "2015-03-31": "6.97050", "2014-12-31": "5.22540", "2014-09-30": "6.92410", "2014-06-30": "6.47650", "2014-03-31": "5.87760", "2013-12-31": "4.37440", "2013-09-30": "6.40200", "2013-06-30": "7.05430", "2013-03-31": "6.48660", "2012-12-31": "4.85480", "2012-09-30": "6.36960", "2012-06-30": "6.22780", "2012-03-31": "6.12700", "2011-12-31": "0.18700", "2011-09-30": "7.40130", "2011-06-30": "6.73680", "2011-03-31": "6.61020", "2010-12-31": "4.69620", "2010-09-30": "6.35560", "2010-06-30": "6.16250", "2010-03-31": "6.24490", "2009-12-31": "3.94910", "2009-09-30": "6.51360", "2009-06-30": "4.99720", "2009-03-31": "5.72070", "2008-12-31": "3.69610", "2008-09-30": "-2.66170", "2008-06-30": "-10.88390", "2008-03-31": "6.95460", "2007-12-31": "4.85990", "2007-09-30": "5.12570", "2007-06-30": "4.49980", "2007-03-31": "4.12790", "2006-12-31": "0.80480", "2006-09-30": "3.96150", "2006-06-30": "-6.68820", "2006-03-31": "3.41540", "2005-12-31": "-1.42970", "2005-09-30": "2.89030", "2005-06-30": "3.59170", "2005-03-31": "2.87320"}, "ROI - Return On Investment": {"2020-09-30": "8.20940", "2020-06-30": "7.47530", "2020-03-31": "9.46390", "2019-12-31": "14.53890", "2019-09-30": "16.58540", "2019-06-30": "15.94890", "2019-03-31": "16.94420", "2018-12-31": "7.98970", "2018-09-30": "16.29480", "2018-06-30": "14.08820", "2018-03-31": "12.22950", "2017-12-31": "2.07860", "2017-09-30": "12.05630", "2017-06-30": "10.50520", "2017-03-31": "9.95950", "2016-12-31": "8.58800", "2016-09-30": "12.36550", "2016-06-30": "10.71390", "2016-03-31": "10.84350", "2015-12-31": "9.53910", "2015-09-30": "12.53690", "2015-06-30": "11.61270", "2015-03-31": "13.02850", "2014-12-31": "9.62970", "2014-09-30": "12.62120", "2014-06-30": "11.92370", "2014-03-31": "10.77800", "2013-12-31": "8.31220", "2013-09-30": "11.46320", "2013-06-30": "12.06430", "2013-03-31": "11.33810", "2012-12-31": "8.73140", "2012-09-30": "11.14960", "2012-06-30": "11.15360", "2012-03-31": "10.69130", "2011-12-31": "0.34030", "2011-09-30": "11.96920", "2011-06-30": "11.09290", "2011-03-31": "10.80350", "2010-12-31": "7.95630", "2010-09-30": "10.69660", "2010-06-30": "11.05210", "2010-03-31": "11.80900", "2009-12-31": "8.34750", "2009-09-30": "13.92090", "2009-06-30": "12.95180", "2009-03-31": "16.32750", "2008-12-31": "12.26620", "2008-09-30": "-10.84670", "2008-06-30": "-33.65240", "2008-03-31": "13.50940", "2007-12-31": "9.57570", "2007-09-30": "9.46470", "2007-06-30": "8.39930", "2007-03-31": "7.59140", "2006-12-31": "1.57680", "2006-09-30": "7.56940", "2006-06-30": "-13.23030", "2006-03-31": "8.24480", "2005-12-31": "-3.78280", "2005-09-30": "7.24190", "2005-06-30": "8.85480", "2005-03-31": "7.35950"}, "Book Value Per Share": {"2020-09-30": "5.87360", "2020-06-30": "6.47210", "2020-03-31": "5.40140", "2019-12-31": "5.87590", "2019-09-30": "4.92570", "2019-06-30": "4.95570", "2019-03-31": "5.06840", "2018-12-31": "5.25510", "2018-09-30": "5.60000", "2018-06-30": "5.08080", "2018-03-31": "5.46850", "2017-12-31": "5.21540", "2017-09-30": "6.10190", "2017-06-30": "5.50890", "2017-03-31": "5.24950", "2016-12-31": "5.25810", "2016-09-30": "5.72250", "2016-06-30": "5.35000", "2016-03-31": "5.00090", "2015-12-31": "5.43190", "2015-09-30": "5.60160", "2015-06-30": "5.67540", "2015-03-31": "5.54180", "2014-12-31": "5.92360", "2014-09-30": "5.67170", "2014-06-30": "5.44660", "2014-03-31": "5.60020", "2013-12-31": "6.27620", "2013-09-30": "6.37010", "2013-06-30": "5.81290", "2013-03-31": "5.54190", "2012-12-31": "5.62220", "2012-09-30": "5.56080", "2012-06-30": "5.02490", "2012-03-31": "5.04300", "2011-12-31": "4.63250", "2011-09-30": "4.71290", "2011-06-30": "4.31130", "2011-03-31": "4.04700", "2010-12-31": "3.98480", "2010-09-30": "3.70660", "2010-06-30": "3.15270", "2010-03-31": "2.92970", "2009-12-31": "2.70630", "2009-09-30": "2.48660", "2009-06-30": "2.06260", "2009-03-31": "1.72330", "2008-12-31": "1.49490", "2008-09-30": "1.36580", "2008-06-30": "1.58620", "2008-03-31": "2.42190", "2007-12-31": "2.30610", "2007-09-30": "2.38240", "2007-06-30": "2.11450", "2007-03-31": "1.92560", "2006-12-31": "1.75180", "2006-09-30": "1.71910", "2006-06-30": "1.56850", "2006-03-31": "1.30770", "2005-12-31": "0.86620", "2005-09-30": "1.23540", "2005-06-30": "1.12850", "2005-03-31": "1.03810"}, "Operating Cash Flow Per Share": {"2020-09-30": 1.6556, "2020-06-30": 1.4501, "2020-03-31": "1.84060", "2019-12-31": 2.9008, "2019-09-30": 2.3275, "2019-06-30": 1.5072, "2019-03-31": "1.27130", "2018-12-31": 1.2542, "2018-09-30": 2.2833, "2018-06-30": 1.4269, "2018-03-31": "0.97920", "2017-12-31": 1.6872, "2017-09-30": 1.6876, "2017-06-30": 1.2369, "2017-03-31": "0.67190", "2016-12-31": 0.9878, "2016-09-30": 1.2992, "2016-06-30": 0.9732, "2016-03-31": "0.95140", "2015-12-31": 0.9555, "2015-09-30": 1.1334, "2015-06-30": 0.7272, "2015-03-31": "0.79080", "2014-12-31": 0.6024, "2014-09-30": 1.2026, "2014-06-30": 0.6318, "2014-03-31": "0.47770", "2013-12-31": 0.9748, "2013-09-30": 1.1023, "2013-06-30": 0.6173, "2013-03-31": "0.70890", "2012-12-31": 0.6778, "2012-09-30": 0.818, "2012-06-30": 0.5114, "2012-03-31": "0.33620", "2011-12-31": 0.5942, "2011-09-30": 0.7984, "2011-06-30": 0.4267, "2011-03-31": "0.27100", "2010-12-31": 0.5114, "2010-09-30": 0.4496, "2010-06-30": 0.2619, "2010-03-31": "0.07250", "2009-12-31": 0.2185, "2009-09-30": 0.243, "2009-06-30": 0.2785, "2009-03-31": "0.32000", "2008-12-31": -0.4007, "2008-09-30": 0.3011, "2008-06-30": 0.2474, "2008-03-31": "0.16990", "2007-12-31": 0.0428, "2007-09-30": 0.2004, "2007-06-30": 0.2744, "2007-03-31": "0.05200", "2006-12-31": 0.1506, "2006-09-30": 0.1925, "2006-06-30": 0.1056, "2006-03-31": "0.03010", "2005-12-31": -0.056, "2005-09-30": 0.112, "2005-06-30": 0.1604, "2005-03-31": "-0.01420"}, "Free Cash Flow Per Share": {"2020-09-30": 1.4902, "2020-06-30": 1.2681, "2020-03-31": "1.63370", "2019-12-31": 2.7214, "2019-09-30": 2.1107, "2019-06-30": 1.3287, "2019-03-31": "1.13370", "2018-12-31": 1.1382, "2018-09-30": 2.1573, "2018-06-30": 1.3068, "2018-03-31": "0.86000", "2017-12-31": 1.5744, "2017-09-30": 1.562, "2017-06-30": 1.1676, "2017-03-31": "0.58500", "2016-12-31": 0.8956, "2016-09-30": 1.2089, "2016-06-30": 0.8762, "2016-03-31": "0.88400", "2015-12-31": 0.8745, "2015-09-30": 1.039, "2015-06-30": 0.6513, "2015-03-31": "0.74130", "2014-12-31": 0.4649, "2014-09-30": 1.1416, "2014-06-30": 0.5857, "2014-03-31": "0.43650", "2013-12-31": 0.8553, "2013-09-30": 1.0603, "2013-06-30": 0.5668, "2013-03-31": "0.67480", "2012-12-31": 0.6357, "2012-09-30": 0.7717, "2012-06-30": 0.4666, "2012-03-31": "0.29610", "2011-12-31": 0.5478, "2011-09-30": 0.7633, "2011-06-30": 0.3895, "2011-03-31": "0.25190", "2010-12-31": 0.4764, "2010-09-30": 0.4191, "2010-06-30": 0.2274, "2010-03-31": "0.05730", "2009-12-31": 0.1846, "2009-09-30": 0.2177, "2009-06-30": 0.2515, "2009-03-31": "0.29850", "2008-12-31": -0.4376, "2008-09-30": 0.2586, "2008-06-30": 0.2193, "2008-03-31": "0.14590", "2007-12-31": 0.0091, "2007-09-30": 0.173, "2007-06-30": 0.2463, "2007-03-31": "0.02550", "2006-12-31": 0.1273, "2006-09-30": 0.1696, "2006-06-30": 0.0915, "2006-03-31": "0.02090", "2005-12-31": -0.0742, "2005-09-30": 0.0998, "2005-06-30": 0.1478, "2005-03-31": "-0.03200"}}, "revenue": {"Mastercard Annual Revenue (Millions of US $)": {"2020": "$15,301", "2019": "$16,883", "2018": "$14,950", "2017": "$12,497", "2016": "$10,776", "2015": "$9,667", "2014": "$9,441", "2013": "$8,312", "2012": "$7,391", "2011": "$6,714", "2010": "$5,539", "2009": "$5,099", "2008": "$4,992", "2007": "$4,068", "2006": "$3,326", "2005": "$2,938"}, "Mastercard Quarterly Revenue (Millions of US $)": {"2020-12-31": "$4,120", "2020-09-30": "$3,837", "2020-06-30": "$3,335", "2020-03-31": "$4,009", "2019-12-31": "$4,414", "2019-09-30": "$4,467", "2019-06-30": "$4,113", "2019-03-31": "$3,889", "2018-12-31": "$3,807", "2018-09-30": "$3,898", "2018-06-30": "$3,665", "2018-03-31": "$3,580", "2017-12-31": "$3,312", "2017-09-30": "$3,398", "2017-06-30": "$3,053", "2017-03-31": "$2,734", "2016-12-31": "$2,756", "2016-09-30": "$2,880", "2016-06-30": "$2,694", "2016-03-31": "$2,446", "2015-12-31": "$2,517", "2015-09-30": "$2,530", "2015-06-30": "$2,390", "2015-03-31": "$2,230", "2014-12-31": "$2,411", "2014-09-30": "$2,490", "2014-06-30": "$2,368", "2014-03-31": "$2,172", "2013-12-31": "$2,092", "2013-09-30": "$2,218", "2013-06-30": "$2,096", "2013-03-31": "$1,906", "2012-12-31": "$1,895", "2012-09-30": "$1,918", "2012-06-30": "$1,820", "2012-03-31": "$1,758", "2011-12-31": "$1,728", "2011-09-30": "$1,818", "2011-06-30": "$1,667", "2011-03-31": "$1,501", "2010-12-31": "$1,438", "2010-09-30": "$1,428", "2010-06-30": "$1,365", "2010-03-31": "$1,308", "2009-12-31": "$1,299", "2009-09-30": "$1,364", "2009-06-30": "$1,280", "2009-03-31": "$1,156", "2008-12-31": "$1,225", "2008-09-30": "$1,338", "2008-06-30": "$1,247", "2008-03-31": "$1,182", "2007-12-31": "$1,073", "2007-09-30": "$1,083", "2007-06-30": "$997", "2007-03-31": "$915", "2006-12-31": "$839", "2006-09-30": "$902", "2006-06-30": "$846", "2006-03-31": "$738", "2005-12-31": "$716", "2005-09-30": "$792", "2005-06-30": "$772", "2005-03-31": "$658"}}, "gross-profit": {"Mastercard Annual Gross Profit (Millions of US $)": {"2020": "$15,301", "2019": "$16,883", "2018": "$14,950", "2017": "$12,497", "2016": "$10,776", "2015": "$9,667", "2014": "$9,441", "2013": "$8,312", "2012": "$7,391", "2011": "$6,714", "2010": "$5,539", "2009": "$5,099", "2008": "$4,992", "2007": "$4,068", "2006": "$3,326", "2005": "$2,938"}, "Mastercard Quarterly Gross Profit (Millions of US $)": {"2020-12-31": "$4,120", "2020-09-30": "$3,837", "2020-06-30": "$3,335", "2020-03-31": "$4,009", "2019-12-31": "$4,414", "2019-09-30": "$4,467", "2019-06-30": "$4,113", "2019-03-31": "$3,889", "2018-12-31": "$3,807", "2018-09-30": "$3,898", "2018-06-30": "$3,665", "2018-03-31": "$3,580", "2017-12-31": "$3,312", "2017-09-30": "$3,398", "2017-06-30": "$3,053", "2017-03-31": "$2,734", "2016-12-31": "$2,756", "2016-09-30": "$2,880", "2016-06-30": "$2,694", "2016-03-31": "$2,446", "2015-12-31": "$2,517", "2015-09-30": "$2,530", "2015-06-30": "$2,390", "2015-03-31": "$2,230", "2014-12-31": "$2,411", "2014-09-30": "$2,490", "2014-06-30": "$2,368", "2014-03-31": "$2,172", "2013-12-31": "$2,092", "2013-09-30": "$2,218", "2013-06-30": "$2,096", "2013-03-31": "$1,906", "2012-12-31": "$1,895", "2012-09-30": "$1,918", "2012-06-30": "$1,820", "2012-03-31": "$1,758", "2011-12-31": "$1,728", "2011-09-30": "$1,818", "2011-06-30": "$1,667", "2011-03-31": "$1,501", "2010-12-31": "$1,438", "2010-09-30": "$1,428", "2010-06-30": "$1,365", "2010-03-31": "$1,308", "2009-12-31": "$1,299", "2009-09-30": "$1,364", "2009-06-30": "$1,280", "2009-03-31": "$1,156", "2008-12-31": "$1,225", "2008-09-30": "$1,338", "2008-06-30": "$1,247", "2008-03-31": "$1,182", "2007-12-31": "$1,073", "2007-09-30": "$1,083", "2007-06-30": "$997", "2007-03-31": "$915", "2006-12-31": "$839", "2006-09-30": "$902", "2006-06-30": "$846", "2006-03-31": "$738", "2005-12-31": "$716", "2005-09-30": "$792", "2005-06-30": "$772", "2005-03-31": "$658"}}, "operating-income": {"Mastercard Annual Operating Income (Millions of US $)": {"2020": "$8,081", "2019": "$9,664", "2018": "$7,282", "2017": "$6,622", "2016": "$5,761", "2015": "$5,078", "2014": "$5,106", "2013": "$4,503", "2012": "$3,937", "2011": "$2,713", "2010": "$2,752", "2009": "$2,260", "2008": "$-534", "2007": "$1,108", "2006": "$229", "2005": "$393"}, "Mastercard Quarterly Operating Income (Millions of US $)": {"2020-12-31": "$2,058", "2020-09-30": "$2,105", "2020-06-30": "$1,707", "2020-03-31": "$2,211", "2019-12-31": "$2,399", "2019-09-30": "$2,655", "2019-06-30": "$2,397", "2019-03-31": "$2,213", "2018-12-31": "$1,234", "2018-09-30": "$2,287", "2018-06-30": "$1,936", "2018-03-31": "$1,825", "2017-12-31": "$1,522", "2017-09-30": "$1,941", "2017-06-30": "$1,653", "2017-03-31": "$1,506", "2016-12-31": "$1,363", "2016-09-30": "$1,670", "2016-06-30": "$1,380", "2016-03-31": "$1,348", "2015-12-31": "$1,107", "2015-09-30": "$1,369", "2015-06-30": "$1,251", "2015-03-31": "$1,351", "2014-12-31": "$1,018", "2014-09-30": "$1,420", "2014-06-30": "$1,383", "2014-03-31": "$1,285", "2013-12-31": "$920", "2013-09-30": "$1,248", "2013-06-30": "$1,228", "2013-03-31": "$1,107", "2012-12-31": "$899", "2012-09-30": "$1,064", "2012-06-30": "$974", "2012-03-31": "$1,000", "2011-12-31": "$-10", "2011-09-30": "$1,002", "2011-06-30": "$885", "2011-03-31": "$836", "2010-12-31": "$569", "2010-09-30": "$766", "2010-06-30": "$717", "2010-03-31": "$700", "2009-12-31": "$469", "2009-09-30": "$673", "2009-06-30": "$557", "2009-03-31": "$561", "2008-12-31": "$463", "2008-09-30": "$-279", "2008-06-30": "$-1,233", "2008-03-31": "$516", "2007-12-31": "$172", "2007-09-30": "$353", "2007-06-30": "$269", "2007-03-31": "$314", "2006-12-31": "$46", "2006-09-30": "$275", "2006-06-30": "$-274", "2006-03-31": "$183", "2005-12-31": "$-99", "2005-09-30": "$148", "2005-06-30": "$192", "2005-03-31": "$152"}}, "ebitda": {"Mastercard Annual EBITDA (Millions of US $)": {"2019": "$11,327", "2018": "$8,976", "2017": "$8,060", "2016": "$6,994", "2015": "$6,208", "2014": "$6,118", "2013": "$5,364", "2012": "$4,686", "2011": "$2,907", "2010": "$2,900", "2009": "$2,487", "2008": "$-345", "2007": "$1,244", "2006": "$372", "2005": "$550"}, "Mastercard Quarterly EBITDA (Millions of US $)": {"2020-09-30": "$2,527", "2020-06-30": "$2,083", "2020-03-31": "$2,592", "2019-12-31": "$2,808", "2019-09-30": "$3,047", "2019-06-30": "$2,797", "2019-03-31": "$2,675", "2018-12-31": "$1,697", "2018-09-30": "$2,705", "2018-06-30": "$2,342", "2018-03-31": "$2,232", "2017-12-31": "$1,878", "2017-09-30": "$2,324", "2017-06-30": "$1,994", "2017-03-31": "$1,864", "2016-12-31": "$1,686", "2016-09-30": "$1,996", "2016-06-30": "$1,665", "2016-03-31": "$1,647", "2015-12-31": "$1,404", "2015-09-30": "$1,665", "2015-06-30": "$1,517", "2015-03-31": "$1,622", "2014-12-31": "$1,280", "2014-09-30": "$1,691", "2014-06-30": "$1,625", "2014-03-31": "$1,522", "2013-12-31": "$1,594", "2013-09-30": "$1,312", "2013-06-30": "$1,289", "2013-03-31": "$1,169", "2012-12-31": "$1,480", "2012-09-30": "$1,122", "2012-06-30": "$1,030", "2012-03-31": "$1,054", "2011-12-31": "$42", "2011-09-30": "$1,053", "2011-06-30": "$934", "2011-03-31": "$878", "2010-12-31": "$582", "2010-09-30": "$810", "2010-06-30": "$762", "2010-03-31": "$746", "2009-12-31": "$520", "2009-09-30": "$732", "2009-06-30": "$617", "2009-03-31": "$618", "2008-12-31": "$522", "2008-09-30": "$-219", "2008-06-30": "$-1,197", "2008-03-31": "$549", "2007-12-31": "$208", "2007-09-30": "$385", "2007-06-30": "$303", "2007-03-31": "$347", "2006-12-31": "$82", "2006-09-30": "$311", "2006-06-30": "$-239", "2006-03-31": "$218", "2005-12-31": "$-25", "2005-09-30": "$174", "2005-06-30": "$221", "2005-03-31": "$180"}}, "net-income": {"Mastercard Annual Net Income (Millions of US $)": {"2020": "$6,411", "2019": "$8,118", "2018": "$5,859", "2017": "$3,915", "2016": "$4,059", "2015": "$3,808", "2014": "$3,617", "2013": "$3,116", "2012": "$2,759", "2011": "$1,906", "2010": "$1,843", "2009": "$1,463", "2008": "$-254", "2007": "$1,086", "2006": "$50", "2005": "$267"}, "Mastercard Quarterly Net Income (Millions of US $)": {"2020-12-31": "$1,785", "2020-09-30": "$1,513", "2020-06-30": "$1,420", "2020-03-31": "$1,693", "2019-12-31": "$2,100", "2019-09-30": "$2,108", "2019-06-30": "$2,048", "2019-03-31": "$1,862", "2018-12-31": "$899", "2018-09-30": "$1,899", "2018-06-30": "$1,569", "2018-03-31": "$1,492", "2017-12-31": "$227", "2017-09-30": "$1,430", "2017-06-30": "$1,177", "2017-03-31": "$1,081", "2016-12-31": "$933", "2016-09-30": "$1,184", "2016-06-30": "$983", "2016-03-31": "$959", "2015-12-31": "$890", "2015-09-30": "$977", "2015-06-30": "$921", "2015-03-31": "$1,020", "2014-12-31": "$801", "2014-09-30": "$1,015", "2014-06-30": "$931", "2014-03-31": "$870", "2013-12-31": "$623", "2013-09-30": "$879", "2013-06-30": "$848", "2013-03-31": "$766", "2012-12-31": "$605", "2012-09-30": "$772", "2012-06-30": "$700", "2012-03-31": "$682", "2011-12-31": "$19", "2011-09-30": "$717", "2011-06-30": "$608", "2011-03-31": "$562", "2010-12-31": "$412", "2010-09-30": "$518", "2010-06-30": "$458", "2010-03-31": "$455", "2009-12-31": "$295", "2009-09-30": "$452", "2009-06-30": "$349", "2009-03-31": "$367", "2008-12-31": "$239", "2008-09-30": "$-194", "2008-06-30": "$-747", "2008-03-31": "$447", "2007-12-31": "$304", "2007-09-30": "$314", "2007-06-30": "$252", "2007-03-31": "$215", "2006-12-31": "$41", "2006-09-30": "$193", "2006-06-30": "$-310", "2006-03-31": "$127", "2005-12-31": "$-53", "2005-09-30": "$106", "2005-06-30": "$120", "2005-03-31": "$93"}}, "eps-earnings-per-share-diluted": {"Mastercard Annual EPS": {"2020": "$6.37", "2019": "$7.94", "2018": "$5.60", "2017": "$3.65", "2016": "$3.69", "2015": "$3.35", "2014": "$3.10", "2013": "$2.56", "2012": "$2.19", "2011": "$1.48", "2010": "$1.41", "2009": "$1.12", "2008": "$-0.19", "2007": "$0.80", "2006": "$0.04", "2005": "$0.20"}, "Mastercard Quarterly EPS": {"2020-12-31": "$1.78", "2020-09-30": "$1.51", "2020-06-30": "$1.41", "2020-03-31": "$1.68", "2019-12-31": "$2.07", "2019-09-30": "$2.07", "2019-06-30": "$2.00", "2019-03-31": "$1.80", "2018-12-31": "$0.87", "2018-09-30": "$1.82", "2018-06-30": "$1.50", "2018-03-31": "$1.41", "2017-12-31": "$0.21", "2017-09-30": "$1.34", "2017-06-30": "$1.10", "2017-03-31": "$1.00", "2016-12-31": "$0.86", "2016-09-30": "$1.08", "2016-06-30": "$0.89", "2016-03-31": "$0.86", "2015-12-31": "$0.79", "2015-09-30": "$0.86", "2015-06-30": "$0.81", "2015-03-31": "$0.89", "2014-12-31": "$0.70", "2014-09-30": "$0.87", "2014-06-30": "$0.80", "2014-03-31": "$0.73", "2013-12-31": "$0.51", "2013-09-30": "$0.73", "2013-06-30": "$0.70", "2013-03-31": "$0.62", "2012-12-31": "$0.48", "2012-09-30": "$0.62", "2012-06-30": "$0.56", "2012-03-31": "$0.54", "2011-12-31": "$0.01", "2011-09-30": "$0.56", "2011-06-30": "$0.48", "2011-03-31": "$0.43", "2010-12-31": "$0.32", "2010-09-30": "$0.39", "2010-06-30": "$0.35", "2010-03-31": "$0.35", "2009-12-31": "$0.22", "2009-09-30": "$0.35", "2009-06-30": "$0.27", "2009-03-31": "$0.28", "2008-12-31": "$0.19", "2008-09-30": "$-0.15", "2008-06-30": "$-0.57", "2008-03-31": "$0.34", "2007-12-31": "$0.22", "2007-09-30": "$0.23", "2007-06-30": "$0.19", "2007-03-31": "$0.16", "2006-12-31": "$0.03", "2006-09-30": "$0.14", "2006-06-30": "$-0.23", "2006-03-31": "$0.09", "2005-12-31": "$-0.06", "2005-09-30": "$0.08", "2005-06-30": "$0.09", "2005-03-31": "$0.09"}}, "shares-outstanding": {"Mastercard Annual Shares Outstanding (Millions of Shares)": {"2020": "1,006", "2019": "1,022", "2018": "1,047", "2017": "1,072", "2016": "1,101", "2015": "1,137", "2014": "1,169", "2013": "1,215", "2012": "1,258", "2011": "1,284", "2010": "1,310", "2009": "1,300", "2008": "1,300", "2007": "1,352", "2006": "1,358", "2005": "1,350"}, "Mastercard Quarterly Shares Outstanding (Millions of Shares)": {"2020-12-31": "1,001", "2020-09-30": "1,005", "2020-06-30": "1,008", "2020-03-31": "1,010", "2019-12-31": "1,022", "2019-09-30": "1,019", "2019-06-30": "1,025", "2019-03-31": "1,032", "2018-12-31": "1,047", "2018-09-30": "1,043", "2018-06-30": "1,049", "2018-03-31": "1,057", "2017-12-31": "1,072", "2017-09-30": "1,068", "2017-06-30": "1,075", "2017-03-31": "1,082", "2016-12-31": "1,101", "2016-09-30": "1,099", "2016-06-30": "1,101", "2016-03-31": "1,112", "2015-12-31": "1,137", "2015-09-30": "1,133", "2015-06-30": "1,141", "2015-03-31": "1,152", "2014-12-31": "1,169", "2014-09-30": "1,160", "2014-06-30": "1,169", "2014-03-31": "1,189", "2013-12-31": "1,215", "2013-09-30": "1,209", "2013-06-30": "1,217", "2013-03-31": "1,230", "2012-12-31": "1,258", "2012-09-30": "1,250", "2012-06-30": "1,260", "2012-03-31": "1,270", "2011-12-31": "1,284", "2011-09-30": "1,270", "2011-06-30": "1,280", "2011-03-31": "1,310", "2010-12-31": "1,310", "2010-09-30": "1,310", "2010-06-30": "1,310", "2010-03-31": "1,310", "2009-12-31": "1,300", "2009-09-30": "1,300", "2009-06-30": "1,300", "2009-03-31": "1,300", "2008-12-31": "1,300", "2008-09-30": "1,295", "2008-06-30": "1,301", "2008-03-31": "1,318", "2007-12-31": "1,352", "2007-09-30": "1,362", "2007-06-30": "1,367", "2007-03-31": "1,366", "2006-12-31": "1,358", "2006-09-30": "1,361", "2006-06-30": "1,353", "2006-03-31": "1,350", "2005-12-31": "1,350", "2005-09-30": "1,350", "2005-06-30": "1,350", "2005-03-31": "1,000"}}, "total-assets": {"Mastercard Annual Total Assets (Millions of US $)": {"2019": "$29,236", "2018": "$24,860", "2017": "$21,329", "2016": "$18,675", "2015": "$16,250", "2014": "$15,329", "2013": "$14,242", "2012": "$12,462", "2011": "$10,693", "2010": "$8,837", "2009": "$7,470", "2008": "$6,476", "2007": "$6,260", "2006": "$5,082", "2005": "$3,701"}, "Mastercard Quarterly Total Assets (Millions of US $)": {"2020-09-30": "$31,594", "2020-06-30": "$32,127", "2020-03-31": "$30,648", "2019-12-31": "$29,236", "2019-09-30": "$25,981", "2019-06-30": "$24,731", "2019-03-31": "$23,520", "2018-12-31": "$24,860", "2018-09-30": "$23,340", "2018-06-30": "$22,471", "2018-03-31": "$22,944", "2017-12-31": "$21,329", "2017-09-30": "$20,914", "2017-06-30": "$19,839", "2017-03-31": "$18,570", "2016-12-31": "$18,675", "2016-09-30": "$17,323", "2016-06-30": "$16,282", "2016-03-31": "$15,905", "2015-12-31": "$16,250", "2015-09-30": "$14,634", "2015-06-30": "$15,272", "2015-03-31": "$14,633", "2014-12-31": "$15,329", "2014-09-30": "$14,659", "2014-06-30": "$14,375", "2014-03-31": "$14,802", "2013-12-31": "$14,242", "2013-09-30": "$13,730", "2013-06-30": "$12,021", "2013-03-31": "$11,809", "2012-12-31": "$12,462", "2012-09-30": "$12,120", "2012-06-30": "$11,240", "2012-03-31": "$11,131", "2011-12-31": "$10,693", "2011-09-30": "$9,674", "2011-06-30": "$9,025", "2011-03-31": "$8,502", "2010-12-31": "$8,837", "2010-09-30": "$8,166", "2010-06-30": "$7,432", "2010-03-31": "$7,286", "2009-12-31": "$7,470", "2009-09-30": "$6,939", "2009-06-30": "$6,984", "2009-03-31": "$6,415", "2008-12-31": "$6,476", "2008-09-30": "$7,273", "2008-06-30": "$6,860", "2008-03-31": "$6,426", "2007-12-31": "$6,260", "2007-09-30": "$6,135", "2007-06-30": "$5,607", "2007-03-31": "$5,206", "2006-12-31": "$5,082", "2006-09-30": "$4,872", "2006-06-30": "$4,642", "2006-03-31": "$3,711", "2005-12-31": "$3,701", "2005-09-30": "$3,670", "2005-06-30": "$3,348", "2005-03-31": "$3,247"}}, "cash-on-hand": {"Mastercard Annual Cash on Hand (Millions of US $)": {"2019": "$8,260", "2018": "$8,931", "2017": "$8,328", "2016": "$8,878", "2015": "$7,279", "2014": "$6,915", "2013": "$7,018", "2012": "$5,729", "2011": "$4,949", "2010": "$4,198", "2009": "$2,879", "2008": "$2,093", "2007": "$2,970", "2006": "$2,484", "2005": "$1,282"}, "Mastercard Quarterly Cash on Hand (Millions of US $)": {"2020-09-30": "$11,211", "2020-06-30": "$12,114", "2020-03-31": "$11,271", "2019-12-31": "$8,260", "2019-09-30": "$6,518", "2019-06-30": "$7,162", "2019-03-31": "$7,836", "2018-12-31": "$8,931", "2018-09-30": "$9,043", "2018-06-30": "$8,294", "2018-03-31": "$8,816", "2017-12-31": "$8,328", "2017-09-30": "$7,968", "2017-06-30": "$7,503", "2017-03-31": "$8,203", "2016-12-31": "$8,878", "2016-09-30": "$7,522", "2016-06-30": "$6,989", "2016-03-31": "$6,750", "2015-12-31": "$7,279", "2015-09-30": "$5,650", "2015-06-30": "$5,618", "2015-03-31": "$6,336", "2014-12-31": "$6,915", "2014-09-30": "$6,859", "2014-06-30": "$6,254", "2014-03-31": "$7,102", "2013-12-31": "$7,018", "2013-09-30": "$6,734", "2013-06-30": "$5,814", "2013-03-31": "$5,744", "2012-12-31": "$5,729", "2012-09-30": "$5,639", "2012-06-30": "$4,956", "2012-03-31": "$5,141", "2011-12-31": "$4,949", "2011-09-30": "$4,392", "2011-06-30": "$3,604", "2011-03-31": "$3,939", "2010-12-31": "$4,198", "2010-09-30": "$4,143", "2010-06-30": "$3,453", "2010-03-31": "$3,101", "2009-12-31": "$2,879", "2009-09-30": "$2,946", "2009-06-30": "$2,654", "2009-03-31": "$2,276", "2008-12-31": "$2,093", "2008-09-30": "$2,905", "2008-06-30": "$2,488", "2008-03-31": "$2,663", "2007-12-31": "$2,970", "2007-09-30": "$3,278", "2007-06-30": "$2,831", "2007-03-31": "$2,509", "2006-12-31": "$2,484", "2006-09-30": "$2,324", "2006-06-30": "$2,081", "2006-03-31": "$1,307", "2005-12-31": "$1,282", "2005-09-30": "$1,392", "2005-06-30": "$1,263", "2005-03-31": "$1,085"}}, "long-term-debt": {"Mastercard Annual Long Term Debt (Millions of US $)": {"2019": "$8,527", "2018": "$5,834", "2017": "$5,424", "2016": "$5,180", "2015": "$3,268", "2014": "$1,494", "2013": "$", "2012": "$", "2011": "$", "2010": "$", "2009": "$22", "2008": "$19", "2007": "$150", "2006": "$230", "2005": "$229"}, "Mastercard Quarterly Long Term Debt (Millions of US $)": {"2020-09-30": "$12,574", "2020-06-30": "$12,498", "2020-03-31": "$12,466", "2019-12-31": "$8,527", "2019-09-30": "$7,735", "2019-06-30": "$7,806", "2019-03-31": "$5,799", "2018-12-31": "$5,834", "2018-09-30": "$5,858", "2018-06-30": "$5,858", "2018-03-31": "$6,469", "2017-12-31": "$5,424", "2017-09-30": "$5,393", "2017-06-30": "$5,326", "2017-03-31": "$5,216", "2016-12-31": "$5,180", "2016-09-30": "$3,326", "2016-06-30": "$3,306", "2016-03-31": "$3,333", "2015-12-31": "$3,268", "2015-09-30": "$1,495", "2015-06-30": "$1,495", "2015-03-31": "$1,495", "2014-12-31": "$1,494", "2014-09-30": "$1,494", "2014-06-30": "$1,494", "2014-03-31": "$1,494", "2013-12-31": "", "2013-09-30": "", "2013-06-30": "", "2013-03-31": "", "2012-12-31": "", "2012-09-30": "", "2012-06-30": "", "2012-03-31": "", "2011-12-31": "", "2011-09-30": "", "2011-06-30": "", "2011-03-31": "", "2010-12-31": "", "2010-09-30": "$1", "2010-06-30": "$19", "2010-03-31": "$21", "2009-12-31": "$22", "2009-09-30": "$22", "2009-06-30": "$21", "2009-03-31": "$18", "2008-12-31": "$19", "2008-09-30": "$20", "2008-06-30": "$171", "2008-03-31": "$150", "2007-12-31": "$150", "2007-09-30": "$150", "2007-06-30": "$150", "2007-03-31": "$230", "2006-12-31": "$230", "2006-09-30": "$230", "2006-06-30": "$230", "2006-03-31": "$230", "2005-12-31": "$229", "2005-09-30": "$229", "2005-06-30": "$229", "2005-03-31": "$230"}}, "total-liabilities": {"Mastercard Annual Total Liabilities (Millions of US $)": {"2019": "$23,319", "2018": "$19,442", "2017": "$15,832", "2016": "$12,991", "2015": "$10,188", "2014": "$8,505", "2013": "$6,747", "2012": "$5,533", "2011": "$4,816", "2010": "$3,621", "2009": "$3,958", "2008": "$4,544", "2007": "$3,233", "2006": "$2,718", "2005": "$2,531"}, "Mastercard Quarterly Total Liabilities (Millions of US $)": {"2020-09-30": "$25,738", "2020-06-30": "$25,629", "2020-03-31": "$25,225", "2019-12-31": "$23,319", "2019-09-30": "$21,006", "2019-06-30": "$19,696", "2019-03-31": "$18,330", "2018-12-31": "$19,442", "2018-09-30": "$17,544", "2018-06-30": "$17,192", "2018-03-31": "$17,213", "2017-12-31": "$15,832", "2017-09-30": "$14,446", "2017-06-30": "$13,961", "2017-03-31": "$12,932", "2016-12-31": "$12,991", "2016-09-30": "$11,074", "2016-06-30": "$10,413", "2016-03-31": "$10,394", "2015-12-31": "$10,188", "2015-09-30": "$8,336", "2015-06-30": "$8,836", "2015-03-31": "$8,299", "2014-12-31": "$8,505", "2014-09-30": "$8,111", "2014-06-30": "$8,061", "2014-03-31": "$8,224", "2013-12-31": "$6,747", "2013-09-30": "$6,062", "2013-06-30": "$4,992", "2013-03-31": "$5,053", "2012-12-31": "$5,533", "2012-09-30": "$5,196", "2012-06-30": "$4,964", "2012-03-31": "$4,752", "2011-12-31": "$4,816", "2011-09-30": "$3,692", "2011-06-30": "$3,544", "2011-03-31": "$3,300", "2010-12-31": "$3,621", "2010-09-30": "$3,315", "2010-06-30": "$3,307", "2010-03-31": "$3,454", "2009-12-31": "$3,958", "2009-09-30": "$3,714", "2009-06-30": "$4,310", "2009-03-31": "$4,186", "2008-12-31": "$4,544", "2008-09-30": "$5,508", "2008-06-30": "$4,812", "2008-03-31": "$3,268", "2007-12-31": "$3,233", "2007-09-30": "$2,962", "2007-06-30": "$2,753", "2007-03-31": "$2,605", "2006-12-31": "$2,718", "2006-09-30": "$2,552", "2006-06-30": "$2,525", "2006-03-31": "$2,403", "2005-12-31": "$2,531", "2005-09-30": "$2,435", "2005-06-30": "$2,219", "2005-03-31": "$2,209"}}, "total-share-holder-equity": {"Mastercard Annual Share Holder Equity (Millions of US $)": {"2019": "$5,917", "2018": "$5,418", "2017": "$5,497", "2016": "$5,684", "2015": "$6,062", "2014": "$6,824", "2013": "$7,495", "2012": "$6,929", "2011": "$5,877", "2010": "$5,216", "2009": "$3,512", "2008": "$1,932", "2007": "$3,027", "2006": "$2,364", "2005": "$1,169"}, "Mastercard Quarterly Share Holder Equity (Millions of US $)": {"2020-09-30": "$5,856", "2020-06-30": "$6,498", "2020-03-31": "$5,423", "2019-12-31": "$5,917", "2019-09-30": "$4,975", "2019-06-30": "$5,035", "2019-03-31": "$5,190", "2018-12-31": "$5,418", "2018-09-30": "$5,796", "2018-06-30": "$5,279", "2018-03-31": "$5,731", "2017-12-31": "$5,497", "2017-09-30": "$6,468", "2017-06-30": "$5,878", "2017-03-31": "$5,638", "2016-12-31": "$5,684", "2016-09-30": "$6,249", "2016-06-30": "$5,869", "2016-03-31": "$5,511", "2015-12-31": "$6,062", "2015-09-30": "$6,298", "2015-06-30": "$6,436", "2015-03-31": "$6,334", "2014-12-31": "$6,824", "2014-09-30": "$6,548", "2014-06-30": "$6,314", "2014-03-31": "$6,578", "2013-12-31": "$7,495", "2013-09-30": "$7,668", "2013-06-30": "$7,029", "2013-03-31": "$6,756", "2012-12-31": "$6,929", "2012-09-30": "$6,924", "2012-06-30": "$6,276", "2012-03-31": "$6,379", "2011-12-31": "$5,877", "2011-09-30": "$5,982", "2011-06-30": "$5,481", "2011-03-31": "$5,202", "2010-12-31": "$5,216", "2010-09-30": "$4,851", "2010-06-30": "$4,125", "2010-03-31": "$3,832", "2009-12-31": "$3,512", "2009-09-30": "$3,225", "2009-06-30": "$2,674", "2009-03-31": "$2,229", "2008-12-31": "$1,932", "2008-09-30": "$1,765", "2008-06-30": "$2,048", "2008-03-31": "$3,158", "2007-12-31": "$3,027", "2007-09-30": "$3,173", "2007-06-30": "$2,854", "2007-03-31": "$2,601", "2006-12-31": "$2,364", "2006-09-30": "$2,320", "2006-06-30": "$2,117", "2006-03-31": "$1,308", "2005-12-31": "$1,169", "2005-09-30": "$1,235", "2005-06-30": "$1,129", "2005-03-31": "$1,038"}}, "profit-margins": {"current": "41.9%"}, "gross margin": {"2020-12-31": "100.00%", "2020-09-30": "100.00%", "2020-06-30": "100.00%", "2020-03-31": "100.00%", "2019-12-31": "100.00%", "2019-09-30": "100.00%", "2019-06-30": "100.00%", "2019-03-31": "100.00%", "2018-12-31": "100.00%", "2018-09-30": "100.00%", "2018-06-30": "100.00%", "2018-03-31": "100.00%", "2017-12-31": "100.00%", "2017-09-30": "100.00%", "2017-06-30": "100.00%", "2017-03-31": "100.00%", "2016-12-31": "100.00%", "2016-09-30": "100.00%", "2016-06-30": "100.00%", "2016-03-31": "100.00%", "2015-12-31": "100.00%", "2015-09-30": "100.00%", "2015-06-30": "100.00%", "2015-03-31": "100.00%", "2014-12-31": "100.00%", "2014-09-30": "100.00%", "2014-06-30": "100.00%", "2014-03-31": "100.00%", "2013-12-31": "100.00%", "2013-09-30": "100.00%", "2013-06-30": "100.00%", "2013-03-31": "100.00%", "2012-12-31": "100.00%", "2012-09-30": "100.00%", "2012-06-30": "100.00%", "2012-03-31": "100.00%", "2011-12-31": "100.00%", "2011-09-30": "100.00%", "2011-06-30": "100.00%", "2011-03-31": "100.00%", "2010-12-31": "100.00%", "2010-09-30": "100.00%", "2010-06-30": "100.00%", "2010-03-31": "100.00%", "2009-12-31": "100.00%", "2009-09-30": "100.00%", "2009-06-30": "100.00%", "2009-03-31": "100.00%", "2008-12-31": "100.00%", "2008-09-30": "100.00%", "2008-06-30": "100.00%", "2008-03-31": "100.00%", "2007-12-31": "100.00%", "2007-09-30": "100.00%", "2007-06-30": "100.00%", "2007-03-31": "100.00%", "2006-12-31": "100.00%", "2006-09-30": "100.00%", "2006-06-30": "100.00%", "2006-03-31": "100.00%", "2005-12-31": "100.00%"}, "operating margin": {"2020-12-31": "52.81%", "2020-09-30": "54.00%", "2020-06-30": "55.30%", "2020-03-31": "56.83%", "2019-12-31": "57.24%", "2019-09-30": "52.22%", "2019-06-30": "51.77%", "2019-03-31": "50.27%", "2018-12-31": "48.71%", "2018-09-30": "52.37%", "2018-06-30": "51.77%", "2018-03-31": "52.02%", "2017-12-31": "52.99%", "2017-09-30": "54.12%", "2017-06-30": "54.21%", "2017-03-31": "53.50%", "2016-12-31": "53.46%", "2016-09-30": "52.24%", "2016-06-30": "51.08%", "2016-03-31": "51.35%", "2015-12-31": "52.53%", "2015-09-30": "52.18%", "2015-06-30": "52.94%", "2015-03-31": "54.45%", "2014-12-31": "54.08%", "2014-09-30": "54.90%", "2014-06-30": "54.64%", "2014-03-31": "54.57%", "2013-12-31": "54.17%", "2013-09-30": "55.23%", "2013-06-30": "55.00%", "2013-03-31": "53.64%", "2012-12-31": "53.27%", "2012-09-30": "41.92%", "2012-06-30": "41.63%", "2012-03-31": "41.27%", "2011-12-31": "40.41%", "2011-09-30": "51.25%", "2011-06-30": "50.65%", "2011-03-31": "50.38%", "2010-12-31": "49.68%", "2010-09-30": "49.11%", "2010-06-30": "47.96%", "2010-03-31": "45.69%", "2009-12-31": "44.32%", "2009-09-30": "44.86%", "2009-06-30": "26.05%", "2009-03-31": "-9.83%", "2008-12-31": "-10.68%", "2008-09-30": "-17.02%", "2008-06-30": "-4.19%", "2008-03-31": "30.22%", "2007-12-31": "27.24%", "2007-09-30": "25.61%", "2007-06-30": "24.75%", "2007-03-31": "10.31%", "2006-12-31": "6.92%", "2006-09-30": "2.65%", "2006-06-30": "-1.36%", "2006-03-31": "14.05%", "2005-12-31": "13.38%"}, "ebitda margin": {"2020-09-30": "64.19%", "2020-06-30": "64.90%", "2020-03-31": "66.13%", "2019-12-31": "67.09%", "2019-09-30": "62.77%", "2019-06-30": "62.86%", "2019-03-31": "61.73%", "2018-12-31": "60.04%", "2018-09-30": "63.35%", "2018-06-30": "62.89%", "2018-03-31": "63.16%", "2017-12-31": "64.50%", "2017-09-30": "65.89%", "2017-06-30": "66.01%", "2017-03-31": "65.18%", "2016-12-31": "64.90%", "2016-09-30": "63.70%", "2016-06-30": "62.64%", "2016-03-31": "63.07%", "2015-12-31": "64.22%", "2015-09-30": "63.63%", "2015-06-30": "64.17%", "2015-03-31": "65.46%", "2014-12-31": "64.80%", "2014-09-30": "70.51%", "2014-06-30": "68.40%", "2014-03-31": "66.65%", "2013-12-31": "64.53%", "2013-09-30": "64.70%", "2013-06-30": "64.75%", "2013-03-31": "63.68%", "2012-12-31": "63.40%", "2012-09-30": "44.96%", "2012-06-30": "44.62%", "2012-03-31": "44.23%", "2011-12-31": "43.30%", "2011-09-30": "53.66%", "2011-06-30": "53.10%", "2011-03-31": "52.90%", "2010-12-31": "52.36%", "2010-09-30": "52.56%", "2010-06-30": "51.72%", "2010-03-31": "49.80%", "2009-12-31": "48.77%", "2009-09-30": "49.53%", "2009-06-30": "30.77%", "2009-03-31": "-5.56%", "2008-12-31": "-6.91%", "2008-09-30": "-13.62%", "2008-06-30": "-1.20%", "2008-03-31": "33.33%", "2007-12-31": "30.56%", "2007-09-30": "29.13%", "2007-06-30": "28.55%", "2007-03-31": "14.31%", "2006-12-31": "11.19%", "2006-09-30": "8.28%", "2006-06-30": "4.14%", "2006-03-31": "19.48%", "2005-12-31": "18.72%"}, "pre tax profit margin": {"2020-12-31": "50.72%", "2020-09-30": "51.73%", "2020-06-30": "53.53%", "2020-03-31": "55.96%", "2019-12-31": "57.64%", "2019-09-30": "52.05%", "2019-06-30": "52.21%", "2019-03-31": "49.83%", "2018-12-31": "48.19%", "2018-09-30": "51.70%", "2018-06-30": "51.17%", "2018-03-31": "51.32%", "2017-12-31": "52.19%", "2017-09-30": "53.17%", "2017-06-30": "52.96%", "2017-03-31": "52.30%", "2016-12-31": "52.39%", "2016-09-30": "50.87%", "2016-06-30": "49.86%", "2016-03-31": "50.14%", "2015-12-31": "51.29%", "2015-09-30": "51.67%", "2015-06-30": "52.58%", "2015-03-31": "54.09%", "2014-12-31": "53.80%", "2014-09-30": "54.63%", "2014-06-30": "54.45%", "2014-03-31": "54.55%", "2013-12-31": "54.14%", "2013-09-30": "55.24%", "2013-06-30": "54.96%", "2013-03-31": "53.52%", "2012-12-31": "53.21%", "2012-09-30": "41.93%", "2012-06-30": "42.01%", "2012-03-31": "41.77%", "2011-12-31": "40.93%", "2011-09-30": "51.99%", "2011-06-30": "50.99%", "2011-03-31": "50.56%", "2010-12-31": "49.77%", "2010-09-30": "48.78%", "2010-06-30": "47.60%", "2010-03-31": "45.00%", "2009-12-31": "43.50%", "2009-09-30": "43.86%", "2009-06-30": "24.74%", "2009-03-31": "-10.51%", "2008-12-31": "-7.67%", "2008-09-30": "-7.46%", "2008-06-30": "9.05%", "2008-03-31": "46.69%", "2007-12-31": "41.08%", "2007-09-30": "33.23%", "2007-06-30": "29.67%", "2007-03-31": "12.48%", "2006-12-31": "8.84%", "2006-09-30": "4.25%", "2006-06-30": "0.26%", "2006-03-31": "15.11%", "2005-12-31": "13.85%"}, "net profit margin": {"2020-12-31": "41.90%", "2020-09-30": "43.13%", "2020-06-30": "45.12%", "2020-03-31": "46.75%", "2019-12-31": "48.08%", "2019-09-30": "42.50%", "2019-06-30": "42.71%", "2019-03-31": "40.82%", "2018-12-31": "39.19%", "2018-09-30": "35.88%", "2018-06-30": "33.81%", "2018-03-31": "32.42%", "2017-12-31": "31.33%", "2017-09-30": "38.70%", "2017-06-30": "38.30%", "2017-03-31": "37.79%", "2016-12-31": "37.67%", "2016-09-30": "38.11%", "2016-06-30": "37.39%", "2016-03-31": "37.91%", "2015-12-31": "39.39%", "2015-09-30": "38.90%", "2015-06-30": "39.46%", "2015-03-31": "39.66%", "2014-12-31": "38.31%", "2014-09-30": "37.70%", "2014-06-30": "37.32%", "2014-03-31": "37.54%", "2013-12-31": "37.49%", "2013-09-30": "38.18%", "2013-06-30": "38.27%", "2013-03-31": "37.71%", "2012-12-31": "37.33%", "2012-09-30": "30.08%", "2012-06-30": "29.73%", "2012-03-31": "29.06%", "2011-12-31": "28.39%", "2011-09-30": "35.79%", "2011-06-30": "34.80%", "2011-03-31": "34.02%", "2010-12-31": "33.27%", "2010-09-30": "31.96%", "2010-06-30": "31.11%", "2010-03-31": "29.54%", "2009-12-31": "28.69%", "2009-09-30": "28.00%", "2009-06-30": "15.22%", "2009-03-31": "-6.75%", "2008-12-31": "-5.11%", "2008-09-30": "-3.93%", "2008-06-30": "6.94%", "2008-03-31": "30.38%", "2007-12-31": "26.67%", "2007-09-30": "21.44%", "2007-06-30": "19.19%", "2007-03-31": "3.97%", "2006-12-31": "1.53%", "2006-09-30": "-1.34%", "2006-06-30": "-4.20%", "2006-03-31": "9.94%", "2005-12-31": "9.05%"}, "pe ratio": {"current": "51.86", "2021-02-11": "74.54", "2020-12-31": "77.50", "2020-09-30": "50.58", "2020-06-30": "40.75", "2020-03-31": "30.73", "2019-12-31": "37.36", "2019-09-30": "39.98", "2019-06-30": "40.40", "2019-03-31": "38.90", "2018-12-31": "33.34", "2018-09-30": "44.55", "2018-06-30": "43.50", "2018-03-31": "42.53", "2017-12-31": "40.82", "2017-09-30": "32.27", "2017-06-30": "29.49", "2017-03-31": "28.75", "2016-12-31": "27.34", "2016-09-30": "27.42", "2016-06-30": "25.20", "2016-03-31": "27.64", "2015-12-31": "28.17", "2015-09-30": "26.83", "2015-06-30": "27.70", "2015-03-31": "25.63", "2014-12-31": "26.83", "2014-09-30": "24.33", "2014-06-30": "25.39", "2014-03-31": "26.77", "2013-12-31": "31.19", "2013-09-30": "25.43", "2013-06-30": "22.68", "2013-03-31": "22.66", "2012-12-31": "21.37", "2012-09-30": "24.99", "2012-06-30": "24.57", "2012-03-31": "25.19", "2011-12-31": "23.94", "2011-09-30": "16.92", "2011-06-30": "17.75", "2011-03-31": "16.08", "2010-12-31": "15.15", "2010-09-30": "16.12", "2010-06-30": "14.85", "2010-03-31": "20.19", "2009-12-31": "21.52", "2009-09-30": "17.71", "2009-06-30": "27.20", "2009-03-31": "0.00", "2008-12-31": "0.00", "2008-09-30": "0.00", "2008-06-30": "113.28", "2008-03-31": "21.44", "2007-12-31": "25.36", "2007-09-30": "23.08", "2007-06-30": "30.35", "2007-03-31": "99.70"}, "price sales": {"2021-02-11": "22.54", "2020-12-31": "23.44", "2020-09-30": "21.89", "2020-06-30": "18.43", "2020-03-31": "14.40", "2019-12-31": "18.00", "2019-09-30": "17.05", "2019-06-30": "17.30", "2019-03-31": "15.92", "2018-12-31": "13.10", "2018-09-30": "16.05", "2018-06-30": "14.75", "2018-03-31": "13.82", "2017-12-31": "12.80", "2017-09-30": "12.56", "2017-06-30": "11.36", "2017-03-31": "10.91", "2016-12-31": "10.33", "2016-09-30": "10.47", "2016-06-30": "9.42", "2016-03-31": "10.50", "2015-12-31": "11.13", "2015-09-30": "10.47", "2015-06-30": "10.96", "2015-03-31": "10.19", "2014-12-31": "10.29", "2014-09-30": "9.20", "2014-06-30": "9.52", "2014-03-31": "10.07", "2013-12-31": "11.72", "2013-09-30": "9.74", "2013-06-30": "8.70", "2013-03-31": "8.56", "2012-12-31": "7.99", "2012-09-30": "7.54", "2012-06-30": "7.31", "2012-03-31": "7.33", "2011-12-31": "6.79", "2011-09-30": "6.06", "2011-06-30": "6.18", "2011-03-31": "5.47", "2010-12-31": "5.04", "2010-09-30": "5.15", "2010-06-30": "4.63", "2010-03-31": "5.97", "2009-12-31": "6.18", "2009-09-30": "4.95", "2009-06-30": "4.11", "2009-03-31": "4.14", "2008-12-31": "3.52", "2008-09-30": "4.54", "2008-06-30": "7.27", "2008-03-31": "6.54", "2007-12-31": "6.78", "2007-09-30": "4.95", "2007-06-30": "5.82", "2007-03-31": "3.87"}, "price book": {"current": "51.24", "2021-02-11": "58.37", "2020-09-30": "57.44", "2020-06-30": "45.52", "2020-03-31": "44.49", "2019-12-31": "50.49", "2019-09-30": "54.71", "2019-06-30": "52.90", "2019-03-31": "45.97", "2018-12-31": "35.53", "2018-09-30": "39.30", "2018-06-30": "38.19", "2018-03-31": "31.58", "2017-12-31": "28.57", "2017-09-30": "22.74", "2017-06-30": "21.63", "2017-03-31": "20.98", "2016-12-31": "19.19", "2016-09-30": "17.34", "2016-06-30": "16.02", "2016-03-31": "18.35", "2015-12-31": "17.37", "2015-09-30": "15.57", "2015-06-30": "15.91", "2015-03-31": "15.03", "2014-12-31": "14.00", "2014-09-30": "12.52", "2014-06-30": "12.94", "2014-03-31": "12.78", "2013-12-31": "12.75", "2013-09-30": "10.11", "2013-06-30": "9.45", "2013-03-31": "9.33", "2012-12-31": "8.34", "2012-09-30": "7.74", "2012-06-30": "8.16", "2012-03-31": "7.94", "2011-12-31": "7.66", "2011-09-30": "6.40", "2011-06-30": "6.65", "2011-03-31": "5.91", "2010-12-31": "5.34", "2010-09-30": "5.74", "2010-06-30": "6.00", "2010-03-31": "8.22", "2009-12-31": "8.96", "2009-09-30": "7.70", "2009-06-30": "7.67", "2009-03-31": "9.19", "2008-12-31": "9.03", "2008-09-30": "12.25", "2008-06-30": "15.78", "2008-03-31": "8.68", "2007-12-31": "8.79", "2007-09-30": "5.84", "2007-06-30": "7.38", "2007-03-31": "5.18", "2006-12-31": "5.27", "2006-09-30": "3.83", "2006-06-30": "2.87"}, "price fcf": {"2021-02-11": "", "2020-09-30": "$7.11", "2020-06-30": "$7.73", "2020-03-31": "$7.79", "2019-12-31": "$7.29", "2019-09-30": "$5.71", "2019-06-30": "$5.76", "2019-03-31": "$5.74", "2018-12-31": "$5.46", "2018-09-30": "$5.90", "2018-06-30": "$5.30", "2018-03-31": "$5.16", "2017-12-31": "$4.89", "2017-09-30": "$4.21", "2017-06-30": "$3.86", "2017-03-31": "$3.57", "2016-12-31": "$3.86", "2016-09-30": "$3.84", "2016-06-30": "$3.67", "2016-03-31": "$3.45", "2015-12-31": "$3.31", "2015-09-30": "$2.90", "2015-06-30": "$3.00", "2015-03-31": "$2.93", "2014-12-31": "$2.63", "2014-09-30": "$3.02", "2014-06-30": "$2.94", "2014-03-31": "$2.92", "2013-12-31": "$3.16", "2013-09-30": "$2.94", "2013-06-30": "$2.65", "2013-03-31": "$2.55", "2012-12-31": "$2.17", "2012-09-30": "$2.08", "2012-06-30": "$2.07", "2012-03-31": "$2.00", "2011-12-31": "$1.95", "2011-09-30": "$1.88", "2011-06-30": "$1.54", "2011-03-31": "$1.37", "2010-12-31": "$1.18", "2010-09-30": "$0.89", "2010-06-30": "$0.69", "2010-03-31": "$0.71", "2009-12-31": "$0.95", "2009-09-30": "$0.33", "2009-06-30": "$0.37", "2009-03-31": "$0.34", "2008-12-31": "$0.19", "2008-09-30": "$0.63", "2008-06-30": "$0.55", "2008-03-31": "$0.57", "2007-12-31": "$0.45", "2007-09-30": "$0.57", "2007-06-30": "$0.57", "2007-03-31": "$0.43"}, "net worth": {"value": "$332.41B"}, "current ratio": {"2020-12-31": "1.61", "2020-09-30": "1.86", "2020-06-30": "1.95", "2020-03-31": "1.87", "2019-12-31": "1.42", "2019-09-30": "1.39", "2019-06-30": "1.49", "2019-03-31": "1.41", "2018-12-31": "1.40", "2018-09-30": "1.55", "2018-06-30": "1.51", "2018-03-31": "1.64", "2017-12-31": "1.57", "2017-09-30": "1.66", "2017-06-30": "1.65", "2017-03-31": "1.82", "2016-12-31": "1.84", "2016-09-30": "1.65", "2016-06-30": "1.70", "2016-03-31": "1.65", "2015-12-31": "1.75", "2015-09-30": "1.62", "2015-06-30": "1.58", "2015-03-31": "1.74", "2014-12-31": "1.77", "2014-09-30": "1.87", "2014-06-30": "1.83", "2014-03-31": "1.89", "2013-12-31": "1.82", "2013-09-30": "1.95", "2013-06-30": "2.07", "2013-03-31": "1.99", "2012-12-31": "1.91", "2012-09-30": "2.00", "2012-06-30": "1.92", "2012-03-31": "1.98", "2011-12-31": "1.84", "2011-09-30": "2.18", "2011-06-30": "2.03", "2011-03-31": "2.18", "2010-12-31": "2.05", "2010-09-30": "2.20", "2010-06-30": "1.97", "2010-03-31": "1.81", "2009-12-31": "1.58", "2009-09-30": "1.70", "2009-06-30": "1.57", "2009-03-31": "1.49", "2008-12-31": "1.44", "2008-09-30": "1.33", "2008-06-30": "1.57", "2008-03-31": "1.87", "2007-12-31": "1.94", "2007-09-30": "2.24", "2007-06-30": "2.18", "2007-03-31": "2.24", "2006-12-31": "1.98", "2006-09-30": "2.16", "2006-06-30": "2.02", "2006-03-31": "1.58", "2005-12-31": "1.43", "2005-09-30": "1.57", "2005-06-30": "1.67", "2005-03-31": "1.56"}, "quick ratio": {"2020-12-31": "0.00", "2020-09-30": "0.00", "2020-06-30": "0.00", "2020-03-31": "0.00", "2019-12-31": "0.00", "2019-09-30": "0.00", "2019-06-30": "0.00", "2019-03-31": "0.00", "2018-12-31": "0.00", "2018-09-30": "0.00", "2018-06-30": "0.00", "2018-03-31": "0.00", "2017-12-31": "0.00", "2017-09-30": "0.00", "2017-06-30": "0.00", "2017-03-31": "0.00", "2016-12-31": "0.00", "2016-09-30": "0.00", "2016-06-30": "0.00", "2016-03-31": "0.00", "2015-12-31": "0.00", "2015-09-30": "0.00", "2015-06-30": "0.00", "2015-03-31": "0.00", "2014-12-31": "0.00", "2014-09-30": "0.00", "2014-06-30": "0.00", "2014-03-31": "0.00", "2013-12-31": "0.00", "2013-09-30": "0.00", "2013-06-30": "0.00", "2013-03-31": "0.00", "2012-12-31": "0.00", "2012-09-30": "0.00", "2012-06-30": "0.00", "2012-03-31": "0.00", "2011-12-31": "0.00", "2011-09-30": "0.00", "2011-06-30": "0.00", "2011-03-31": "0.00", "2010-12-31": "0.00", "2010-09-30": "0.00", "2010-06-30": "0.00", "2010-03-31": "0.00", "2009-12-31": "0.00", "2009-09-30": "0.00", "2009-06-30": "0.00", "2009-03-31": "0.00", "2008-12-31": "0.00", "2008-09-30": "0.00", "2008-06-30": "0.00", "2008-03-31": "0.00", "2007-12-31": "0.00", "2007-09-30": "0.00", "2007-06-30": "0.00", "2007-03-31": "0.00", "2006-12-31": "0.00", "2006-09-30": "0.00", "2006-06-30": "0.00", "2006-03-31": "0.00", "2005-12-31": "0.00", "2005-09-30": "0.00", "2005-06-30": "0.00", "2005-03-31": "0.00"}, "debt equity ratio": {"current": "1.85", "2020-12-31": "4.18", "2020-09-30": "4.40", "2020-06-30": "3.94", "2020-03-31": "4.65", "2019-12-31": "3.94", "2019-09-30": "4.22", "2019-06-30": "3.91", "2019-03-31": "3.53", "2018-12-31": "3.59", "2018-09-30": "3.03", "2018-06-30": "3.26", "2018-03-31": "3.00", "2017-12-31": "2.88", "2017-09-30": "2.23", "2017-06-30": "2.38", "2017-03-31": "2.29", "2016-12-31": "2.29", "2016-09-30": "1.77", "2016-06-30": "1.77", "2016-03-31": "1.89", "2015-12-31": "1.68", "2015-09-30": "1.32", "2015-06-30": "1.37", "2015-03-31": "1.31", "2014-12-31": "1.25", "2014-09-30": "1.24", "2014-06-30": "1.28", "2014-03-31": "1.25", "2013-12-31": "0.90", "2013-09-30": "0.79", "2013-06-30": "0.71", "2013-03-31": "0.75", "2012-12-31": "0.80", "2012-09-30": "0.75", "2012-06-30": "0.79", "2012-03-31": "0.75", "2011-12-31": "0.82", "2011-09-30": "0.62", "2011-06-30": "0.65", "2011-03-31": "0.63", "2010-12-31": "0.69", "2010-09-30": "0.68", "2010-06-30": "0.80", "2010-03-31": "0.90", "2009-12-31": "1.13", "2009-09-30": "1.15", "2009-06-30": "1.61", "2009-03-31": "1.88", "2008-12-31": "2.35", "2008-09-30": "3.12", "2008-06-30": "2.35", "2008-03-31": "1.04", "2007-12-31": "1.07", "2007-09-30": "0.93", "2007-06-30": "0.96", "2007-03-31": "1.00", "2006-12-31": "1.15", "2006-09-30": "1.10", "2006-06-30": "1.19", "2006-03-31": "1.84", "2005-12-31": "2.17", "2005-09-30": "1.97", "2005-06-30": "1.97", "2005-03-31": "2.13"}, "return on equity": {"2020-12-31": "105.68%", "2020-09-30": "113.55%", "2020-06-30": "128.37%", "2020-03-31": "148.93%", "2019-12-31": "153.77%", "2019-09-30": "134.19%", "2019-06-30": "125.16%", "2019-03-31": "114.91%", "2018-12-31": "105.45%", "2018-09-30": "93.03%", "2018-06-30": "82.14%", "2018-03-31": "73.40%", "2017-12-31": "66.69%", "2017-09-30": "78.10%", "2017-06-30": "74.63%", "2017-03-31": "71.35%", "2016-12-31": "69.64%", "2016-09-30": "67.81%", "2016-06-30": "64.18%", "2016-03-31": "61.66%", "2015-12-31": "60.61%", "2015-09-30": "57.45%", "2015-06-30": "57.49%", "2015-03-31": "57.91%", "2014-12-31": "55.09%", "2014-09-30": "51.07%", "2014-06-30": "47.09%", "2014-03-31": "44.77%", "2013-12-31": "43.06%", "2013-09-30": "43.66%", "2013-06-30": "43.29%", "2013-03-31": "42.30%", "2012-12-31": "41.63%", "2012-09-30": "34.15%", "2012-06-30": "34.56%", "2012-03-31": "34.17%", "2011-12-31": "33.82%", "2011-09-30": "42.03%", "2011-06-30": "40.48%", "2011-03-31": "40.22%", "2010-12-31": "40.90%", "2010-09-30": "42.30%", "2010-06-30": "45.19%", "2010-03-31": "46.85%", "2009-12-31": "50.27%", "2009-09-30": "55.94%", "2009-06-30": "35.40%", "2009-03-31": "-16.80%", "2008-12-31": "-11.46%", "2008-09-30": "-7.60%", "2008-06-30": "11.15%", "2008-03-31": "43.14%", "2007-12-31": "37.24%", "2007-09-30": "29.91%", "2007-06-30": "27.66%", "2007-03-31": "5.91%", "2006-12-31": "2.52%", "2006-09-30": "-2.49%", "2006-06-30": "-8.92%", "2006-03-31": "24.79%", "2005-12-31": "23.28%"}, "return on assets": {"2020-12-31": "20.04%", "2020-09-30": "21.77%", "2020-06-30": "24.82%", "2020-03-31": "28.75%", "2019-12-31": "31.38%", "2019-09-30": "27.92%", "2019-06-30": "27.82%", "2019-03-31": "26.45%", "2018-12-31": "25.03%", "2018-09-30": "23.03%", "2018-06-30": "21.53%", "2018-03-31": "20.35%", "2017-12-31": "19.42%", "2017-09-30": "23.70%", "2017-06-30": "23.52%", "2017-03-31": "23.60%", "2016-12-31": "23.81%", "2016-09-30": "24.43%", "2016-06-30": "24.16%", "2016-03-31": "24.15%", "2015-12-31": "25.06%", "2015-09-30": "24.85%", "2015-06-30": "25.09%", "2015-03-31": "25.54%", "2014-12-31": "24.45%", "2014-09-30": "23.69%", "2014-06-30": "23.12%", "2014-03-31": "23.51%", "2013-12-31": "24.06%", "2013-09-30": "24.77%", "2013-06-30": "24.71%", "2013-03-31": "23.88%", "2012-12-31": "23.50%", "2012-09-30": "19.24%", "2012-06-30": "19.82%", "2012-03-31": "20.00%", "2011-12-31": "20.12%", "2011-09-30": "25.52%", "2011-06-30": "24.33%", "2011-03-31": "23.68%", "2010-12-31": "23.24%", "2010-09-30": "22.74%", "2010-06-30": "22.80%", "2010-03-31": "21.63%", "2009-12-31": "21.04%", "2009-09-30": "20.99%", "2009-06-30": "11.21%", "2009-03-31": "-4.96%", "2008-12-31": "-3.77%", "2008-09-30": "-2.83%", "2008-06-30": "4.95%", "2008-03-31": "21.57%", "2007-12-31": "18.70%", "2007-09-30": "14.93%", "2007-06-30": "13.50%", "2007-03-31": "2.81%", "2006-12-31": "1.11%", "2006-09-30": "-1.02%", "2006-06-30": "-3.31%", "2006-03-31": "8.32%", "2005-12-31": "7.62%"}, "return on investments": {"2020-12-31": "43.78%", "2020-09-30": "48.29%", "2020-06-30": "56.04%", "2020-03-31": "66.77%", "2019-12-31": "75.82%", "2019-09-30": "71.13%", "2019-06-30": "69.59%", "2019-03-31": "68.13%", "2018-12-31": "62.99%", "2018-09-30": "65.95%", "2018-06-30": "62.66%", "2018-03-31": "60.11%", "2017-12-31": "59.07%", "2017-09-30": "57.73%", "2017-06-30": "58.28%", "2017-03-31": "58.51%", "2016-12-31": "59.92%", "2016-09-30": "59.64%", "2016-06-30": "59.23%", "2016-03-31": "59.89%", "2015-12-31": "61.77%", "2015-09-30": "62.61%", "2015-06-30": "62.76%", "2015-03-31": "64.66%", "2014-12-31": "63.35%", "2014-09-30": "83.74%", "2014-06-30": "121.81%", "2014-03-31": "231.96%", "2013-12-31": "inf%", "2013-09-30": "inf%", "2013-06-30": "inf%", "2013-03-31": "inf%", "2012-12-31": "inf%", "2012-09-30": "inf%", "2012-06-30": "inf%", "2012-03-31": "inf%", "2011-12-31": "inf%", "2011-09-30": "inf%", "2011-06-30": "251.94%", "2011-03-31": "128.41%", "2010-12-31": "85.67%", "2010-09-30": "64.75%", "2010-06-30": "69.27%", "2010-03-31": "71.99%", "2009-12-31": "77.11%", "2009-09-30": "88.91%", "2009-06-30": "60.01%", "2009-03-31": "-23.80%", "2008-12-31": "-23.02%", "2008-09-30": "-31.42%", "2008-06-30": "-6.39%", "2008-03-31": "40.90%", "2007-12-31": "35.93%", "2007-09-30": "33.43%", "2007-06-30": "32.94%", "2007-03-31": "13.99%", "2006-12-31": "10.19%", "2006-09-30": "4.34%", "2006-06-30": "-2.49%", "2006-03-31": "29.45%", "2005-12-31": "28.63%"}, "return on tangible equity": {"2020-09-30": "1779.37%", "2020-06-30": "2318.61%", "2020-03-31": "5255.54%", "2019-12-31": "1691.25%", "2019-09-30": "933.47%", "2019-06-30": "553.69%", "2019-03-31": "427.45%", "2018-12-31": "383.13%", "2018-09-30": "349.53%", "2018-06-30": "294.00%", "2018-03-31": "242.01%", "2017-12-31": "177.91%", "2017-09-30": "173.30%", "2017-06-30": "145.25%", "2017-03-31": "125.48%", "2016-12-31": "124.85%", "2016-09-30": "122.01%", "2016-06-30": "116.76%", "2016-03-31": "111.77%", "2015-12-31": "102.99%", "2015-09-30": "92.92%", "2015-06-30": "89.31%", "2015-03-31": "87.50%", "2014-12-31": "82.34%", "2014-09-30": "73.62%", "2014-06-30": "65.37%", "2014-03-31": "59.84%", "2013-12-31": "56.57%", "2013-09-30": "57.65%", "2013-06-30": "57.67%", "2013-03-31": "56.82%", "2012-12-31": "56.33%", "2012-09-30": "46.67%", "2012-06-30": "47.76%", "2012-03-31": "48.13%", "2011-12-31": "47.25%", "2011-09-30": "57.66%", "2011-06-30": "53.11%", "2011-03-31": "50.09%", "2010-12-31": "49.98%", "2010-09-30": "51.03%", "2010-06-30": "55.86%", "2010-03-31": "59.68%", "2009-12-31": "66.22%", "2009-09-30": "77.21%", "2009-06-30": "51.21%", "2009-03-31": "-24.90%", "2008-12-31": "-16.02%", "2008-09-30": "-10.01%", "2008-06-30": "14.02%", "2008-03-31": "52.65%", "2007-12-31": "45.46%", "2007-09-30": "36.71%", "2007-06-30": "34.36%", "2007-03-31": "7.46%", "2006-12-31": "3.30%", "2006-09-30": "-3.43%", "2006-06-30": "-13.27%", "2006-03-31": "41.07%", "2005-12-31": "40.88%"}, "dividend yield history": {"last payout": "$1.76", "last yield": "0.53%"}}