{"ticker": "MAA", "price": {"title": "Mid-America Apartment Communities Historical Annual Stock Price Data", "value": 137.97, "historical": {"2021": {"Average Stock Price": "131.2068", "Year Open": "122.7100", "Year High": "137.9700", "Year Low": "122.6700", "Year Close": "137.9700", "Annual % Change": "8.90%"}, "2020": {"Average Stock Price": "120.2262", "Year Open": "129.6100", "Year High": "147.7700", "Year Low": "84.6700", "Year Close": "126.6900", "Annual % Change": "-3.92%"}, "2019": {"Average Stock Price": "118.5788", "Year Open": "92.6500", "Year High": "139.1500", "Year Low": "92.6500", "Year Close": "131.8600", "Annual % Change": "37.78%"}, "2018": {"Average Stock Price": "96.0521", "Year Open": "99.6000", "Year High": "104.4900", "Year Low": "85.3900", "Year Close": "95.7000", "Annual % Change": "-4.83%"}, "2017": {"Average Stock Price": "102.6540", "Year Open": "97.3200", "Year High": "110.3200", "Year Low": "93.7800", "Year Close": "100.5600", "Annual % Change": "2.70%"}, "2016": {"Average Stock Price": "96.3059", "Year Open": "90.0300", "Year High": "109.6700", "Year Low": "84.6400", "Year Close": "97.9200", "Annual % Change": "7.83%"}, "2015": {"Average Stock Price": "79.5813", "Year Open": "76.1500", "Year High": "92.4000", "Year Low": "71.1500", "Year Close": "90.8100", "Annual % Change": "21.60%"}, "2014": {"Average Stock Price": "69.7450", "Year Open": "61.0600", "Year High": "76.2400", "Year Low": "61.0600", "Year Close": "74.6800", "Annual % Change": "22.95%"}, "2013": {"Average Stock Price": "65.8252", "Year Open": "65.1200", "Year High": "74.4100", "Year Low": "59.7000", "Year Close": "60.7400", "Annual % Change": "-6.19%"}, "2012": {"Average Stock Price": "65.5004", "Year Open": "62.9800", "Year High": "70.2000", "Year Low": "58.4900", "Year Close": "64.7500", "Annual % Change": "3.52%"}, "2011": {"Average Stock Price": "63.8623", "Year Open": "63.9600", "Year High": "73.2500", "Year Low": "55.3500", "Year Close": "62.5500", "Annual % Change": "-1.48%"}, "2010": {"Average Stock Price": "55.2700", "Year Open": "48.1900", "Year High": "64.2300", "Year Low": "45.5800", "Year Close": "63.4900", "Annual % Change": "31.50%"}, "2009": {"Average Stock Price": "38.0405", "Year Open": "34.8700", "Year High": "49.6100", "Year Low": "22.9900", "Year Close": "48.2800", "Annual % Change": "29.92%"}, "2008": {"Average Stock Price": "47.3674", "Year Open": "43.0200", "Year High": "59.6000", "Year Low": "24.0400", "Year Close": "37.1600", "Annual % Change": "-13.08%"}, "2007": {"Average Stock Price": "52.7072", "Year Open": "56.6000", "Year High": "60.4800", "Year Low": "42.7500", "Year Close": "42.7500", "Annual % Change": "-25.31%"}, "2006": {"Average Stock Price": "56.5208", "Year Open": "50.0000", "Year High": "65.8100", "Year Low": "49.3500", "Year Close": "57.2400", "Annual % Change": "18.02%"}, "2005": {"Average Stock Price": "43.0729", "Year Open": "40.8600", "Year High": "49.9600", "Year Low": "36.1700", "Year Close": "48.5000", "Annual % Change": "17.66%"}, "2004": {"Average Stock Price": "37.0563", "Year Open": "33.8000", "Year High": "41.7000", "Year Low": "31.6000", "Year Close": "41.2200", "Annual % Change": "22.75%"}, "2003": {"Average Stock Price": "28.0148", "Year Open": "24.7000", "Year High": "34.2300", "Year Low": "23.2100", "Year Close": "33.5800", "Annual % Change": "37.34%"}, "2002": {"Average Stock Price": "25.3661", "Year Open": "26.2500", "Year High": "27.4200", "Year Low": "22.4800", "Year Close": "24.4500", "Annual % Change": "-7.03%"}, "2001": {"Average Stock Price": "24.4383", "Year Open": "22.5600", "Year High": "26.6800", "Year Low": "21.8000", "Year Close": "26.3000", "Annual % Change": "16.58%"}, "2000": {"Average Stock Price": "23.0418", "Year Open": "22.5000", "Year High": "24.6300", "Year Low": "21.2500", "Year Close": "22.5600", "Annual % Change": "-0.31%"}, "1999": {"Average Stock Price": "22.5703", "Year Open": "22.8100", "Year High": "24.8100", "Year Low": "21.0000", "Year Close": "22.6300", "Annual % Change": "-0.26%"}, "1998": {"Average Stock Price": "26.3723", "Year Open": "29.0000", "Year High": "29.8100", "Year Low": "22.6900", "Year Close": "22.6900", "Annual % Change": "-20.55%"}, "1997": {"Average Stock Price": "28.0822", "Year Open": "28.2500", "Year High": "30.3100", "Year Low": "25.7500", "Year Close": "28.5600", "Annual % Change": "-1.11%"}, "1996": {"Average Stock Price": "25.5432", "Year Open": "25.0000", "Year High": "28.8800", "Year Low": "23.8750", "Year Close": "28.8800", "Annual % Change": "16.69%"}, "1995": {"Average Stock Price": "25.0291", "Year Open": "26.7500", "Year High": "26.7500", "Year Low": "21.7500", "Year Close": "24.7500", "Annual % Change": "-7.48%"}}}, "market cap": {"value": "$15.5B"}, "income statement": {"Revenue": {"2020-12-31": "1677.98400", "2019-12-31": "1641.01700", "2018-12-31": "1571.34600", "2017-12-31": "1528.98700", "2016-12-31": "1125.34800", "2015-12-31": "1042.77900", "2014-12-31": "992.33200", "2013-12-31": "635.49000", "2012-12-31": "475.88800", "2011-12-31": "409.78200", "2010-12-31": "380.13800", "2009-12-31": "374.36500", "2008-12-31": "370.01100", "2007-12-31": "347.44400", "2006-12-31": "318.37000", "2005-12-31": "293.78600"}, "Cost Of Goods Sold": {"2020-12-31": "692.77100", "2019-12-31": "667.85600", "2018-12-31": "642.22100", "2017-12-31": "620.31900", "2016-12-31": "457.44900", "2015-12-31": "431.63500", "2014-12-31": "397.08300", "2013-12-31": "253.66700", "2012-12-31": "182.07700", "2011-12-31": "163.07300", "2010-12-31": "154.96000", "2009-12-31": "154.65400", "2008-12-31": "153.33200", "2007-12-31": "144.16200", "2006-12-31": "131.03500", "2005-12-31": "120.86700"}, "Gross Profit": {"2020-12-31": "985.21300", "2019-12-31": "973.16100", "2018-12-31": "929.12490", "2017-12-31": "908.66800", "2016-12-31": "667.89900", "2015-12-31": "611.14400", "2014-12-31": "595.24900", "2013-12-31": "381.82300", "2012-12-31": "293.81100", "2011-12-31": "246.70900", "2010-12-31": "225.17800", "2009-12-31": "219.71100", "2008-12-31": "216.67900", "2007-12-31": "203.28200", "2006-12-31": "187.33500", "2005-12-31": "172.91900"}, "Research And Development Expenses": {"2020-12-31": "", "2019-12-31": "", "2018-12-31": "", "2017-12-31": "", "2016-12-31": "", "2015-12-31": "", "2014-12-31": "", "2013-12-31": "", "2012-12-31": "", "2011-12-31": "", "2010-12-31": "", "2009-12-31": "", "2008-12-31": "", "2007-12-31": "", "2006-12-31": "", "2005-12-31": ""}, "SG&A Expenses": {"2020-12-31": "46.85800", "2019-12-31": "46.12100", "2018-12-31": "34.78600", "2017-12-31": "40.19400", "2016-12-31": "29.04000", "2015-12-31": "25.71600", "2014-12-31": "20.90900", "2013-12-31": "15.56900", "2012-12-31": "13.76200", "2011-12-31": "18.12300", "2010-12-31": "12.35400", "2009-12-31": "11.32000", "2008-12-31": "11.83700", "2007-12-31": "10.80800", "2006-12-31": "9.87700", "2005-12-31": "9.72500"}, "Other Operating Income Or Expenses": {"2020-12-31": "", "2019-12-31": "", "2018-12-31": "-9.11200", "2017-12-31": "-19.99000", "2016-12-31": "-40.82300", "2015-12-31": "", "2014-12-31": "-42.29500", "2013-12-31": "-29.54400", "2012-12-31": "-34.93400", "2011-12-31": "-33.78200", "2010-12-31": "-29.17500", "2009-12-31": "-20.12800", "2008-12-31": "-18.77700", "2007-12-31": "-16.13700", "2006-12-31": "-14.59200", "2005-12-31": "-14.23500"}, "Operating Expenses": {"2020-12-31": "1250.47100", "2019-12-31": "1210.82000", "2018-12-31": "1175.87800", "2017-12-31": "1174.21100", "2016-12-31": "850.27000", "2015-12-31": "751.87100", "2014-12-31": "762.09900", "2013-12-31": "485.75900", "2012-12-31": "351.98400", "2011-12-31": "320.98700", "2010-12-31": "294.87300", "2009-12-31": "281.18000", "2008-12-31": "274.11400", "2007-12-31": "255.89600", "2006-12-31": "233.04900", "2005-12-31": "218.74400"}, "Operating Income": {"2020-12-31": "427.51290", "2019-12-31": "430.19700", "2018-12-31": "395.46790", "2017-12-31": "354.77600", "2016-12-31": "275.07810", "2015-12-31": "290.90800", "2014-12-31": "230.23300", "2013-12-31": "149.73100", "2012-12-31": "123.90400", "2011-12-31": "88.79500", "2010-12-31": "85.26500", "2009-12-31": "93.18500", "2008-12-31": "95.89700", "2007-12-31": "91.54800", "2006-12-31": "85.32100", "2005-12-31": "75.04200"}, "Total Non-Operating Income/Expense": {"2020-12-31": "-161.67200", "2019-12-31": "-61.53700", "2018-12-31": "-163.66700", "2017-12-31": "-12.99100", "2016-12-31": "-49.21800", "2015-12-31": "61.51200", "2014-12-31": "-83.24600", "2013-12-31": "-111.48400", "2012-12-31": "-61.67400", "2011-12-31": "-58.77300", "2010-12-31": "-56.43900", "2009-12-31": "-60.84200", "2008-12-31": "-65.01800", "2007-12-31": "-58.50200", "2006-12-31": "-65.82900", "2005-12-31": "-55.72800"}, "Pre-Tax Income": {"2020-12-31": "265.84100", "2019-12-31": "368.66000", "2018-12-31": "231.80100", "2017-12-31": "341.78500", "2016-12-31": "225.86000", "2015-12-31": "352.42000", "2014-12-31": "146.98700", "2013-12-31": "38.24700", "2012-12-31": "62.23000", "2011-12-31": "30.02200", "2010-12-31": "28.82600", "2009-12-31": "32.34300", "2008-12-31": "30.87900", "2007-12-31": "33.04600", "2006-12-31": "19.49200", "2005-12-31": "19.31400"}, "Income Taxes": {"2020-12-31": "3.32700", "2019-12-31": "3.69600", "2018-12-31": "2.61100", "2017-12-31": "2.61900", "2016-12-31": "1.69900", "2015-12-31": "1.67300", "2014-12-31": "2.05000", "2013-12-31": "0.89300", "2012-12-31": "0.80300", "2011-12-31": "0.72700", "2010-12-31": "", "2009-12-31": "", "2008-12-31": "", "2007-12-31": "", "2006-12-31": "", "2005-12-31": ""}, "Income After Taxes": {"2020-12-31": "262.51400", "2019-12-31": "364.96400", "2018-12-31": "229.19000", "2017-12-31": "339.16600", "2016-12-31": "224.16100", "2015-12-31": "350.74700", "2014-12-31": "144.93700", "2013-12-31": "37.35400", "2012-12-31": "61.42700", "2011-12-31": "29.29500", "2010-12-31": "28.82600", "2009-12-31": "32.34300", "2008-12-31": "30.87900", "2007-12-31": "33.04600", "2006-12-31": "19.49200", "2005-12-31": "19.31400"}, "Other Income": {"2020-12-31": "", "2019-12-31": "", "2018-12-31": "", "2017-12-31": "", "2016-12-31": "", "2015-12-31": "", "2014-12-31": "", "2013-12-31": "", "2012-12-31": "", "2011-12-31": "", "2010-12-31": "", "2009-12-31": "", "2008-12-31": "", "2007-12-31": "", "2006-12-31": "", "2005-12-31": ""}, "Income From Continuous Operations": {"2020-12-31": "264.01500", "2019-12-31": "366.61800", "2018-12-31": "231.02200", "2017-12-31": "340.53600", "2016-12-31": "224.40200", "2015-12-31": "350.74500", "2014-12-31": "150.94600", "2013-12-31": "37.69200", "2012-12-31": "61.20400", "2011-12-31": "28.70200", "2010-12-31": "28.82600", "2009-12-31": "32.34300", "2008-12-31": "30.87900", "2007-12-31": "33.04600", "2006-12-31": "19.49200", "2005-12-31": "19.31400"}, "Income From Discontinued Operations": {"2020-12-31": "", "2019-12-31": "", "2018-12-31": "", "2017-12-31": "", "2016-12-31": "", "2015-12-31": "", "2014-12-31": "5.33100", "2013-12-31": "81.58700", "2012-12-31": "48.62100", "2011-12-31": "22.52900", "2010-12-31": "2.05100", "2009-12-31": "6.87800", "2008-12-31": "1.19200", "2007-12-31": "10.41000", "2006-12-31": "1.45300", "2005-12-31": "0.43000"}, "Net Income": {"2020-12-31": "251.27400", "2019-12-31": "350.12300", "2018-12-31": "219.21100", "2017-12-31": "324.69100", "2016-12-31": "211.91500", "2015-12-31": "332.28700", "2014-12-31": "147.98000", "2013-12-31": "115.28100", "2012-12-31": "105.22300", "2011-12-31": "48.82100", "2010-12-31": "18.06300", "2009-12-31": "24.34600", "2008-12-31": "17.38400", "2007-12-31": "25.66900", "2006-12-31": "6.98300", "2005-12-31": "5.41500"}, "EBITDA": {"2020-12-31": "427.51290", "2019-12-31": "933.76500", "2018-12-31": "881.47290", "2017-12-31": "839.50600", "2016-12-31": "588.54100", "2015-12-31": "570.29000", "2014-12-31": "510.69490", "2013-12-31": "333.53400", "2012-12-31": "255.33200", "2011-12-31": "207.76400", "2010-12-31": "191.59700", "2009-12-31": "191.21800", "2008-12-31": "187.66800", "2007-12-31": "178.22400", "2006-12-31": "164.98900", "2005-12-31": "149.10800"}, "EBIT": {"2020-12-31": "427.51290", "2019-12-31": "430.19700", "2018-12-31": "395.46790", "2017-12-31": "354.77600", "2016-12-31": "275.07810", "2015-12-31": "290.90800", "2014-12-31": "230.23300", "2013-12-31": "149.73100", "2012-12-31": "123.90400", "2011-12-31": "88.79500", "2010-12-31": "85.26500", "2009-12-31": "93.18500", "2008-12-31": "95.89700", "2007-12-31": "91.54800", "2006-12-31": "85.32100", "2005-12-31": "75.04200"}, "Basic Shares Outstanding": {"2020-12-31": "114.18800", "2019-12-31": "113.85400", "2018-12-31": "113.63800", "2017-12-31": "113.40700", "2016-12-31": "78.50200", "2015-12-31": "75.17600", "2014-12-31": "74.98200", "2013-12-31": "50.67700", "2012-12-31": "41.03900", "2011-12-31": "36.99500", "2010-12-31": "31.85600", "2009-12-31": "28.34100", "2008-12-31": "26.94300", "2007-12-31": "25.29600", "2006-12-31": "23.47400", "2005-12-31": "21.40500"}, "Shares Outstanding": {"2020-12-31": "114.50000", "2019-12-31": "114.11300", "2018-12-31": "113.83600", "2017-12-31": "113.68700", "2016-12-31": "78.80000", "2015-12-31": "75.17600", "2014-12-31": "74.98200", "2013-12-31": "53.11600", "2012-12-31": "42.93700", "2011-12-31": "39.08700", "2010-12-31": "31.97700", "2009-12-31": "28.41700", "2008-12-31": "27.08400", "2007-12-31": "25.50300", "2006-12-31": "23.69800", "2005-12-31": "21.60700"}, "Basic EPS": {"2020-12-31": "2.20000", "2019-12-31": "3.07000", "2018-12-31": "1.93000", "2017-12-31": "2.86000", "2016-12-31": "2.69000", "2015-12-31": "4.41000", "2014-12-31": "1.97000", "2013-12-31": "2.27000", "2012-12-31": "2.56000", "2011-12-31": "1.32000", "2010-12-31": "0.57000", "2009-12-31": "0.85000", "2008-12-31": "0.64000", "2007-12-31": "1.01000", "2006-12-31": "0.30000", "2005-12-31": "0.25000"}, "EPS - Earnings Per Share": {"2020-12-31": "2.19000", "2019-12-31": "3.07000", "2018-12-31": "1.93000", "2017-12-31": "2.86000", "2016-12-31": "2.69000", "2015-12-31": "4.41000", "2014-12-31": "1.97000", "2013-12-31": "2.25000", "2012-12-31": "2.56000", "2011-12-31": "1.31000", "2010-12-31": "0.56000", "2009-12-31": "0.85000", "2008-12-31": "0.64000", "2007-12-31": "1.01000", "2006-12-31": "0.29000", "2005-12-31": "0.25000"}}, "income statement, quarterly": {"Revenue": {"2020-12-31": "423.66100", "2020-09-30": "423.19900", "2020-06-30": "413.02600", "2020-03-31": "418.09800", "2019-12-31": "416.81700", "2019-09-30": "415.63200", "2019-06-30": "407.39000", "2019-03-31": "401.17800", "2018-12-31": "398.14790", "2018-09-30": "397.10800", "2018-06-30": "390.07300", "2018-03-31": "386.01700", "2017-12-31": "382.73800", "2017-09-30": "384.55000", "2017-06-30": "382.79100", "2017-03-31": "378.90800", "2016-12-31": "307.19800", "2016-09-30": "276.89800", "2016-06-30": "272.23600", "2016-03-31": "269.01600", "2015-12-31": "263.33810", "2015-09-30": "261.99800", "2015-06-30": "258.89100", "2015-03-31": "258.55200", "2014-12-31": "253.96590", "2014-09-30": "249.57400", "2014-06-30": "245.30500", "2014-03-31": "243.48700", "2013-12-31": "240.36300", "2013-09-30": "135.40600", "2013-06-30": "131.80100", "2013-03-31": "127.92000", "2012-12-31": "117.40400", "2012-09-30": "123.19000", "2012-06-30": "119.00800", "2012-03-31": "116.28600", "2011-12-31": "87.31500", "2011-09-30": "110.32100", "2011-06-30": "107.20100", "2011-03-31": "104.94500", "2010-12-31": "83.39800", "2010-09-30": "100.88100", "2010-06-30": "98.39500", "2010-03-31": "97.46400", "2009-12-31": "91.14000", "2009-09-30": "94.99900", "2009-06-30": "94.56200", "2009-03-31": "93.66400", "2008-12-31": "94.03400", "2008-09-30": "93.79200", "2008-06-30": "91.43600", "2008-03-31": "90.74900", "2007-12-31": "87.25100", "2007-09-30": "88.42300", "2007-06-30": "86.77900", "2007-03-31": "84.99100", "2006-12-31": "79.00100", "2006-09-30": "82.18300", "2006-06-30": "79.79500", "2006-03-31": "77.39100", "2005-12-31": "74.65400", "2005-09-30": "74.92200", "2005-06-30": "72.51700", "2005-03-31": "71.69300"}, "Cost Of Goods Sold": {"2020-12-31": "173.25000", "2020-09-30": "182.50500", "2020-06-30": "169.20100", "2020-03-31": "167.81500", "2019-12-31": "163.60300", "2019-09-30": "173.43800", "2019-06-30": "167.59600", "2019-03-31": "163.21900", "2018-12-31": "158.76800", "2018-09-30": "166.04300", "2018-06-30": "160.12600", "2018-03-31": "157.28400", "2017-12-31": "151.89100", "2017-09-30": "159.46000", "2017-06-30": "156.71400", "2017-03-31": "152.25400", "2016-12-31": "142.51200", "2016-09-30": "107.51400", "2016-06-30": "104.49400", "2016-03-31": "102.92900", "2015-12-31": "127.00100", "2015-09-30": "102.28900", "2015-06-30": "100.72400", "2015-03-31": "101.62100", "2014-12-31": "98.11700", "2014-09-30": "101.47600", "2014-06-30": "100.73500", "2014-03-31": "96.75500", "2013-12-31": "105.79500", "2013-09-30": "51.59500", "2013-06-30": "49.14000", "2013-03-31": "47.13700", "2012-12-31": "42.51400", "2012-09-30": "48.09600", "2012-06-30": "45.92400", "2012-03-31": "45.54300", "2011-12-31": "33.30400", "2011-09-30": "44.80500", "2011-06-30": "42.91100", "2011-03-31": "42.05300", "2010-12-31": "32.79000", "2010-09-30": "42.05000", "2010-06-30": "40.14600", "2010-03-31": "39.97400", "2009-12-31": "37.39400", "2009-09-30": "40.51500", "2009-06-30": "38.53200", "2009-03-31": "38.21300", "2008-12-31": "38.13400", "2008-09-30": "40.15700", "2008-06-30": "38.00900", "2008-03-31": "37.03200", "2007-12-31": "35.14800", "2007-09-30": "36.65300", "2007-06-30": "36.72100", "2007-03-31": "35.64000", "2006-12-31": "33.81500", "2006-09-30": "34.92200", "2006-06-30": "32.24000", "2006-03-31": "30.05800", "2005-12-31": "30.84300", "2005-09-30": "31.35600", "2005-06-30": "29.65100", "2005-03-31": "29.01700"}, "Gross Profit": {"2020-12-31": "250.41100", "2020-09-30": "240.69400", "2020-06-30": "243.82500", "2020-03-31": "250.28300", "2019-12-31": "253.21400", "2019-09-30": "242.19400", "2019-06-30": "239.79400", "2019-03-31": "237.95900", "2018-12-31": "239.37990", "2018-09-30": "231.06500", "2018-06-30": "229.94700", "2018-03-31": "228.73300", "2017-12-31": "230.84700", "2017-09-30": "225.09000", "2017-06-30": "226.07700", "2017-03-31": "226.65400", "2016-12-31": "164.68600", "2016-09-30": "169.38400", "2016-06-30": "167.74200", "2016-03-31": "166.08700", "2015-12-31": "136.33710", "2015-09-30": "159.70900", "2015-06-30": "158.16700", "2015-03-31": "156.93100", "2014-12-31": "155.84900", "2014-09-30": "148.09800", "2014-06-30": "144.57000", "2014-03-31": "146.73200", "2013-12-31": "134.56800", "2013-09-30": "83.81100", "2013-06-30": "82.66100", "2013-03-31": "80.78300", "2012-12-31": "74.89000", "2012-09-30": "75.09400", "2012-06-30": "73.08400", "2012-03-31": "70.74300", "2011-12-31": "54.01100", "2011-09-30": "65.51600", "2011-06-30": "64.29000", "2011-03-31": "62.89200", "2010-12-31": "50.60800", "2010-09-30": "58.83100", "2010-06-30": "58.24900", "2010-03-31": "57.49000", "2009-12-31": "53.74600", "2009-09-30": "54.48400", "2009-06-30": "56.03000", "2009-03-31": "55.45100", "2008-12-31": "55.90000", "2008-09-30": "53.63500", "2008-06-30": "53.42700", "2008-03-31": "53.71700", "2007-12-31": "52.10300", "2007-09-30": "51.77000", "2007-06-30": "50.05800", "2007-03-31": "49.35100", "2006-12-31": "45.18600", "2006-09-30": "47.26100", "2006-06-30": "47.55500", "2006-03-31": "47.33300", "2005-12-31": "43.81100", "2005-09-30": "43.56600", "2005-06-30": "42.86600", "2005-03-31": "42.67600"}, "Research And Development Expenses": {"2020-12-31": "", "2020-09-30": "", "2020-06-30": "", "2020-03-31": "", "2019-12-31": "", "2019-09-30": "", "2019-06-30": "", "2019-03-31": "", "2018-12-31": "", "2018-09-30": "", "2018-06-30": "", "2018-03-31": "", "2017-12-31": "", "2017-09-30": "", "2017-06-30": "", "2017-03-31": "", "2016-12-31": "", "2016-09-30": "", "2016-06-30": "", "2016-03-31": "", "2015-12-31": "", "2015-09-30": "", "2015-06-30": "", "2015-03-31": "", "2014-12-31": "", "2014-09-30": "", "2014-06-30": "", "2014-03-31": "", "2013-12-31": "", "2013-09-30": "", "2013-06-30": "", "2013-03-31": "", "2012-12-31": "", "2012-09-30": "", "2012-06-30": "", "2012-03-31": "", "2011-12-31": "", "2011-09-30": "", "2011-06-30": "", "2011-03-31": "", "2010-12-31": "", "2010-09-30": "", "2010-06-30": "", "2010-03-31": "", "2009-12-31": "", "2009-09-30": "", "2009-06-30": "", "2009-03-31": "", "2008-12-31": "", "2008-09-30": "", "2008-06-30": "", "2008-03-31": "", "2007-12-31": "", "2007-09-30": "", "2007-06-30": "", "2007-03-31": "", "2006-12-31": "", "2006-09-30": "", "2006-06-30": "", "2006-03-31": "", "2005-12-31": "", "2005-09-30": "", "2005-06-30": "", "2005-03-31": ""}, "SG&A Expenses": {"2020-12-31": "11.67700", "2020-09-30": "11.36000", "2020-06-30": "10.55700", "2020-03-31": "13.26400", "2019-12-31": "13.16100", "2019-09-30": "10.22500", "2019-06-30": "10.39800", "2019-03-31": "12.33700", "2018-12-31": "9.06300", "2018-09-30": "6.38000", "2018-06-30": "9.21100", "2018-03-31": "10.13200", "2017-12-31": "9.45900", "2017-09-30": "8.36100", "2017-06-30": "9.53400", "2017-03-31": "12.84000", "2016-12-31": "8.78300", "2016-09-30": "6.66100", "2016-06-30": "7.01400", "2016-03-31": "6.58200", "2015-12-31": "6.61300", "2015-09-30": "5.87900", "2015-06-30": "6.65700", "2015-03-31": "6.56700", "2014-12-31": "4.84400", "2014-09-30": "6.51100", "2014-06-30": "5.21200", "2014-03-31": "4.34200", "2013-12-31": "4.96500", "2013-09-30": "3.97600", "2013-06-30": "3.38900", "2013-03-31": "3.23900", "2012-12-31": "3.32600", "2012-09-30": "3.52700", "2012-06-30": "3.46200", "2012-03-31": "3.44700", "2011-12-31": "4.07800", "2011-09-30": "3.99600", "2011-06-30": "5.43900", "2011-03-31": "4.61000", "2010-12-31": "3.47600", "2010-09-30": "2.95700", "2010-06-30": "3.11000", "2010-03-31": "2.81100", "2009-12-31": "3.01400", "2009-09-30": "3.16300", "2009-06-30": "2.68600", "2009-03-31": "2.45700", "2008-12-31": "3.09000", "2008-09-30": "2.99600", "2008-06-30": "2.83100", "2008-03-31": "2.92000", "2007-12-31": "3.17900", "2007-09-30": "2.40100", "2007-06-30": "2.55600", "2007-03-31": "2.67200", "2006-12-31": "1.27900", "2006-09-30": "2.55500", "2006-06-30": "2.68200", "2006-03-31": "3.36100", "2005-12-31": "2.57700", "2005-09-30": "2.32900", "2005-06-30": "2.16300", "2005-03-31": "2.65600"}, "Other Operating Income Or Expenses": {"2020-12-31": "", "2020-09-30": "", "2020-06-30": "", "2020-03-31": "", "2019-12-31": "", "2019-09-30": "", "2019-06-30": "", "2019-03-31": "", "2018-12-31": "-0.60900", "2018-09-30": "-1.87800", "2018-06-30": "-2.82600", "2018-03-31": "-3.79900", "2017-12-31": "-5.49200", "2017-09-30": "-4.13000", "2017-06-30": "-4.20700", "2017-03-31": "-6.16100", "2016-12-31": "-13.98800", "2016-09-30": "-11.97400", "2016-06-30": "-7.19200", "2016-03-31": "-7.66900", "2015-12-31": "", "2015-09-30": "-7.59400", "2015-06-30": "-8.27700", "2015-03-31": "-7.85900", "2014-12-31": "-12.98800", "2014-09-30": "-6.99500", "2014-06-30": "-10.84000", "2014-03-31": "-11.47200", "2013-12-31": "-3.03500", "2013-09-30": "-9.10300", "2013-06-30": "-8.90400", "2013-03-31": "-8.50200", "2012-12-31": "-8.31900", "2012-09-30": "-9.99600", "2012-06-30": "-8.37000", "2012-03-31": "-8.24900", "2011-12-31": "-8.16400", "2011-09-30": "-8.67300", "2011-06-30": "-9.52500", "2011-03-31": "-7.42000", "2010-12-31": "-9.23600", "2010-09-30": "-7.37800", "2010-06-30": "-6.70700", "2010-03-31": "-5.85400", "2009-12-31": "-5.28300", "2009-09-30": "-5.62900", "2009-06-30": "-4.89300", "2009-03-31": "-4.32300", "2008-12-31": "-5.34700", "2008-09-30": "-5.03400", "2008-06-30": "-4.26800", "2008-03-31": "-4.12800", "2007-12-31": "-4.18100", "2007-09-30": "-4.10900", "2007-06-30": "-4.12800", "2007-03-31": "-3.71900", "2006-12-31": "-3.98300", "2006-09-30": "-3.62600", "2006-06-30": "-3.60100", "2006-03-31": "-3.38200", "2005-12-31": "-3.59000", "2005-09-30": "-3.75800", "2005-06-30": "-3.47000", "2005-03-31": "-3.41700"}, "Operating Expenses": {"2020-12-31": "314.51200", "2020-09-30": "321.54400", "2020-06-30": "306.94800", "2020-03-31": "307.46700", "2019-12-31": "302.18990", "2019-09-30": "308.34700", "2019-06-30": "301.93800", "2019-03-31": "298.34500", "2018-12-31": "289.98100", "2018-09-30": "298.85000", "2018-06-30": "295.08800", "2018-03-31": "291.95900", "2017-12-31": "286.26500", "2017-09-30": "289.87900", "2017-06-30": "296.81500", "2017-03-31": "301.25200", "2016-12-31": "260.41300", "2016-09-30": "203.10800", "2016-06-30": "194.44200", "2016-03-31": "192.30700", "2015-12-31": "183.79800", "2015-09-30": "188.86000", "2015-06-30": "190.05400", "2015-03-31": "189.15900", "2014-12-31": "187.89500", "2014-09-30": "185.20400", "2014-06-30": "186.41800", "2014-03-31": "202.58200", "2013-12-31": "203.59100", "2013-09-30": "97.44000", "2013-06-30": "93.65500", "2013-03-31": "91.07300", "2012-12-31": "84.42700", "2012-09-30": "92.59800", "2012-06-30": "88.00200", "2012-03-31": "86.95700", "2011-12-31": "69.00700", "2011-09-30": "85.52600", "2011-06-30": "85.15500", "2011-03-31": "81.29900", "2010-12-31": "67.66200", "2010-09-30": "78.71800", "2010-06-30": "74.77400", "2010-03-31": "73.71900", "2009-12-31": "69.45300", "2009-09-30": "73.22000", "2009-06-30": "69.92900", "2009-03-31": "68.57800", "2008-12-31": "70.19400", "2008-09-30": "70.74600", "2008-06-30": "67.17800", "2008-03-31": "65.99600", "2007-12-31": "63.37600", "2007-09-30": "64.68800", "2007-06-30": "64.51300", "2007-03-31": "63.31900", "2006-12-31": "59.11500", "2006-09-30": "60.58400", "2006-06-30": "57.90900", "2006-03-31": "55.44100", "2005-12-31": "55.61700", "2005-09-30": "56.46000", "2005-06-30": "53.52800", "2005-03-31": "53.13900"}, "Operating Income": {"2020-12-31": "109.14900", "2020-09-30": "101.65500", "2020-06-30": "106.07800", "2020-03-31": "110.63100", "2019-12-31": "114.62710", "2019-09-30": "107.28500", "2019-06-30": "105.45200", "2019-03-31": "102.83300", "2018-12-31": "108.16690", "2018-09-30": "98.25800", "2018-06-30": "94.98500", "2018-03-31": "94.05800", "2017-12-31": "96.47300", "2017-09-30": "94.67100", "2017-06-30": "85.97600", "2017-03-31": "77.65600", "2016-12-31": "46.78500", "2016-09-30": "73.79000", "2016-06-30": "77.79400", "2016-03-31": "76.70900", "2015-12-31": "79.54000", "2015-09-30": "73.13800", "2015-06-30": "68.83700", "2015-03-31": "69.39300", "2014-12-31": "66.07090", "2014-09-30": "64.37000", "2014-06-30": "58.88700", "2014-03-31": "40.90500", "2013-12-31": "36.77200", "2013-09-30": "37.96600", "2013-06-30": "38.14600", "2013-03-31": "36.84700", "2012-12-31": "32.97700", "2012-09-30": "30.59200", "2012-06-30": "31.00600", "2012-03-31": "29.32900", "2011-12-31": "18.30800", "2011-09-30": "24.79500", "2011-06-30": "22.04600", "2011-03-31": "23.64600", "2010-12-31": "15.73600", "2010-09-30": "22.16300", "2010-06-30": "23.62100", "2010-03-31": "23.74500", "2009-12-31": "21.68700", "2009-09-30": "21.77900", "2009-06-30": "24.63300", "2009-03-31": "25.08600", "2008-12-31": "23.84000", "2008-09-30": "23.04600", "2008-06-30": "24.25800", "2008-03-31": "24.75300", "2007-12-31": "23.87500", "2007-09-30": "23.73500", "2007-06-30": "22.26600", "2007-03-31": "21.67200", "2006-12-31": "19.88600", "2006-09-30": "21.59900", "2006-06-30": "21.88600", "2006-03-31": "21.95000", "2005-12-31": "19.03700", "2005-09-30": "18.46200", "2005-06-30": "18.98900", "2005-03-31": "18.55400"}, "Total Non-Operating Income/Expense": {"2020-12-31": "-22.40300", "2020-09-30": "-39.38200", "2020-06-30": "-27.46800", "2020-03-31": "-72.41900", "2019-12-31": "40.87100", "2019-09-30": "-24.71300", "2019-06-30": "-41.06400", "2019-03-31": "-36.63100", "2018-12-31": "-44.44100", "2018-09-30": "-43.34000", "2018-06-30": "-32.79000", "2018-03-31": "-43.09600", "2017-12-31": "31.89400", "2017-09-30": "24.59300", "2017-06-30": "-35.53200", "2017-03-31": "-33.94600", "2016-12-31": "-4.44100", "2016-09-30": "15.57000", "2016-06-30": "-29.60600", "2016-03-31": "-30.74100", "2015-12-31": "-33.92300", "2015-09-30": "24.20300", "2015-06-30": "75.45700", "2015-03-31": "-4.22500", "2014-12-31": "-28.33700", "2014-09-30": "3.77500", "2014-06-30": "-27.89200", "2014-03-31": "-30.79200", "2013-12-31": "-51.76700", "2013-09-30": "-21.50600", "2013-06-30": "-21.75600", "2013-03-31": "-16.45500", "2012-12-31": "-16.41600", "2012-09-30": "-15.45800", "2012-06-30": "-15.71100", "2012-03-31": "-14.08900", "2011-12-31": "-12.93000", "2011-09-30": "-16.07600", "2011-06-30": "-15.00700", "2011-03-31": "-14.76000", "2010-12-31": "-10.43700", "2010-09-30": "-15.29000", "2010-06-30": "-16.81600", "2010-03-31": "-13.89600", "2009-12-31": "-15.13100", "2009-09-30": "-15.22500", "2009-06-30": "-15.39600", "2009-03-31": "-15.09000", "2008-12-31": "-16.22900", "2008-09-30": "-16.91800", "2008-06-30": "-15.18800", "2008-03-31": "-16.68300", "2007-12-31": "-13.25800", "2007-09-30": "-17.76900", "2007-06-30": "-16.86500", "2007-03-31": "-10.61000", "2006-12-31": "-16.40000", "2006-09-30": "-16.16800", "2006-06-30": "-16.24400", "2006-03-31": "-17.01700", "2005-12-31": "-16.10500", "2005-09-30": "-14.90000", "2005-06-30": "-10.74900", "2005-03-31": "-13.97400"}, "Pre-Tax Income": {"2020-12-31": "86.74600", "2020-09-30": "62.27300", "2020-06-30": "78.61000", "2020-03-31": "38.21200", "2019-12-31": "155.49800", "2019-09-30": "82.57200", "2019-06-30": "64.38800", "2019-03-31": "66.20200", "2018-12-31": "63.72600", "2018-09-30": "54.91800", "2018-06-30": "62.19500", "2018-03-31": "50.96200", "2017-12-31": "128.36700", "2017-09-30": "119.26400", "2017-06-30": "50.44400", "2017-03-31": "43.71000", "2016-12-31": "42.34400", "2016-09-30": "89.36000", "2016-06-30": "48.18800", "2016-03-31": "45.96800", "2015-12-31": "45.61700", "2015-09-30": "97.34100", "2015-06-30": "144.29400", "2015-03-31": "65.16800", "2014-12-31": "37.73400", "2014-09-30": "68.14500", "2014-06-30": "30.99500", "2014-03-31": "10.11300", "2013-12-31": "-14.99500", "2013-09-30": "16.46000", "2013-06-30": "16.39000", "2013-03-31": "20.39200", "2012-12-31": "16.56100", "2012-09-30": "15.13400", "2012-06-30": "15.29500", "2012-03-31": "15.24000", "2011-12-31": "5.37800", "2011-09-30": "8.71900", "2011-06-30": "7.03900", "2011-03-31": "8.88600", "2010-12-31": "5.29900", "2010-09-30": "6.87300", "2010-06-30": "6.80500", "2010-03-31": "9.84900", "2009-12-31": "6.55600", "2009-09-30": "6.55400", "2009-06-30": "9.23700", "2009-03-31": "9.99600", "2008-12-31": "7.61100", "2008-09-30": "6.12800", "2008-06-30": "9.07000", "2008-03-31": "8.07000", "2007-12-31": "10.61700", "2007-09-30": "5.96600", "2007-06-30": "5.40100", "2007-03-31": "11.06200", "2006-12-31": "3.48600", "2006-09-30": "5.43100", "2006-06-30": "5.64200", "2006-03-31": "4.93300", "2005-12-31": "2.93200", "2005-09-30": "3.56200", "2005-06-30": "8.24000", "2005-03-31": "4.58000"}, "Income Taxes": {"2020-12-31": "0.79500", "2020-09-30": "0.66500", "2020-06-30": "1.20000", "2020-03-31": "0.66700", "2019-12-31": "0.88200", "2019-09-30": "1.49100", "2019-06-30": "0.68200", "2019-03-31": "0.64100", "2018-12-31": "0.78500", "2018-09-30": "0.61600", "2018-06-30": "0.57000", "2018-03-31": "0.64000", "2017-12-31": "0.70900", "2017-09-30": "0.64100", "2017-06-30": "0.61800", "2017-03-31": "0.65100", "2016-12-31": "0.50000", "2016-09-30": "0.45400", "2016-06-30": "0.45700", "2016-03-31": "0.28800", "2015-12-31": "0.25300", "2015-09-30": "0.51200", "2015-06-30": "0.39800", "2015-03-31": "0.51000", "2014-12-31": "0.81500", "2014-09-30": "0.44200", "2014-06-30": "0.52300", "2014-03-31": "0.27000", "2013-12-31": "0.22400", "2013-09-30": "0.22300", "2013-06-30": "0.22300", "2013-03-31": "0.22300", "2012-12-31": "", "2012-09-30": "", "2012-06-30": "", "2012-03-31": "", "2011-12-31": "", "2011-09-30": "", "2011-06-30": "", "2011-03-31": "", "2010-12-31": "", "2010-09-30": "", "2010-06-30": "", "2010-03-31": "", "2009-12-31": "", "2009-09-30": "", "2009-06-30": "", "2009-03-31": "", "2008-12-31": "", "2008-09-30": "", "2008-06-30": "", "2008-03-31": "", "2007-12-31": "", "2007-09-30": "", "2007-06-30": "", "2007-03-31": "", "2006-12-31": "", "2006-09-30": "", "2006-06-30": "", "2006-03-31": "", "2005-12-31": "", "2005-09-30": "", "2005-06-30": "", "2005-03-31": ""}, "Income After Taxes": {"2020-12-31": "85.95100", "2020-09-30": "61.60800", "2020-06-30": "77.41000", "2020-03-31": "37.54500", "2019-12-31": "154.61600", "2019-09-30": "81.08100", "2019-06-30": "63.70600", "2019-03-31": "65.56100", "2018-12-31": "62.94100", "2018-09-30": "54.30200", "2018-06-30": "61.62500", "2018-03-31": "50.32200", "2017-12-31": "127.65800", "2017-09-30": "118.62300", "2017-06-30": "49.82600", "2017-03-31": "43.05900", "2016-12-31": "41.84400", "2016-09-30": "88.90600", "2016-06-30": "47.73100", "2016-03-31": "45.68000", "2015-12-31": "45.36400", "2015-09-30": "96.82900", "2015-06-30": "143.89600", "2015-03-31": "64.65800", "2014-12-31": "36.91900", "2014-09-30": "67.70300", "2014-06-30": "30.47200", "2014-03-31": "9.84300", "2013-12-31": "-15.21900", "2013-09-30": "16.23700", "2013-06-30": "16.16700", "2013-03-31": "20.16900", "2012-12-31": "15.75800", "2012-09-30": "15.13400", "2012-06-30": "15.29500", "2012-03-31": "15.24000", "2011-12-31": "4.65100", "2011-09-30": "8.71900", "2011-06-30": "7.03900", "2011-03-31": "8.88600", "2010-12-31": "5.29900", "2010-09-30": "6.87300", "2010-06-30": "6.80500", "2010-03-31": "9.84900", "2009-12-31": "6.55600", "2009-09-30": "6.55400", "2009-06-30": "9.23700", "2009-03-31": "9.99600", "2008-12-31": "7.61100", "2008-09-30": "6.12800", "2008-06-30": "9.07000", "2008-03-31": "8.07000", "2007-12-31": "10.61700", "2007-09-30": "5.96600", "2007-06-30": "5.40100", "2007-03-31": "11.06200", "2006-12-31": "3.48600", "2006-09-30": "5.43100", "2006-06-30": "5.64200", "2006-03-31": "4.93300", "2005-12-31": "2.93200", "2005-09-30": "3.56200", "2005-06-30": "8.24000", "2005-03-31": "4.58000"}, "Other Income": {"2020-12-31": "", "2020-09-30": "", "2020-06-30": "", "2020-03-31": "", "2019-12-31": "", "2019-09-30": "", "2019-06-30": "", "2019-03-31": "", "2018-12-31": "", "2018-09-30": "", "2018-06-30": "", "2018-03-31": "", "2017-12-31": "", "2017-09-30": "", "2017-06-30": "", "2017-03-31": "", "2016-12-31": "", "2016-09-30": "", "2016-06-30": "", "2016-03-31": "", "2015-12-31": "", "2015-09-30": "", "2015-06-30": "", "2015-03-31": "", "2014-12-31": "", "2014-09-30": "", "2014-06-30": "", "2014-03-31": "", "2013-12-31": "", "2013-09-30": "", "2013-06-30": "", "2013-03-31": "", "2012-12-31": "", "2012-09-30": "", "2012-06-30": "", "2012-03-31": "", "2011-12-31": "", "2011-09-30": "", "2011-06-30": "", "2011-03-31": "", "2010-12-31": "", "2010-09-30": "", "2010-06-30": "", "2010-03-31": "", "2009-12-31": "", "2009-09-30": "", "2009-06-30": "", "2009-03-31": "", "2008-12-31": "", "2008-09-30": "", "2008-06-30": "", "2008-03-31": "", "2007-12-31": "", "2007-09-30": "", "2007-06-30": "", "2007-03-31": "", "2006-12-31": "", "2006-09-30": "", "2006-06-30": "", "2006-03-31": "", "2005-12-31": "", "2005-09-30": "", "2005-06-30": "", "2005-03-31": ""}, "Income From Continuous Operations": {"2020-12-31": "86.29900", "2020-09-30": "62.03600", "2020-06-30": "77.72800", "2020-03-31": "37.95200", "2019-12-31": "155.06000", "2019-09-30": "81.45900", "2019-06-30": "64.14100", "2019-03-31": "65.95800", "2018-12-31": "63.51700", "2018-09-30": "54.70400", "2018-06-30": "61.98100", "2018-03-31": "50.82000", "2017-12-31": "128.00700", "2017-09-30": "118.95800", "2017-06-30": "50.15500", "2017-03-31": "43.41600", "2016-12-31": "42.05800", "2016-09-30": "88.90600", "2016-06-30": "47.63000", "2016-03-31": "45.80800", "2015-12-31": "45.36700", "2015-09-30": "96.82800", "2015-06-30": "143.87300", "2015-03-31": "64.67700", "2014-12-31": "36.90900", "2014-09-30": "70.82700", "2014-06-30": "33.39100", "2014-03-31": "9.81900", "2013-12-31": "-15.04200", "2013-09-30": "16.29700", "2013-06-30": "16.21400", "2013-03-31": "20.22300", "2012-12-31": "15.63300", "2012-09-30": "15.13400", "2012-06-30": "15.22800", "2012-03-31": "15.20900", "2011-12-31": "4.30300", "2011-09-30": "8.71900", "2011-06-30": "7.03900", "2011-03-31": "8.64100", "2010-12-31": "5.29900", "2010-09-30": "6.87300", "2010-06-30": "6.80500", "2010-03-31": "9.84900", "2009-12-31": "6.56000", "2009-09-30": "6.55400", "2009-06-30": "9.23700", "2009-03-31": "9.99200", "2008-12-31": "7.61100", "2008-09-30": "6.12800", "2008-06-30": "9.07000", "2008-03-31": "8.07000", "2007-12-31": "10.61700", "2007-09-30": "5.96600", "2007-06-30": "5.40100", "2007-03-31": "11.06200", "2006-12-31": "3.48600", "2006-09-30": "5.43100", "2006-06-30": "5.64200", "2006-03-31": "4.93300", "2005-12-31": "2.93200", "2005-09-30": "3.56200", "2005-06-30": "8.24000", "2005-03-31": "4.58000"}, "Income From Discontinued Operations": {"2020-12-31": "", "2020-09-30": "", "2020-06-30": "", "2020-03-31": "", "2019-12-31": "", "2019-09-30": "", "2019-06-30": "", "2019-03-31": "", "2018-12-31": "", "2018-09-30": "", "2018-06-30": "", "2018-03-31": "", "2017-12-31": "", "2017-09-30": "", "2017-06-30": "", "2017-03-31": "", "2016-12-31": "", "2016-09-30": "", "2016-06-30": "", "2016-03-31": "", "2015-12-31": "", "2015-09-30": "", "2015-06-30": "", "2015-03-31": "", "2014-12-31": "-0.45100", "2014-09-30": "-0.10800", "2014-06-30": "-0.00500", "2014-03-31": "5.89500", "2013-12-31": "5.23200", "2013-09-30": "29.75900", "2013-06-30": "44.81400", "2013-03-31": "1.78200", "2012-12-31": "7.57400", "2012-09-30": "16.94400", "2012-06-30": "14.24400", "2012-03-31": "9.85900", "2011-12-31": "15.64200", "2011-09-30": "5.73200", "2011-06-30": "0.64100", "2011-03-31": "0.51400", "2010-12-31": "1.86800", "2010-09-30": "0.10000", "2010-06-30": "0.08300", "2010-03-31": "", "2009-12-31": "3.22000", "2009-09-30": "0.32400", "2009-06-30": "1.48100", "2009-03-31": "1.85300", "2008-12-31": "0.57800", "2008-09-30": "0.38600", "2008-06-30": "0.08700", "2008-03-31": "0.14100", "2007-12-31": "0.49700", "2007-09-30": "5.93400", "2007-06-30": "3.71700", "2007-03-31": "0.26200", "2006-12-31": "0.81100", "2006-09-30": "0.19900", "2006-06-30": "0.25000", "2006-03-31": "0.19300", "2005-12-31": "0.67800", "2005-09-30": "0.05300", "2005-06-30": "-0.04700", "2005-03-31": "-0.25400"}, "Net Income": {"2020-12-31": "82.42000", "2020-09-30": "58.98800", "2020-06-30": "74.14000", "2020-03-31": "35.72600", "2019-12-31": "148.66700", "2019-09-30": "77.72300", "2019-06-30": "60.99500", "2019-03-31": "62.73800", "2018-12-31": "60.36000", "2018-09-30": "51.86900", "2018-06-30": "58.88500", "2018-03-31": "48.09700", "2017-12-31": "122.52800", "2017-09-30": "113.78700", "2017-06-30": "47.39300", "2017-03-31": "40.98300", "2016-12-31": "39.07900", "2016-09-30": "84.27900", "2016-06-30": "45.14400", "2016-03-31": "43.41300", "2015-12-31": "42.98700", "2015-09-30": "91.73400", "2015-06-30": "136.29900", "2015-03-31": "61.26700", "2014-12-31": "34.52500", "2014-09-30": "66.97600", "2014-06-30": "31.61300", "2014-03-31": "14.86600", "2013-12-31": "-9.27200", "2013-09-30": "44.28400", "2013-06-30": "59.08900", "2013-03-31": "21.18000", "2012-12-31": "22.30700", "2012-09-30": "30.86600", "2012-06-30": "28.16000", "2012-03-31": "23.89000", "2011-12-31": "18.75800", "2011-09-30": "13.79100", "2011-06-30": "7.42800", "2011-03-31": "8.84400", "2010-12-31": "6.94000", "2010-09-30": "3.54400", "2010-06-30": "1.38300", "2010-03-31": "6.19600", "2009-12-31": "6.09000", "2009-09-30": "3.40200", "2009-06-30": "6.93100", "2009-03-31": "7.92300", "2008-12-31": "4.51700", "2008-09-30": "2.97700", "2008-06-30": "5.42700", "2008-03-31": "4.46300", "2007-12-31": "3.79900", "2007-09-30": "8.40900", "2007-06-30": "5.62800", "2007-03-31": "7.83300", "2006-12-31": "0.80700", "2006-09-30": "2.13900", "2006-06-30": "2.40100", "2006-03-31": "1.63600", "2005-12-31": "0.11900", "2005-09-30": "0.12500", "2005-06-30": "4.55800", "2005-03-31": "0.61300"}, "EBITDA": {"2020-12-31": "", "2020-09-30": "230.79300", "2020-06-30": "234.65900", "2020-03-31": "238.44500", "2019-12-31": "241.27910", "2019-09-30": "233.46690", "2019-06-30": "231.35700", "2019-03-31": "227.66200", "2018-12-31": "229.26690", "2018-09-30": "221.61100", "2018-06-30": "216.74500", "2018-03-31": "213.85000", "2017-12-31": "214.29100", "2017-09-30": "210.73400", "2017-06-30": "209.89000", "2017-03-31": "204.59100", "2016-12-31": "139.72100", "2016-09-30": "148.29900", "2016-06-30": "151.32000", "2016-03-31": "149.20100", "2015-12-31": "150.73600", "2015-09-30": "142.07600", "2015-06-30": "139.24800", "2015-03-31": "138.23000", "2014-12-31": "133.34190", "2014-09-30": "130.11000", "2014-06-30": "122.27100", "2014-03-31": "124.97200", "2013-12-31": "119.36500", "2013-09-30": "71.44500", "2013-06-30": "71.86500", "2013-03-31": "70.85900", "2012-12-31": "67.25500", "2012-09-30": "63.71700", "2012-06-30": "63.57200", "2012-03-31": "60.78800", "2011-12-31": "50.07200", "2011-09-30": "54.86200", "2011-06-30": "50.81800", "2011-03-31": "52.01200", "2010-12-31": "43.93100", "2010-09-30": "49.21400", "2010-06-30": "49.12200", "2010-03-31": "49.33000", "2009-12-31": "46.89300", "2009-09-30": "46.18900", "2009-06-30": "48.94900", "2009-03-31": "49.18700", "2008-12-31": "48.85800", "2008-09-30": "45.58600", "2008-06-30": "46.02800", "2008-03-31": "47.19600", "2007-12-31": "47.25200", "2007-09-30": "44.52100", "2007-06-30": "43.43900", "2007-03-31": "43.01200", "2006-12-31": "41.94600", "2006-09-30": "41.12200", "2006-06-30": "41.31100", "2006-03-31": "40.61000", "2005-12-31": "37.93700", "2005-09-30": "37.47600", "2005-06-30": "37.09900", "2005-03-31": "36.59600"}, "EBIT": {"2020-12-31": "109.14900", "2020-09-30": "101.65500", "2020-06-30": "106.07800", "2020-03-31": "110.63100", "2019-12-31": "114.62700", "2019-09-30": "107.28500", "2019-06-30": "105.45200", "2019-03-31": "102.83300", "2018-12-31": "108.16690", "2018-09-30": "98.25800", "2018-06-30": "94.98500", "2018-03-31": "94.05800", "2017-12-31": "96.47300", "2017-09-30": "94.67100", "2017-06-30": "85.97600", "2017-03-31": "77.65600", "2016-12-31": "46.78510", "2016-09-30": "73.79000", "2016-06-30": "77.79400", "2016-03-31": "76.70900", "2015-12-31": "79.54000", "2015-09-30": "73.13800", "2015-06-30": "68.83700", "2015-03-31": "69.39300", "2014-12-31": "66.07100", "2014-09-30": "64.37000", "2014-06-30": "58.88700", "2014-03-31": "40.90500", "2013-12-31": "36.77200", "2013-09-30": "37.96600", "2013-06-30": "38.14600", "2013-03-31": "36.84700", "2012-12-31": "32.97700", "2012-09-30": "30.59200", "2012-06-30": "31.00600", "2012-03-31": "29.32900", "2011-12-31": "18.30800", "2011-09-30": "24.79500", "2011-06-30": "22.04600", "2011-03-31": "23.64600", "2010-12-31": "15.73600", "2010-09-30": "22.16300", "2010-06-30": "23.62100", "2010-03-31": "23.74500", "2009-12-31": "21.68700", "2009-09-30": "21.77900", "2009-06-30": "24.63300", "2009-03-31": "25.08600", "2008-12-31": "23.84000", "2008-09-30": "23.04600", "2008-06-30": "24.25800", "2008-03-31": "24.75300", "2007-12-31": "23.87500", "2007-09-30": "23.73500", "2007-06-30": "22.26600", "2007-03-31": "21.67200", "2006-12-31": "19.88600", "2006-09-30": "21.59900", "2006-06-30": "21.88600", "2006-03-31": "21.95000", "2005-12-31": "19.03700", "2005-09-30": "18.46200", "2005-06-30": "18.98900", "2005-03-31": "18.55400"}, "Basic Shares Outstanding": {"2020-12-31": "114.22000", "2020-09-30": "114.21600", "2020-06-30": "114.20400", "2020-03-31": "114.11100", "2019-12-31": "113.85400", "2019-09-30": "113.87700", "2019-06-30": "113.83800", "2019-03-31": "113.72600", "2018-12-31": "113.63800", "2018-09-30": "113.67100", "2018-06-30": "113.64600", "2018-03-31": "113.50700", "2017-12-31": "113.40700", "2017-09-30": "113.43400", "2017-06-30": "113.40300", "2017-03-31": "113.33800", "2016-12-31": "78.50200", "2016-09-30": "75.30200", "2016-06-30": "75.27700", "2016-03-31": "75.24900", "2015-12-31": "75.17600", "2015-09-30": "75.18900", "2015-06-30": "75.16800", "2015-03-31": "75.14500", "2014-12-31": "74.98200", "2014-09-30": "75.05800", "2014-06-30": "74.94800", "2014-03-31": "74.80300", "2013-12-31": "50.67700", "2013-09-30": "42.70200", "2013-06-30": "42.69000", "2013-03-31": "42.35400", "2012-12-31": "41.03900", "2012-09-30": "41.40500", "2012-06-30": "40.98300", "2012-03-31": "39.50500", "2011-12-31": "36.99500", "2011-09-30": "37.27400", "2011-06-30": "36.83600", "2011-03-31": "35.70600", "2010-12-31": "31.85600", "2010-09-30": "33.31200", "2010-06-30": "30.62800", "2010-03-31": "29.13000", "2009-12-31": "28.34100", "2009-09-30": "28.36400", "2009-06-30": "28.10500", "2009-03-31": "28.08500", "2008-12-31": "26.94300", "2008-09-30": "27.47400", "2008-06-30": "26.59900", "2008-03-31": "25.62800", "2007-12-31": "25.29600", "2007-09-30": "25.36200", "2007-06-30": "25.28800", "2007-03-31": "25.08700", "2006-12-31": "23.47400", "2006-09-30": "23.99000", "2006-06-30": "23.15200", "2006-03-31": "22.13400", "2005-12-31": "21.40500", "2005-09-30": "21.54800", "2005-06-30": "21.35100", "2005-03-31": "20.92800"}, "Shares Outstanding": {"2020-12-31": "114.53500", "2020-09-30": "114.46800", "2020-06-30": "114.43800", "2020-03-31": "114.49400", "2019-12-31": "114.11300", "2019-09-30": "114.13700", "2019-06-30": "114.08700", "2019-03-31": "113.93300", "2018-12-31": "113.83600", "2018-09-30": "113.91000", "2018-06-30": "113.85300", "2018-03-31": "113.50700", "2017-12-31": "113.68700", "2017-09-30": "113.65300", "2017-06-30": "113.61400", "2017-03-31": "117.86400", "2016-12-31": "78.80000", "2016-09-30": "75.30200", "2016-06-30": "75.27700", "2016-03-31": "75.48900", "2015-12-31": "75.17600", "2015-09-30": "75.18900", "2015-06-30": "75.16800", "2015-03-31": "75.14500", "2014-12-31": "74.98200", "2014-09-30": "75.05800", "2014-06-30": "74.94800", "2014-03-31": "74.80300", "2013-12-31": "53.11600", "2013-09-30": "42.70200", "2013-06-30": "42.69000", "2013-03-31": "44.14900", "2012-12-31": "42.93700", "2012-09-30": "43.22100", "2012-06-30": "41.02800", "2012-03-31": "41.54300", "2011-12-31": "39.08700", "2011-09-30": "39.30000", "2011-06-30": "38.92300", "2011-03-31": "37.90400", "2010-12-31": "31.97700", "2010-09-30": "33.41300", "2010-06-30": "30.73600", "2010-03-31": "29.20400", "2009-12-31": "28.41700", "2009-09-30": "28.44100", "2009-06-30": "28.18400", "2009-03-31": "28.16500", "2008-12-31": "27.08400", "2008-09-30": "27.59700", "2008-06-30": "26.76100", "2008-03-31": "25.79700", "2007-12-31": "25.50300", "2007-09-30": "25.51400", "2007-06-30": "25.46400", "2007-03-31": "25.28900", "2006-12-31": "23.69800", "2006-09-30": "24.21500", "2006-06-30": "23.37400", "2006-03-31": "22.36600", "2005-12-31": "21.60700", "2005-09-30": "21.84400", "2005-06-30": "21.62500", "2005-03-31": "21.21200"}, "Basic EPS": {"2020-12-31": "0.72000", "2020-09-30": "0.52000", "2020-06-30": "0.65000", "2020-03-31": "0.31000", "2019-12-31": "1.31000", "2019-09-30": "0.68000", "2019-06-30": "0.53000", "2019-03-31": "0.55000", "2018-12-31": "0.53000", "2018-09-30": "0.46000", "2018-06-30": "0.52000", "2018-03-31": "0.42000", "2017-12-31": "1.08000", "2017-09-30": "1.00000", "2017-06-30": "0.42000", "2017-03-31": "0.36000", "2016-12-31": "0.39000", "2016-09-30": "1.12000", "2016-06-30": "0.60000", "2016-03-31": "0.58000", "2015-12-31": "0.57000", "2015-09-30": "1.22000", "2015-06-30": "1.81000", "2015-03-31": "0.81000", "2014-12-31": "0.46000", "2014-09-30": "0.89000", "2014-06-30": "0.42000", "2014-03-31": "0.20000", "2013-12-31": "-0.65000", "2013-09-30": "1.04000", "2013-06-30": "1.38000", "2013-03-31": "0.50000", "2012-12-31": "0.53000", "2012-09-30": "0.74000", "2012-06-30": "0.69000", "2012-03-31": "0.60000", "2011-12-31": "0.50000", "2011-09-30": "0.37000", "2011-06-30": "0.20000", "2011-03-31": "0.25000", "2010-12-31": "0.21000", "2010-09-30": "0.11000", "2010-06-30": "0.04000", "2010-03-31": "0.21000", "2009-12-31": "0.20000", "2009-09-30": "0.12000", "2009-06-30": "0.25000", "2009-03-31": "0.28000", "2008-12-31": "0.16000", "2008-09-30": "0.11000", "2008-06-30": "0.20000", "2008-03-31": "0.17000", "2007-12-31": "0.15000", "2007-09-30": "0.33000", "2007-06-30": "0.22000", "2007-03-31": "0.31000", "2006-12-31": "0.04000", "2006-09-30": "0.09000", "2006-06-30": "0.10000", "2006-03-31": "0.07000", "2005-12-31": "0.00000", "2005-09-30": "0.01000", "2005-06-30": "0.21000", "2005-03-31": "0.03000"}, "EPS - Earnings Per Share": {"2020-12-31": "0.72000", "2020-09-30": "0.52000", "2020-06-30": "0.65000", "2020-03-31": "0.31000", "2019-12-31": "1.31000", "2019-09-30": "0.68000", "2019-06-30": "0.53000", "2019-03-31": "0.55000", "2018-12-31": "0.53000", "2018-09-30": "0.46000", "2018-06-30": "0.52000", "2018-03-31": "0.42000", "2017-12-31": "1.08000", "2017-09-30": "1.00000", "2017-06-30": "0.42000", "2017-03-31": "0.36000", "2016-12-31": "0.39000", "2016-09-30": "1.12000", "2016-06-30": "0.60000", "2016-03-31": "0.58000", "2015-12-31": "0.57000", "2015-09-30": "1.22000", "2015-06-30": "1.81000", "2015-03-31": "0.81000", "2014-12-31": "0.46000", "2014-09-30": "0.89000", "2014-06-30": "0.42000", "2014-03-31": "0.20000", "2013-12-31": "-0.66000", "2013-09-30": "1.04000", "2013-06-30": "1.37000", "2013-03-31": "0.50000", "2012-12-31": "0.53000", "2012-09-30": "0.74000", "2012-06-30": "0.69000", "2012-03-31": "0.60000", "2011-12-31": "0.50000", "2011-09-30": "0.37000", "2011-06-30": "0.20000", "2011-03-31": "0.24000", "2010-12-31": "0.20000", "2010-09-30": "0.11000", "2010-06-30": "0.04000", "2010-03-31": "0.21000", "2009-12-31": "0.20000", "2009-09-30": "0.12000", "2009-06-30": "0.25000", "2009-03-31": "0.28000", "2008-12-31": "0.16000", "2008-09-30": "0.11000", "2008-06-30": "0.20000", "2008-03-31": "0.17000", "2007-12-31": "0.15000", "2007-09-30": "0.33000", "2007-06-30": "0.22000", "2007-03-31": "0.31000", "2006-12-31": "0.03000", "2006-09-30": "0.09000", "2006-06-30": "0.10000", "2006-03-31": "0.07000", "2005-12-31": "0.00000", "2005-09-30": "0.01000", "2005-06-30": "0.21000", "2005-03-31": "0.03000"}}, "balance sheet": {"Cash On Hand": {"2020-12-31": "35.61500", "2019-12-31": "70.54100", "2018-12-31": "51.67300", "2017-12-31": "88.86700", "2016-12-31": "121.80000", "2015-12-31": "63.64100", "2014-12-31": "54.83400", "2013-12-31": "133.69400", "2012-12-31": "9.88300", "2011-12-31": "58.67900", "2010-12-31": "47.45600", "2009-12-31": "14.38000", "2008-12-31": "9.84000", "2007-12-31": "20.91600", "2006-12-31": "9.69000", "2005-12-31": "19.59800"}, "Receivables": {"2020-12-31": "", "2019-12-31": "", "2018-12-31": "", "2017-12-31": "", "2016-12-31": "", "2015-12-31": "", "2014-12-31": "", "2013-12-31": "", "2012-12-31": "", "2011-12-31": "", "2010-12-31": "", "2009-12-31": "", "2008-12-31": "", "2007-12-31": "", "2006-12-31": "", "2005-12-31": ""}, "Inventory": {"2020-12-31": "", "2019-12-31": "", "2018-12-31": "", "2017-12-31": "", "2016-12-31": "", "2015-12-31": "", "2014-12-31": "", "2013-12-31": "", "2012-12-31": "", "2011-12-31": "", "2010-12-31": "", "2009-12-31": "", "2008-12-31": "", "2007-12-31": "", "2006-12-31": "", "2005-12-31": ""}, "Pre-Paid Expenses": {"2020-12-31": "", "2019-12-31": "", "2018-12-31": "", "2017-12-31": "", "2016-12-31": "", "2015-12-31": "", "2014-12-31": "", "2013-12-31": "", "2012-12-31": "", "2011-12-31": "", "2010-12-31": "", "2009-12-31": "", "2008-12-31": "", "2007-12-31": "", "2006-12-31": "", "2005-12-31": ""}, "Other Current Assets": {"2020-12-31": "", "2019-12-31": "", "2018-12-31": "", "2017-12-31": "", "2016-12-31": "", "2015-12-31": "", "2014-12-31": "", "2013-12-31": "", "2012-12-31": "", "2011-12-31": "", "2010-12-31": "", "2009-12-31": "", "2008-12-31": "", "2007-12-31": "", "2006-12-31": "", "2005-12-31": ""}, "Total Current Assets": {"2020-12-31": "35.61500", "2019-12-31": "70.54100", "2018-12-31": "51.67300", "2017-12-31": "88.86700", "2016-12-31": "121.80000", "2015-12-31": "63.64100", "2014-12-31": "54.83400", "2013-12-31": "133.69400", "2012-12-31": "9.88300", "2011-12-31": "58.67900", "2010-12-31": "47.45600", "2009-12-31": "14.38000", "2008-12-31": "9.84000", "2007-12-31": "20.91600", "2006-12-31": "9.69000", "2005-12-31": "19.59800"}, "Property, Plant, And Equipment": {"2020-12-31": "10967.12000", "2019-12-31": "10987.13000", "2018-12-31": "11151.70000", "2017-12-31": "11261.92000", "2016-12-31": "11341.86000", "2015-12-31": "6718.36600", "2014-12-31": "6697.50800", "2013-12-31": "6556.30300", "2012-12-31": "2689.23400", "2011-12-31": "2406.80200", "2010-12-31": "2067.35800", "2009-12-31": "1926.60200", "2008-12-31": "1844.50700", "2007-12-31": "1720.38500", "2006-12-31": "1665.82100", "2005-12-31": "1506.10700"}, "Long-Term Investments": {"2020-12-31": "", "2019-12-31": "", "2018-12-31": "", "2017-12-31": "", "2016-12-31": "", "2015-12-31": "", "2014-12-31": "", "2013-12-31": "", "2012-12-31": "", "2011-12-31": "", "2010-12-31": "", "2009-12-31": "", "2008-12-31": "", "2007-12-31": "", "2006-12-31": "", "2005-12-31": ""}, "Goodwill And Intangible Assets": {"2020-12-31": "", "2019-12-31": "", "2018-12-31": "", "2017-12-31": "", "2016-12-31": "", "2015-12-31": "1.60700", "2014-12-31": "2.32100", "2013-12-31": "4.10600", "2012-12-31": "4.10600", "2011-12-31": "4.10600", "2010-12-31": "4.10600", "2009-12-31": "4.10600", "2008-12-31": "4.10600", "2007-12-31": "4.10600", "2006-12-31": "4.47200", "2005-12-31": "5.05100"}, "Other Long-Term Assets": {"2020-12-31": "192.06100", "2019-12-31": "172.78100", "2018-12-31": "120.40700", "2017-12-31": "141.12800", "2016-12-31": "140.82900", "2015-12-31": "58.93500", "2014-12-31": "61.11900", "2013-12-31": "130.39800", "2012-12-31": "34.00300", "2011-12-31": "46.20100", "2010-12-31": "43.41500", "2009-12-31": "28.36900", "2008-12-31": "47.82100", "2007-12-31": "23.19600", "2006-12-31": "50.63000", "2005-12-31": "34.03100"}, "Total Long-Term Assets": {"2020-12-31": "11159.18000", "2019-12-31": "11159.91000", "2018-12-31": "11272.11000", "2017-12-31": "11403.05000", "2016-12-31": "11482.69000", "2015-12-31": "6784.14000", "2014-12-31": "6766.94400", "2013-12-31": "6708.23100", "2012-12-31": "2741.18500", "2011-12-31": "2471.78900", "2010-12-31": "2128.59200", "2009-12-31": "1972.44600", "2008-12-31": "1912.11500", "2007-12-31": "1762.90600", "2006-12-31": "1736.95600", "2005-12-31": "1560.52700"}, "Total Assets": {"2020-12-31": "11194.79000", "2019-12-31": "11230.45000", "2018-12-31": "11323.78000", "2017-12-31": "11491.92000", "2016-12-31": "11604.49000", "2015-12-31": "6847.78100", "2014-12-31": "6821.77800", "2013-12-31": "6841.92500", "2012-12-31": "2751.06800", "2011-12-31": "2530.46800", "2010-12-31": "2176.04800", "2009-12-31": "1986.82600", "2008-12-31": "1921.95500", "2007-12-31": "1783.82200", "2006-12-31": "1746.64600", "2005-12-31": "1580.12500"}, "Total Current Liabilities": {"2020-12-31": "528.27400", "2019-12-31": "472.26200", "2018-12-31": "413.85000", "2017-12-31": "405.56000", "2016-12-31": "452.60500", "2015-12-31": "232.15900", "2014-12-31": "227.43900", "2013-12-31": "221.33500", "2012-12-31": "99.30500", "2011-12-31": "93.80900", "2010-12-31": "75.81400", "2009-12-31": "71.23000", "2008-12-31": "68.21600", "2007-12-31": "62.31200", "2006-12-31": "60.69200", "2005-12-31": "41.32600"}, "Long Term Debt": {"2020-12-31": "4562.71200", "2019-12-31": "4454.59800", "2018-12-31": "4528.32800", "2017-12-31": "4502.05700", "2016-12-31": "4499.71200", "2015-12-31": "3427.56800", "2014-12-31": "3512.69900", "2013-12-31": "3472.71800", "2012-12-31": "1673.84800", "2011-12-31": "1649.75500", "2010-12-31": "1500.19300", "2009-12-31": "1399.59600", "2008-12-31": "1323.05600", "2007-12-31": "1264.62000", "2006-12-31": "1196.34900", "2005-12-31": "1140.04600"}, "Other Non-Current Liabilities": {"2020-12-31": "15.39700", "2019-12-31": "14.13100", "2018-12-31": "9.41400", "2017-12-31": "10.40800", "2016-12-31": "10.07300", "2015-12-31": "30.23100", "2014-12-31": "29.82900", "2013-12-31": "34.33500", "2012-12-31": "32.80500", "2011-12-31": "43.44200", "2010-12-31": "59.41300", "2009-12-31": "62.77400", "2008-12-31": "88.06600", "2007-12-31": "27.06600", "2006-12-31": "11.35700", "2005-12-31": "6.42900"}, "Total Long Term Liabilities": {"2020-12-31": "4578.10900", "2019-12-31": "4468.72900", "2018-12-31": "4537.74200", "2017-12-31": "4512.46500", "2016-12-31": "4509.78500", "2015-12-31": "3457.79900", "2014-12-31": "3542.52800", "2013-12-31": "3507.05300", "2012-12-31": "1706.65300", "2011-12-31": "1693.19700", "2010-12-31": "1559.60600", "2009-12-31": "1462.37000", "2008-12-31": "1411.12200", "2007-12-31": "1320.55400", "2006-12-31": "1240.30600", "2005-12-31": "1176.27300"}, "Total Liabilities": {"2020-12-31": "5106.38300", "2019-12-31": "4940.99100", "2018-12-31": "4951.59200", "2017-12-31": "4918.02500", "2016-12-31": "4962.39000", "2015-12-31": "3689.95800", "2014-12-31": "3769.96700", "2013-12-31": "3728.38800", "2012-12-31": "1805.95800", "2011-12-31": "1787.00600", "2010-12-31": "1635.42000", "2009-12-31": "1533.60000", "2008-12-31": "1479.33800", "2007-12-31": "1382.86600", "2006-12-31": "1300.99800", "2005-12-31": "1217.59900"}, "Common Stock Net": {"2020-12-31": "1.14100", "2019-12-31": "1.14000", "2018-12-31": "1.13600", "2017-12-31": "1.13400", "2016-12-31": "1.13300", "2015-12-31": "0.75300", "2014-12-31": "0.75200", "2013-12-31": "0.74700", "2012-12-31": "0.42200", "2011-12-31": "0.38900", "2010-12-31": "0.34800", "2009-12-31": "0.29000", "2008-12-31": "0.28200", "2007-12-31": "0.25700", "2006-12-31": "0.25100", "2005-12-31": "0.22000"}, "Retained Earnings (Accumulated Deficit)": {"2020-12-31": "-1294.18200", "2019-12-31": "-1085.47900", "2018-12-31": "-989.26300", "2017-12-31": "-784.50000", "2016-12-31": "-707.47900", "2015-12-31": "-634.14100", "2014-12-31": "-729.08600", "2013-12-31": "-653.59300", "2012-12-31": "-603.31500", "2011-12-31": "-621.83300", "2010-12-31": "-575.02100", "2009-12-31": "-510.99300", "2008-12-31": "-464.61700", "2007-12-31": "-414.96600", "2006-12-31": "-379.57300", "2005-12-31": "-314.35200"}, "Comprehensive Income": {"2020-12-31": "-12.12800", "2019-12-31": "-13.17800", "2018-12-31": "-0.21200", "2017-12-31": "2.15700", "2016-12-31": "1.14400", "2015-12-31": "-1.58900", "2014-12-31": "-0.41200", "2013-12-31": "0.10800", "2012-12-31": "-26.05400", "2011-12-31": "-35.84800", "2010-12-31": "-48.84700", "2009-12-31": "-47.43500", "2008-12-31": "-72.88500", "2007-12-31": "-16.90800", "2006-12-31": "10.89700", "2005-12-31": "7.12800"}, "Other Share Holders Equity": {"2020-12-31": "", "2019-12-31": "", "2018-12-31": "", "2017-12-31": "", "2016-12-31": "", "2015-12-31": "", "2014-12-31": "", "2013-12-31": "", "2012-12-31": "", "2011-12-31": "", "2010-12-31": "", "2009-12-31": "", "2008-12-31": "", "2007-12-31": "", "2006-12-31": "", "2005-12-31": "-2.42200"}, "Share Holder Equity": {"2020-12-31": "6088.40800", "2019-12-31": "6289.45900", "2018-12-31": "6372.18900", "2017-12-31": "6573.89400", "2016-12-31": "6642.10100", "2015-12-31": "3157.82300", "2014-12-31": "3051.81100", "2013-12-31": "3113.53700", "2012-12-31": "945.11000", "2011-12-31": "743.46200", "2010-12-31": "540.62800", "2009-12-31": "453.22600", "2008-12-31": "442.61700", "2007-12-31": "400.95600", "2006-12-31": "445.64800", "2005-12-31": "362.52600"}, "Total Liabilities And Share Holders Equity": {"2020-12-31": "11194.79000", "2019-12-31": "11230.45000", "2018-12-31": "11323.78000", "2017-12-31": "11491.92000", "2016-12-31": "11604.49000", "2015-12-31": "6847.78100", "2014-12-31": "6821.77800", "2013-12-31": "6841.92500", "2012-12-31": "2751.06800", "2011-12-31": "2530.46800", "2010-12-31": "2176.04800", "2009-12-31": "1986.82600", "2008-12-31": "1921.95500", "2007-12-31": "1783.82200", "2006-12-31": "1746.64600", "2005-12-31": "1580.12500"}}, "balance sheet, quarterly": {"Cash On Hand": {"2020-12-31": "35.61500", "2020-09-30": "27.58900", "2020-06-30": "35.59400", "2020-03-31": "49.04700", "2019-12-31": "70.54100", "2019-09-30": "42.68200", "2019-06-30": "57.68400", "2019-03-31": "59.38700", "2018-12-31": "51.67300", "2018-09-30": "79.40000", "2018-06-30": "60.80300", "2018-03-31": "82.11000", "2017-12-31": "88.86700", "2017-09-30": "128.10400", "2017-06-30": "67.51800", "2017-03-31": "58.49900", "2016-12-31": "121.80000", "2016-09-30": "58.85400", "2016-06-30": "51.41000", "2016-03-31": "49.82400", "2015-12-31": "63.64100", "2015-09-30": "134.19700", "2015-06-30": "83.43600", "2015-03-31": "45.28200", "2014-12-31": "54.83400", "2014-09-30": "147.55200", "2014-06-30": "91.00100", "2014-03-31": "159.77700", "2013-12-31": "133.69400", "2013-09-30": "239.68400", "2013-06-30": "21.78100", "2013-03-31": "8.87300", "2012-12-31": "9.88300", "2012-09-30": "14.72100", "2012-06-30": "23.37900", "2012-03-31": "64.56600", "2011-12-31": "58.67900", "2011-09-30": "37.20000", "2011-06-30": "14.46500", "2011-03-31": "48.59900", "2010-12-31": "47.45600", "2010-09-30": "102.51700", "2010-06-30": "25.97500", "2010-03-31": "33.17300", "2009-12-31": "14.38000", "2009-09-30": "17.59000", "2009-06-30": "6.76700", "2009-03-31": "48.42900", "2008-12-31": "9.84000", "2008-09-30": "47.94300", "2008-06-30": "13.81000", "2008-03-31": "10.58000", "2007-12-31": "20.91600", "2007-09-30": "9.13600", "2007-06-30": "8.44100", "2007-03-31": "10.46000", "2006-12-31": "9.69000", "2006-09-30": "12.87500", "2006-06-30": "15.95200", "2006-03-31": "15.47500", "2005-12-31": "19.59800", "2005-09-30": "18.37500", "2005-06-30": "13.88200", "2005-03-31": "12.56700"}, "Receivables": {"2020-12-31": "", "2020-09-30": "", "2020-06-30": "", "2020-03-31": "", "2019-12-31": "", "2019-09-30": "", "2019-06-30": "", "2019-03-31": "", "2018-12-31": "", "2018-09-30": "", "2018-06-30": "", "2018-03-31": "", "2017-12-31": "", "2017-09-30": "", "2017-06-30": "", "2017-03-31": "", "2016-12-31": "", "2016-09-30": "", "2016-06-30": "", "2016-03-31": "", "2015-12-31": "", "2015-09-30": "", "2015-06-30": "", "2015-03-31": "", "2014-12-31": "", "2014-09-30": "", "2014-06-30": "", "2014-03-31": "", "2013-12-31": "", "2013-09-30": "", "2013-06-30": "", "2013-03-31": "", "2012-12-31": "", "2012-09-30": "", "2012-06-30": "", "2012-03-31": "", "2011-12-31": "", "2011-09-30": "", "2011-06-30": "", "2011-03-31": "", "2010-12-31": "", "2010-09-30": "", "2010-06-30": "", "2010-03-31": "", "2009-12-31": "", "2009-09-30": "", "2009-06-30": "", "2009-03-31": "", "2008-12-31": "", "2008-09-30": "", "2008-06-30": "", "2008-03-31": "", "2007-12-31": "", "2007-09-30": "", "2007-06-30": "", "2007-03-31": "", "2006-12-31": "", "2006-09-30": "", "2006-06-30": "", "2006-03-31": "", "2005-12-31": "", "2005-09-30": "", "2005-06-30": "", "2005-03-31": ""}, "Inventory": {"2020-12-31": "", "2020-09-30": "", "2020-06-30": "", "2020-03-31": "", "2019-12-31": "", "2019-09-30": "", "2019-06-30": "", "2019-03-31": "", "2018-12-31": "", "2018-09-30": "", "2018-06-30": "", "2018-03-31": "", "2017-12-31": "", "2017-09-30": "", "2017-06-30": "", "2017-03-31": "", "2016-12-31": "", "2016-09-30": "", "2016-06-30": "", "2016-03-31": "", "2015-12-31": "", "2015-09-30": "", "2015-06-30": "", "2015-03-31": "", "2014-12-31": "", "2014-09-30": "", "2014-06-30": "", "2014-03-31": "", "2013-12-31": "", "2013-09-30": "", "2013-06-30": "", "2013-03-31": "", "2012-12-31": "", "2012-09-30": "", "2012-06-30": "", "2012-03-31": "", "2011-12-31": "", "2011-09-30": "", "2011-06-30": "", "2011-03-31": "", "2010-12-31": "", "2010-09-30": "", "2010-06-30": "", "2010-03-31": "", "2009-12-31": "", "2009-09-30": "", "2009-06-30": "", "2009-03-31": "", "2008-12-31": "", "2008-09-30": "", "2008-06-30": "", "2008-03-31": "", "2007-12-31": "", "2007-09-30": "", "2007-06-30": "", "2007-03-31": "", "2006-12-31": "", "2006-09-30": "", "2006-06-30": "", "2006-03-31": "", "2005-12-31": "", "2005-09-30": "", "2005-06-30": "", "2005-03-31": ""}, "Pre-Paid Expenses": {"2020-12-31": "", "2020-09-30": "", "2020-06-30": "", "2020-03-31": "", "2019-12-31": "", "2019-09-30": "", "2019-06-30": "", "2019-03-31": "", "2018-12-31": "", "2018-09-30": "", "2018-06-30": "", "2018-03-31": "", "2017-12-31": "", "2017-09-30": "", "2017-06-30": "", "2017-03-31": "", "2016-12-31": "", "2016-09-30": "", "2016-06-30": "", "2016-03-31": "", "2015-12-31": "", "2015-09-30": "", "2015-06-30": "", "2015-03-31": "", "2014-12-31": "", "2014-09-30": "", "2014-06-30": "", "2014-03-31": "", "2013-12-31": "", "2013-09-30": "", "2013-06-30": "", "2013-03-31": "", "2012-12-31": "", "2012-09-30": "", "2012-06-30": "", "2012-03-31": "", "2011-12-31": "", "2011-09-30": "", "2011-06-30": "", "2011-03-31": "", "2010-12-31": "", "2010-09-30": "", "2010-06-30": "", "2010-03-31": "", "2009-12-31": "", "2009-09-30": "", "2009-06-30": "", "2009-03-31": "", "2008-12-31": "", "2008-09-30": "", "2008-06-30": "", "2008-03-31": "", "2007-12-31": "", "2007-09-30": "", "2007-06-30": "", "2007-03-31": "", "2006-12-31": "", "2006-09-30": "", "2006-06-30": "", "2006-03-31": "", "2005-12-31": "", "2005-09-30": "", "2005-06-30": "", "2005-03-31": ""}, "Other Current Assets": {"2020-12-31": "", "2020-09-30": "", "2020-06-30": "", "2020-03-31": "", "2019-12-31": "", "2019-09-30": "", "2019-06-30": "", "2019-03-31": "", "2018-12-31": "", "2018-09-30": "", "2018-06-30": "", "2018-03-31": "", "2017-12-31": "", "2017-09-30": "", "2017-06-30": "", "2017-03-31": "", "2016-12-31": "", "2016-09-30": "", "2016-06-30": "", "2016-03-31": "", "2015-12-31": "", "2015-09-30": "", "2015-06-30": "", "2015-03-31": "", "2014-12-31": "", "2014-09-30": "", "2014-06-30": "", "2014-03-31": "", "2013-12-31": "", "2013-09-30": "", "2013-06-30": "", "2013-03-31": "", "2012-12-31": "", "2012-09-30": "", "2012-06-30": "", "2012-03-31": "", "2011-12-31": "", "2011-09-30": "", "2011-06-30": "", "2011-03-31": "", "2010-12-31": "", "2010-09-30": "", "2010-06-30": "", "2010-03-31": "", "2009-12-31": "", "2009-09-30": "", "2009-06-30": "", "2009-03-31": "", "2008-12-31": "", "2008-09-30": "", "2008-06-30": "", "2008-03-31": "", "2007-12-31": "", "2007-09-30": "", "2007-06-30": "", "2007-03-31": "", "2006-12-31": "", "2006-09-30": "", "2006-06-30": "", "2006-03-31": "", "2005-12-31": "", "2005-09-30": "", "2005-06-30": "", "2005-03-31": ""}, "Total Current Assets": {"2020-12-31": "35.61500", "2020-09-30": "27.58900", "2020-06-30": "35.59400", "2020-03-31": "49.04700", "2019-12-31": "70.54100", "2019-09-30": "42.68200", "2019-06-30": "57.68400", "2019-03-31": "59.38700", "2018-12-31": "51.67300", "2018-09-30": "79.40000", "2018-06-30": "60.80300", "2018-03-31": "82.11000", "2017-12-31": "88.86700", "2017-09-30": "128.10400", "2017-06-30": "67.51800", "2017-03-31": "58.49900", "2016-12-31": "121.80000", "2016-09-30": "58.85400", "2016-06-30": "51.41000", "2016-03-31": "49.82400", "2015-12-31": "63.64100", "2015-09-30": "134.19700", "2015-06-30": "83.43600", "2015-03-31": "45.28200", "2014-12-31": "54.83400", "2014-09-30": "147.55200", "2014-06-30": "91.00100", "2014-03-31": "159.77700", "2013-12-31": "133.69400", "2013-09-30": "239.68400", "2013-06-30": "21.78100", "2013-03-31": "8.87300", "2012-12-31": "9.88300", "2012-09-30": "14.72100", "2012-06-30": "23.37900", "2012-03-31": "64.56600", "2011-12-31": "58.67900", "2011-09-30": "37.20000", "2011-06-30": "14.46500", "2011-03-31": "48.59900", "2010-12-31": "47.45600", "2010-09-30": "102.51700", "2010-06-30": "25.97500", "2010-03-31": "33.17300", "2009-12-31": "14.38000", "2009-09-30": "17.59000", "2009-06-30": "6.76700", "2009-03-31": "48.42900", "2008-12-31": "9.84000", "2008-09-30": "47.94300", "2008-06-30": "13.81000", "2008-03-31": "10.58000", "2007-12-31": "20.91600", "2007-09-30": "9.13600", "2007-06-30": "8.44100", "2007-03-31": "10.46000", "2006-12-31": "9.69000", "2006-09-30": "12.87500", "2006-06-30": "15.95200", "2006-03-31": "15.47500", "2005-12-31": "19.59800", "2005-09-30": "18.37500", "2005-06-30": "13.88200", "2005-03-31": "12.56700"}, "Property, Plant, And Equipment": {"2020-12-31": "10967.12000", "2020-09-30": "10928.38000", "2020-06-30": "10938.70000", "2020-03-31": "10965.18000", "2019-12-31": "10987.13000", "2019-09-30": "11004.20000", "2019-06-30": "11067.85000", "2019-03-31": "11100.00000", "2018-12-31": "11151.70000", "2018-09-30": "11196.04000", "2018-06-30": "11263.01000", "2018-03-31": "11193.53000", "2017-12-31": "11261.92000", "2017-09-30": "11279.06000", "2017-06-30": "11344.38000", "2017-03-31": "11371.15000", "2016-12-31": "11341.86000", "2016-09-30": "6759.82100", "2016-06-30": "6759.79000", "2016-03-31": "6714.36600", "2015-12-31": "6718.36600", "2015-09-30": "6675.57500", "2015-06-30": "6619.19200", "2015-03-31": "6512.28600", "2014-12-31": "6697.50800", "2014-09-30": "6516.54100", "2014-06-30": "6583.82800", "2014-03-31": "6513.98500", "2013-12-31": "6556.30300", "2013-09-30": "2720.57100", "2013-06-30": "2743.71900", "2013-03-31": "2715.52100", "2012-12-31": "2689.23400", "2012-09-30": "2692.95200", "2012-06-30": "2513.50400", "2012-03-31": "2400.69800", "2011-12-31": "2406.80200", "2011-09-30": "2312.59100", "2011-06-30": "2235.82200", "2011-03-31": "2090.93300", "2010-12-31": "2067.35800", "2010-09-30": "2012.01600", "2010-06-30": "1923.95900", "2010-03-31": "1869.12400", "2009-12-31": "1926.60200", "2009-09-30": "1834.92400", "2009-06-30": "1844.58300", "2009-03-31": "1837.38200", "2008-12-31": "1844.50700", "2008-09-30": "1846.95000", "2008-06-30": "1780.45000", "2008-03-31": "1743.69700", "2007-12-31": "1720.38500", "2007-09-30": "1729.84500", "2007-06-30": "1685.31800", "2007-03-31": "1652.04200", "2006-12-31": "1665.82100", "2006-09-30": "1639.83800", "2006-06-30": "1560.08200", "2006-03-31": "1547.60800", "2005-12-31": "1506.10700", "2005-09-30": "1515.32500", "2005-06-30": "1470.43100", "2005-03-31": "1481.41900"}, "Long-Term Investments": {"2020-12-31": "", "2020-09-30": "", "2020-06-30": "", "2020-03-31": "", "2019-12-31": "", "2019-09-30": "", "2019-06-30": "", "2019-03-31": "", "2018-12-31": "", "2018-09-30": "", "2018-06-30": "", "2018-03-31": "", "2017-12-31": "", "2017-09-30": "", "2017-06-30": "", "2017-03-31": "", "2016-12-31": "", "2016-09-30": "", "2016-06-30": "", "2016-03-31": "", "2015-12-31": "", "2015-09-30": "", "2015-06-30": "", "2015-03-31": "", "2014-12-31": "", "2014-09-30": "", "2014-06-30": "", "2014-03-31": "", "2013-12-31": "", "2013-09-30": "", "2013-06-30": "", "2013-03-31": "", "2012-12-31": "", "2012-09-30": "", "2012-06-30": "", "2012-03-31": "", "2011-12-31": "", "2011-09-30": "", "2011-06-30": "", "2011-03-31": "", "2010-12-31": "", "2010-09-30": "", "2010-06-30": "", "2010-03-31": "", "2009-12-31": "", "2009-09-30": "", "2009-06-30": "", "2009-03-31": "", "2008-12-31": "", "2008-09-30": "", "2008-06-30": "", "2008-03-31": "", "2007-12-31": "", "2007-09-30": "", "2007-06-30": "", "2007-03-31": "", "2006-12-31": "", "2006-09-30": "", "2006-06-30": "", "2006-03-31": "", "2005-12-31": "", "2005-09-30": "", "2005-06-30": "", "2005-03-31": ""}, "Goodwill And Intangible Assets": {"2020-12-31": "", "2020-09-30": "", "2020-06-30": "", "2020-03-31": "", "2019-12-31": "", "2019-09-30": "", "2019-06-30": "", "2019-03-31": "", "2018-12-31": "", "2018-09-30": "", "2018-06-30": "", "2018-03-31": "", "2017-12-31": "", "2017-09-30": "1.23900", "2017-06-30": "1.23900", "2017-03-31": "1.23900", "2016-12-31": "", "2016-09-30": "1.60700", "2016-06-30": "1.60700", "2016-03-31": "1.60700", "2015-12-31": "1.60700", "2015-09-30": "1.60700", "2015-06-30": "1.60700", "2015-03-31": "2.32100", "2014-12-31": "2.32100", "2014-09-30": "2.32100", "2014-06-30": "4.10600", "2014-03-31": "4.10600", "2013-12-31": "4.10600", "2013-09-30": "4.10600", "2013-06-30": "4.10600", "2013-03-31": "4.10600", "2012-12-31": "4.10600", "2012-09-30": "4.10600", "2012-06-30": "4.10600", "2012-03-31": "4.10600", "2011-12-31": "4.10600", "2011-09-30": "4.10600", "2011-06-30": "4.10600", "2011-03-31": "4.10600", "2010-12-31": "4.10600", "2010-09-30": "4.10600", "2010-06-30": "4.10600", "2010-03-31": "4.10600", "2009-12-31": "4.10600", "2009-09-30": "4.10600", "2009-06-30": "4.10600", "2009-03-31": "4.10600", "2008-12-31": "4.10600", "2008-09-30": "4.10600", "2008-06-30": "4.10600", "2008-03-31": "4.10600", "2007-12-31": "4.10600", "2007-09-30": "4.10600", "2007-06-30": "4.10500", "2007-03-31": "4.10500", "2006-12-31": "4.47200", "2006-09-30": "5.05100", "2006-06-30": "5.05100", "2006-03-31": "5.05100", "2005-12-31": "5.05100", "2005-09-30": "5.05100", "2005-06-30": "5.05100", "2005-03-31": "5.30600"}, "Other Long-Term Assets": {"2020-12-31": "192.06100", "2020-09-30": "172.74000", "2020-06-30": "157.01700", "2020-03-31": "141.74600", "2019-12-31": "172.78100", "2019-09-30": "200.87200", "2019-06-30": "149.29600", "2019-03-31": "144.37800", "2018-12-31": "120.40700", "2018-09-30": "143.54600", "2018-06-30": "123.31300", "2018-03-31": "141.73900", "2017-12-31": "141.12800", "2017-09-30": "120.49300", "2017-06-30": "116.70500", "2017-03-31": "124.13400", "2016-12-31": "140.82900", "2016-09-30": "56.77100", "2016-06-30": "51.98700", "2016-03-31": "57.20800", "2015-12-31": "58.93500", "2015-09-30": "64.06100", "2015-06-30": "126.41400", "2015-03-31": "226.15500", "2014-12-31": "61.11900", "2014-09-30": "98.73000", "2014-06-30": "85.92400", "2014-03-31": "91.49100", "2013-12-31": "130.39800", "2013-09-30": "50.26700", "2013-06-30": "52.11900", "2013-03-31": "33.51900", "2012-12-31": "34.00300", "2012-09-30": "48.80400", "2012-06-30": "43.24000", "2012-03-31": "42.73400", "2011-12-31": "46.20100", "2011-09-30": "43.99600", "2011-06-30": "45.22000", "2011-03-31": "44.75900", "2010-12-31": "43.41500", "2010-09-30": "56.88300", "2010-06-30": "30.34600", "2010-03-31": "35.71900", "2009-12-31": "28.36900", "2009-09-30": "41.30900", "2009-06-30": "34.16500", "2009-03-31": "34.68800", "2008-12-31": "47.82100", "2008-09-30": "60.34700", "2008-06-30": "27.29900", "2008-03-31": "25.57700", "2007-12-31": "23.19600", "2007-09-30": "31.21500", "2007-06-30": "47.06900", "2007-03-31": "50.48800", "2006-12-31": "50.63000", "2006-09-30": "50.00400", "2006-06-30": "33.89900", "2006-03-31": "33.60100", "2005-12-31": "34.03100", "2005-09-30": "20.74600", "2005-06-30": "15.33000", "2005-03-31": "39.08800"}, "Total Long-Term Assets": {"2020-12-31": "11159.18000", "2020-09-30": "11101.12000", "2020-06-30": "11095.72000", "2020-03-31": "11106.93000", "2019-12-31": "11159.91000", "2019-09-30": "11205.07000", "2019-06-30": "11217.15000", "2019-03-31": "11244.38000", "2018-12-31": "11272.11000", "2018-09-30": "11339.59000", "2018-06-30": "11386.33000", "2018-03-31": "11335.27000", "2017-12-31": "11403.05000", "2017-09-30": "11404.70000", "2017-06-30": "11466.61000", "2017-03-31": "11501.20000", "2016-12-31": "11482.69000", "2016-09-30": "6822.45800", "2016-06-30": "6817.97100", "2016-03-31": "6778.09700", "2015-12-31": "6784.14000", "2015-09-30": "6753.14400", "2015-06-30": "6759.97700", "2015-03-31": "6754.40000", "2014-12-31": "6766.94400", "2014-09-30": "6635.46200", "2014-06-30": "6692.12000", "2014-03-31": "6625.88600", "2013-12-31": "6708.23100", "2013-09-30": "2788.57300", "2013-06-30": "2812.43600", "2013-03-31": "2766.13500", "2012-12-31": "2741.18500", "2012-09-30": "2761.11400", "2012-06-30": "2575.70900", "2012-03-31": "2462.84400", "2011-12-31": "2471.78900", "2011-09-30": "2374.82700", "2011-06-30": "2299.05600", "2011-03-31": "2153.14800", "2010-12-31": "2128.59200", "2010-09-30": "2087.33400", "2010-06-30": "1972.06900", "2010-03-31": "1922.81800", "2009-12-31": "1972.44600", "2009-09-30": "1894.28200", "2009-06-30": "1897.36700", "2009-03-31": "1891.38600", "2008-12-31": "1912.11500", "2008-09-30": "1927.09200", "2008-06-30": "1827.55300", "2008-03-31": "1789.30400", "2007-12-31": "1762.90600", "2007-09-30": "1780.86100", "2007-06-30": "1752.66700", "2007-03-31": "1722.65300", "2006-12-31": "1736.95600", "2006-09-30": "1710.60800", "2006-06-30": "1614.96700", "2006-03-31": "1601.76900", "2005-12-31": "1560.52700", "2005-09-30": "1556.79300", "2005-06-30": "1506.64900", "2005-03-31": "1542.08000"}, "Total Assets": {"2020-12-31": "11194.79000", "2020-09-30": "11128.70000", "2020-06-30": "11131.31000", "2020-03-31": "11155.98000", "2019-12-31": "11230.45000", "2019-09-30": "11247.75000", "2019-06-30": "11274.83000", "2019-03-31": "11303.76000", "2018-12-31": "11323.78000", "2018-09-30": "11418.99000", "2018-06-30": "11447.13000", "2018-03-31": "11417.38000", "2017-12-31": "11491.92000", "2017-09-30": "11532.80000", "2017-06-30": "11534.13000", "2017-03-31": "11559.70000", "2016-12-31": "11604.49000", "2016-09-30": "6881.31300", "2016-06-30": "6869.38100", "2016-03-31": "6827.92100", "2015-12-31": "6847.78100", "2015-09-30": "6887.34100", "2015-06-30": "6843.41300", "2015-03-31": "6799.68200", "2014-12-31": "6821.77800", "2014-09-30": "6783.01400", "2014-06-30": "6783.12100", "2014-03-31": "6785.66300", "2013-12-31": "6841.92500", "2013-09-30": "3028.25700", "2013-06-30": "2834.21700", "2013-03-31": "2775.00800", "2012-12-31": "2751.06800", "2012-09-30": "2775.83500", "2012-06-30": "2599.08800", "2012-03-31": "2527.41000", "2011-12-31": "2530.46800", "2011-09-30": "2412.02700", "2011-06-30": "2313.52100", "2011-03-31": "2201.74700", "2010-12-31": "2176.04800", "2010-09-30": "2189.85100", "2010-06-30": "1998.04400", "2010-03-31": "1955.99100", "2009-12-31": "1986.82600", "2009-09-30": "1911.87200", "2009-06-30": "1904.13400", "2009-03-31": "1939.81500", "2008-12-31": "1921.95500", "2008-09-30": "1975.03500", "2008-06-30": "1841.36300", "2008-03-31": "1799.88400", "2007-12-31": "1783.82200", "2007-09-30": "1789.99700", "2007-06-30": "1761.10800", "2007-03-31": "1733.11300", "2006-12-31": "1746.64600", "2006-09-30": "1723.48300", "2006-06-30": "1630.91900", "2006-03-31": "1617.24400", "2005-12-31": "1580.12500", "2005-09-30": "1575.16800", "2005-06-30": "1520.53100", "2005-03-31": "1554.64700"}, "Total Current Liabilities": {"2020-12-31": "528.27400", "2020-09-30": "570.01400", "2020-06-30": "473.79500", "2020-03-31": "445.45200", "2019-12-31": "472.26200", "2019-09-30": "521.37400", "2019-06-30": "450.21200", "2019-03-31": "419.32000", "2018-12-31": "413.85000", "2018-09-30": "473.80300", "2018-06-30": "409.60400", "2018-03-31": "390.38000", "2017-12-31": "405.56000", "2017-09-30": "456.93700", "2017-06-30": "395.16400", "2017-03-31": "382.13100", "2016-12-31": "452.60500", "2016-09-30": "269.04500", "2016-06-30": "226.12200", "2016-03-31": "215.00300", "2015-12-31": "232.15900", "2015-09-30": "254.22000", "2015-06-30": "227.01800", "2015-03-31": "202.90200", "2014-12-31": "227.43900", "2014-09-30": "248.93800", "2014-06-30": "217.29400", "2014-03-31": "213.17100", "2013-12-31": "221.33500", "2013-09-30": "116.24500", "2013-06-30": "106.36900", "2013-03-31": "92.10800", "2012-12-31": "99.30500", "2012-09-30": "106.71200", "2012-06-30": "95.52300", "2012-03-31": "83.43800", "2011-12-31": "93.80900", "2011-09-30": "96.46700", "2011-06-30": "85.27700", "2011-03-31": "74.94700", "2010-12-31": "75.81400", "2010-09-30": "82.12900", "2010-06-30": "69.09100", "2010-03-31": "66.51300", "2009-12-31": "71.23000", "2009-09-30": "77.63400", "2009-06-30": "69.48400", "2009-03-31": "64.82800", "2008-12-31": "68.21600", "2008-09-30": "99.12600", "2008-06-30": "87.05100", "2008-03-31": "104.09100", "2007-12-31": "62.31200", "2007-09-30": "74.85800", "2007-06-30": "64.52900", "2007-03-31": "55.14500", "2006-12-31": "60.69200", "2006-09-30": "51.50500", "2006-06-30": "34.99800", "2006-03-31": "31.01500", "2005-12-31": "41.32600", "2005-09-30": "53.42000", "2005-06-30": "46.84100", "2005-03-31": "29.82800"}, "Long Term Debt": {"2020-12-31": "4562.71200", "2020-09-30": "4425.59400", "2020-06-30": "4472.60800", "2020-03-31": "4483.69300", "2019-12-31": "4454.59800", "2019-09-30": "4476.11400", "2019-06-30": "4539.98900", "2019-03-31": "4548.09800", "2018-12-31": "4528.32800", "2018-09-30": "4504.02300", "2018-06-30": "4548.63500", "2018-03-31": "4498.85100", "2017-12-31": "4502.05700", "2017-09-30": "4492.83400", "2017-06-30": "4573.05200", "2017-03-31": "4557.18400", "2016-12-31": "4499.71200", "2016-09-30": "3434.15700", "2016-06-30": "3489.42500", "2016-03-31": "3443.96300", "2015-12-31": "3427.56800", "2015-09-30": "3425.13500", "2015-06-30": "3442.24400", "2015-03-31": "3479.49300", "2014-12-31": "3512.69900", "2014-09-30": "3430.01400", "2014-06-30": "3475.41300", "2014-03-31": "3463.05900", "2013-12-31": "3472.71800", "2013-09-30": "1860.20200", "2013-06-30": "1691.54100", "2013-03-31": "1691.25300", "2012-12-31": "1673.84800", "2012-09-30": "1706.25800", "2012-06-30": "1589.42100", "2012-03-31": "1540.05600", "2011-12-31": "1649.75500", "2011-09-30": "1587.88900", "2011-06-30": "1535.93400", "2011-03-31": "1451.78200", "2010-12-31": "1500.19300", "2010-09-30": "1551.20300", "2010-06-30": "1363.19500", "2010-03-31": "1358.73300", "2009-12-31": "1399.59600", "2009-09-30": "1314.15700", "2009-06-30": "1323.64800", "2009-03-31": "1354.24600", "2008-12-31": "1323.05600", "2008-09-30": "1356.20000", "2008-06-30": "1243.82700", "2008-03-31": "1271.77300", "2007-12-31": "1264.62000", "2007-09-30": "1247.54500", "2007-06-30": "1195.57000", "2007-03-31": "1183.68800", "2006-12-31": "1196.34900", "2006-09-30": "1202.21700", "2006-06-30": "1125.23500", "2006-03-31": "1181.04600", "2005-12-31": "1140.04600", "2005-09-30": "1140.19600", "2005-06-30": "1086.64700", "2005-03-31": "1116.27500"}, "Other Non-Current Liabilities": {"2020-12-31": "15.39700", "2020-09-30": "13.84100", "2020-06-30": "13.33300", "2020-03-31": "11.26700", "2019-12-31": "14.13100", "2019-09-30": "13.65600", "2019-06-30": "12.10300", "2019-03-31": "11.04500", "2018-12-31": "9.41400", "2018-09-30": "9.60700", "2018-06-30": "9.41000", "2018-03-31": "7.78200", "2017-12-31": "10.40800", "2017-09-30": "32.40400", "2017-06-30": "33.67100", "2017-03-31": "33.55200", "2016-12-31": "10.07300", "2016-09-30": "30.52900", "2016-06-30": "34.51500", "2016-03-31": "33.72200", "2015-12-31": "30.23100", "2015-09-30": "36.66500", "2015-06-30": "31.86600", "2015-03-31": "63.89000", "2014-12-31": "29.82900", "2014-09-30": "28.13000", "2014-06-30": "33.21200", "2014-03-31": "32.28700", "2013-12-31": "34.33500", "2013-09-30": "21.78900", "2013-06-30": "24.51000", "2013-03-31": "29.33400", "2012-12-31": "32.80500", "2012-09-30": "37.49300", "2012-06-30": "48.18100", "2012-03-31": "40.19800", "2011-12-31": "43.44200", "2011-09-30": "49.37200", "2011-06-30": "52.01000", "2011-03-31": "51.75000", "2010-12-31": "59.41300", "2010-09-30": "71.03600", "2010-06-30": "67.85400", "2010-03-31": "64.33800", "2009-12-31": "62.77400", "2009-09-30": "70.56600", "2009-06-30": "65.37000", "2009-03-31": "82.18500", "2008-12-31": "88.06600", "2008-09-30": "11.88400", "2008-06-30": "11.08900", "2008-03-31": "10.80200", "2007-12-31": "27.06600", "2007-09-30": "11.45500", "2007-06-30": "11.48100", "2007-03-31": "11.38900", "2006-12-31": "11.35700", "2006-09-30": "7.71100", "2006-06-30": "7.49900", "2006-03-31": "6.87100", "2005-12-31": "6.42900", "2005-09-30": "6.39800", "2005-06-30": "6.27400", "2005-03-31": "6.21600"}, "Total Long Term Liabilities": {"2020-12-31": "4578.10900", "2020-09-30": "4439.43500", "2020-06-30": "4485.94100", "2020-03-31": "4494.96000", "2019-12-31": "4468.72900", "2019-09-30": "4489.77000", "2019-06-30": "4552.09200", "2019-03-31": "4559.14300", "2018-12-31": "4537.74200", "2018-09-30": "4513.63000", "2018-06-30": "4558.04500", "2018-03-31": "4506.63300", "2017-12-31": "4512.46500", "2017-09-30": "4525.23800", "2017-06-30": "4606.72300", "2017-03-31": "4590.73600", "2016-12-31": "4509.78500", "2016-09-30": "3464.68600", "2016-06-30": "3523.94000", "2016-03-31": "3477.68500", "2015-12-31": "3457.79900", "2015-09-30": "3461.80000", "2015-06-30": "3474.11000", "2015-03-31": "3543.38300", "2014-12-31": "3542.52800", "2014-09-30": "3458.14400", "2014-06-30": "3508.62500", "2014-03-31": "3495.34600", "2013-12-31": "3507.05300", "2013-09-30": "1881.99100", "2013-06-30": "1716.05100", "2013-03-31": "1720.58700", "2012-12-31": "1706.65300", "2012-09-30": "1743.75100", "2012-06-30": "1637.60200", "2012-03-31": "1580.25400", "2011-12-31": "1693.19700", "2011-09-30": "1637.26100", "2011-06-30": "1587.94400", "2011-03-31": "1503.53200", "2010-12-31": "1559.60600", "2010-09-30": "1622.23900", "2010-06-30": "1431.04900", "2010-03-31": "1423.07100", "2009-12-31": "1462.37000", "2009-09-30": "1384.72300", "2009-06-30": "1389.01800", "2009-03-31": "1436.43100", "2008-12-31": "1411.12200", "2008-09-30": "1399.69300", "2008-06-30": "1286.39700", "2008-03-31": "1311.41300", "2007-12-31": "1320.55400", "2007-09-30": "1289.16100", "2007-06-30": "1239.13700", "2007-03-31": "1227.86900", "2006-12-31": "1240.30600", "2006-09-30": "1242.13500", "2006-06-30": "1164.66900", "2006-03-31": "1216.27300", "2005-12-31": "1176.27300", "2005-09-30": "1175.25400", "2005-06-30": "1124.22600", "2005-03-31": "1153.97200"}, "Total Liabilities": {"2020-12-31": "5106.38300", "2020-09-30": "5009.44900", "2020-06-30": "4959.73600", "2020-03-31": "4940.41200", "2019-12-31": "4940.99100", "2019-09-30": "5011.14400", "2019-06-30": "5002.30400", "2019-03-31": "4978.46300", "2018-12-31": "4951.59200", "2018-09-30": "4987.43300", "2018-06-30": "4967.64900", "2018-03-31": "4897.01300", "2017-12-31": "4918.02500", "2017-09-30": "4982.17500", "2017-06-30": "5001.88700", "2017-03-31": "4972.86700", "2016-12-31": "4962.39000", "2016-09-30": "3733.73100", "2016-06-30": "3750.06200", "2016-03-31": "3692.68800", "2015-12-31": "3689.95800", "2015-09-30": "3716.02000", "2015-06-30": "3701.12800", "2015-03-31": "3746.28500", "2014-12-31": "3769.96700", "2014-09-30": "3707.08200", "2014-06-30": "3725.91900", "2014-03-31": "3708.51700", "2013-12-31": "3728.38800", "2013-09-30": "1998.23600", "2013-06-30": "1822.42000", "2013-03-31": "1812.69500", "2012-12-31": "1805.95800", "2012-09-30": "1850.46300", "2012-06-30": "1733.12500", "2012-03-31": "1663.69200", "2011-12-31": "1787.00600", "2011-09-30": "1733.72800", "2011-06-30": "1673.22100", "2011-03-31": "1578.47900", "2010-12-31": "1635.42000", "2010-09-30": "1704.36800", "2010-06-30": "1500.14000", "2010-03-31": "1489.58400", "2009-12-31": "1533.60000", "2009-09-30": "1462.35700", "2009-06-30": "1458.50200", "2009-03-31": "1501.25900", "2008-12-31": "1479.33800", "2008-09-30": "1498.81900", "2008-06-30": "1373.44800", "2008-03-31": "1415.50400", "2007-12-31": "1382.86600", "2007-09-30": "1364.01900", "2007-06-30": "1303.66600", "2007-03-31": "1283.01400", "2006-12-31": "1300.99800", "2006-09-30": "1293.64000", "2006-06-30": "1199.66700", "2006-03-31": "1247.28800", "2005-12-31": "1217.59900", "2005-09-30": "1228.67400", "2005-06-30": "1171.06700", "2005-03-31": "1183.80000"}, "Common Stock Net": {"2020-12-31": "1.14100", "2020-09-30": "1.14000", "2020-06-30": "1.14000", "2020-03-31": "1.14000", "2019-12-31": "1.14000", "2019-09-30": "1.13800", "2019-06-30": "1.13800", "2019-03-31": "1.13700", "2018-12-31": "1.13600", "2018-09-30": "1.13600", "2018-06-30": "1.13600", "2018-03-31": "1.13500", "2017-12-31": "1.13400", "2017-09-30": "1.13400", "2017-06-30": "1.13400", "2017-03-31": "1.13400", "2016-12-31": "1.13300", "2016-09-30": "0.75400", "2016-06-30": "0.75400", "2016-03-31": "0.75400", "2015-12-31": "0.75300", "2015-09-30": "0.75400", "2015-06-30": "0.75400", "2015-03-31": "0.75300", "2014-12-31": "0.75200", "2014-09-30": "0.75200", "2014-06-30": "0.75100", "2014-03-31": "0.74900", "2013-12-31": "0.74700", "2013-09-30": "0.42700", "2013-06-30": "0.42700", "2013-03-31": "0.42600", "2012-12-31": "0.42200", "2012-09-30": "0.41900", "2012-06-30": "0.41000", "2012-03-31": "0.40900", "2011-12-31": "0.38900", "2011-09-30": "0.37800", "2011-06-30": "0.37100", "2011-03-31": "0.36500", "2010-12-31": "0.34800", "2010-09-30": "0.33800", "2010-06-30": "0.32200", "2010-03-31": "0.29600", "2009-12-31": "0.29000", "2009-09-30": "0.28800", "2009-06-30": "0.28200", "2009-03-31": "0.28200", "2008-12-31": "0.28200", "2008-09-30": "0.28000", "2008-06-30": "0.27400", "2008-03-31": "0.26100", "2007-12-31": "0.25700", "2007-09-30": "0.25500", "2007-06-30": "0.25500", "2007-03-31": "0.25300", "2006-12-31": "0.25100", "2006-09-30": "0.24500", "2006-06-30": "0.24000", "2006-03-31": "0.22600", "2005-12-31": "0.22000", "2005-09-30": "0.21700", "2005-06-30": "0.21500", "2005-03-31": "0.21300"}, "Retained Earnings (Accumulated Deficit)": {"2020-12-31": "-1294.18200", "2020-09-30": "-1258.07200", "2020-06-30": "-1202.53600", "2020-03-31": "-1160.94400", "2019-12-31": "-1085.47900", "2019-09-30": "-1119.71400", "2019-06-30": "-1086.66500", "2019-03-31": "-1037.26800", "2018-12-31": "-989.26300", "2018-09-30": "-940.77300", "2018-06-30": "-887.67200", "2018-03-31": "-840.64200", "2017-12-31": "-784.50000", "2017-09-30": "-802.83500", "2017-06-30": "-817.61600", "2017-03-31": "-765.74900", "2016-12-31": "-707.47900", "2016-09-30": "-647.39000", "2016-06-30": "-670.95400", "2016-03-31": "-653.75600", "2015-12-31": "-634.14100", "2015-09-30": "-614.50000", "2015-06-30": "-647.41300", "2015-03-31": "-726.06200", "2014-12-31": "-729.08600", "2014-09-30": "-705.02200", "2014-06-30": "-717.64200", "2014-03-31": "-694.15000", "2013-12-31": "-653.59300", "2013-09-30": "-567.66200", "2013-06-30": "-582.88400", "2013-03-31": "-612.12800", "2012-12-31": "-603.31500", "2012-09-30": "-596.02700", "2012-06-30": "-624.30400", "2012-03-31": "-625.26600", "2011-12-31": "-621.83300", "2011-09-30": "-614.76200", "2011-06-30": "-605.31600", "2011-03-31": "-589.19100", "2010-12-31": "-575.02100", "2010-09-30": "-559.61000", "2010-06-30": "-541.72500", "2010-03-31": "-523.29800", "2009-12-31": "-510.99300", "2009-09-30": "-499.04000", "2009-06-30": "-484.31200", "2009-03-31": "-473.66100", "2008-12-31": "-464.61700", "2008-09-30": "-452.42000", "2008-06-30": "-438.25100", "2008-03-31": "-426.78900", "2007-12-31": "-414.96600", "2007-09-30": "-403.48100", "2007-06-30": "-396.65200", "2007-03-31": "-387.02000", "2006-12-31": "-379.57300", "2006-09-30": "-363.71700", "2006-06-30": "-351.26900", "2006-03-31": "-339.31100", "2005-12-31": "-314.35200", "2005-09-30": "-314.45900", "2005-06-30": "-289.03600", "2005-03-31": "-281.09400"}, "Comprehensive Income": {"2020-12-31": "-12.12800", "2020-09-30": "-12.39600", "2020-06-30": "-12.66500", "2020-03-31": "-12.93400", "2019-12-31": "-13.17800", "2019-09-30": "-14.87000", "2019-06-30": "-9.09200", "2019-03-31": "-3.30000", "2018-12-31": "-0.21200", "2018-09-30": "11.55600", "2018-06-30": "7.98600", "2018-03-31": "3.00000", "2017-12-31": "2.15700", "2017-09-30": "0.79000", "2017-06-30": "0.73500", "2017-03-31": "4.22300", "2016-12-31": "1.14400", "2016-09-30": "-2.04500", "2016-06-30": "-4.15000", "2016-03-31": "-3.97600", "2015-12-31": "-1.58900", "2015-09-30": "-6.30600", "2015-06-30": "0.95200", "2015-03-31": "-2.45300", "2014-12-31": "-0.41200", "2014-09-30": "0.39600", "2014-06-30": "-1.39500", "2014-03-31": "2.69100", "2013-12-31": "0.10800", "2013-09-30": "-4.59900", "2013-06-30": "-6.33600", "2013-03-31": "-21.86900", "2012-12-31": "-26.05400", "2012-09-30": "-30.46700", "2012-06-30": "-30.89100", "2012-03-31": "-31.80000", "2011-12-31": "-35.84800", "2011-09-30": "-41.58400", "2011-06-30": "-42.26800", "2011-03-31": "-41.63900", "2010-12-31": "-48.84700", "2010-09-30": "-60.97500", "2010-06-30": "-56.83600", "2010-03-31": "-50.71300", "2009-12-31": "-47.43500", "2009-09-30": "-55.09000", "2009-06-30": "-50.21800", "2009-03-31": "-67.75400", "2008-12-31": "-72.88500", "2008-09-30": "-19.62900", "2008-06-30": "-14.93200", "2008-03-31": "-42.48800", "2007-12-31": "-16.90800", "2007-09-30": "1.67600", "2007-06-30": "17.84200", "2007-03-31": "7.97100", "2006-12-31": "10.89700", "2006-09-30": "10.99900", "2006-06-30": "24.63300", "2006-03-31": "17.54500", "2005-12-31": "7.12800", "2005-09-30": "1.29200", "2005-06-30": "-12.42900", "2005-03-31": "-3.43600"}, "Other Share Holders Equity": {"2020-12-31": "", "2020-09-30": "", "2020-06-30": "", "2020-03-31": "", "2019-12-31": "", "2019-09-30": "", "2019-06-30": "", "2019-03-31": "", "2018-12-31": "", "2018-09-30": "", "2018-06-30": "", "2018-03-31": "", "2017-12-31": "", "2017-09-30": "", "2017-06-30": "", "2017-03-31": "", "2016-12-31": "", "2016-09-30": "", "2016-06-30": "", "2016-03-31": "", "2015-12-31": "", "2015-09-30": "", "2015-06-30": "", "2015-03-31": "", "2014-12-31": "", "2014-09-30": "", "2014-06-30": "", "2014-03-31": "", "2013-12-31": "", "2013-09-30": "", "2013-06-30": "", "2013-03-31": "", "2012-12-31": "", "2012-09-30": "", "2012-06-30": "", "2012-03-31": "", "2011-12-31": "", "2011-09-30": "", "2011-06-30": "", "2011-03-31": "", "2010-12-31": "", "2010-09-30": "", "2010-06-30": "", "2010-03-31": "", "2009-12-31": "", "2009-09-30": "", "2009-06-30": "", "2009-03-31": "", "2008-12-31": "", "2008-09-30": "", "2008-06-30": "", "2008-03-31": "", "2007-12-31": "", "2007-09-30": "", "2007-06-30": "", "2007-03-31": "", "2006-12-31": "", "2006-09-30": "", "2006-06-30": "", "2006-03-31": "", "2005-12-31": "-2.42200", "2005-09-30": "-3.49100", "2005-06-30": "-3.67300", "2005-03-31": "-3.52300"}, "Share Holder Equity": {"2020-12-31": "6088.40800", "2020-09-30": "6119.25500", "2020-06-30": "6171.57700", "2020-03-31": "6215.56500", "2019-12-31": "6289.45900", "2019-09-30": "6236.61000", "2019-06-30": "6272.52600", "2019-03-31": "6325.29900", "2018-12-31": "6372.18900", "2018-09-30": "6431.55400", "2018-06-30": "6479.48000", "2018-03-31": "6520.36300", "2017-12-31": "6573.89400", "2017-09-30": "6550.62600", "2017-06-30": "6532.24200", "2017-03-31": "6586.83200", "2016-12-31": "6642.10100", "2016-09-30": "3147.58200", "2016-06-30": "3119.31900", "2016-03-31": "3135.23300", "2015-12-31": "3157.82300", "2015-09-30": "3171.32100", "2015-06-30": "3142.28500", "2015-03-31": "3053.39700", "2014-12-31": "3051.81100", "2014-09-30": "3075.93200", "2014-06-30": "3057.20200", "2014-03-31": "3077.14600", "2013-12-31": "3113.53700", "2013-09-30": "1030.02100", "2013-06-30": "1011.79700", "2013-03-31": "962.31300", "2012-12-31": "945.11000", "2012-09-30": "925.37200", "2012-06-30": "865.96300", "2012-03-31": "863.71800", "2011-12-31": "743.46200", "2011-09-30": "678.29900", "2011-06-30": "640.30000", "2011-03-31": "623.26800", "2010-12-31": "540.62800", "2010-09-30": "485.48300", "2010-06-30": "497.90400", "2010-03-31": "466.40700", "2009-12-31": "453.22600", "2009-09-30": "449.51500", "2009-06-30": "445.63200", "2009-03-31": "438.55600", "2008-12-31": "442.61700", "2008-09-30": "476.21600", "2008-06-30": "467.91500", "2008-03-31": "384.38000", "2007-12-31": "400.95600", "2007-09-30": "425.97800", "2007-06-30": "457.44200", "2007-03-31": "450.09900", "2006-12-31": "445.64800", "2006-09-30": "429.84300", "2006-06-30": "431.25200", "2006-03-31": "369.95600", "2005-12-31": "362.52600", "2005-09-30": "346.49400", "2005-06-30": "349.46400", "2005-03-31": "370.84700"}, "Total Liabilities And Share Holders Equity": {"2020-12-31": "11194.79000", "2020-09-30": "11128.70000", "2020-06-30": "11131.31000", "2020-03-31": "11155.98000", "2019-12-31": "11230.45000", "2019-09-30": "11247.75000", "2019-06-30": "11274.83000", "2019-03-31": "11303.76000", "2018-12-31": "11323.78000", "2018-09-30": "11418.99000", "2018-06-30": "11447.13000", "2018-03-31": "11417.38000", "2017-12-31": "11491.92000", "2017-09-30": "11532.80000", "2017-06-30": "11534.13000", "2017-03-31": "11559.70000", "2016-12-31": "11604.49000", "2016-09-30": "6881.31300", "2016-06-30": "6869.38100", "2016-03-31": "6827.92100", "2015-12-31": "6847.78100", "2015-09-30": "6887.34100", "2015-06-30": "6843.41300", "2015-03-31": "6799.68200", "2014-12-31": "6821.77800", "2014-09-30": "6783.01400", "2014-06-30": "6783.12100", "2014-03-31": "6785.66300", "2013-12-31": "6841.92500", "2013-09-30": "3028.25700", "2013-06-30": "2834.21700", "2013-03-31": "2775.00800", "2012-12-31": "2751.06800", "2012-09-30": "2775.83500", "2012-06-30": "2599.08800", "2012-03-31": "2527.41000", "2011-12-31": "2530.46800", "2011-09-30": "2412.02700", "2011-06-30": "2313.52100", "2011-03-31": "2201.74700", "2010-12-31": "2176.04800", "2010-09-30": "2189.85100", "2010-06-30": "1998.04400", "2010-03-31": "1955.99100", "2009-12-31": "1986.82600", "2009-09-30": "1911.87200", "2009-06-30": "1904.13400", "2009-03-31": "1939.81500", "2008-12-31": "1921.95500", "2008-09-30": "1975.03500", "2008-06-30": "1841.36300", "2008-03-31": "1799.88400", "2007-12-31": "1783.82200", "2007-09-30": "1789.99700", "2007-06-30": "1761.10800", "2007-03-31": "1733.11300", "2006-12-31": "1746.64600", "2006-09-30": "1723.48300", "2006-06-30": "1630.91900", "2006-03-31": "1617.24400", "2005-12-31": "1580.12500", "2005-09-30": "1575.16800", "2005-06-30": "1520.53100", "2005-03-31": "1554.64700"}}, "cash flow statement": {"Net Income/Loss": {"2020-12-31": "0.00000", "2019-12-31": "366.61800", "2018-12-31": "231.02200", "2017-12-31": "340.53600", "2016-12-31": "224.40200", "2015-12-31": "350.74500", "2014-12-31": "156.27700", "2013-12-31": "119.27900", "2012-12-31": "109.82500", "2011-12-31": "51.23100", "2010-12-31": "30.87500", "2009-12-31": "39.22100", "2008-12-31": "32.07100", "2007-12-31": "43.45600", "2006-12-31": "20.94500", "2005-12-31": "19.74400"}, "Total Depreciation And Amortization - Cash Flow": {"2020-12-31": "", "2019-12-31": "503.56800", "2018-12-31": "486.00500", "2017-12-31": "484.73000", "2016-12-31": "313.46300", "2015-12-31": "279.38200", "2014-12-31": "280.46200", "2013-12-31": "183.80300", "2012-12-31": "131.42800", "2011-12-31": "118.96900", "2010-12-31": "106.33200", "2009-12-31": "98.03300", "2008-12-31": "91.77100", "2007-12-31": "86.67600", "2006-12-31": "79.66800", "2005-12-31": "74.06600"}, "Other Non-Cash Items": {"2020-12-31": "", "2019-12-31": "-79.38100", "2018-12-31": "7.95100", "2017-12-31": "-116.83700", "2016-12-31": "-71.08200", "2015-12-31": "-183.98300", "2014-12-31": "-50.10900", "2013-12-31": "-63.25300", "2012-12-31": "-36.91200", "2011-12-31": "-5.18600", "2010-12-31": "5.70400", "2009-12-31": "-1.28100", "2008-12-31": "3.80900", "2007-12-31": "-14.83600", "2006-12-31": "4.53700", "2005-12-31": "-1.52400"}, "Total Non-Cash Items": {"2020-12-31": "", "2019-12-31": "424.18700", "2018-12-31": "493.95600", "2017-12-31": "367.89300", "2016-12-31": "242.38100", "2015-12-31": "95.39900", "2014-12-31": "230.35300", "2013-12-31": "120.55000", "2012-12-31": "94.51600", "2011-12-31": "113.78300", "2010-12-31": "112.03600", "2009-12-31": "96.75200", "2008-12-31": "95.58000", "2007-12-31": "71.84000", "2006-12-31": "84.20500", "2005-12-31": "72.54200"}, "Change In Accounts Receivable": {"2020-12-31": "", "2019-12-31": "", "2018-12-31": "", "2017-12-31": "", "2016-12-31": "", "2015-12-31": "", "2014-12-31": "", "2013-12-31": "", "2012-12-31": "", "2011-12-31": "", "2010-12-31": "", "2009-12-31": "", "2008-12-31": "", "2007-12-31": "", "2006-12-31": "", "2005-12-31": ""}, "Change In Inventories": {"2020-12-31": "", "2019-12-31": "", "2018-12-31": "", "2017-12-31": "", "2016-12-31": "", "2015-12-31": "", "2014-12-31": "", "2013-12-31": "", "2012-12-31": "", "2011-12-31": "", "2010-12-31": "", "2009-12-31": "", "2008-12-31": "", "2007-12-31": "", "2006-12-31": "", "2005-12-31": ""}, "Change In Accounts Payable": {"2020-12-31": "", "2019-12-31": "", "2018-12-31": "", "2017-12-31": "", "2016-12-31": "", "2015-12-31": "", "2014-12-31": "-3.34800", "2013-12-31": "-48.67400", "2012-12-31": "2.49500", "2011-12-31": "0.26500", "2010-12-31": "0.10900", "2009-12-31": "0.47300", "2008-12-31": "0.14500", "2007-12-31": "-1.67400", "2006-12-31": "-0.50500", "2005-12-31": "2.51100"}, "Change In Assets/Liabilities": {"2020-12-31": "", "2019-12-31": "-9.38500", "2018-12-31": "9.31400", "2017-12-31": "-47.62900", "2016-12-31": "18.22100", "2015-12-31": "17.57700", "2014-12-31": "-5.44700", "2013-12-31": "47.33500", "2012-12-31": "-0.48200", "2011-12-31": "-1.58700", "2010-12-31": "-8.57700", "2009-12-31": "-0.02200", "2008-12-31": "9.34600", "2007-12-31": "3.67600", "2006-12-31": "-3.61400", "2005-12-31": "-2.89200"}, "Total Change In Assets/Liabilities": {"2020-12-31": "", "2019-12-31": "-9.38500", "2018-12-31": "9.31400", "2017-12-31": "-47.62900", "2016-12-31": "18.22100", "2015-12-31": "17.57700", "2014-12-31": "-1.25200", "2013-12-31": "18.55100", "2012-12-31": "6.62600", "2011-12-31": "7.27400", "2010-12-31": "-9.11700", "2009-12-31": "4.31200", "2008-12-31": "12.14300", "2007-12-31": "3.28100", "2006-12-31": "-2.68600", "2005-12-31": "6.51900"}, "Cash Flow From Operating Activities": {"2020-12-31": "", "2019-12-31": "781.42000", "2018-12-31": "734.29200", "2017-12-31": "660.80000", "2016-12-31": "485.00400", "2015-12-31": "463.72100", "2014-12-31": "385.37800", "2013-12-31": "258.38000", "2012-12-31": "210.96700", "2011-12-31": "172.28800", "2010-12-31": "133.79400", "2009-12-31": "140.28500", "2008-12-31": "139.79400", "2007-12-31": "118.57700", "2006-12-31": "102.46400", "2005-12-31": "98.80500"}, "Net Change In Property, Plant, And Equipment": {"2020-12-31": "", "2019-12-31": "-233.38900", "2018-12-31": "-364.22000", "2017-12-31": "-292.71000", "2016-12-31": "-226.75300", "2015-12-31": "-136.19700", "2014-12-31": "-244.61200", "2013-12-31": "-131.85800", "2012-12-31": "-341.16900", "2011-12-31": "-442.05200", "2010-12-31": "-243.87600", "2009-12-31": "-151.35000", "2008-12-31": "-237.34200", "2007-12-31": "-118.40400", "2006-12-31": "-241.46700", "2005-12-31": "-121.31100"}, "Net Change In Intangible Assets": {"2020-12-31": "", "2019-12-31": "", "2018-12-31": "", "2017-12-31": "", "2016-12-31": "", "2015-12-31": "", "2014-12-31": "", "2013-12-31": "", "2012-12-31": "", "2011-12-31": "", "2010-12-31": "", "2009-12-31": "", "2008-12-31": "", "2007-12-31": "", "2006-12-31": "", "2005-12-31": ""}, "Net Acquisitions/Divestitures": {"2020-12-31": "", "2019-12-31": "", "2018-12-31": "", "2017-12-31": "", "2016-12-31": "-424.15600", "2015-12-31": "", "2014-12-31": "", "2013-12-31": "63.45400", "2012-12-31": "", "2011-12-31": "", "2010-12-31": "", "2009-12-31": "", "2008-12-31": "", "2007-12-31": "", "2006-12-31": "", "2005-12-31": ""}, "Net Change In Short-term Investments": {"2020-12-31": "", "2019-12-31": "", "2018-12-31": "", "2017-12-31": "", "2016-12-31": "", "2015-12-31": "", "2014-12-31": "", "2013-12-31": "", "2012-12-31": "", "2011-12-31": "", "2010-12-31": "", "2009-12-31": "", "2008-12-31": "", "2007-12-31": "", "2006-12-31": "", "2005-12-31": ""}, "Net Change In Long-Term Investments": {"2020-12-31": "", "2019-12-31": "-4.88400", "2018-12-31": "-2.13000", "2017-12-31": "-1.50000", "2016-12-31": "1.77800", "2015-12-31": "-0.02600", "2014-12-31": "15.96400", "2013-12-31": "9.50000", "2012-12-31": "11.94600", "2011-12-31": "-0.10800", "2010-12-31": "-10.39500", "2009-12-31": "-2.61100", "2008-12-31": "-7.56600", "2007-12-31": "9.61200", "2006-12-31": "0.35000", "2005-12-31": "14.90300"}, "Net Change In Investments - Total": {"2020-12-31": "", "2019-12-31": "-4.88400", "2018-12-31": "-2.13000", "2017-12-31": "-1.50000", "2016-12-31": "1.77800", "2015-12-31": "-0.02600", "2014-12-31": "15.96400", "2013-12-31": "9.50000", "2012-12-31": "11.94600", "2011-12-31": "-0.10800", "2010-12-31": "-10.39500", "2009-12-31": "-2.61100", "2008-12-31": "-7.56600", "2007-12-31": "9.61200", "2006-12-31": "0.35000", "2005-12-31": "14.90300"}, "Investing Activities - Other": {"2020-12-31": "", "2019-12-31": "", "2018-12-31": "", "2017-12-31": "", "2016-12-31": "", "2015-12-31": "0.00800", "2014-12-31": "24.88400", "2013-12-31": "-24.88400", "2012-12-31": "", "2011-12-31": "", "2010-12-31": "", "2009-12-31": "", "2008-12-31": "", "2007-12-31": "", "2006-12-31": "", "2005-12-31": ""}, "Cash Flow From Investing Activities": {"2020-12-31": "", "2019-12-31": "-238.27300", "2018-12-31": "-366.35000", "2017-12-31": "-294.21000", "2016-12-31": "-649.13100", "2015-12-31": "-136.21500", "2014-12-31": "-203.76400", "2013-12-31": "-83.78800", "2012-12-31": "-329.22300", "2011-12-31": "-442.16000", "2010-12-31": "-254.27100", "2009-12-31": "-153.96100", "2008-12-31": "-244.90800", "2007-12-31": "-108.79200", "2006-12-31": "-241.11700", "2005-12-31": "-106.40800"}, "Net Long-Term Debt": {"2020-12-31": "", "2019-12-31": "401.66990", "2018-12-31": "-8.98000", "2017-12-31": "183.92300", "2016-12-31": "153.97400", "2015-12-31": "116.88300", "2014-12-31": "136.50800", "2013-12-31": "336.65600", "2012-12-31": "312.05600", "2011-12-31": "271.45500", "2010-12-31": "135.95700", "2009-12-31": "-44.75700", "2008-12-31": "-46.21200", "2007-12-31": "-12.89100", "2006-12-31": "-2.02000", "2005-12-31": "16.93000"}, "Net Current Debt": {"2020-12-31": "", "2019-12-31": "-470.00000", "2018-12-31": "50.00000", "2017-12-31": "-160.00000", "2016-12-31": "335.00000", "2015-12-31": "-180.90000", "2014-12-31": "-157.18400", "2013-12-31": "-308.00000", "2012-12-31": "-320.06400", "2011-12-31": "-121.53300", "2010-12-31": "-35.00000", "2009-12-31": "121.65700", "2008-12-31": "106.05800", "2007-12-31": "83.19900", "2006-12-31": "58.68600", "2005-12-31": "29.22800"}, "Debt Issuance/Retirement Net - Total": {"2020-12-31": "", "2019-12-31": "-68.33010", "2018-12-31": "41.02000", "2017-12-31": "23.92300", "2016-12-31": "488.97400", "2015-12-31": "-64.01700", "2014-12-31": "-20.67600", "2013-12-31": "28.65600", "2012-12-31": "-8.00800", "2011-12-31": "149.92200", "2010-12-31": "100.95700", "2009-12-31": "76.90000", "2008-12-31": "59.84600", "2007-12-31": "70.30800", "2006-12-31": "56.66600", "2005-12-31": "46.15800"}, "Net Common Equity Issued/Repurchased": {"2020-12-31": "", "2019-12-31": "", "2018-12-31": "", "2017-12-31": "", "2016-12-31": "-1.72800", "2015-12-31": "-0.53800", "2014-12-31": "12.82200", "2013-12-31": "31.19000", "2012-12-31": "194.33500", "2011-12-31": "233.19300", "2010-12-31": "304.35100", "2009-12-31": "32.79000", "2008-12-31": "125.32400", "2007-12-31": "26.33100", "2006-12-31": "151.91700", "2005-12-31": "38.39700"}, "Net Total Equity Issued/Repurchased": {"2020-12-31": "", "2019-12-31": "", "2018-12-31": "", "2017-12-31": "", "2016-12-31": "-1.72800", "2015-12-31": "0.08400", "2014-12-31": "12.82200", "2013-12-31": "31.19000", "2012-12-31": "194.33500", "2011-12-31": "233.19300", "2010-12-31": "149.32900", "2009-12-31": "32.79000", "2008-12-31": "125.32400", "2007-12-31": "14.46100", "2006-12-31": "151.91700", "2005-12-31": "38.39700"}, "Total Common And Preferred Stock Dividends Paid": {"2020-12-31": "", "2019-12-31": "-441.43100", "2018-12-31": "-423.53700", "2017-12-31": "-398.98200", "2016-12-31": "-248.57600", "2015-12-31": "-232.07900", "2014-12-31": "-219.15800", "2013-12-31": "-147.24700", "2012-12-31": "-107.74900", "2011-12-31": "-92.02800", "2010-12-31": "-84.75700", "2009-12-31": "-82.37000", "2008-12-31": "-78.67400", "2007-12-31": "-81.25700", "2006-12-31": "-75.39900", "2005-12-31": "-70.78500"}, "Financial Activities - Other": {"2020-12-31": "", "2019-12-31": "-14.51800", "2018-12-31": "-22.61900", "2017-12-31": "-24.46400", "2016-12-31": "-16.38400", "2015-12-31": "-20.58800", "2014-12-31": "-17.28200", "2013-12-31": "-6.93300", "2012-12-31": "-8.56400", "2011-12-31": "-9.84000", "2010-12-31": "-12.92900", "2009-12-31": "-9.25100", "2008-12-31": "-9.14800", "2007-12-31": "-1.65000", "2006-12-31": "-3.05000", "2005-12-31": "-1.23600"}, "Cash Flow From Financial Activities": {"2020-12-31": "", "2019-12-31": "-524.27900", "2018-12-31": "-405.13600", "2017-12-31": "-399.52300", "2016-12-31": "222.28600", "2015-12-31": "-316.60000", "2014-12-31": "-244.29400", "2013-12-31": "-94.33400", "2012-12-31": "70.01400", "2011-12-31": "281.24700", "2010-12-31": "152.60000", "2009-12-31": "18.06900", "2008-12-31": "97.34800", "2007-12-31": "1.86200", "2006-12-31": "130.13400", "2005-12-31": "12.53400"}, "Net Cash Flow": {"2020-12-31": "", "2019-12-31": "18.86800", "2018-12-31": "-37.19400", "2017-12-31": "-32.93300", "2016-12-31": "58.15900", "2015-12-31": "10.90600", "2014-12-31": "-62.68000", "2013-12-31": "80.25800", "2012-12-31": "-48.24200", "2011-12-31": "11.37500", "2010-12-31": "32.12300", "2009-12-31": "4.39300", "2008-12-31": "-7.76600", "2007-12-31": "11.64700", "2006-12-31": "-8.51900", "2005-12-31": "4.93100"}, "Stock-Based Compensation": {"2020-12-31": "", "2019-12-31": "13.65400", "2018-12-31": "12.44400", "2017-12-31": "10.57000", "2016-12-31": "11.48600", "2015-12-31": "6.14700", "2014-12-31": "4.22600", "2013-12-31": "2.26800", "2012-12-31": "2.23300", "2011-12-31": "5.51900", "2010-12-31": "3.01300", "2009-12-31": "1.32800", "2008-12-31": "2.01800", "2007-12-31": "1.64000", "2006-12-31": "2.16000", "2005-12-31": "2.46900"}, "Common Stock Dividends Paid": {"2020-12-31": "", "2019-12-31": "-437.74300", "2018-12-31": "-419.84900", "2017-12-31": "-395.29400", "2016-12-31": "-247.65200", "2015-12-31": "-232.07900", "2014-12-31": "-219.15800", "2013-12-31": "-147.24700", "2012-12-31": "-107.74900", "2011-12-31": "-92.02800", "2010-12-31": "-77.13500", "2009-12-31": "-69.50500", "2008-12-31": "-65.80900", "2007-12-31": "-67.47800", "2006-12-31": "-61.43700", "2005-12-31": "-56.45600"}}, "cash flow statement, quarterly": {"Net Income/Loss": {"2020-12-31": -177.716, "2020-09-30": 62.036, "2020-06-30": 77.728, "2020-03-31": "37.95200", "2019-12-31": 155.06, "2019-09-30": 81.459, "2019-06-30": 64.141, "2019-03-31": "65.95800", "2018-12-31": 63.517, "2018-09-30": 54.704, "2018-06-30": 61.981, "2018-03-31": "50.82000", "2017-12-31": 128.007, "2017-09-30": 118.958, "2017-06-30": 50.155, "2017-03-31": "43.41600", "2016-12-31": 42.058, "2016-09-30": 88.906, "2016-06-30": 47.63, "2016-03-31": "45.80800", "2015-12-31": 45.367, "2015-09-30": 96.828, "2015-06-30": 143.873, "2015-03-31": "64.67700", "2014-12-31": 36.458, "2014-09-30": 70.719, "2014-06-30": 33.386, "2014-03-31": "15.71400", "2013-12-31": -9.81, "2013-09-30": 46.056, "2013-06-30": 61.028, "2013-03-31": "22.00500", "2012-12-31": 23.207, "2012-09-30": 32.078, "2012-06-30": 29.472, "2012-03-31": "25.06800", "2011-12-31": 19.945, "2011-09-30": 14.451, "2011-06-30": 7.68, "2011-03-31": "9.15500", "2010-12-31": 7.165, "2010-09-30": 6.973, "2010-06-30": 6.888, "2010-03-31": "9.84900", "2009-12-31": 9.78, "2009-09-30": 6.878, "2009-06-30": 10.718, "2009-03-31": "11.84500", "2008-12-31": 8.189, "2008-09-30": 6.514, "2008-06-30": 9.157, "2008-03-31": "8.21100", "2007-12-31": 11.114, "2007-09-30": 11.9, "2007-06-30": 9.118, "2007-03-31": "11.32400", "2006-12-31": 4.297, "2006-09-30": 5.63, "2006-06-30": 5.892, "2006-03-31": "5.12600", "2005-12-31": 3.61, "2005-09-30": 3.615, "2005-06-30": 8.193, "2005-03-31": "4.32600"}, "Total Depreciation And Amortization - Cash Flow": {"2020-12-31": -385.533, "2020-09-30": 129.138, "2020-06-30": 128.581, "2020-03-31": "127.81400", "2019-12-31": 126.652, "2019-09-30": 126.182, "2019-06-30": 125.905, "2019-03-31": "124.82900", "2018-12-31": 121.1, "2018-09-30": 123.353, "2018-06-30": 121.76, "2018-03-31": "119.79200", "2017-12-31": 117.818, "2017-09-30": 116.063, "2017-06-30": 123.914, "2017-03-31": "126.93500", "2016-12-31": 92.936, "2016-09-30": 74.509, "2016-06-30": 73.526, "2016-03-31": "72.49200", "2015-12-31": 71.196, "2015-09-30": 68.938, "2015-06-30": 70.411, "2015-03-31": "68.83700", "2014-12-31": 67.271, "2014-09-30": 65.74, "2014-06-30": 63.384, "2014-03-31": "84.06700", "2013-12-31": 82.593, "2013-09-30": 33.479, "2013-06-30": 33.719, "2013-03-31": "34.01200", "2012-12-31": 34.278, "2012-09-30": 33.125, "2012-06-30": 32.566, "2012-03-31": "31.45900", "2011-12-31": 31.764, "2011-09-30": 30.067, "2011-06-30": 28.772, "2011-03-31": "28.36600", "2010-12-31": 28.195, "2010-09-30": 27.051, "2010-06-30": 25.501, "2010-03-31": "25.58500", "2009-12-31": 25.206, "2009-09-30": 24.41, "2009-06-30": 24.316, "2009-03-31": "24.10100", "2008-12-31": 25.018, "2008-09-30": 22.54, "2008-06-30": 21.77, "2008-03-31": "22.44300", "2007-12-31": 23.377, "2007-09-30": 20.786, "2007-06-30": 21.173, "2007-03-31": "21.34000", "2006-12-31": 22.06, "2006-09-30": 19.523, "2006-06-30": 19.425, "2006-03-31": "18.66000", "2005-12-31": 18.9, "2005-09-30": 19.014, "2005-06-30": 18.11, "2005-03-31": "18.04200"}, "Other Non-Cash Items": {"2020-12-31": -26.147, "2020-09-30": 1.654, "2020-06-30": -8.838, "2020-03-31": "33.33100", "2019-12-31": -61.092, "2019-09-30": -13.209, "2019-06-30": -1.439, "2019-03-31": "-3.64100", "2018-12-31": 1.923, "2018-09-30": 1.954, "2018-06-30": 0.2, "2018-03-31": "3.87400", "2017-12-31": -66.181, "2017-09-30": -56.025, "2017-06-30": 2.278, "2017-03-31": "3.09100", "2016-12-31": -23.951, "2016-09-30": -46.133, "2016-06-30": -0.799, "2016-03-31": "-0.19900", "2015-12-31": 1.251, "2015-09-30": -53.435, "2015-06-30": -105.336, "2015-03-31": "-26.46300", "2014-12-31": 0.515, "2014-09-30": -35.133, "2014-06-30": -8.439, "2014-03-31": "-7.05200", "2013-12-31": 5.818, "2013-09-30": -27.579, "2013-06-30": -42.637, "2013-03-31": "1.14500", "2012-12-31": -1.614, "2012-09-30": -14.873, "2012-06-30": -12.159, "2012-03-31": "-8.26600", "2011-12-31": -6.847, "2011-09-30": -1.423, "2011-06-30": 1.697, "2011-03-31": "1.38700", "2010-12-31": 1.295, "2010-09-30": 1.228, "2010-06-30": 2.852, "2010-03-31": "0.32900", "2009-12-31": -1.59, "2009-09-30": 0.856, "2009-06-30": 0.557, "2009-03-31": "-1.10400", "2008-12-31": 0.581, "2008-09-30": 2.104, "2008-06-30": 0.344, "2008-03-31": "0.78000", "2007-12-31": -1.547, "2007-09-30": -4.959, "2007-06-30": -2.838, "2007-03-31": "-5.49200", "2006-12-31": 1.762, "2006-09-30": 0.855, "2006-06-30": 0.529, "2006-03-31": "1.39100", "2005-12-31": 2.599, "2005-09-30": -0.614, "2005-06-30": -3.835, "2005-03-31": "0.32600"}, "Total Non-Cash Items": {"2020-12-31": -411.68, "2020-09-30": 130.792, "2020-06-30": 119.743, "2020-03-31": "161.14500", "2019-12-31": 65.56, "2019-09-30": 112.973, "2019-06-30": 124.466, "2019-03-31": "121.18800", "2018-12-31": 123.023, "2018-09-30": 125.307, "2018-06-30": 121.96, "2018-03-31": "123.66600", "2017-12-31": 51.637, "2017-09-30": 60.038, "2017-06-30": 126.192, "2017-03-31": "130.02600", "2016-12-31": 68.985, "2016-09-30": 28.376, "2016-06-30": 72.727, "2016-03-31": "72.29300", "2015-12-31": 72.447, "2015-09-30": 15.503, "2015-06-30": -34.925, "2015-03-31": "42.37400", "2014-12-31": 67.786, "2014-09-30": 30.607, "2014-06-30": 54.945, "2014-03-31": "77.01500", "2013-12-31": 88.411, "2013-09-30": 5.9, "2013-06-30": -8.918, "2013-03-31": "35.15700", "2012-12-31": 32.664, "2012-09-30": 18.252, "2012-06-30": 20.407, "2012-03-31": "23.19300", "2011-12-31": 24.917, "2011-09-30": 28.644, "2011-06-30": 30.469, "2011-03-31": "29.75300", "2010-12-31": 29.49, "2010-09-30": 28.279, "2010-06-30": 28.353, "2010-03-31": "25.91400", "2009-12-31": 23.616, "2009-09-30": 25.266, "2009-06-30": 24.873, "2009-03-31": "22.99700", "2008-12-31": 25.599, "2008-09-30": 24.644, "2008-06-30": 22.114, "2008-03-31": "23.22300", "2007-12-31": 21.83, "2007-09-30": 15.827, "2007-06-30": 18.335, "2007-03-31": "15.84800", "2006-12-31": 23.822, "2006-09-30": 20.378, "2006-06-30": 19.954, "2006-03-31": "20.05100", "2005-12-31": 21.499, "2005-09-30": 18.4, "2005-06-30": 14.275, "2005-03-31": "18.36800"}, "Change In Accounts Receivable": {"2020-12-31": 0, "2020-09-30": 0, "2020-06-30": 0, "2020-03-31": "", "2019-12-31": 0, "2019-09-30": 0, "2019-06-30": 0, "2019-03-31": "", "2018-12-31": 0, "2018-09-30": 0, "2018-06-30": 0, "2018-03-31": "", "2017-12-31": 0, "2017-09-30": 0, "2017-06-30": 0, "2017-03-31": "", "2016-12-31": 0, "2016-09-30": 0, "2016-06-30": 0, "2016-03-31": "", "2015-12-31": 0, "2015-09-30": 0, "2015-06-30": 0, "2015-03-31": "", "2014-12-31": 0, "2014-09-30": 0, "2014-06-30": 0, "2014-03-31": "", "2013-12-31": 0, "2013-09-30": 0, "2013-06-30": 0, "2013-03-31": "", "2012-12-31": 0, "2012-09-30": 0, "2012-06-30": 0, "2012-03-31": "", "2011-12-31": 0, "2011-09-30": 0, "2011-06-30": 0, "2011-03-31": "", "2010-12-31": 0, "2010-09-30": 0, "2010-06-30": 0, "2010-03-31": "", "2009-12-31": 0, "2009-09-30": 0, "2009-06-30": 0, "2009-03-31": "", "2008-12-31": 0, "2008-09-30": 0, "2008-06-30": 0, "2008-03-31": "", "2007-12-31": 0, "2007-09-30": 0, "2007-06-30": 0, "2007-03-31": "", "2006-12-31": 0, "2006-09-30": 0, "2006-06-30": 0, "2006-03-31": "", "2005-12-31": 0, "2005-09-30": 0, "2005-06-30": 0, "2005-03-31": ""}, "Change In Inventories": {"2020-12-31": 0, "2020-09-30": 0, "2020-06-30": 0, "2020-03-31": "", "2019-12-31": 0, "2019-09-30": 0, "2019-06-30": 0, "2019-03-31": "", "2018-12-31": 0, "2018-09-30": 0, "2018-06-30": 0, "2018-03-31": "", "2017-12-31": 0, "2017-09-30": 0, "2017-06-30": 0, "2017-03-31": "", "2016-12-31": 0, "2016-09-30": 0, "2016-06-30": 0, "2016-03-31": "", "2015-12-31": 0, "2015-09-30": 0, "2015-06-30": 0, "2015-03-31": "", "2014-12-31": 0, "2014-09-30": 0, "2014-06-30": 0, "2014-03-31": "", "2013-12-31": 0, "2013-09-30": 0, "2013-06-30": 0, "2013-03-31": "", "2012-12-31": 0, "2012-09-30": 0, "2012-06-30": 0, "2012-03-31": "", "2011-12-31": 0, "2011-09-30": 0, "2011-06-30": 0, "2011-03-31": "", "2010-12-31": 0, "2010-09-30": 0, "2010-06-30": 0, "2010-03-31": "", "2009-12-31": 0, "2009-09-30": 0, "2009-06-30": 0, "2009-03-31": "", "2008-12-31": 0, "2008-09-30": 0, "2008-06-30": 0, "2008-03-31": "", "2007-12-31": 0, "2007-09-30": 0, "2007-06-30": 0, "2007-03-31": "", "2006-12-31": 0, "2006-09-30": 0, "2006-06-30": 0, "2006-03-31": "", "2005-12-31": 0, "2005-09-30": 0, "2005-06-30": 0, "2005-03-31": ""}, "Change In Accounts Payable": {"2020-12-31": 0, "2020-09-30": 0, "2020-06-30": 0, "2020-03-31": "", "2019-12-31": 0, "2019-09-30": 0, "2019-06-30": 0, "2019-03-31": "", "2018-12-31": 0, "2018-09-30": 0, "2018-06-30": 0, "2018-03-31": "", "2017-12-31": 0, "2017-09-30": 0, "2017-06-30": 0, "2017-03-31": "", "2016-12-31": -3.158, "2016-09-30": 1.616, "2016-06-30": -0.758, "2016-03-31": "2.30000", "2015-12-31": 1.211, "2015-09-30": -1.555, "2015-06-30": 0.775, "2015-03-31": "-0.43100", "2014-12-31": -1.683, "2014-09-30": -1.894, "2014-06-30": 0.123, "2014-03-31": "0.10600", "2013-12-31": -51.051, "2013-09-30": -3.15, "2013-06-30": 4.441, "2013-03-31": "1.08600", "2012-12-31": -1.077, "2012-09-30": 0.074, "2012-06-30": 1.588, "2012-03-31": "1.91000", "2011-12-31": -0.997, "2011-09-30": 0.25, "2011-06-30": 0.223, "2011-03-31": "0.78900", "2010-12-31": -0.29, "2010-09-30": 0.633, "2010-06-30": 0.325, "2010-03-31": "-0.55900", "2009-12-31": 0.536, "2009-09-30": -0.766, "2009-06-30": 0.48, "2009-03-31": "0.22300", "2008-12-31": -1.236, "2008-09-30": 0.928, "2008-06-30": -0.017, "2008-03-31": "0.47000", "2007-12-31": -0.832, "2007-09-30": 1.282, "2007-06-30": -1.061, "2007-03-31": "-1.06300", "2006-12-31": 1.971, "2006-09-30": -5.35, "2006-06-30": 3.489, "2006-03-31": "-0.61500", "2005-12-31": 0.686, "2005-09-30": 0.153, "2005-06-30": -0.011, "2005-03-31": "1.68300"}, "Change In Assets/Liabilities": {"2020-12-31": -54.489, "2020-09-30": 61.442, "2020-06-30": 31.542, "2020-03-31": "-38.49500", "2019-12-31": -60.738, "2019-09-30": 58.639, "2019-06-30": 25.182, "2019-03-31": "-32.46800", "2018-12-31": -53.304, "2018-09-30": 57.04, "2018-06-30": 27.36, "2018-03-31": "-21.78200", "2017-12-31": -76.3, "2017-09-30": 57.237, "2017-06-30": 12.103, "2017-03-31": "-40.66900", "2016-12-31": 23.08, "2016-09-30": -10.642, "2016-06-30": 2.603, "2016-03-31": "3.18000", "2015-12-31": 12.037, "2015-09-30": -5.851, "2015-06-30": 1.094, "2015-03-31": "10.29700", "2014-12-31": 10.143, "2014-09-30": -22.067, "2014-06-30": -0.214, "2014-03-31": "6.69100", "2013-12-31": 55.114, "2013-09-30": -4.601, "2013-06-30": -0.032, "2013-03-31": "-3.14600", "2012-12-31": 3.579, "2012-09-30": -4.405, "2012-06-30": -2.39, "2012-03-31": "2.73400", "2011-12-31": 2.623, "2011-09-30": -5.978, "2011-06-30": 3.241, "2011-03-31": "-1.47300", "2010-12-31": -0.815, "2010-09-30": -8.344, "2010-06-30": 1.545, "2010-03-31": "-0.96300", "2009-12-31": 1.252, "2009-09-30": -4.765, "2009-06-30": 0.174, "2009-03-31": "3.31700", "2008-12-31": 7.28, "2008-09-30": -5.366, "2008-06-30": 0.481, "2008-03-31": "6.95100", "2007-12-31": 3.072, "2007-09-30": -5.523, "2007-06-30": 3.032, "2007-03-31": "3.09500", "2006-12-31": 1.396, "2006-09-30": -9.22, "2006-06-30": 2.851, "2006-03-31": "1.35900", "2005-12-31": -1.202, "2005-09-30": -6.473, "2005-06-30": 4.621, "2005-03-31": "0.16200"}, "Total Change In Assets/Liabilities": {"2020-12-31": -54.489, "2020-09-30": 61.442, "2020-06-30": 31.542, "2020-03-31": "-38.49500", "2019-12-31": -60.738, "2019-09-30": 58.639, "2019-06-30": 25.182, "2019-03-31": "-32.46800", "2018-12-31": -53.304, "2018-09-30": 57.04, "2018-06-30": 27.36, "2018-03-31": "-21.78200", "2017-12-31": -76.3, "2017-09-30": 57.237, "2017-06-30": 12.103, "2017-03-31": "-40.66900", "2016-12-31": -15.261, "2016-09-30": 33.724, "2016-06-30": 13.774, "2016-03-31": "-14.01600", "2015-12-31": -15.629, "2015-09-30": 22.675, "2015-06-30": 14.723, "2015-03-31": "-4.19200", "2014-12-31": -16.206, "2014-09-30": 7.654, "2014-06-30": 3.968, "2014-03-31": "3.33200", "2013-12-31": 11.002, "2013-09-30": 7.439, "2013-06-30": 15.155, "2013-03-31": "-15.04500", "2012-12-31": -2.925, "2012-09-30": 6.827, "2012-06-30": 13.074, "2012-03-31": "-10.35000", "2011-12-31": -1.785, "2011-09-30": 2.565, "2011-06-30": 14.1, "2011-03-31": "-7.60600", "2010-12-31": -9.529, "2010-09-30": 4.5, "2010-06-30": 6.542, "2010-03-31": "-10.63000", "2009-12-31": -4.197, "2009-09-30": 5.008, "2009-06-30": 6.356, "2009-03-31": "-2.85500", "2008-12-31": -0.5, "2008-09-30": 4.755, "2008-06-30": 8.134, "2008-03-31": "-0.24600", "2007-12-31": -3.501, "2007-09-30": 2.553, "2007-06-30": 11.291, "2007-03-31": "-7.06200", "2006-12-31": -3.077, "2006-09-30": -9.267, "2006-06-30": 13.427, "2006-03-31": "-3.76900", "2005-12-31": -2.629, "2005-09-30": -0.674, "2005-06-30": 12.702, "2005-03-31": "-2.88000"}, "Cash Flow From Operating Activities": {"2020-12-31": -643.885, "2020-09-30": 254.27, "2020-06-30": 229.013, "2020-03-31": "160.60200", "2019-12-31": 159.882, "2019-09-30": 253.071, "2019-06-30": 213.789, "2019-03-31": "154.67800", "2018-12-31": 133.236, "2018-09-30": 237.051, "2018-06-30": 211.301, "2018-03-31": "152.70400", "2017-12-31": 103.344, "2017-09-30": 236.233, "2017-06-30": 188.45, "2017-03-31": "132.77300", "2016-12-31": 95.782, "2016-09-30": 151.006, "2016-06-30": 134.131, "2016-03-31": "104.08500", "2015-12-31": 102.185, "2015-09-30": 135.006, "2015-06-30": 123.671, "2015-03-31": "102.85900", "2014-12-31": 88.038, "2014-09-30": 108.98, "2014-06-30": 92.299, "2014-03-31": "96.06100", "2013-12-31": 89.603, "2013-09-30": 59.395, "2013-06-30": 67.265, "2013-03-31": "42.11700", "2012-12-31": 52.946, "2012-09-30": 57.157, "2012-06-30": 62.953, "2012-03-31": "37.91100", "2011-12-31": 43.077, "2011-09-30": 45.66, "2011-06-30": 52.249, "2011-03-31": "31.30200", "2010-12-31": 27.126, "2010-09-30": 39.752, "2010-06-30": 41.783, "2010-03-31": "25.13300", "2009-12-31": 29.199, "2009-09-30": 37.152, "2009-06-30": 41.947, "2009-03-31": "31.98700", "2008-12-31": 33.288, "2008-09-30": 35.913, "2008-06-30": 39.405, "2008-03-31": "31.18800", "2007-12-31": 29.443, "2007-09-30": 30.28, "2007-06-30": 38.744, "2007-03-31": "20.11000", "2006-12-31": 25.042, "2006-09-30": 16.741, "2006-06-30": 39.273, "2006-03-31": "21.40800", "2005-12-31": 22.48, "2005-09-30": 21.341, "2005-06-30": 35.17, "2005-03-31": "19.81400"}, "Net Change In Property, Plant, And Equipment": {"2020-12-31": 289.909, "2020-09-30": -93.715, "2020-06-30": -107.105, "2020-03-31": "-89.08900", "2019-12-31": -6.843, "2019-09-30": -88.236, "2019-06-30": -85.426, "2019-03-31": "-52.88400", "2018-12-31": -77.962, "2018-09-30": -65.646, "2018-06-30": -174.697, "2018-03-31": "-45.91500", "2017-12-31": -50.37, "2017-09-30": 5.298, "2017-06-30": -98.483, "2017-03-31": "-149.15500", "2016-12-31": -8.825, "2016-09-30": -30.752, "2016-06-30": -119.841, "2016-03-31": "-67.33500", "2015-12-31": -119.941, "2015-09-30": -14.074, "2015-06-30": 23.569, "2015-03-31": "-25.75100", "2014-12-31": -179.103, "2014-09-30": 55.759, "2014-06-30": -136.335, "2014-03-31": "15.06700", "2013-12-31": -86.745, "2013-09-30": 22.228, "2013-06-30": -11.152, "2013-03-31": "-56.18900", "2012-12-31": -18.511, "2012-09-30": -198.713, "2012-06-30": -111.009, "2012-03-31": "-12.93600", "2011-12-31": -121.096, "2011-09-30": -94.931, "2011-06-30": -179.745, "2011-03-31": "-46.28000", "2010-12-31": -63.744, "2010-09-30": -133.035, "2010-06-30": -84.332, "2010-03-31": "37.23500", "2009-12-31": -102.103, "2009-09-30": -16.397, "2009-06-30": -30.01, "2009-03-31": "-2.84000", "2008-12-31": -19.664, "2008-09-30": -120.397, "2008-06-30": -58.297, "2008-03-31": "-38.98400", "2007-12-31": -16.513, "2007-09-30": -51.862, "2007-06-30": -39.179, "2007-03-31": "-10.85000", "2006-12-31": -48.159, "2006-09-30": -94.809, "2006-06-30": -38.631, "2006-03-31": "-59.86800", "2005-12-31": -9.014, "2005-09-30": -62.894, "2005-06-30": 1.986, "2005-03-31": "-51.38900"}, "Net Change In Intangible Assets": {"2020-12-31": 0, "2020-09-30": 0, "2020-06-30": 0, "2020-03-31": "", "2019-12-31": 0, "2019-09-30": 0, "2019-06-30": 0, "2019-03-31": "", "2018-12-31": 0, "2018-09-30": 0, "2018-06-30": 0, "2018-03-31": "", "2017-12-31": 0, "2017-09-30": 0, "2017-06-30": 0, "2017-03-31": "", "2016-12-31": 0, "2016-09-30": 0, "2016-06-30": 0, "2016-03-31": "", "2015-12-31": 0, "2015-09-30": 0, "2015-06-30": 0, "2015-03-31": "", "2014-12-31": 0, "2014-09-30": 0, "2014-06-30": 0, "2014-03-31": "", "2013-12-31": 0, "2013-09-30": 0, "2013-06-30": 0, "2013-03-31": "", "2012-12-31": 0, "2012-09-30": 0, "2012-06-30": 0, "2012-03-31": "", "2011-12-31": 0, "2011-09-30": 0, "2011-06-30": 0, "2011-03-31": "", "2010-12-31": 0, "2010-09-30": 0, "2010-06-30": 0, "2010-03-31": "", "2009-12-31": 0, "2009-09-30": 0, "2009-06-30": 0, "2009-03-31": "", "2008-12-31": 0, "2008-09-30": 0, "2008-06-30": 0, "2008-03-31": "", "2007-12-31": 0, "2007-09-30": 0, "2007-06-30": 0, "2007-03-31": "", "2006-12-31": 0, "2006-09-30": 0, "2006-06-30": 0, "2006-03-31": "", "2005-12-31": 0, "2005-09-30": 0, "2005-06-30": 0, "2005-03-31": ""}, "Net Acquisitions/Divestitures": {"2020-12-31": 0, "2020-09-30": 0, "2020-06-30": 0, "2020-03-31": "", "2019-12-31": 0, "2019-09-30": 0, "2019-06-30": 0, "2019-03-31": "", "2018-12-31": 0, "2018-09-30": 0, "2018-06-30": 0, "2018-03-31": "", "2017-12-31": 0, "2017-09-30": 0, "2017-06-30": 0, "2017-03-31": "", "2016-12-31": -424.156, "2016-09-30": 0, "2016-06-30": 0, "2016-03-31": "", "2015-12-31": 0, "2015-09-30": 0, "2015-06-30": 0, "2015-03-31": "", "2014-12-31": 0, "2014-09-30": 0, "2014-06-30": 0, "2014-03-31": "", "2013-12-31": 63.454, "2013-09-30": 0, "2013-06-30": 0, "2013-03-31": "", "2012-12-31": 0, "2012-09-30": 0, "2012-06-30": 0, "2012-03-31": "", "2011-12-31": 0, "2011-09-30": 0, "2011-06-30": 0, "2011-03-31": "", "2010-12-31": 0, "2010-09-30": 0, "2010-06-30": 0, "2010-03-31": "", "2009-12-31": 0, "2009-09-30": 0, "2009-06-30": 0, "2009-03-31": "", "2008-12-31": 0, "2008-09-30": 0, "2008-06-30": 0, "2008-03-31": "", "2007-12-31": 0, "2007-09-30": 0, "2007-06-30": 0, "2007-03-31": "", "2006-12-31": 0, "2006-09-30": 0, "2006-06-30": 0, "2006-03-31": "", "2005-12-31": 0, "2005-09-30": 0, "2005-06-30": 0, "2005-03-31": ""}, "Net Change In Short-term Investments": {"2020-12-31": 0, "2020-09-30": 0, "2020-06-30": 0, "2020-03-31": "", "2019-12-31": 0, "2019-09-30": 0, "2019-06-30": 0, "2019-03-31": "", "2018-12-31": 0, "2018-09-30": 0, "2018-06-30": 0, "2018-03-31": "", "2017-12-31": 0, "2017-09-30": 0, "2017-06-30": 0, "2017-03-31": "", "2016-12-31": 0, "2016-09-30": 0, "2016-06-30": 0, "2016-03-31": "", "2015-12-31": 0, "2015-09-30": 0, "2015-06-30": 0, "2015-03-31": "", "2014-12-31": 0, "2014-09-30": 0, "2014-06-30": 0, "2014-03-31": "", "2013-12-31": 0, "2013-09-30": 0, "2013-06-30": 0, "2013-03-31": "", "2012-12-31": 0, "2012-09-30": 0, "2012-06-30": 0, "2012-03-31": "", "2011-12-31": 0, "2011-09-30": 0, "2011-06-30": 0, "2011-03-31": "", "2010-12-31": 0, "2010-09-30": 0, "2010-06-30": 0, "2010-03-31": "", "2009-12-31": 0, "2009-09-30": 0, "2009-06-30": 0, "2009-03-31": "", "2008-12-31": 0, "2008-09-30": 0, "2008-06-30": 0, "2008-03-31": "", "2007-12-31": 0, "2007-09-30": 0, "2007-06-30": 0, "2007-03-31": "", "2006-12-31": 0, "2006-09-30": 0, "2006-06-30": 0, "2006-03-31": "", "2005-12-31": 0, "2005-09-30": 0, "2005-06-30": 0, "2005-03-31": ""}, "Net Change In Long-Term Investments": {"2020-12-31": 3.243, "2020-09-30": -1.602, "2020-06-30": -0.741, "2020-03-31": "-0.90000", "2019-12-31": -0.749, "2019-09-30": -1.619, "2019-06-30": -2.516, "2019-03-31": "", "2018-12-31": -0.63, "2018-09-30": -0.75, "2018-06-30": 0, "2018-03-31": "-0.75000", "2017-12-31": -0.75, "2017-09-30": -0.75, "2017-06-30": 0, "2017-03-31": "", "2016-12-31": -0.045, "2016-09-30": 0.03, "2016-06-30": 0.375, "2016-03-31": "1.41800", "2015-12-31": -0.003, "2015-09-30": 0.001, "2015-06-30": -0.03, "2015-03-31": "0.00600", "2014-12-31": 0, "2014-09-30": 4.423, "2014-06-30": 2.676, "2014-03-31": "8.86500", "2013-12-31": 1.372, "2013-09-30": 0.114, "2013-06-30": 3.066, "2013-03-31": "4.94800", "2012-12-31": 0.27, "2012-09-30": 0.97, "2012-06-30": 10.298, "2012-03-31": "0.40800", "2011-12-31": 0.121, "2011-09-30": 0.316, "2011-06-30": 0.462, "2011-03-31": "-1.00700", "2010-12-31": -2.263, "2010-09-30": -3.607, "2010-06-30": 1.21, "2010-03-31": "-5.73500", "2009-12-31": 0.01, "2009-09-30": -2.521, "2009-06-30": -0.029, "2009-03-31": "-0.07100", "2008-12-31": -0.215, "2008-09-30": -0.439, "2008-06-30": -0.136, "2008-03-31": "-6.77600", "2007-12-31": -0.117, "2007-09-30": -0.028, "2007-06-30": -0.098, "2007-03-31": "9.85500", "2006-12-31": 0.142, "2006-09-30": 0.071, "2006-06-30": 0.06, "2006-03-31": "0.07700", "2005-12-31": 0.108, "2005-09-30": 0.04, "2005-06-30": 14.537, "2005-03-31": "0.21800"}, "Net Change In Investments - Total": {"2020-12-31": 3.243, "2020-09-30": -1.602, "2020-06-30": -0.741, "2020-03-31": "-0.90000", "2019-12-31": -0.749, "2019-09-30": -1.619, "2019-06-30": -2.516, "2019-03-31": "", "2018-12-31": -0.63, "2018-09-30": -0.75, "2018-06-30": 0, "2018-03-31": "-0.75000", "2017-12-31": -0.75, "2017-09-30": -0.75, "2017-06-30": 0, "2017-03-31": "", "2016-12-31": -0.045, "2016-09-30": 0.03, "2016-06-30": 0.375, "2016-03-31": "1.41800", "2015-12-31": -0.003, "2015-09-30": 0.001, "2015-06-30": -0.03, "2015-03-31": "0.00600", "2014-12-31": 0, "2014-09-30": 4.423, "2014-06-30": 2.676, "2014-03-31": "8.86500", "2013-12-31": 1.372, "2013-09-30": 0.114, "2013-06-30": 3.066, "2013-03-31": "4.94800", "2012-12-31": 0.27, "2012-09-30": 0.97, "2012-06-30": 10.298, "2012-03-31": "0.40800", "2011-12-31": 0.121, "2011-09-30": 0.316, "2011-06-30": 0.462, "2011-03-31": "-1.00700", "2010-12-31": -2.263, "2010-09-30": -3.607, "2010-06-30": 1.21, "2010-03-31": "-5.73500", "2009-12-31": 0.01, "2009-09-30": -2.521, "2009-06-30": -0.029, "2009-03-31": "-0.07100", "2008-12-31": -0.215, "2008-09-30": -0.439, "2008-06-30": -0.136, "2008-03-31": "-6.77600", "2007-12-31": -0.117, "2007-09-30": -0.028, "2007-06-30": -0.098, "2007-03-31": "9.85500", "2006-12-31": 0.142, "2006-09-30": 0.071, "2006-06-30": 0.06, "2006-03-31": "0.07700", "2005-12-31": 0.108, "2005-09-30": 0.04, "2005-06-30": 14.537, "2005-03-31": "0.21800"}, "Investing Activities - Other": {"2020-12-31": 0, "2020-09-30": 0, "2020-06-30": 0, "2020-03-31": "", "2019-12-31": 0, "2019-09-30": 0, "2019-06-30": 0, "2019-03-31": "", "2018-12-31": 0, "2018-09-30": 0, "2018-06-30": 0, "2018-03-31": "", "2017-12-31": 0, "2017-09-30": 0, "2017-06-30": 0, "2017-03-31": "", "2016-12-31": 0, "2016-09-30": 0, "2016-06-30": 0, "2016-03-31": "", "2015-12-31": 59.615, "2015-09-30": -32.662, "2015-06-30": -20.514, "2015-03-31": "-6.43100", "2014-12-31": 30.473, "2014-09-30": 11.153, "2014-06-30": -21.137, "2014-03-31": "4.39500", "2013-12-31": 32.496, "2013-09-30": -45.478, "2013-06-30": -11.902, "2013-03-31": "", "2012-12-31": 0, "2012-09-30": 0, "2012-06-30": 21.585, "2012-03-31": "-21.58500", "2011-12-31": 0, "2011-09-30": 0, "2011-06-30": 0, "2011-03-31": "", "2010-12-31": 0, "2010-09-30": 0, "2010-06-30": 0, "2010-03-31": "", "2009-12-31": 0, "2009-09-30": 0, "2009-06-30": 0, "2009-03-31": "", "2008-12-31": 0, "2008-09-30": 0, "2008-06-30": 0, "2008-03-31": "", "2007-12-31": 0, "2007-09-30": 0, "2007-06-30": 0, "2007-03-31": "", "2006-12-31": 0, "2006-09-30": 0, "2006-06-30": 0, "2006-03-31": "", "2005-12-31": 0, "2005-09-30": 0, "2005-06-30": 0, "2005-03-31": ""}, "Cash Flow From Investing Activities": {"2020-12-31": 293.152, "2020-09-30": -95.317, "2020-06-30": -107.846, "2020-03-31": "-89.98900", "2019-12-31": -7.592, "2019-09-30": -89.855, "2019-06-30": -87.942, "2019-03-31": "-52.88400", "2018-12-31": -78.592, "2018-09-30": -66.396, "2018-06-30": -174.697, "2018-03-31": "-46.66500", "2017-12-31": -51.12, "2017-09-30": 4.548, "2017-06-30": -98.483, "2017-03-31": "-149.15500", "2016-12-31": -433.026, "2016-09-30": -30.722, "2016-06-30": -119.466, "2016-03-31": "-65.91700", "2015-12-31": -60.329, "2015-09-30": -46.735, "2015-06-30": 3.025, "2015-03-31": "-32.17600", "2014-12-31": -148.63, "2014-09-30": 71.335, "2014-06-30": -154.796, "2014-03-31": "28.32700", "2013-12-31": 10.577, "2013-09-30": -23.136, "2013-06-30": -19.988, "2013-03-31": "-51.24100", "2012-12-31": -18.241, "2012-09-30": -197.743, "2012-06-30": -79.126, "2012-03-31": "-34.11300", "2011-12-31": -120.975, "2011-09-30": -94.615, "2011-06-30": -179.283, "2011-03-31": "-47.28700", "2010-12-31": -66.007, "2010-09-30": -136.642, "2010-06-30": -83.122, "2010-03-31": "31.50000", "2009-12-31": -102.093, "2009-09-30": -18.918, "2009-06-30": -30.039, "2009-03-31": "-2.91100", "2008-12-31": -19.879, "2008-09-30": -120.836, "2008-06-30": -58.433, "2008-03-31": "-45.76000", "2007-12-31": -16.63, "2007-09-30": -51.89, "2007-06-30": -39.277, "2007-03-31": "-0.99500", "2006-12-31": -48.017, "2006-09-30": -94.738, "2006-06-30": -38.571, "2006-03-31": "-59.79100", "2005-12-31": -8.906, "2005-09-30": -62.854, "2005-06-30": 16.523, "2005-03-31": "-51.17100"}, "Net Long-Term Debt": {"2020-12-31": -7.371, "2020-09-30": 10.854, "2020-06-30": -1.743, "2020-03-31": "-1.74000", "2019-12-31": 110.3019, "2019-09-30": 104.605, "2019-06-30": -301.825, "2019-03-31": "488.58800", "2018-12-31": -60.353, "2018-09-30": -302.617, "2018-06-30": 395.032, "2018-03-31": "-41.04200", "2017-12-31": -68.504, "2017-09-30": -166.889, "2017-06-30": 438.187, "2017-03-31": "-18.87100", "2016-12-31": 268.727, "2016-09-30": -77.492, "2016-06-30": -1.767, "2016-03-31": "-35.49400", "2015-12-31": 209.094, "2015-09-30": -37.012, "2015-06-30": -37.727, "2015-03-31": "-17.47200", "2014-12-31": -1.919, "2014-09-30": -26.801, "2014-06-30": 182.87, "2014-03-31": "-17.64200", "2013-12-31": 345.351, "2013-09-30": -5.896, "2013-06-30": -1.429, "2013-03-31": "-1.37000", "2012-12-31": 52.816, "2012-09-30": 110.997, "2012-06-30": 99.05, "2012-03-31": "49.19300", "2011-12-31": 88.489, "2011-09-30": 134.228, "2011-06-30": 27.059, "2011-03-31": "21.67900", "2010-12-31": -0.92, "2010-09-30": 118.098, "2010-06-30": -0.448, "2010-03-31": "19.22700", "2009-12-31": -0.434, "2009-09-30": -0.264, "2009-06-30": -43.524, "2009-03-31": "-0.53500", "2008-12-31": 38.038, "2008-09-30": -60.457, "2008-06-30": -0.955, "2008-03-31": "-22.83800", "2007-12-31": -0.864, "2007-09-30": -0.694, "2007-06-30": -0.775, "2007-03-31": "-10.55800", "2006-12-31": -0.673, "2006-09-30": 14.155, "2006-06-30": -15.052, "2006-03-31": "-0.45000", "2005-12-31": -0.565, "2005-09-30": -0.671, "2005-06-30": -0.695, "2005-03-31": "18.86100"}, "Net Current Debt": {"2020-12-31": 35, "2020-09-30": -55, "2020-06-30": -10, "2020-03-31": "30.00000", "2019-12-31": -130, "2019-09-30": -167, "2019-06-30": 292, "2019-03-31": "-465.00000", "2018-12-31": 90, "2018-09-30": 260, "2018-06-30": -340, "2018-03-31": "40.00000", "2017-12-31": 80, "2017-09-30": 90, "2017-06-30": -410, "2017-03-31": "80.00000", "2016-12-31": 205, "2016-09-30": 25, "2016-06-30": 50, "2016-03-31": "55.00000", "2015-12-31": -189.785, "2015-09-30": 25, "2015-06-30": -20, "2015-03-31": "3.88500", "2014-12-31": 59, "2014-09-30": -35.001, "2014-06-30": -163.247, "2014-03-31": "-17.93600", "2013-12-31": -485, "2013-09-30": 175, "2013-06-30": -17, "2013-03-31": "19.00000", "2012-12-31": -85, "2012-09-30": -3, "2012-06-30": -73.262, "2012-03-31": "-158.80200", "2011-12-31": -26.533, "2011-09-30": -82.183, "2011-06-30": 57.183, "2011-03-31": "-70.00000", "2010-12-31": -50, "2010-09-30": 70, "2010-06-30": 5, "2010-03-31": "-60.00000", "2009-12-31": 85.963, "2009-09-30": -9.137, "2009-06-30": 13.016, "2009-03-31": "31.81500", "2008-12-31": -71.092, "2008-09-30": 173.263, "2008-06-30": -26.557, "2008-03-31": "30.44400", "2007-12-31": 30.311, "2007-09-30": 41.316, "2007-06-30": 13.166, "2007-03-31": "-1.59400", "2006-12-31": -4.688, "2006-09-30": 61.715, "2006-06-30": -40.256, "2006-03-31": "41.91500", "2005-12-31": 0.88, "2005-09-30": 54.685, "2005-06-30": -38.464, "2005-03-31": "12.12700"}, "Debt Issuance/Retirement Net - Total": {"2020-12-31": 27.629, "2020-09-30": -44.146, "2020-06-30": -11.743, "2020-03-31": "28.26000", "2019-12-31": -19.6981, "2019-09-30": -62.395, "2019-06-30": -9.825, "2019-03-31": "23.58800", "2018-12-31": 29.647, "2018-09-30": -42.617, "2018-06-30": 55.032, "2018-03-31": "-1.04200", "2017-12-31": 11.496, "2017-09-30": -76.889, "2017-06-30": 28.187, "2017-03-31": "61.12900", "2016-12-31": 473.727, "2016-09-30": -52.492, "2016-06-30": 48.233, "2016-03-31": "19.50600", "2015-12-31": 19.309, "2015-09-30": -12.012, "2015-06-30": -57.727, "2015-03-31": "-13.58700", "2014-12-31": 57.081, "2014-09-30": -61.802, "2014-06-30": 19.623, "2014-03-31": "-35.57800", "2013-12-31": -139.649, "2013-09-30": 169.104, "2013-06-30": -18.429, "2013-03-31": "17.63000", "2012-12-31": -32.184, "2012-09-30": 107.997, "2012-06-30": 25.788, "2012-03-31": "-109.60900", "2011-12-31": 61.956, "2011-09-30": 52.045, "2011-06-30": 84.242, "2011-03-31": "-48.32100", "2010-12-31": -50.92, "2010-09-30": 188.098, "2010-06-30": 4.552, "2010-03-31": "-40.77300", "2009-12-31": 85.529, "2009-09-30": -9.401, "2009-06-30": -30.508, "2009-03-31": "31.28000", "2008-12-31": -33.054, "2008-09-30": 112.806, "2008-06-30": -27.512, "2008-03-31": "7.60600", "2007-12-31": 29.447, "2007-09-30": 40.622, "2007-06-30": 12.391, "2007-03-31": "-12.15200", "2006-12-31": -5.361, "2006-09-30": 75.87, "2006-06-30": -55.308, "2006-03-31": "41.46500", "2005-12-31": 0.315, "2005-09-30": 54.014, "2005-06-30": -39.159, "2005-03-31": "30.98800"}, "Net Common Equity Issued/Repurchased": {"2020-12-31": 0, "2020-09-30": 0, "2020-06-30": 0, "2020-03-31": "", "2019-12-31": 0, "2019-09-30": 0, "2019-06-30": 0, "2019-03-31": "", "2018-12-31": 0, "2018-09-30": 0, "2018-06-30": 0, "2018-03-31": "", "2017-12-31": 3.343, "2017-09-30": 0.224, "2017-06-30": 1.1, "2017-03-31": "-4.66700", "2016-12-31": 0.299, "2016-09-30": -0.913, "2016-06-30": 0.526, "2016-03-31": "-1.64000", "2015-12-31": -0.327, "2015-09-30": 0.13, "2015-06-30": 0.588, "2015-03-31": "-0.92900", "2014-12-31": 0.634, "2014-09-30": 2.405, "2014-06-30": 8.066, "2014-03-31": "1.71700", "2013-12-31": 6.834, "2013-09-30": 0.061, "2013-06-30": 2.91, "2013-03-31": "21.38500", "2012-12-31": 22.238, "2012-09-30": 53.589, "2012-06-30": -0.212, "2012-03-31": "118.72000", "2011-12-31": 65.149, "2011-09-30": 44.567, "2011-06-30": 33.973, "2011-03-31": "89.50400", "2010-12-31": 58.138, "2010-09-30": 85.027, "2010-06-30": 131.586, "2010-03-31": "29.60000", "2009-12-31": 8.294, "2009-09-30": 24.569, "2009-06-30": -0.137, "2009-03-31": "0.06400", "2008-12-31": 8.083, "2008-09-30": 28, "2008-06-30": 70.558, "2008-03-31": "18.68300", "2007-12-31": 3.219, "2007-09-30": 1.329, "2007-06-30": 7.197, "2007-03-31": "14.58600", "2006-12-31": 46.618, "2006-09-30": 17.978, "2006-06-30": 74.293, "2006-03-31": "13.02800", "2005-12-31": 8.564, "2005-09-30": 8.882, "2005-06-30": 5.872, "2005-03-31": "15.07900"}, "Net Total Equity Issued/Repurchased": {"2020-12-31": 0, "2020-09-30": 0, "2020-06-30": 0, "2020-03-31": "", "2019-12-31": 0, "2019-09-30": 0, "2019-06-30": 0, "2019-03-31": "", "2018-12-31": 0, "2018-09-30": 0, "2018-06-30": 0, "2018-03-31": "", "2017-12-31": 3.343, "2017-09-30": 0.224, "2017-06-30": 1.1, "2017-03-31": "-4.66700", "2016-12-31": 0.299, "2016-09-30": -0.913, "2016-06-30": 0.526, "2016-03-31": "-1.64000", "2015-12-31": 0.295, "2015-09-30": 0.13, "2015-06-30": 0.588, "2015-03-31": "-0.92900", "2014-12-31": 0.634, "2014-09-30": 2.405, "2014-06-30": 8.066, "2014-03-31": "1.71700", "2013-12-31": 6.834, "2013-09-30": 0.061, "2013-06-30": 2.91, "2013-03-31": "21.38500", "2012-12-31": 22.238, "2012-09-30": 53.589, "2012-06-30": -0.212, "2012-03-31": "118.72000", "2011-12-31": 65.149, "2011-09-30": 44.567, "2011-06-30": 33.973, "2011-03-31": "89.50400", "2010-12-31": 58.138, "2010-09-30": 7.515, "2010-06-30": 54.076, "2010-03-31": "29.60000", "2009-12-31": 8.294, "2009-09-30": 24.569, "2009-06-30": -0.137, "2009-03-31": "0.06400", "2008-12-31": 8.083, "2008-09-30": 28, "2008-06-30": 70.558, "2008-03-31": "18.68300", "2007-12-31": -8.651, "2007-09-30": 1.329, "2007-06-30": 7.197, "2007-03-31": "14.58600", "2006-12-31": 46.618, "2006-09-30": 17.978, "2006-06-30": 74.293, "2006-03-31": "13.02800", "2005-12-31": 8.564, "2005-09-30": 8.882, "2005-06-30": 5.872, "2005-03-31": "15.07900"}, "Total Common And Preferred Stock Dividends Paid": {"2020-12-31": 345.749, "2020-09-30": -115.287, "2020-06-30": -115.27, "2020-03-31": "-115.19200", "2019-12-31": -110.426, "2019-09-30": -110.403, "2019-06-30": -110.356, "2019-03-31": "-110.24600", "2018-12-31": -105.937, "2018-09-30": -105.913, "2018-06-30": -105.889, "2018-03-31": "-105.79800", "2017-12-31": -99.775, "2017-09-30": -99.761, "2017-06-30": -99.733, "2017-03-31": "-99.71300", "2016-12-31": -62.872, "2016-09-30": -61.93, "2016-06-30": -61.917, "2016-03-31": "-61.85700", "2015-12-31": -48.367, "2015-09-30": -67.986, "2015-06-30": -57.886, "2015-03-31": "-57.84000", "2014-12-31": -54.86, "2014-09-30": -54.884, "2014-06-30": -54.753, "2014-03-31": "-54.66100", "2013-12-31": -58.433, "2013-09-30": -29.699, "2013-06-30": -29.697, "2013-03-31": "-29.41800", "2012-12-31": -27.894, "2012-09-30": -27.123, "2012-06-30": -27.009, "2012-03-31": "-25.72300", "2011-12-31": -23.697, "2011-09-30": -23.267, "2011-06-30": -22.988, "2011-03-31": "-22.07600", "2010-12-31": -20.963, "2010-09-30": -21.129, "2010-06-30": -21.563, "2010-03-31": "-21.10200", "2009-12-31": -16.281, "2009-09-30": -22.001, "2009-06-30": -22.044, "2009-03-31": "-22.04400", "2008-12-31": -15.715, "2008-09-30": -21.602, "2008-06-30": -20.84, "2008-03-31": "-20.51700", "2007-12-31": -20.276, "2007-09-30": -20.422, "2007-06-30": -20.386, "2007-03-31": "-20.17300", "2006-12-31": -19.58, "2006-09-30": -19.229, "2006-06-30": -18.463, "2006-03-31": "-18.12700", "2005-12-31": -18.035, "2005-09-30": -17.61, "2005-06-30": -17.668, "2005-03-31": "-17.47200"}, "Financial Activities - Other": {"2020-12-31": 20.307, "2020-09-30": -7.525, "2020-06-30": -7.607, "2020-03-31": "-5.17500", "2019-12-31": 5.693, "2019-09-30": -5.42, "2019-06-30": -7.369, "2019-03-31": "-7.42200", "2018-12-31": -6.081, "2018-09-30": -3.528, "2018-06-30": -7.054, "2018-03-31": "-5.95600", "2017-12-31": -6.525, "2017-09-30": -3.769, "2017-06-30": -10.502, "2017-03-31": "-3.66800", "2016-12-31": -6.009, "2016-09-30": -3.411, "2016-06-30": -3.412, "2016-03-31": "-3.55200", "2015-12-31": -20.41, "2015-09-30": 6.443, "2015-06-30": -3.226, "2015-03-31": "-3.39500", "2014-12-31": -3.899, "2014-09-30": -3.83, "2014-06-30": -6.322, "2014-03-31": "-3.23100", "2013-12-31": -0.704, "2013-09-30": -3.412, "2013-06-30": -1.493, "2013-03-31": "-1.32400", "2012-12-31": -1.212, "2012-09-30": -2.796, "2012-06-30": -1.879, "2012-03-31": "-2.67700", "2011-12-31": 7.553, "2011-09-30": -12.974, "2011-06-30": -2.577, "2011-03-31": "-1.84200", "2010-12-31": -1.523, "2010-09-30": -2.748, "2010-06-30": -2.81, "2010-03-31": "-5.84800", "2009-12-31": -7.318, "2009-09-30": -0.992, "2009-06-30": -0.805, "2009-03-31": "-0.13600", "2008-12-31": -6.966, "2008-09-30": -0.589, "2008-06-30": -0.26, "2008-03-31": "-1.33300", "2007-12-31": -0.182, "2007-09-30": -0.17, "2007-06-30": -0.752, "2007-03-31": "-0.54600", "2006-12-31": -0.846, "2006-09-30": -0.299, "2006-06-30": -0.931, "2006-03-31": "-0.97400", "2005-12-31": -0.447, "2005-09-30": -0.296, "2005-06-30": -0.131, "2005-03-31": "-0.36200"}, "Cash Flow From Financial Activities": {"2020-12-31": 393.685, "2020-09-30": -166.958, "2020-06-30": -134.62, "2020-03-31": "-92.10700", "2019-12-31": -124.431, "2019-09-30": -178.218, "2019-06-30": -127.55, "2019-03-31": "-94.08000", "2018-12-31": -82.371, "2018-09-30": -152.058, "2018-06-30": -57.911, "2018-03-31": "-112.79600", "2017-12-31": -91.461, "2017-09-30": -180.195, "2017-06-30": -80.948, "2017-03-31": "-46.91900", "2016-12-31": 405.145, "2016-09-30": -118.746, "2016-06-30": -16.57, "2016-03-31": "-47.54300", "2015-12-31": -49.173, "2015-09-30": -73.425, "2015-06-30": -118.251, "2015-03-31": "-75.75100", "2014-12-31": -1.044, "2014-09-30": -118.111, "2014-06-30": -33.386, "2014-03-31": "-91.75300", "2013-12-31": -191.952, "2013-09-30": 136.054, "2013-06-30": -46.709, "2013-03-31": "8.27300", "2012-12-31": -39.052, "2012-09-30": 131.667, "2012-06-30": -3.312, "2012-03-31": "-19.28900", "2011-12-31": 110.961, "2011-09-30": 60.371, "2011-06-30": 92.65, "2011-03-31": "17.26500", "2010-12-31": -15.268, "2010-09-30": 171.736, "2010-06-30": 34.255, "2010-03-31": "-38.12300", "2009-12-31": 70.224, "2009-09-30": -7.825, "2009-06-30": -53.494, "2009-03-31": "9.16400", "2008-12-31": -47.652, "2008-09-30": 118.615, "2008-06-30": 21.946, "2008-03-31": "4.43900", "2007-12-31": 0.338, "2007-09-30": 21.359, "2007-06-30": -1.55, "2007-03-31": "-18.28500", "2006-12-31": 20.831, "2006-09-30": 74.32, "2006-06-30": -0.409, "2006-03-31": "35.39200", "2005-12-31": -9.603, "2005-09-30": 44.99, "2005-06-30": -51.086, "2005-03-31": "28.23300"}, "Net Cash Flow": {"2020-12-31": 42.952, "2020-09-30": -8.005, "2020-06-30": -13.453, "2020-03-31": "-21.49400", "2019-12-31": 27.859, "2019-09-30": -15.002, "2019-06-30": -1.703, "2019-03-31": "7.71400", "2018-12-31": -27.727, "2018-09-30": 18.597, "2018-06-30": -21.307, "2018-03-31": "-6.75700", "2017-12-31": -39.237, "2017-09-30": 60.586, "2017-06-30": 9.019, "2017-03-31": "-63.30100", "2016-12-31": 67.901, "2016-09-30": 1.538, "2016-06-30": -1.905, "2016-03-31": "-9.37500", "2015-12-31": -7.317, "2015-09-30": 14.846, "2015-06-30": 8.445, "2015-03-31": "-5.06800", "2014-12-31": -61.636, "2014-09-30": 62.204, "2014-06-30": -95.883, "2014-03-31": "32.63500", "2013-12-31": -91.772, "2013-09-30": 172.313, "2013-06-30": 0.568, "2013-03-31": "-0.85100", "2012-12-31": -4.347, "2012-09-30": -8.919, "2012-06-30": -19.485, "2012-03-31": "-15.49100", "2011-12-31": 33.063, "2011-09-30": 11.416, "2011-06-30": -34.384, "2011-03-31": "1.28000", "2010-12-31": -54.149, "2010-09-30": 74.846, "2010-06-30": -7.084, "2010-03-31": "18.51000", "2009-12-31": -2.67, "2009-09-30": 10.409, "2009-06-30": -41.586, "2009-03-31": "38.24000", "2008-12-31": -34.243, "2008-09-30": 33.692, "2008-06-30": 2.918, "2008-03-31": "-10.13300", "2007-12-31": 13.151, "2007-09-30": -0.251, "2007-06-30": -2.083, "2007-03-31": "0.83000", "2006-12-31": -2.144, "2006-09-30": -3.677, "2006-06-30": 0.293, "2006-03-31": "-2.99100", "2005-12-31": 3.971, "2005-09-30": 3.477, "2005-06-30": 0.607, "2005-03-31": "-3.12400"}, "Stock-Based Compensation": {"2020-12-31": -12.532, "2020-09-30": 4.382, "2020-06-30": 2.862, "2020-03-31": "5.28800", "2019-12-31": 2.104, "2019-09-30": 3.313, "2019-06-30": 3.452, "2019-03-31": "4.78500", "2018-12-31": 2.567, "2018-09-30": 2.89, "2018-06-30": 2.963, "2018-03-31": "4.02400", "2017-12-31": 2.139, "2017-09-30": 2.813, "2017-06-30": 2.6, "2017-03-31": "3.01800", "2016-12-31": 5.509, "2016-09-30": 2.019, "2016-06-30": 2.073, "2016-03-31": "1.88500", "2015-12-31": 1.709, "2015-09-30": 1.675, "2015-06-30": 1.474, "2015-03-31": "1.28900", "2014-12-31": 1.046, "2014-09-30": 1.135, "2014-06-30": 1.097, "2014-03-31": "0.94800", "2013-12-31": 0.539, "2013-09-30": 0.558, "2013-06-30": 0.541, "2013-03-31": "0.63000", "2012-12-31": 0.503, "2012-09-30": 0.499, "2012-06-30": 0.417, "2012-03-31": "0.81400", "2011-12-31": 1.074, "2011-09-30": 2.759, "2011-06-30": 0.842, "2011-03-31": "0.84400", "2010-12-31": 1.098, "2010-09-30": 0.784, "2010-06-30": 0.783, "2010-03-31": "0.34800", "2009-12-31": 0.389, "2009-09-30": 0.316, "2009-06-30": 0.32, "2009-03-31": "0.30300", "2008-12-31": 0.571, "2008-09-30": 0.572, "2008-06-30": 0.416, "2008-03-31": "0.45900", "2007-12-31": 0.424, "2007-09-30": 0.286, "2007-06-30": 0.411, "2007-03-31": "0.51900", "2006-12-31": 0.574, "2006-09-30": 0.555, "2006-06-30": 0.594, "2006-03-31": "0.43700", "2005-12-31": 1.895, "2005-09-30": 0.182, "2005-06-30": 0.259, "2005-03-31": "0.13300"}, "Common Stock Dividends Paid": {"2020-12-31": 342.983, "2020-09-30": -114.365, "2020-06-30": -114.348, "2020-03-31": "-114.27000", "2019-12-31": -109.504, "2019-09-30": -109.481, "2019-06-30": -109.434, "2019-03-31": "-109.32400", "2018-12-31": -105.015, "2018-09-30": -104.991, "2018-06-30": -104.967, "2018-03-31": "-104.87600", "2017-12-31": -98.853, "2017-09-30": -98.839, "2017-06-30": -98.811, "2017-03-31": "-98.79100", "2016-12-31": -61.948, "2016-09-30": -61.93, "2016-06-30": -61.917, "2016-03-31": "-61.85700", "2015-12-31": -48.367, "2015-09-30": -67.986, "2015-06-30": -57.886, "2015-03-31": "-57.84000", "2014-12-31": -54.86, "2014-09-30": -54.884, "2014-06-30": -54.753, "2014-03-31": "-54.66100", "2013-12-31": -58.433, "2013-09-30": -29.699, "2013-06-30": -29.697, "2013-03-31": "-29.41800", "2012-12-31": -27.894, "2012-09-30": -27.123, "2012-06-30": -27.009, "2012-03-31": "-25.72300", "2011-12-31": -23.697, "2011-09-30": -23.267, "2011-06-30": -22.988, "2011-03-31": "-22.07600", "2010-12-31": -20.963, "2010-09-30": -19.974, "2010-06-30": -18.312, "2010-03-31": "-17.88600", "2009-12-31": -13.065, "2009-09-30": -18.785, "2009-06-30": -18.827, "2009-03-31": "-18.82800", "2008-12-31": -12.499, "2008-09-30": -18.386, "2008-06-30": -17.623, "2008-03-31": "-17.30100", "2007-12-31": -16.969, "2007-09-30": -16.931, "2007-06-30": -16.896, "2007-03-31": "-16.68200", "2006-12-31": -16.09, "2006-09-30": -15.738, "2006-06-30": -14.972, "2006-03-31": "-14.63700", "2005-12-31": -14.544, "2005-09-30": -14.12, "2005-06-30": -14.033, "2005-03-31": "-13.75900"}}, "financial ratios": {"Current Ratio": {"2019-12-31": "", "2018-12-31": "", "2017-12-31": "", "2016-12-31": "", "2015-12-31": "", "2014-12-31": "", "2013-12-31": "", "2012-12-31": "", "2011-12-31": "", "2010-12-31": "", "2009-12-31": "", "2008-12-31": "", "2007-12-31": "", "2006-12-31": "", "2005-12-31": ""}, "Long-term Debt / Capital": {"2019-12-31": "0.41460", "2018-12-31": "0.41540", "2017-12-31": "0.40650", "2016-12-31": "0.40390", "2015-12-31": "0.52050", "2014-12-31": "0.53510", "2013-12-31": "0.52730", "2012-12-31": "0.63910", "2011-12-31": "0.68930", "2010-12-31": "0.73510", "2009-12-31": "0.75540", "2008-12-31": "0.74930", "2007-12-31": "0.75930", "2006-12-31": "0.72860", "2005-12-31": "0.75870"}, "Debt/Equity Ratio": {"2019-12-31": "0.70830", "2018-12-31": "0.71060", "2017-12-31": "0.68480", "2016-12-31": "0.67750", "2015-12-31": "1.08540", "2014-12-31": "1.15100", "2013-12-31": "1.11540", "2012-12-31": "1.77110", "2011-12-31": "2.21900", "2010-12-31": "2.77490", "2009-12-31": "3.08810", "2008-12-31": "2.98920", "2007-12-31": "3.15400", "2006-12-31": "2.68450", "2005-12-31": "3.14470"}, "Gross Margin": {"2019-12-31": "", "2018-12-31": "", "2017-12-31": "", "2016-12-31": "", "2015-12-31": "", "2014-12-31": "", "2013-12-31": "", "2012-12-31": "", "2011-12-31": "", "2010-12-31": "", "2009-12-31": "", "2008-12-31": "", "2007-12-31": "", "2006-12-31": "", "2005-12-31": ""}, "Operating Margin": {"2019-12-31": "26.21530", "2018-12-31": "25.16750", "2017-12-31": "23.20330", "2016-12-31": "24.44380", "2015-12-31": "27.89740", "2014-12-31": "23.20120", "2013-12-31": "23.56150", "2012-12-31": "26.03640", "2011-12-31": "21.66880", "2010-12-31": "22.43000", "2009-12-31": "24.89150", "2008-12-31": "25.91730", "2007-12-31": "26.34900", "2006-12-31": "26.79930", "2005-12-31": "25.54310"}, "EBIT Margin": {"2019-12-31": "26.21530", "2018-12-31": "25.16750", "2017-12-31": "23.20330", "2016-12-31": "24.44380", "2015-12-31": "27.89740", "2014-12-31": "23.20120", "2013-12-31": "23.56150", "2012-12-31": "26.03640", "2011-12-31": "21.66880", "2010-12-31": "22.43000", "2009-12-31": "24.89150", "2008-12-31": "25.91730", "2007-12-31": "26.34900", "2006-12-31": "26.79930", "2005-12-31": "25.54310"}, "EBITDA Margin": {"2019-12-31": "56.90160", "2018-12-31": "56.09670", "2017-12-31": "54.90600", "2016-12-31": "52.29860", "2015-12-31": "54.68940", "2014-12-31": "51.46410", "2013-12-31": "52.48450", "2012-12-31": "53.65380", "2011-12-31": "50.70110", "2010-12-31": "50.40200", "2009-12-31": "51.07800", "2008-12-31": "50.71960", "2007-12-31": "51.29580", "2006-12-31": "51.82300", "2005-12-31": "50.75400"}, "Pre-Tax Profit Margin": {"2019-12-31": "22.46530", "2018-12-31": "14.75180", "2017-12-31": "22.35370", "2016-12-31": "20.07020", "2015-12-31": "33.79620", "2014-12-31": "14.81230", "2013-12-31": "6.01850", "2012-12-31": "13.07660", "2011-12-31": "7.32630", "2010-12-31": "7.58300", "2009-12-31": "8.63940", "2008-12-31": "8.34540", "2007-12-31": "9.51120", "2006-12-31": "6.12240", "2005-12-31": "6.57420"}, "Net Profit Margin": {"2019-12-31": "21.33570", "2018-12-31": "13.95050", "2017-12-31": "21.23570", "2016-12-31": "18.83110", "2015-12-31": "31.86550", "2014-12-31": "14.91240", "2013-12-31": "18.14050", "2012-12-31": "22.11090", "2011-12-31": "11.91390", "2010-12-31": "4.75170", "2009-12-31": "6.50330", "2008-12-31": "4.69820", "2007-12-31": "7.38800", "2006-12-31": "2.19340", "2005-12-31": "1.84320"}, "Asset Turnover": {"2019-12-31": "0.14610", "2018-12-31": "0.13880", "2017-12-31": "0.13300", "2016-12-31": "0.09700", "2015-12-31": "0.15230", "2014-12-31": "0.14550", "2013-12-31": "0.09290", "2012-12-31": "0.17300", "2011-12-31": "0.16190", "2010-12-31": "0.17470", "2009-12-31": "0.18840", "2008-12-31": "0.19250", "2007-12-31": "0.19480", "2006-12-31": "0.18230", "2005-12-31": "0.18590"}, "Inventory Turnover Ratio": {"2019-12-31": "", "2018-12-31": "", "2017-12-31": "", "2016-12-31": "", "2015-12-31": "", "2014-12-31": "", "2013-12-31": "", "2012-12-31": "", "2011-12-31": "", "2010-12-31": "", "2009-12-31": "", "2008-12-31": "", "2007-12-31": "", "2006-12-31": "", "2005-12-31": ""}, "Receiveable Turnover": {"2019-12-31": "", "2018-12-31": "", "2017-12-31": "", "2016-12-31": "", "2015-12-31": "", "2014-12-31": "", "2013-12-31": "", "2012-12-31": "", "2011-12-31": "", "2010-12-31": "", "2009-12-31": "", "2008-12-31": "", "2007-12-31": "", "2006-12-31": "", "2005-12-31": ""}, "Days Sales In Receivables": {"2019-12-31": "", "2018-12-31": "", "2017-12-31": "", "2016-12-31": "", "2015-12-31": "", "2014-12-31": "", "2013-12-31": "", "2012-12-31": "", "2011-12-31": "", "2010-12-31": "", "2009-12-31": "", "2008-12-31": "", "2007-12-31": "", "2006-12-31": "", "2005-12-31": ""}, "ROE - Return On Equity": {"2019-12-31": "5.82910", "2018-12-31": "3.62550", "2017-12-31": "5.18010", "2016-12-31": "3.37850", "2015-12-31": "11.10720", "2014-12-31": "4.94610", "2013-12-31": "1.21060", "2012-12-31": "6.47590", "2011-12-31": "3.86060", "2010-12-31": "5.33190", "2009-12-31": "7.13720", "2008-12-31": "6.97740", "2007-12-31": "8.24310", "2006-12-31": "4.37450", "2005-12-31": "5.32860"}, "Return On Tangible Equity": {"2019-12-31": "5.82910", "2018-12-31": "3.62550", "2017-12-31": "5.18010", "2016-12-31": "3.37850", "2015-12-31": "11.11280", "2014-12-31": "4.94990", "2013-12-31": "1.21220", "2012-12-31": "6.50410", "2011-12-31": "3.88200", "2010-12-31": "5.37280", "2009-12-31": "7.20140", "2008-12-31": "7.04180", "2007-12-31": "8.32710", "2006-12-31": "4.41820", "2005-12-31": "5.40290"}, "ROA - Return On Assets": {"2019-12-31": "3.26450", "2018-12-31": "2.04010", "2017-12-31": "2.96330", "2016-12-31": "1.93380", "2015-12-31": "5.12200", "2014-12-31": "2.21270", "2013-12-31": "0.55090", "2012-12-31": "2.22470", "2011-12-31": "1.13430", "2010-12-31": "1.32470", "2009-12-31": "1.62790", "2008-12-31": "1.60660", "2007-12-31": "1.85250", "2006-12-31": "1.11600", "2005-12-31": "1.22230"}, "ROI - Return On Investment": {"2019-12-31": "3.41230", "2018-12-31": "2.11940", "2017-12-31": "3.07460", "2016-12-31": "2.01410", "2015-12-31": "5.32610", "2014-12-31": "2.29940", "2013-12-31": "0.57230", "2012-12-31": "2.33700", "2011-12-31": "1.19930", "2010-12-31": "1.41250", "2009-12-31": "1.74560", "2008-12-31": "1.74890", "2007-12-31": "1.98410", "2006-12-31": "1.18710", "2005-12-31": "1.28540"}, "Book Value Per Share": {"2019-12-31": "55.05190", "2018-12-31": "55.97300", "2017-12-31": "57.84690", "2016-12-31": "58.51140", "2015-12-31": "41.87600", "2014-12-31": "40.54590", "2013-12-31": "41.60760", "2012-12-31": "22.33460", "2011-12-31": "19.08320", "2010-12-31": "15.50370", "2009-12-31": "15.57750", "2008-12-31": "15.68170", "2007-12-31": "15.58990", "2006-12-31": "17.75990", "2005-12-31": "16.44260"}, "Operating Cash Flow Per Share": {"2019-12-31": 0.3974, "2018-12-31": 0.6379, "2017-12-31": -0.3424, "2016-12-31": -0.0136, "2015-12-31": 1.0289, "2014-12-31": 0.2752, "2013-12-31": -0.049, "2012-12-31": 0.5056, "2011-12-31": 0.2237, "2010-12-31": -0.7526, "2009-12-31": -0.2248, "2008-12-31": 0.512, "2007-12-31": 0.3258, "2006-12-31": -0.2491, "2005-12-31": 4.5728}, "Free Cash Flow Per Share": {"2019-12-31": 1.5516, "2018-12-31": 0.0132, "2017-12-31": -0.0396, "2016-12-31": -1.0795, "2015-12-31": 2.4795, "2014-12-31": -0.5047, "2013-12-31": 5.4144, "2012-12-31": 3.8692, "2011-12-31": -3.4591, "2010-12-31": -3.0531, "2009-12-31": 3.2123, "2008-12-31": -3.6085, "2007-12-31": 5.8724, "2006-12-31": -4.824, "2005-12-31": -1.0416}}, "financial ratios, quarterly": {"Current Ratio": {"2020-09-30": "", "2020-06-30": "", "2020-03-31": "", "2019-12-31": "", "2019-09-30": "", "2019-06-30": "", "2019-03-31": "", "2018-12-31": "", "2018-09-30": "", "2018-06-30": "", "2018-03-31": "", "2017-12-31": "", "2017-09-30": "", "2017-06-30": "", "2017-03-31": "", "2016-12-31": "", "2016-09-30": "", "2016-06-30": "", "2016-03-31": "", "2015-12-31": "", "2015-09-30": "", "2015-06-30": "", "2015-03-31": "", "2014-12-31": "", "2014-09-30": "", "2014-06-30": "", "2014-03-31": "", "2013-12-31": "", "2013-09-30": "", "2013-06-30": "", "2013-03-31": "", "2012-12-31": "", "2012-09-30": "", "2012-06-30": "", "2012-03-31": "", "2011-12-31": "", "2011-09-30": "", "2011-06-30": "", "2011-03-31": "", "2010-12-31": "", "2010-09-30": "", "2010-06-30": "", "2010-03-31": "", "2009-12-31": "", "2009-09-30": "", "2009-06-30": "", "2009-03-31": "", "2008-12-31": "", "2008-09-30": "", "2008-06-30": "", "2008-03-31": "", "2007-12-31": "", "2007-09-30": "", "2007-06-30": "", "2007-03-31": "", "2006-12-31": "", "2006-09-30": "", "2006-06-30": "", "2006-03-31": "", "2005-12-31": "", "2005-09-30": "", "2005-06-30": "", "2005-03-31": ""}, "Long-term Debt / Capital": {"2020-09-30": "0.41970", "2020-06-30": "0.42020", "2020-03-31": "0.41910", "2019-12-31": "0.41460", "2019-09-30": "0.41780", "2019-06-30": "0.41990", "2019-03-31": "0.41830", "2018-12-31": "0.41540", "2018-09-30": "0.41190", "2018-06-30": "0.41250", "2018-03-31": "0.40830", "2017-12-31": "0.40650", "2017-09-30": "0.40680", "2017-06-30": "0.41180", "2017-03-31": "0.40890", "2016-12-31": "0.40390", "2016-09-30": "0.52180", "2016-06-30": "0.52800", "2016-03-31": "0.52350", "2015-12-31": "0.52050", "2015-09-30": "0.51920", "2015-06-30": "0.52280", "2015-03-31": "0.53260", "2014-12-31": "0.53510", "2014-09-30": "0.52720", "2014-06-30": "0.53200", "2014-03-31": "0.52950", "2013-12-31": "0.52730", "2013-09-30": "0.64360", "2013-06-30": "0.62570", "2013-03-31": "0.63740", "2012-12-31": "0.63910", "2012-09-30": "0.64840", "2012-06-30": "0.64730", "2012-03-31": "0.64070", "2011-12-31": "0.68930", "2011-09-30": "0.70070", "2011-06-30": "0.70580", "2011-03-31": "0.69960", "2010-12-31": "0.73510", "2010-09-30": "0.76160", "2010-06-30": "0.73250", "2010-03-31": "0.74450", "2009-12-31": "0.75540", "2009-09-30": "0.74510", "2009-06-30": "0.74810", "2009-03-31": "0.75540", "2008-12-31": "0.74930", "2008-09-30": "0.74010", "2008-06-30": "0.72660", "2008-03-31": "0.76790", "2007-12-31": "0.75930", "2007-09-30": "0.74550", "2007-06-30": "0.72330", "2007-03-31": "0.72450", "2006-12-31": "0.72860", "2006-09-30": "0.73660", "2006-06-30": "0.72290", "2006-03-31": "0.76150", "2005-12-31": "0.75870", "2005-09-30": "0.76690", "2005-06-30": "0.75670", "2005-03-31": "0.75060"}, "Debt/Equity Ratio": {"2020-09-30": "0.72320", "2020-06-30": "0.72470", "2020-03-31": "0.72140", "2019-12-31": "0.70830", "2019-09-30": "0.71770", "2019-06-30": "0.72380", "2019-03-31": "0.71900", "2018-12-31": "0.71060", "2018-09-30": "0.70030", "2018-06-30": "0.70200", "2018-03-31": "0.69000", "2017-12-31": "0.68480", "2017-09-30": "0.68590", "2017-06-30": "0.70010", "2017-03-31": "0.69190", "2016-12-31": "0.67750", "2016-09-30": "1.09100", "2016-06-30": "1.11870", "2016-03-31": "1.09850", "2015-12-31": "1.08540", "2015-09-30": "1.08000", "2015-06-30": "1.09550", "2015-03-31": "1.13950", "2014-12-31": "1.15100", "2014-09-30": "1.11510", "2014-06-30": "1.13680", "2014-03-31": "1.12540", "2013-12-31": "1.11540", "2013-09-30": "1.80600", "2013-06-30": "1.67180", "2013-03-31": "1.75750", "2012-12-31": "1.77110", "2012-09-30": "1.84390", "2012-06-30": "1.83540", "2012-03-31": "1.78310", "2011-12-31": "2.21900", "2011-09-30": "2.34100", "2011-06-30": "2.39880", "2011-03-31": "2.32930", "2010-12-31": "2.77490", "2010-09-30": "3.19520", "2010-06-30": "2.73790", "2010-03-31": "2.91320", "2009-12-31": "3.08810", "2009-09-30": "2.92350", "2009-06-30": "2.97030", "2009-03-31": "3.08800", "2008-12-31": "2.98920", "2008-09-30": "2.84790", "2008-06-30": "2.65820", "2008-03-31": "3.30860", "2007-12-31": "3.15400", "2007-09-30": "2.92870", "2007-06-30": "2.61360", "2007-03-31": "2.62980", "2006-12-31": "2.68450", "2006-09-30": "2.79690", "2006-06-30": "2.60920", "2006-03-31": "3.19240", "2005-12-31": "3.14470", "2005-09-30": "3.29070", "2005-06-30": "3.10950", "2005-03-31": "3.01010"}, "Gross Margin": {"2020-09-30": "", "2020-06-30": "", "2020-03-31": "", "2019-12-31": "", "2019-09-30": "", "2019-06-30": "", "2019-03-31": "", "2018-12-31": "", "2018-09-30": "", "2018-06-30": "", "2018-03-31": "", "2017-12-31": "", "2017-09-30": "", "2017-06-30": "", "2017-03-31": "", "2016-12-31": "", "2016-09-30": "", "2016-06-30": "", "2016-03-31": "", "2015-12-31": "", "2015-09-30": "", "2015-06-30": "", "2015-03-31": "", "2014-12-31": "", "2014-09-30": "", "2014-06-30": "", "2014-03-31": "", "2013-12-31": "", "2013-09-30": "", "2013-06-30": "", "2013-03-31": "", "2012-12-31": "", "2012-09-30": "", "2012-06-30": "", "2012-03-31": "", "2011-12-31": "", "2011-09-30": "", "2011-06-30": "", "2011-03-31": "", "2010-12-31": "", "2010-09-30": "", "2010-06-30": "", "2010-03-31": "", "2009-12-31": "", "2009-09-30": "", "2009-06-30": "", "2009-03-31": "", "2008-12-31": "", "2008-09-30": "", "2008-06-30": "", "2008-03-31": "", "2007-12-31": "", "2007-09-30": "", "2007-06-30": "", "2007-03-31": "", "2006-12-31": "", "2006-09-30": "", "2006-06-30": "", "2006-03-31": "", "2005-12-31": "", "2005-09-30": "", "2005-06-30": "", "2005-03-31": ""}, "Operating Margin": {"2020-09-30": "24.02060", "2020-06-30": "25.68310", "2020-03-31": "26.46050", "2019-12-31": "27.50060", "2019-09-30": "25.81250", "2019-06-30": "25.88480", "2019-03-31": "25.63280", "2018-12-31": "27.16750", "2018-09-30": "24.74340", "2018-06-30": "24.35060", "2018-03-31": "24.36630", "2017-12-31": "25.20600", "2017-09-30": "24.61860", "2017-06-30": "22.46030", "2017-03-31": "20.49470", "2016-12-31": "15.22960", "2016-09-30": "26.64880", "2016-06-30": "28.57590", "2016-03-31": "28.51470", "2015-12-31": "30.20450", "2015-09-30": "27.91550", "2015-06-30": "26.58920", "2015-03-31": "26.83910", "2014-12-31": "26.01570", "2014-09-30": "25.79200", "2014-06-30": "24.00560", "2014-03-31": "16.79970", "2013-12-31": "15.29850", "2013-09-30": "28.03870", "2013-06-30": "28.94210", "2013-03-31": "28.80470", "2012-12-31": "28.08850", "2012-09-30": "24.83320", "2012-06-30": "26.05370", "2012-03-31": "25.22140", "2011-12-31": "20.96780", "2011-09-30": "22.47530", "2011-06-30": "20.56510", "2011-03-31": "22.53180", "2010-12-31": "18.86860", "2010-09-30": "21.96950", "2010-06-30": "24.00630", "2010-03-31": "24.36290", "2009-12-31": "23.79530", "2009-09-30": "22.92550", "2009-06-30": "26.04960", "2009-03-31": "26.78300", "2008-12-31": "25.35250", "2008-09-30": "24.57140", "2008-06-30": "26.53000", "2008-03-31": "27.27630", "2007-12-31": "27.36360", "2007-09-30": "26.84260", "2007-06-30": "25.65830", "2007-03-31": "25.49920", "2006-12-31": "25.17180", "2006-09-30": "26.28160", "2006-06-30": "27.42780", "2006-03-31": "28.36250", "2005-12-31": "25.50030", "2005-09-30": "24.64160", "2005-06-30": "26.18560", "2005-03-31": "25.87980"}, "EBIT Margin": {"2020-09-30": "24.02060", "2020-06-30": "25.68310", "2020-03-31": "26.46050", "2019-12-31": "27.50060", "2019-09-30": "25.81250", "2019-06-30": "25.88480", "2019-03-31": "25.63280", "2018-12-31": "27.16750", "2018-09-30": "24.74340", "2018-06-30": "24.35060", "2018-03-31": "24.36630", "2017-12-31": "25.20600", "2017-09-30": "24.61860", "2017-06-30": "22.46030", "2017-03-31": "20.49470", "2016-12-31": "15.22960", "2016-09-30": "26.64880", "2016-06-30": "28.57590", "2016-03-31": "28.51470", "2015-12-31": "30.20450", "2015-09-30": "27.91550", "2015-06-30": "26.58920", "2015-03-31": "26.83910", "2014-12-31": "26.01570", "2014-09-30": "25.79200", "2014-06-30": "24.00560", "2014-03-31": "16.79970", "2013-12-31": "15.29850", "2013-09-30": "28.03870", "2013-06-30": "28.94210", "2013-03-31": "28.80470", "2012-12-31": "28.08850", "2012-09-30": "24.83320", "2012-06-30": "26.05370", "2012-03-31": "25.22140", "2011-12-31": "20.96780", "2011-09-30": "22.47530", "2011-06-30": "20.56510", "2011-03-31": "22.53180", "2010-12-31": "18.86860", "2010-09-30": "21.96950", "2010-06-30": "24.00630", "2010-03-31": "24.36290", "2009-12-31": "23.79530", "2009-09-30": "22.92550", "2009-06-30": "26.04960", "2009-03-31": "26.78300", "2008-12-31": "25.35250", "2008-09-30": "24.57140", "2008-06-30": "26.53000", "2008-03-31": "27.27630", "2007-12-31": "27.36360", "2007-09-30": "26.84260", "2007-06-30": "25.65830", "2007-03-31": "25.49920", "2006-12-31": "25.17180", "2006-09-30": "26.28160", "2006-06-30": "27.42780", "2006-03-31": "28.36250", "2005-12-31": "25.50030", "2005-09-30": "24.64160", "2005-06-30": "26.18560", "2005-03-31": "25.87980"}, "EBITDA Margin": {"2020-09-30": "", "2020-06-30": "", "2020-03-31": "", "2019-12-31": "", "2019-09-30": "", "2019-06-30": "", "2019-03-31": "", "2018-12-31": "", "2018-09-30": "", "2018-06-30": "", "2018-03-31": "", "2017-12-31": "", "2017-09-30": "", "2017-06-30": "", "2017-03-31": "", "2016-12-31": "", "2016-09-30": "", "2016-06-30": "", "2016-03-31": "", "2015-12-31": "", "2015-09-30": "", "2015-06-30": "", "2015-03-31": "", "2014-12-31": "", "2014-09-30": "", "2014-06-30": "", "2014-03-31": "", "2013-12-31": "", "2013-09-30": "", "2013-06-30": "", "2013-03-31": "", "2012-12-31": "", "2012-09-30": "", "2012-06-30": "", "2012-03-31": "", "2011-12-31": "", "2011-09-30": "", "2011-06-30": "", "2011-03-31": "", "2010-12-31": "", "2010-09-30": "", "2010-06-30": "", "2010-03-31": "", "2009-12-31": "", "2009-09-30": "", "2009-06-30": "", "2009-03-31": "", "2008-12-31": "", "2008-09-30": "", "2008-06-30": "", "2008-03-31": "", "2007-12-31": "", "2007-09-30": "", "2007-06-30": "", "2007-03-31": "", "2006-12-31": "", "2006-09-30": "", "2006-06-30": "", "2006-03-31": "", "2005-12-31": "", "2005-09-30": "", "2005-06-30": "", "2005-03-31": ""}, "Pre-Tax Profit Margin": {"2020-09-30": "14.71480", "2020-06-30": "19.03270", "2020-03-31": "9.13950", "2019-12-31": "37.30610", "2019-09-30": "19.86660", "2019-06-30": "15.80500", "2019-03-31": "16.50190", "2018-12-31": "16.00560", "2018-09-30": "13.82950", "2018-06-30": "15.94450", "2018-03-31": "13.20200", "2017-12-31": "33.53910", "2017-09-30": "31.01390", "2017-06-30": "13.17800", "2017-03-31": "11.53580", "2016-12-31": "13.78390", "2016-09-30": "32.27180", "2016-06-30": "17.70080", "2016-03-31": "17.08750", "2015-12-31": "17.32260", "2015-09-30": "37.15330", "2015-06-30": "55.73540", "2015-03-31": "25.20500", "2014-12-31": "14.85790", "2014-09-30": "27.30450", "2014-06-30": "12.63530", "2014-03-31": "4.15340", "2013-12-31": "-6.23850", "2013-09-30": "12.15600", "2013-06-30": "12.43540", "2013-03-31": "15.94120", "2012-12-31": "14.10600", "2012-09-30": "12.28510", "2012-06-30": "12.85210", "2012-03-31": "13.10560", "2011-12-31": "6.15930", "2011-09-30": "7.90330", "2011-06-30": "6.56620", "2011-03-31": "8.46730", "2010-12-31": "6.35390", "2010-09-30": "6.81300", "2010-06-30": "6.91600", "2010-03-31": "10.10530", "2009-12-31": "7.19330", "2009-09-30": "6.89900", "2009-06-30": "9.76820", "2009-03-31": "10.67220", "2008-12-31": "8.09390", "2008-09-30": "6.53360", "2008-06-30": "9.91950", "2008-03-31": "8.89270", "2007-12-31": "12.16840", "2007-09-30": "6.74710", "2007-06-30": "6.22390", "2007-03-31": "13.01550", "2006-12-31": "4.41260", "2006-09-30": "6.60840", "2006-06-30": "7.07060", "2006-03-31": "6.37410", "2005-12-31": "3.92750", "2005-09-30": "4.75430", "2005-06-30": "11.36290", "2005-03-31": "6.38840"}, "Net Profit Margin": {"2020-09-30": "13.93860", "2020-06-30": "17.95040", "2020-03-31": "8.54490", "2019-12-31": "35.66720", "2019-09-30": "18.70000", "2019-06-30": "14.97210", "2019-03-31": "15.63840", "2018-12-31": "15.16020", "2018-09-30": "13.06170", "2018-06-30": "15.09590", "2018-03-31": "12.45980", "2017-12-31": "32.01360", "2017-09-30": "29.58970", "2017-06-30": "12.38090", "2017-03-31": "10.81610", "2016-12-31": "12.72110", "2016-09-30": "30.43680", "2016-06-30": "16.58270", "2016-03-31": "16.13770", "2015-12-31": "16.32390", "2015-09-30": "35.01320", "2015-06-30": "52.64730", "2015-03-31": "23.69620", "2014-12-31": "13.59430", "2014-09-30": "26.83610", "2014-06-30": "12.88720", "2014-03-31": "6.10550", "2013-12-31": "-3.85750", "2013-09-30": "32.70460", "2013-06-30": "44.83200", "2013-03-31": "16.55720", "2012-12-31": "19.00020", "2012-09-30": "25.05560", "2012-06-30": "23.66230", "2012-03-31": "20.54420", "2011-12-31": "21.48310", "2011-09-30": "12.50080", "2011-06-30": "6.92900", "2011-03-31": "8.42730", "2010-12-31": "8.32150", "2010-09-30": "3.51310", "2010-06-30": "1.40560", "2010-03-31": "6.35720", "2009-12-31": "6.68200", "2009-09-30": "3.58110", "2009-06-30": "7.32960", "2009-03-31": "8.45900", "2008-12-31": "4.80360", "2008-09-30": "3.17400", "2008-06-30": "5.93530", "2008-03-31": "4.91800", "2007-12-31": "4.35410", "2007-09-30": "9.51000", "2007-06-30": "6.48540", "2007-03-31": "9.21630", "2006-12-31": "1.02150", "2006-09-30": "2.60270", "2006-06-30": "3.00900", "2006-03-31": "2.11390", "2005-12-31": "0.15940", "2005-09-30": "0.16680", "2005-06-30": "6.28540", "2005-03-31": "0.85500"}, "Asset Turnover": {"2020-09-30": "0.03800", "2020-06-30": "0.03710", "2020-03-31": "0.03750", "2019-12-31": "0.03710", "2019-09-30": "0.03700", "2019-06-30": "0.03610", "2019-03-31": "0.03550", "2018-12-31": "0.03520", "2018-09-30": "0.03480", "2018-06-30": "0.03410", "2018-03-31": "0.03380", "2017-12-31": "0.03330", "2017-09-30": "0.03330", "2017-06-30": "0.03320", "2017-03-31": "0.03280", "2016-12-31": "0.02650", "2016-09-30": "0.04020", "2016-06-30": "0.03960", "2016-03-31": "0.03940", "2015-12-31": "0.03850", "2015-09-30": "0.03800", "2015-06-30": "0.03780", "2015-03-31": "0.03800", "2014-12-31": "0.03720", "2014-09-30": "0.03680", "2014-06-30": "0.03620", "2014-03-31": "0.03590", "2013-12-31": "0.03510", "2013-09-30": "0.04470", "2013-06-30": "0.04650", "2013-03-31": "0.04610", "2012-12-31": "0.04270", "2012-09-30": "0.04440", "2012-06-30": "0.04580", "2012-03-31": "0.04600", "2011-12-31": "0.03450", "2011-09-30": "0.04570", "2011-06-30": "0.04630", "2011-03-31": "0.04770", "2010-12-31": "0.03830", "2010-09-30": "0.04610", "2010-06-30": "0.04920", "2010-03-31": "0.04980", "2009-12-31": "0.04590", "2009-09-30": "0.04970", "2009-06-30": "0.04970", "2009-03-31": "0.04830", "2008-12-31": "0.04890", "2008-09-30": "0.04750", "2008-06-30": "0.04970", "2008-03-31": "0.05040", "2007-12-31": "0.04890", "2007-09-30": "0.04940", "2007-06-30": "0.04930", "2007-03-31": "0.04900", "2006-12-31": "0.04520", "2006-09-30": "0.04770", "2006-06-30": "0.04890", "2006-03-31": "0.04790", "2005-12-31": "0.04720", "2005-09-30": "0.04760", "2005-06-30": "0.04770", "2005-03-31": "0.04610"}, "Inventory Turnover Ratio": {"2020-09-30": "", "2020-06-30": "", "2020-03-31": "", "2019-12-31": "", "2019-09-30": "", "2019-06-30": "", "2019-03-31": "", "2018-12-31": "", "2018-09-30": "", "2018-06-30": "", "2018-03-31": "", "2017-12-31": "", "2017-09-30": "", "2017-06-30": "", "2017-03-31": "", "2016-12-31": "", "2016-09-30": "", "2016-06-30": "", "2016-03-31": "", "2015-12-31": "", "2015-09-30": "", "2015-06-30": "", "2015-03-31": "", "2014-12-31": "", "2014-09-30": "", "2014-06-30": "", "2014-03-31": "", "2013-12-31": "", "2013-09-30": "", "2013-06-30": "", "2013-03-31": "", "2012-12-31": "", "2012-09-30": "", "2012-06-30": "", "2012-03-31": "", "2011-12-31": "", "2011-09-30": "", "2011-06-30": "", "2011-03-31": "", "2010-12-31": "", "2010-09-30": "", "2010-06-30": "", "2010-03-31": "", "2009-12-31": "", "2009-09-30": "", "2009-06-30": "", "2009-03-31": "", "2008-12-31": "", "2008-09-30": "", "2008-06-30": "", "2008-03-31": "", "2007-12-31": "", "2007-09-30": "", "2007-06-30": "", "2007-03-31": "", "2006-12-31": "", "2006-09-30": "", "2006-06-30": "", "2006-03-31": "", "2005-12-31": "", "2005-09-30": "", "2005-06-30": "", "2005-03-31": ""}, "Receiveable Turnover": {"2020-09-30": "", "2020-06-30": "", "2020-03-31": "", "2019-12-31": "", "2019-09-30": "", "2019-06-30": "", "2019-03-31": "", "2018-12-31": "", "2018-09-30": "", "2018-06-30": "", "2018-03-31": "", "2017-12-31": "", "2017-09-30": "", "2017-06-30": "", "2017-03-31": "", "2016-12-31": "", "2016-09-30": "", "2016-06-30": "", "2016-03-31": "", "2015-12-31": "", "2015-09-30": "", "2015-06-30": "", "2015-03-31": "", "2014-12-31": "", "2014-09-30": "", "2014-06-30": "", "2014-03-31": "", "2013-12-31": "", "2013-09-30": "", "2013-06-30": "", "2013-03-31": "", "2012-12-31": "", "2012-09-30": "", "2012-06-30": "", "2012-03-31": "", "2011-12-31": "", "2011-09-30": "", "2011-06-30": "", "2011-03-31": "", "2010-12-31": "", "2010-09-30": "", "2010-06-30": "", "2010-03-31": "", "2009-12-31": "", "2009-09-30": "", "2009-06-30": "", "2009-03-31": "", "2008-12-31": "", "2008-09-30": "", "2008-06-30": "", "2008-03-31": "", "2007-12-31": "", "2007-09-30": "", "2007-06-30": "", "2007-03-31": "", "2006-12-31": "", "2006-09-30": "", "2006-06-30": "", "2006-03-31": "", "2005-12-31": "", "2005-09-30": "", "2005-06-30": "", "2005-03-31": ""}, "Days Sales In Receivables": {"2020-09-30": "", "2020-06-30": "", "2020-03-31": "", "2019-12-31": "", "2019-09-30": "", "2019-06-30": "", "2019-03-31": "", "2018-12-31": "", "2018-09-30": "", "2018-06-30": "", "2018-03-31": "", "2017-12-31": "", "2017-09-30": "", "2017-06-30": "", "2017-03-31": "", "2016-12-31": "", "2016-09-30": "", "2016-06-30": "", "2016-03-31": "", "2015-12-31": "", "2015-09-30": "", "2015-06-30": "", "2015-03-31": "", "2014-12-31": "", "2014-09-30": "", "2014-06-30": "", "2014-03-31": "", "2013-12-31": "", "2013-09-30": "", "2013-06-30": "", "2013-03-31": "", "2012-12-31": "", "2012-09-30": "", "2012-06-30": "", "2012-03-31": "", "2011-12-31": "", "2011-09-30": "", "2011-06-30": "", "2011-03-31": "", "2010-12-31": "", "2010-09-30": "", "2010-06-30": "", "2010-03-31": "", "2009-12-31": "", "2009-09-30": "", "2009-06-30": "", "2009-03-31": "", "2008-12-31": "", "2008-09-30": "", "2008-06-30": "", "2008-03-31": "", "2007-12-31": "", "2007-09-30": "", "2007-06-30": "", "2007-03-31": "", "2006-12-31": "", "2006-09-30": "", "2006-06-30": "", "2006-03-31": "", "2005-12-31": "", "2005-09-30": "", "2005-06-30": "", "2005-03-31": ""}, "ROE - Return On Equity": {"2020-09-30": "1.01380", "2020-06-30": "1.25950", "2020-03-31": "0.61060", "2019-12-31": "2.46540", "2019-09-30": "1.30610", "2019-06-30": "1.02260", "2019-03-31": "1.04280", "2018-12-31": "0.99680", "2018-09-30": "0.85060", "2018-06-30": "0.95660", "2018-03-31": "0.77940", "2017-12-31": "1.94720", "2017-09-30": "1.81600", "2017-06-30": "0.76780", "2017-03-31": "0.65910", "2016-12-31": "0.63320", "2016-09-30": "2.82460", "2016-06-30": "1.52690", "2016-03-31": "1.46110", "2015-12-31": "1.43670", "2015-09-30": "3.05320", "2015-06-30": "4.57860", "2015-03-31": "2.11820", "2014-12-31": "1.20940", "2014-09-30": "2.30260", "2014-06-30": "1.09220", "2014-03-31": "0.31910", "2013-12-31": "-0.48310", "2013-09-30": "1.58220", "2013-06-30": "1.60250", "2013-03-31": "2.10150", "2012-12-31": "1.65410", "2012-09-30": "1.63550", "2012-06-30": "1.75850", "2012-03-31": "1.76090", "2011-12-31": "0.57880", "2011-09-30": "1.28540", "2011-06-30": "1.09930", "2011-03-31": "1.38640", "2010-12-31": "0.98020", "2010-09-30": "1.41570", "2010-06-30": "1.36680", "2010-03-31": "2.11200", "2009-12-31": "1.44760", "2009-09-30": "1.45820", "2009-06-30": "2.07310", "2009-03-31": "2.27870", "2008-12-31": "1.71980", "2008-09-30": "1.28700", "2008-06-30": "1.93860", "2008-03-31": "2.09980", "2007-12-31": "2.64830", "2007-09-30": "1.40070", "2007-06-30": "1.18090", "2007-03-31": "2.45800", "2006-12-31": "0.78230", "2006-09-30": "1.26370", "2006-06-30": "1.30850", "2006-03-31": "1.33360", "2005-12-31": "0.80890", "2005-09-30": "1.02820", "2005-06-30": "2.35830", "2005-03-31": "1.26950"}, "Return On Tangible Equity": {"2020-09-30": "1.01380", "2020-06-30": "1.25950", "2020-03-31": "0.61060", "2019-12-31": "2.46540", "2019-09-30": "1.30610", "2019-06-30": "1.02260", "2019-03-31": "1.04280", "2018-12-31": "0.99680", "2018-09-30": "0.85060", "2018-06-30": "0.95660", "2018-03-31": "0.77940", "2017-12-31": "1.94720", "2017-09-30": "1.81630", "2017-06-30": "0.76800", "2017-03-31": "0.65930", "2016-12-31": "0.63320", "2016-09-30": "2.82600", "2016-06-30": "1.52770", "2016-03-31": "1.46180", "2015-12-31": "1.43740", "2015-09-30": "3.05480", "2015-06-30": "4.58100", "2015-03-31": "2.11980", "2014-12-31": "1.21030", "2014-09-30": "2.30440", "2014-06-30": "1.09370", "2014-03-31": "0.31950", "2013-12-31": "-0.48380", "2013-09-30": "1.58850", "2013-06-30": "1.60900", "2013-03-31": "2.11050", "2012-12-31": "1.66130", "2012-09-30": "1.64270", "2012-06-30": "1.76690", "2012-03-31": "1.76930", "2011-12-31": "0.58200", "2011-09-30": "1.29330", "2011-06-30": "1.10640", "2011-03-31": "1.39560", "2010-12-31": "0.98770", "2010-09-30": "1.42780", "2010-06-30": "1.37810", "2010-03-31": "2.13040", "2009-12-31": "1.46060", "2009-09-30": "1.47150", "2009-06-30": "2.09210", "2009-03-31": "2.29990", "2008-12-31": "1.73560", "2008-09-30": "1.29800", "2008-06-30": "1.95550", "2008-03-31": "2.12220", "2007-12-31": "2.67530", "2007-09-30": "1.41420", "2007-06-30": "1.19140", "2007-03-31": "2.48030", "2006-12-31": "0.79020", "2006-09-30": "1.27850", "2006-06-30": "1.32380", "2006-03-31": "1.35190", "2005-12-31": "0.82020", "2005-09-30": "1.04320", "2005-06-30": "2.39250", "2005-03-31": "1.25290"}, "ROA - Return On Assets": {"2020-09-30": "0.55740", "2020-06-30": "0.69830", "2020-03-31": "0.34020", "2019-12-31": "1.38070", "2019-09-30": "0.72420", "2019-06-30": "0.56890", "2019-03-31": "0.58350", "2018-12-31": "0.56090", "2018-09-30": "0.47910", "2018-06-30": "0.54150", "2018-03-31": "0.44510", "2017-12-31": "1.11390", "2017-09-30": "1.03150", "2017-06-30": "0.43480", "2017-03-31": "0.37560", "2016-12-31": "0.36240", "2016-09-30": "1.29200", "2016-06-30": "0.69340", "2016-03-31": "0.67090", "2015-12-31": "0.66250", "2015-09-30": "1.40590", "2015-06-30": "2.10240", "2015-03-31": "0.95120", "2014-12-31": "0.54100", "2014-09-30": "1.04420", "2014-06-30": "0.49230", "2014-03-31": "0.14470", "2013-12-31": "-0.21990", "2013-09-30": "0.53820", "2013-06-30": "0.57210", "2013-03-31": "0.72880", "2012-12-31": "0.56830", "2012-09-30": "0.54520", "2012-06-30": "0.58590", "2012-03-31": "0.60180", "2011-12-31": "0.17000", "2011-09-30": "0.36150", "2011-06-30": "0.30430", "2011-03-31": "0.39250", "2010-12-31": "0.24350", "2010-09-30": "0.31390", "2010-06-30": "0.34060", "2010-03-31": "0.50350", "2009-12-31": "0.33020", "2009-09-30": "0.34280", "2009-06-30": "0.48510", "2009-03-31": "0.51510", "2008-12-31": "0.39600", "2008-09-30": "0.31030", "2008-06-30": "0.49260", "2008-03-31": "0.44840", "2007-12-31": "0.59520", "2007-09-30": "0.33330", "2007-06-30": "0.30670", "2007-03-31": "0.63830", "2006-12-31": "0.19960", "2006-09-30": "0.31510", "2006-06-30": "0.34590", "2006-03-31": "0.30500", "2005-12-31": "0.18560", "2005-09-30": "0.22610", "2005-06-30": "0.54190", "2005-03-31": "0.29460"}, "ROI - Return On Investment": {"2020-09-30": "0.58830", "2020-06-30": "0.73020", "2020-03-31": "0.35470", "2019-12-31": "1.44320", "2019-09-30": "0.76040", "2019-06-30": "0.59320", "2019-03-31": "0.60660", "2018-12-31": "0.58270", "2018-09-30": "0.50020", "2018-06-30": "0.56200", "2018-03-31": "0.46120", "2017-12-31": "1.15570", "2017-09-30": "1.07720", "2017-06-30": "0.45160", "2017-03-31": "0.38960", "2016-12-31": "0.37750", "2016-09-30": "1.35080", "2016-06-30": "0.72070", "2016-03-31": "0.69630", "2015-12-31": "0.68890", "2015-09-30": "1.46790", "2015-06-30": "2.18500", "2015-03-31": "0.99000", "2014-12-31": "0.56230", "2014-09-30": "1.08870", "2014-06-30": "0.51110", "2014-03-31": "0.15010", "2013-12-31": "-0.22840", "2013-09-30": "0.56390", "2013-06-30": "0.59980", "2013-03-31": "0.76210", "2012-12-31": "0.59690", "2012-09-30": "0.57510", "2012-06-30": "0.62020", "2012-03-31": "0.63270", "2011-12-31": "0.17980", "2011-09-30": "0.38470", "2011-06-30": "0.32340", "2011-03-31": "0.41640", "2010-12-31": "0.25970", "2010-09-30": "0.33750", "2010-06-30": "0.36560", "2010-03-31": "0.53960", "2009-12-31": "0.35410", "2009-09-30": "0.37160", "2009-06-30": "0.52210", "2009-03-31": "0.55730", "2008-12-31": "0.43110", "2008-09-30": "0.33440", "2008-06-30": "0.52990", "2008-03-31": "0.48730", "2007-12-31": "0.63740", "2007-09-30": "0.35650", "2007-06-30": "0.32670", "2007-03-31": "0.67710", "2006-12-31": "0.21230", "2006-09-30": "0.33280", "2006-06-30": "0.36250", "2006-03-31": "0.31810", "2005-12-31": "0.19510", "2005-09-30": "0.23960", "2005-06-30": "0.57380", "2005-03-31": "0.30800"}, "Book Value Per Share": {"2020-09-30": "53.50400", "2020-06-30": "53.96390", "2020-03-31": "54.38940", "2019-12-31": "55.05190", "2019-09-30": "54.67550", "2019-06-30": "55.00140", "2019-03-31": "55.52600", "2018-12-31": "55.97300", "2018-09-30": "56.49740", "2018-06-30": "56.93340", "2018-03-31": "57.32440", "2017-12-31": "57.84690", "2017-09-30": "57.65030", "2017-06-30": "57.49810", "2017-03-31": "57.99540", "2016-12-31": "58.51140", "2016-09-30": "41.66610", "2016-06-30": "41.30240", "2016-03-31": "41.52350", "2015-12-31": "41.87600", "2015-09-30": "42.07170", "2015-06-30": "41.68870", "2015-03-31": "40.52550", "2014-12-31": "40.54590", "2014-09-30": "40.88050", "2014-06-30": "40.65700", "2014-03-31": "41.02370", "2013-12-31": "41.60760", "2013-09-30": "24.09690", "2013-06-30": "23.67550", "2013-03-31": "22.54560", "2012-12-31": "22.33460", "2012-09-30": "22.07210", "2012-06-30": "21.06920", "2012-03-31": "21.09720", "2011-12-31": "19.08320", "2011-09-30": "17.93310", "2011-06-30": "17.23920", "2011-03-31": "17.05480", "2010-12-31": "15.50370", "2010-09-30": "14.32190", "2010-06-30": "15.41550", "2010-03-31": "15.71240", "2009-12-31": "15.57750", "2009-09-30": "15.58870", "2009-06-30": "15.78910", "2009-03-31": "15.54010", "2008-12-31": "15.68170", "2008-09-30": "16.95380", "2008-06-30": "17.02560", "2008-03-31": "14.70410", "2007-12-31": "15.58990", "2007-09-30": "16.65730", "2007-06-30": "17.93120", "2007-03-31": "17.74700", "2006-12-31": "17.75990", "2006-09-30": "17.55180", "2006-06-30": "17.95010", "2006-03-31": "16.35240", "2005-12-31": "16.44260", "2005-09-30": "15.93220", "2005-06-30": "16.24050", "2005-03-31": "17.38540"}, "Operating Cash Flow Per Share": {"2020-09-30": 2.2204, "2020-06-30": 2.0019, "2020-03-31": "1.40270", "2019-12-31": 1.4023, "2019-09-30": 2.2158, "2019-06-30": 1.8721, "2019-03-31": "1.35760", "2018-12-31": 1.1738, "2018-09-30": 2.0795, "2018-06-30": 1.8518, "2018-03-31": "1.34530", "2017-12-31": 0.9076, "2017-09-30": 2.0776, "2017-06-30": 1.7008, "2017-03-31": "1.12650", "2016-12-31": 0.9861, "2016-09-30": 2.0043, "2016-06-30": 1.7857, "2016-03-31": "1.37880", "2015-12-31": 1.3601, "2015-09-30": 1.7948, "2015-06-30": 1.6448, "2015-03-31": "1.36880", "2014-12-31": 1.1781, "2014-09-30": 1.4483, "2014-06-30": 1.229, "2014-03-31": "1.28420", "2013-12-31": 0.912, "2013-09-30": 1.3902, "2013-06-30": 1.6082, "2013-03-31": "0.95400", "2012-12-31": 1.2573, "2012-09-30": 1.1977, "2012-06-30": 1.5458, "2012-03-31": "0.91260", "2011-12-31": 1.12, "2011-09-30": 1.1412, "2011-06-30": 1.3208, "2011-03-31": "0.82580", "2010-12-31": 0.9917, "2010-09-30": 1.0153, "2010-06-30": 1.3165, "2010-03-31": "0.86060", "2009-12-31": 1.0309, "2009-09-30": 1.2825, "2009-06-30": 1.4876, "2009-03-31": "1.13570", "2008-12-31": 1.3022, "2008-09-30": 1.2214, "2008-06-30": 1.4289, "2008-03-31": "1.20900", "2007-12-31": 1.156, "2007-09-30": 1.1822, "2007-06-30": 1.5161, "2007-03-31": "0.79520", "2006-12-31": 1.1264, "2006-09-30": 0.6012, "2006-06-30": 1.6389, "2006-03-31": "0.95720", "2005-12-31": 1.0787, "2005-09-30": 0.9515, "2005-06-30": 1.6085, "2005-03-31": "0.93410"}, "Free Cash Flow Per Share": {"2020-09-30": 1.4022, "2020-06-30": 1.0656, "2020-03-31": "0.62460", "2019-12-31": 1.3418, "2019-09-30": 1.4433, "2019-06-30": 1.1239, "2019-03-31": "0.89350", "2018-12-31": 0.4873, "2018-09-30": 1.5041, "2018-06-30": 0.3187, "2018-03-31": "0.94080", "2017-12-31": 0.4651, "2017-09-30": 2.1249, "2017-06-30": 0.7867, "2017-03-31": "-0.13900", "2016-12-31": 1.0025, "2016-09-30": 1.5968, "2016-06-30": 0.1912, "2016-03-31": "0.48680", "2015-12-31": -0.2354, "2015-09-30": 1.6076, "2015-06-30": 1.9585, "2015-03-31": "1.02610", "2014-12-31": -1.2114, "2014-09-30": 2.1935, "2014-06-30": -0.5904, "2014-03-31": "1.48560", "2013-12-31": -0.514, "2013-09-30": 1.9112, "2013-06-30": 1.3035, "2013-03-31": "-0.31870", "2012-12-31": 0.7768, "2012-09-30": -3.2466, "2012-06-30": -1.1638, "2012-03-31": "0.60120", "2011-12-31": -2.0226, "2011-09-30": -1.2186, "2011-06-30": -3.2652, "2011-03-31": "-0.39520", "2010-12-31": -1.2438, "2010-09-30": -2.8435, "2010-06-30": -1.4908, "2010-03-31": "2.13560", "2009-12-31": -2.5637, "2009-09-30": 0.7166, "2009-06-30": 0.4228, "2009-03-31": "1.03490", "2008-12-31": 0.4267, "2008-09-30": -3.0311, "2008-06-30": -0.6951, "2008-03-31": "-0.30220", "2007-12-31": 0.5068, "2007-09-30": -0.8466, "2007-06-30": -0.0196, "2007-03-31": "0.36620", "2006-12-31": -1.0799, "2006-09-30": -3.1677, "2006-06-30": 0.1016, "2006-03-31": "-1.71960", "2005-12-31": 0.6052, "2005-09-30": -1.9049, "2005-06-30": 1.7466, "2005-03-31": "-1.48850"}}, "revenue": {"Mid-America Apartment Communities Annual Revenue (Millions of US $)": {"2020": "$1,678", "2019": "$1,641", "2018": "$1,571", "2017": "$1,529", "2016": "$1,125", "2015": "$1,043", "2014": "$992", "2013": "$635", "2012": "$476", "2011": "$410", "2010": "$380", "2009": "$374", "2008": "$370", "2007": "$347", "2006": "$318", "2005": "$294"}, "Mid-America Apartment Communities Quarterly Revenue (Millions of US $)": {"2020-12-31": "$424", "2020-09-30": "$423", "2020-06-30": "$413", "2020-03-31": "$418", "2019-12-31": "$417", "2019-09-30": "$416", "2019-06-30": "$407", "2019-03-31": "$401", "2018-12-31": "$398", "2018-09-30": "$397", "2018-06-30": "$390", "2018-03-31": "$386", "2017-12-31": "$383", "2017-09-30": "$385", "2017-06-30": "$383", "2017-03-31": "$379", "2016-12-31": "$307", "2016-09-30": "$277", "2016-06-30": "$272", "2016-03-31": "$269", "2015-12-31": "$263", "2015-09-30": "$262", "2015-06-30": "$259", "2015-03-31": "$259", "2014-12-31": "$254", "2014-09-30": "$250", "2014-06-30": "$245", "2014-03-31": "$243", "2013-12-31": "$240", "2013-09-30": "$135", "2013-06-30": "$132", "2013-03-31": "$128", "2012-12-31": "$117", "2012-09-30": "$123", "2012-06-30": "$119", "2012-03-31": "$116", "2011-12-31": "$87", "2011-09-30": "$110", "2011-06-30": "$107", "2011-03-31": "$105", "2010-12-31": "$83", "2010-09-30": "$101", "2010-06-30": "$98", "2010-03-31": "$97", "2009-12-31": "$91", "2009-09-30": "$95", "2009-06-30": "$95", "2009-03-31": "$94", "2008-12-31": "$94", "2008-09-30": "$94", "2008-06-30": "$91", "2008-03-31": "$91", "2007-12-31": "$87", "2007-09-30": "$88", "2007-06-30": "$87", "2007-03-31": "$85", "2006-12-31": "$79", "2006-09-30": "$82", "2006-06-30": "$80", "2006-03-31": "$77", "2005-12-31": "$75", "2005-09-30": "$75", "2005-06-30": "$73", "2005-03-31": "$72"}}, "gross-profit": {"Mid-America Apartment Communities Annual Gross Profit (Millions of US $)": {"2020": "$985", "2019": "$973", "2018": "$929", "2017": "$909", "2016": "$668", "2015": "$611", "2014": "$595", "2013": "$382", "2012": "$294", "2011": "$247", "2010": "$225", "2009": "$220", "2008": "$217", "2007": "$203", "2006": "$187", "2005": "$173"}, "Mid-America Apartment Communities Quarterly Gross Profit (Millions of US $)": {"2020-12-31": "$250", "2020-09-30": "$241", "2020-06-30": "$244", "2020-03-31": "$250", "2019-12-31": "$253", "2019-09-30": "$242", "2019-06-30": "$240", "2019-03-31": "$238", "2018-12-31": "$239", "2018-09-30": "$231", "2018-06-30": "$230", "2018-03-31": "$229", "2017-12-31": "$231", "2017-09-30": "$225", "2017-06-30": "$226", "2017-03-31": "$227", "2016-12-31": "$165", "2016-09-30": "$169", "2016-06-30": "$168", "2016-03-31": "$166", "2015-12-31": "$136", "2015-09-30": "$160", "2015-06-30": "$158", "2015-03-31": "$157", "2014-12-31": "$156", "2014-09-30": "$148", "2014-06-30": "$145", "2014-03-31": "$147", "2013-12-31": "$135", "2013-09-30": "$84", "2013-06-30": "$83", "2013-03-31": "$81", "2012-12-31": "$75", "2012-09-30": "$75", "2012-06-30": "$73", "2012-03-31": "$71", "2011-12-31": "$54", "2011-09-30": "$66", "2011-06-30": "$64", "2011-03-31": "$63", "2010-12-31": "$51", "2010-09-30": "$59", "2010-06-30": "$58", "2010-03-31": "$57", "2009-12-31": "$54", "2009-09-30": "$54", "2009-06-30": "$56", "2009-03-31": "$55", "2008-12-31": "$56", "2008-09-30": "$54", "2008-06-30": "$53", "2008-03-31": "$54", "2007-12-31": "$52", "2007-09-30": "$52", "2007-06-30": "$50", "2007-03-31": "$49", "2006-12-31": "$45", "2006-09-30": "$47", "2006-06-30": "$48", "2006-03-31": "$47", "2005-12-31": "$44", "2005-09-30": "$44", "2005-06-30": "$43", "2005-03-31": "$43"}}, "operating-income": {"Mid-America Apartment Communities Annual Operating Income (Millions of US $)": {"2020": "$428", "2019": "$430", "2018": "$395", "2017": "$355", "2016": "$275", "2015": "$291", "2014": "$230", "2013": "$150", "2012": "$124", "2011": "$89", "2010": "$85", "2009": "$93", "2008": "$96", "2007": "$92", "2006": "$85", "2005": "$75"}, "Mid-America Apartment Communities Quarterly Operating Income (Millions of US $)": {"2020-12-31": "$109", "2020-09-30": "$102", "2020-06-30": "$106", "2020-03-31": "$111", "2019-12-31": "$115", "2019-09-30": "$107", "2019-06-30": "$105", "2019-03-31": "$103", "2018-12-31": "$108", "2018-09-30": "$98", "2018-06-30": "$95", "2018-03-31": "$94", "2017-12-31": "$96", "2017-09-30": "$95", "2017-06-30": "$86", "2017-03-31": "$78", "2016-12-31": "$47", "2016-09-30": "$74", "2016-06-30": "$78", "2016-03-31": "$77", "2015-12-31": "$80", "2015-09-30": "$73", "2015-06-30": "$69", "2015-03-31": "$69", "2014-12-31": "$66", "2014-09-30": "$64", "2014-06-30": "$59", "2014-03-31": "$41", "2013-12-31": "$37", "2013-09-30": "$38", "2013-06-30": "$38", "2013-03-31": "$37", "2012-12-31": "$33", "2012-09-30": "$31", "2012-06-30": "$31", "2012-03-31": "$29", "2011-12-31": "$18", "2011-09-30": "$25", "2011-06-30": "$22", "2011-03-31": "$24", "2010-12-31": "$16", "2010-09-30": "$22", "2010-06-30": "$24", "2010-03-31": "$24", "2009-12-31": "$22", "2009-09-30": "$22", "2009-06-30": "$25", "2009-03-31": "$25", "2008-12-31": "$24", "2008-09-30": "$23", "2008-06-30": "$24", "2008-03-31": "$25", "2007-12-31": "$24", "2007-09-30": "$24", "2007-06-30": "$22", "2007-03-31": "$22", "2006-12-31": "$20", "2006-09-30": "$22", "2006-06-30": "$22", "2006-03-31": "$22", "2005-12-31": "$19", "2005-09-30": "$18", "2005-06-30": "$19", "2005-03-31": "$19"}}, "ebitda": {"Mid-America Apartment Communities Annual EBITDA (Millions of US $)": {"2019": "$934", "2018": "$881", "2017": "$840", "2016": "$589", "2015": "$570", "2014": "$511", "2013": "$334", "2012": "$255", "2011": "$208", "2010": "$192", "2009": "$191", "2008": "$188", "2007": "$178", "2006": "$165", "2005": "$149"}, "Mid-America Apartment Communities Quarterly EBITDA (Millions of US $)": {"2020-09-30": "$231", "2020-06-30": "$235", "2020-03-31": "$238", "2019-12-31": "$241", "2019-09-30": "$233", "2019-06-30": "$231", "2019-03-31": "$228", "2018-12-31": "$229", "2018-09-30": "$222", "2018-06-30": "$217", "2018-03-31": "$214", "2017-12-31": "$214", "2017-09-30": "$211", "2017-06-30": "$210", "2017-03-31": "$205", "2016-12-31": "$140", "2016-09-30": "$148", "2016-06-30": "$151", "2016-03-31": "$149", "2015-12-31": "$151", "2015-09-30": "$142", "2015-06-30": "$139", "2015-03-31": "$138", "2014-12-31": "$133", "2014-09-30": "$130", "2014-06-30": "$122", "2014-03-31": "$125", "2013-12-31": "$119", "2013-09-30": "$71", "2013-06-30": "$72", "2013-03-31": "$71", "2012-12-31": "$67", "2012-09-30": "$64", "2012-06-30": "$64", "2012-03-31": "$61", "2011-12-31": "$50", "2011-09-30": "$55", "2011-06-30": "$51", "2011-03-31": "$52", "2010-12-31": "$44", "2010-09-30": "$49", "2010-06-30": "$49", "2010-03-31": "$49", "2009-12-31": "$47", "2009-09-30": "$46", "2009-06-30": "$49", "2009-03-31": "$49", "2008-12-31": "$49", "2008-09-30": "$46", "2008-06-30": "$46", "2008-03-31": "$47", "2007-12-31": "$47", "2007-09-30": "$45", "2007-06-30": "$43", "2007-03-31": "$43", "2006-12-31": "$42", "2006-09-30": "$41", "2006-06-30": "$41", "2006-03-31": "$41", "2005-12-31": "$38", "2005-09-30": "$37", "2005-06-30": "$37", "2005-03-31": "$37"}}, "net-income": {"Mid-America Apartment Communities Annual Net Income (Millions of US $)": {"2020": "$251", "2019": "$350", "2018": "$219", "2017": "$325", "2016": "$212", "2015": "$332", "2014": "$148", "2013": "$115", "2012": "$105", "2011": "$49", "2010": "$18", "2009": "$24", "2008": "$17", "2007": "$26", "2006": "$7", "2005": "$5"}, "Mid-America Apartment Communities Quarterly Net Income (Millions of US $)": {"2020-12-31": "$82", "2020-09-30": "$59", "2020-06-30": "$74", "2020-03-31": "$36", "2019-12-31": "$149", "2019-09-30": "$78", "2019-06-30": "$61", "2019-03-31": "$63", "2018-12-31": "$60", "2018-09-30": "$52", "2018-06-30": "$59", "2018-03-31": "$48", "2017-12-31": "$123", "2017-09-30": "$114", "2017-06-30": "$47", "2017-03-31": "$41", "2016-12-31": "$39", "2016-09-30": "$84", "2016-06-30": "$45", "2016-03-31": "$43", "2015-12-31": "$43", "2015-09-30": "$92", "2015-06-30": "$136", "2015-03-31": "$61", "2014-12-31": "$35", "2014-09-30": "$67", "2014-06-30": "$32", "2014-03-31": "$15", "2013-12-31": "$-9", "2013-09-30": "$44", "2013-06-30": "$59", "2013-03-31": "$21", "2012-12-31": "$22", "2012-09-30": "$31", "2012-06-30": "$28", "2012-03-31": "$24", "2011-12-31": "$19", "2011-09-30": "$14", "2011-06-30": "$7", "2011-03-31": "$9", "2010-12-31": "$7", "2010-09-30": "$4", "2010-06-30": "$1", "2010-03-31": "$6", "2009-12-31": "$6", "2009-09-30": "$3", "2009-06-30": "$7", "2009-03-31": "$8", "2008-12-31": "$5", "2008-09-30": "$3", "2008-06-30": "$5", "2008-03-31": "$4", "2007-12-31": "$4", "2007-09-30": "$8", "2007-06-30": "$6", "2007-03-31": "$8", "2006-12-31": "$1", "2006-09-30": "$2", "2006-06-30": "$2", "2006-03-31": "$2", "2005-12-31": "$0", "2005-09-30": "$0", "2005-06-30": "$5", "2005-03-31": "$1"}}, "eps-earnings-per-share-diluted": {"Mid-America Apartment Communities Annual EPS": {"2020": "$2.19", "2019": "$3.07", "2018": "$1.93", "2017": "$2.86", "2016": "$2.69", "2015": "$4.41", "2014": "$1.97", "2013": "$2.25", "2012": "$2.56", "2011": "$1.31", "2010": "$0.56", "2009": "$0.85", "2008": "$0.64", "2007": "$1.01", "2006": "$0.29", "2005": "$0.25"}, "Mid-America Apartment Communities Quarterly EPS": {"2020-12-31": "$0.72", "2020-09-30": "$0.52", "2020-06-30": "$0.65", "2020-03-31": "$0.31", "2019-12-31": "$1.31", "2019-09-30": "$0.68", "2019-06-30": "$0.53", "2019-03-31": "$0.55", "2018-12-31": "$0.53", "2018-09-30": "$0.46", "2018-06-30": "$0.52", "2018-03-31": "$0.42", "2017-12-31": "$1.08", "2017-09-30": "$1.00", "2017-06-30": "$0.42", "2017-03-31": "$0.36", "2016-12-31": "$0.39", "2016-09-30": "$1.12", "2016-06-30": "$0.60", "2016-03-31": "$0.58", "2015-12-31": "$0.57", "2015-09-30": "$1.22", "2015-06-30": "$1.81", "2015-03-31": "$0.81", "2014-12-31": "$0.46", "2014-09-30": "$0.89", "2014-06-30": "$0.42", "2014-03-31": "$0.20", "2013-12-31": "$-0.66", "2013-09-30": "$1.04", "2013-06-30": "$1.37", "2013-03-31": "$0.50", "2012-12-31": "$0.53", "2012-09-30": "$0.74", "2012-06-30": "$0.69", "2012-03-31": "$0.60", "2011-12-31": "$0.50", "2011-09-30": "$0.37", "2011-06-30": "$0.20", "2011-03-31": "$0.24", "2010-12-31": "$0.20", "2010-09-30": "$0.11", "2010-06-30": "$0.04", "2010-03-31": "$0.21", "2009-12-31": "$0.20", "2009-09-30": "$0.12", "2009-06-30": "$0.25", "2009-03-31": "$0.28", "2008-12-31": "$0.16", "2008-09-30": "$0.11", "2008-06-30": "$0.20", "2008-03-31": "$0.17", "2007-12-31": "$0.15", "2007-09-30": "$0.33", "2007-06-30": "$0.22", "2007-03-31": "$0.31", "2006-12-31": "$0.03", "2006-09-30": "$0.09", "2006-06-30": "$0.10", "2006-03-31": "$0.07", "2005-12-31": "$0.00", "2005-09-30": "$0.01", "2005-06-30": "$0.21", "2005-03-31": "$0.03"}}, "shares-outstanding": {"Mid-America Apartment Communities Annual Shares Outstanding (Millions of Shares)": {"2020": "115", "2019": "114", "2018": "114", "2017": "114", "2016": "79", "2015": "75", "2014": "75", "2013": "53", "2012": "43", "2011": "39", "2010": "32", "2009": "28", "2008": "27", "2007": "26", "2006": "24", "2005": "22"}, "Mid-America Apartment Communities Quarterly Shares Outstanding (Millions of Shares)": {"2020-12-31": "115", "2020-09-30": "114", "2020-06-30": "114", "2020-03-31": "114", "2019-12-31": "114", "2019-09-30": "114", "2019-06-30": "114", "2019-03-31": "114", "2018-12-31": "114", "2018-09-30": "114", "2018-06-30": "114", "2018-03-31": "114", "2017-12-31": "114", "2017-09-30": "114", "2017-06-30": "114", "2017-03-31": "118", "2016-12-31": "79", "2016-09-30": "75", "2016-06-30": "75", "2016-03-31": "75", "2015-12-31": "75", "2015-09-30": "75", "2015-06-30": "75", "2015-03-31": "75", "2014-12-31": "75", "2014-09-30": "75", "2014-06-30": "75", "2014-03-31": "75", "2013-12-31": "53", "2013-09-30": "43", "2013-06-30": "43", "2013-03-31": "44", "2012-12-31": "43", "2012-09-30": "43", "2012-06-30": "41", "2012-03-31": "42", "2011-12-31": "39", "2011-09-30": "39", "2011-06-30": "39", "2011-03-31": "38", "2010-12-31": "32", "2010-09-30": "33", "2010-06-30": "31", "2010-03-31": "29", "2009-12-31": "28", "2009-09-30": "28", "2009-06-30": "28", "2009-03-31": "28", "2008-12-31": "27", "2008-09-30": "28", "2008-06-30": "27", "2008-03-31": "26", "2007-12-31": "26", "2007-09-30": "26", "2007-06-30": "25", "2007-03-31": "25", "2006-12-31": "24", "2006-09-30": "24", "2006-06-30": "23", "2006-03-31": "22", "2005-12-31": "22", "2005-09-30": "22", "2005-06-30": "22", "2005-03-31": "21"}}, "total-assets": {"Mid-America Apartment Communities Annual Total Assets (Millions of US $)": {"2019": "$11,230", "2018": "$11,324", "2017": "$11,492", "2016": "$11,604", "2015": "$6,848", "2014": "$6,822", "2013": "$6,842", "2012": "$2,751", "2011": "$2,530", "2010": "$2,176", "2009": "$1,987", "2008": "$1,922", "2007": "$1,784", "2006": "$1,747", "2005": "$1,580"}, "Mid-America Apartment Communities Quarterly Total Assets (Millions of US $)": {"2020-09-30": "$11,129", "2020-06-30": "$11,131", "2020-03-31": "$11,156", "2019-12-31": "$11,230", "2019-09-30": "$11,248", "2019-06-30": "$11,275", "2019-03-31": "$11,304", "2018-12-31": "$11,324", "2018-09-30": "$11,419", "2018-06-30": "$11,447", "2018-03-31": "$11,417", "2017-12-31": "$11,492", "2017-09-30": "$11,533", "2017-06-30": "$11,534", "2017-03-31": "$11,560", "2016-12-31": "$11,604", "2016-09-30": "$6,881", "2016-06-30": "$6,869", "2016-03-31": "$6,828", "2015-12-31": "$6,848", "2015-09-30": "$6,887", "2015-06-30": "$6,843", "2015-03-31": "$6,800", "2014-12-31": "$6,822", "2014-09-30": "$6,783", "2014-06-30": "$6,783", "2014-03-31": "$6,786", "2013-12-31": "$6,842", "2013-09-30": "$3,028", "2013-06-30": "$2,834", "2013-03-31": "$2,775", "2012-12-31": "$2,751", "2012-09-30": "$2,776", "2012-06-30": "$2,599", "2012-03-31": "$2,527", "2011-12-31": "$2,530", "2011-09-30": "$2,412", "2011-06-30": "$2,314", "2011-03-31": "$2,202", "2010-12-31": "$2,176", "2010-09-30": "$2,190", "2010-06-30": "$1,998", "2010-03-31": "$1,956", "2009-12-31": "$1,987", "2009-09-30": "$1,912", "2009-06-30": "$1,904", "2009-03-31": "$1,940", "2008-12-31": "$1,922", "2008-09-30": "$1,975", "2008-06-30": "$1,841", "2008-03-31": "$1,800", "2007-12-31": "$1,784", "2007-09-30": "$1,790", "2007-06-30": "$1,761", "2007-03-31": "$1,733", "2006-12-31": "$1,747", "2006-09-30": "$1,723", "2006-06-30": "$1,631", "2006-03-31": "$1,617", "2005-12-31": "$1,580", "2005-09-30": "$1,575", "2005-06-30": "$1,521", "2005-03-31": "$1,555"}}, "cash-on-hand": {"Mid-America Apartment Communities Annual Cash on Hand (Millions of US $)": {"2019": "$71", "2018": "$52", "2017": "$89", "2016": "$122", "2015": "$64", "2014": "$55", "2013": "$134", "2012": "$10", "2011": "$59", "2010": "$47", "2009": "$14", "2008": "$10", "2007": "$21", "2006": "$10", "2005": "$20"}, "Mid-America Apartment Communities Quarterly Cash on Hand (Millions of US $)": {"2020-09-30": "$28", "2020-06-30": "$36", "2020-03-31": "$49", "2019-12-31": "$71", "2019-09-30": "$43", "2019-06-30": "$58", "2019-03-31": "$59", "2018-12-31": "$52", "2018-09-30": "$79", "2018-06-30": "$61", "2018-03-31": "$82", "2017-12-31": "$89", "2017-09-30": "$128", "2017-06-30": "$68", "2017-03-31": "$58", "2016-12-31": "$122", "2016-09-30": "$59", "2016-06-30": "$51", "2016-03-31": "$50", "2015-12-31": "$64", "2015-09-30": "$134", "2015-06-30": "$83", "2015-03-31": "$45", "2014-12-31": "$55", "2014-09-30": "$148", "2014-06-30": "$91", "2014-03-31": "$160", "2013-12-31": "$134", "2013-09-30": "$240", "2013-06-30": "$22", "2013-03-31": "$9", "2012-12-31": "$10", "2012-09-30": "$15", "2012-06-30": "$23", "2012-03-31": "$65", "2011-12-31": "$59", "2011-09-30": "$37", "2011-06-30": "$14", "2011-03-31": "$49", "2010-12-31": "$47", "2010-09-30": "$103", "2010-06-30": "$26", "2010-03-31": "$33", "2009-12-31": "$14", "2009-09-30": "$18", "2009-06-30": "$7", "2009-03-31": "$48", "2008-12-31": "$10", "2008-09-30": "$48", "2008-06-30": "$14", "2008-03-31": "$11", "2007-12-31": "$21", "2007-09-30": "$9", "2007-06-30": "$8", "2007-03-31": "$10", "2006-12-31": "$10", "2006-09-30": "$13", "2006-06-30": "$16", "2006-03-31": "$15", "2005-12-31": "$20", "2005-09-30": "$18", "2005-06-30": "$14", "2005-03-31": "$13"}}, "long-term-debt": {"Mid-America Apartment Communities Annual Long Term Debt (Millions of US $)": {"2019": "$4,455", "2018": "$4,528", "2017": "$4,502", "2016": "$4,500", "2015": "$3,428", "2014": "$3,513", "2013": "$3,473", "2012": "$1,674", "2011": "$1,650", "2010": "$1,500", "2009": "$1,400", "2008": "$1,323", "2007": "$1,265", "2006": "$1,196", "2005": "$1,140"}, "Mid-America Apartment Communities Quarterly Long Term Debt (Millions of US $)": {"2020-09-30": "$4,426", "2020-06-30": "$4,473", "2020-03-31": "$4,484", "2019-12-31": "$4,455", "2019-09-30": "$4,476", "2019-06-30": "$4,540", "2019-03-31": "$4,548", "2018-12-31": "$4,528", "2018-09-30": "$4,504", "2018-06-30": "$4,549", "2018-03-31": "$4,499", "2017-12-31": "$4,502", "2017-09-30": "$4,493", "2017-06-30": "$4,573", "2017-03-31": "$4,557", "2016-12-31": "$4,500", "2016-09-30": "$3,434", "2016-06-30": "$3,489", "2016-03-31": "$3,444", "2015-12-31": "$3,428", "2015-09-30": "$3,425", "2015-06-30": "$3,442", "2015-03-31": "$3,479", "2014-12-31": "$3,513", "2014-09-30": "$3,430", "2014-06-30": "$3,475", "2014-03-31": "$3,463", "2013-12-31": "$3,473", "2013-09-30": "$1,860", "2013-06-30": "$1,692", "2013-03-31": "$1,691", "2012-12-31": "$1,674", "2012-09-30": "$1,706", "2012-06-30": "$1,589", "2012-03-31": "$1,540", "2011-12-31": "$1,650", "2011-09-30": "$1,588", "2011-06-30": "$1,536", "2011-03-31": "$1,452", "2010-12-31": "$1,500", "2010-09-30": "$1,551", "2010-06-30": "$1,363", "2010-03-31": "$1,359", "2009-12-31": "$1,400", "2009-09-30": "$1,314", "2009-06-30": "$1,324", "2009-03-31": "$1,354", "2008-12-31": "$1,323", "2008-09-30": "$1,356", "2008-06-30": "$1,244", "2008-03-31": "$1,272", "2007-12-31": "$1,265", "2007-09-30": "$1,248", "2007-06-30": "$1,196", "2007-03-31": "$1,184", "2006-12-31": "$1,196", "2006-09-30": "$1,202", "2006-06-30": "$1,125", "2006-03-31": "$1,181", "2005-12-31": "$1,140", "2005-09-30": "$1,140", "2005-06-30": "$1,087", "2005-03-31": "$1,116"}}, "total-liabilities": {"Mid-America Apartment Communities Annual Total Liabilities (Millions of US $)": {"2019": "$4,941", "2018": "$4,952", "2017": "$4,918", "2016": "$4,962", "2015": "$3,690", "2014": "$3,770", "2013": "$3,728", "2012": "$1,806", "2011": "$1,787", "2010": "$1,635", "2009": "$1,534", "2008": "$1,479", "2007": "$1,383", "2006": "$1,301", "2005": "$1,218"}, "Mid-America Apartment Communities Quarterly Total Liabilities (Millions of US $)": {"2020-09-30": "$5,009", "2020-06-30": "$4,960", "2020-03-31": "$4,940", "2019-12-31": "$4,941", "2019-09-30": "$5,011", "2019-06-30": "$5,002", "2019-03-31": "$4,978", "2018-12-31": "$4,952", "2018-09-30": "$4,987", "2018-06-30": "$4,968", "2018-03-31": "$4,897", "2017-12-31": "$4,918", "2017-09-30": "$4,982", "2017-06-30": "$5,002", "2017-03-31": "$4,973", "2016-12-31": "$4,962", "2016-09-30": "$3,734", "2016-06-30": "$3,750", "2016-03-31": "$3,693", "2015-12-31": "$3,690", "2015-09-30": "$3,716", "2015-06-30": "$3,701", "2015-03-31": "$3,746", "2014-12-31": "$3,770", "2014-09-30": "$3,707", "2014-06-30": "$3,726", "2014-03-31": "$3,709", "2013-12-31": "$3,728", "2013-09-30": "$1,998", "2013-06-30": "$1,822", "2013-03-31": "$1,813", "2012-12-31": "$1,806", "2012-09-30": "$1,850", "2012-06-30": "$1,733", "2012-03-31": "$1,664", "2011-12-31": "$1,787", "2011-09-30": "$1,734", "2011-06-30": "$1,673", "2011-03-31": "$1,578", "2010-12-31": "$1,635", "2010-09-30": "$1,704", "2010-06-30": "$1,500", "2010-03-31": "$1,490", "2009-12-31": "$1,534", "2009-09-30": "$1,462", "2009-06-30": "$1,459", "2009-03-31": "$1,501", "2008-12-31": "$1,479", "2008-09-30": "$1,499", "2008-06-30": "$1,373", "2008-03-31": "$1,416", "2007-12-31": "$1,383", "2007-09-30": "$1,364", "2007-06-30": "$1,304", "2007-03-31": "$1,283", "2006-12-31": "$1,301", "2006-09-30": "$1,294", "2006-06-30": "$1,200", "2006-03-31": "$1,247", "2005-12-31": "$1,218", "2005-09-30": "$1,229", "2005-06-30": "$1,171", "2005-03-31": "$1,184"}}, "total-share-holder-equity": {"Mid-America Apartment Communities Annual Share Holder Equity (Millions of US $)": {"2019": "$6,289", "2018": "$6,372", "2017": "$6,574", "2016": "$6,642", "2015": "$3,158", "2014": "$3,052", "2013": "$3,114", "2012": "$945", "2011": "$743", "2010": "$541", "2009": "$453", "2008": "$443", "2007": "$401", "2006": "$446", "2005": "$363"}, "Mid-America Apartment Communities Quarterly Share Holder Equity (Millions of US $)": {"2020-09-30": "$6,119", "2020-06-30": "$6,172", "2020-03-31": "$6,216", "2019-12-31": "$6,289", "2019-09-30": "$6,237", "2019-06-30": "$6,273", "2019-03-31": "$6,325", "2018-12-31": "$6,372", "2018-09-30": "$6,432", "2018-06-30": "$6,479", "2018-03-31": "$6,520", "2017-12-31": "$6,574", "2017-09-30": "$6,551", "2017-06-30": "$6,532", "2017-03-31": "$6,587", "2016-12-31": "$6,642", "2016-09-30": "$3,148", "2016-06-30": "$3,119", "2016-03-31": "$3,135", "2015-12-31": "$3,158", "2015-09-30": "$3,171", "2015-06-30": "$3,142", "2015-03-31": "$3,053", "2014-12-31": "$3,052", "2014-09-30": "$3,076", "2014-06-30": "$3,057", "2014-03-31": "$3,077", "2013-12-31": "$3,114", "2013-09-30": "$1,030", "2013-06-30": "$1,012", "2013-03-31": "$962", "2012-12-31": "$945", "2012-09-30": "$925", "2012-06-30": "$866", "2012-03-31": "$864", "2011-12-31": "$743", "2011-09-30": "$678", "2011-06-30": "$640", "2011-03-31": "$623", "2010-12-31": "$541", "2010-09-30": "$485", "2010-06-30": "$498", "2010-03-31": "$466", "2009-12-31": "$453", "2009-09-30": "$450", "2009-06-30": "$446", "2009-03-31": "$439", "2008-12-31": "$443", "2008-09-30": "$476", "2008-06-30": "$468", "2008-03-31": "$384", "2007-12-31": "$401", "2007-09-30": "$426", "2007-06-30": "$457", "2007-03-31": "$450", "2006-12-31": "$446", "2006-09-30": "$430", "2006-06-30": "$431", "2006-03-31": "$370", "2005-12-31": "$363", "2005-09-30": "$346", "2005-06-30": "$349", "2005-03-31": "$371"}}, "profit-margins": {"current": "15.19%"}, "gross margin": {"2020-12-31": "58.70%", "2020-09-30": "59.13%", "2020-06-30": "59.44%", "2020-03-31": "59.41%", "2019-12-31": "59.29%", "2019-09-30": "59.12%", "2019-06-30": "59.14%", "2019-03-31": "59.14%", "2018-12-31": "59.13%", "2018-09-30": "59.19%", "2018-06-30": "59.26%", "2018-03-31": "59.27%", "2017-12-31": "59.41%", "2017-09-30": "57.98%", "2017-06-30": "58.47%", "2017-03-31": "59.03%", "2016-12-31": "59.38%", "2016-09-30": "59.11%", "2016-06-30": "59.10%", "2016-03-31": "58.88%", "2015-12-31": "58.58%", "2015-09-30": "61.03%", "2015-06-30": "60.57%", "2015-03-31": "60.12%", "2014-12-31": "60.08%", "2014-09-30": "58.79%", "2014-06-30": "59.21%", "2014-03-31": "59.87%", "2013-12-31": "60.31%", "2013-09-30": "63.09%", "2013-06-30": "62.80%", "2013-03-31": "62.42%", "2012-12-31": "61.89%", "2012-09-30": "61.35%", "2012-06-30": "61.11%", "2012-03-31": "60.71%", "2011-12-31": "60.39%", "2011-09-30": "60.25%", "2011-06-30": "59.85%", "2011-03-31": "59.69%", "2010-12-31": "59.37%", "2010-09-30": "58.91%", "2010-06-30": "58.53%", "2010-03-31": "58.47%", "2009-12-31": "58.40%", "2009-09-30": "58.47%", "2009-06-30": "58.62%", "2009-03-31": "58.45%", "2008-12-31": "58.65%", "2008-09-30": "58.68%", "2008-06-30": "59.10%", "2008-03-31": "58.92%", "2007-12-31": "58.50%", "2007-09-30": "57.82%", "2007-06-30": "57.36%", "2007-03-31": "57.98%", "2006-12-31": "58.81%", "2006-09-30": "59.24%", "2006-06-30": "59.61%", "2006-03-31": "59.33%", "2005-12-31": "58.98%"}, "operating margin": {"2020-12-31": "25.51%", "2020-09-30": "25.97%", "2020-06-30": "26.38%", "2020-03-31": "26.42%", "2019-12-31": "26.20%", "2019-09-30": "26.08%", "2019-06-30": "25.83%", "2019-03-31": "25.47%", "2018-12-31": "25.14%", "2018-09-30": "24.61%", "2018-06-30": "24.61%", "2018-03-31": "24.14%", "2017-12-31": "23.20%", "2017-09-30": "21.05%", "2017-06-30": "21.17%", "2017-03-31": "22.43%", "2016-12-31": "24.53%", "2016-09-30": "28.58%", "2016-06-30": "28.89%", "2016-03-31": "28.40%", "2015-12-31": "27.90%", "2015-09-30": "26.79%", "2015-06-30": "26.22%", "2015-03-31": "25.60%", "2014-12-31": "23.19%", "2014-09-30": "20.55%", "2014-06-30": "20.28%", "2014-03-31": "20.53%", "2013-12-31": "23.62%", "2013-09-30": "28.52%", "2013-06-30": "27.80%", "2013-03-31": "27.10%", "2012-12-31": "26.11%", "2012-09-30": "24.49%", "2012-06-30": "23.84%", "2012-03-31": "22.38%", "2011-12-31": "21.76%", "2011-09-30": "21.48%", "2011-06-30": "21.21%", "2011-03-31": "22.22%", "2010-12-31": "22.69%", "2010-09-30": "23.77%", "2010-06-30": "24.15%", "2010-03-31": "24.60%", "2009-12-31": "25.07%", "2009-09-30": "25.40%", "2009-06-30": "25.73%", "2009-03-31": "25.74%", "2008-12-31": "25.95%", "2008-09-30": "26.45%", "2008-06-30": "27.17%", "2008-03-31": "26.91%", "2007-12-31": "26.51%", "2007-09-30": "25.96%", "2007-06-30": "25.83%", "2007-03-31": "26.38%", "2006-12-31": "27.04%", "2006-09-30": "27.07%", "2006-06-30": "26.38%", "2006-03-31": "26.00%", "2005-12-31": "25.42%"}, "ebitda margin": {"2020-09-30": "56.55%", "2020-06-30": "56.91%", "2020-03-31": "56.88%", "2019-12-31": "56.86%", "2019-09-30": "56.78%", "2019-06-30": "56.77%", "2019-03-31": "56.49%", "2018-12-31": "56.14%", "2018-09-30": "55.72%", "2018-06-30": "55.44%", "2018-03-31": "55.24%", "2017-12-31": "54.90%", "2017-09-30": "52.68%", "2017-06-30": "52.23%", "2017-03-31": "52.15%", "2016-12-31": "52.27%", "2016-09-30": "55.41%", "2016-06-30": "55.63%", "2016-03-31": "55.18%", "2015-12-31": "54.65%", "2015-09-30": "53.38%", "2015-06-30": "52.84%", "2015-03-31": "51.88%", "2014-12-31": "51.41%", "2014-09-30": "50.72%", "2014-06-30": "50.64%", "2014-03-31": "51.60%", "2013-12-31": "52.44%", "2013-09-30": "54.88%", "2013-06-30": "54.80%", "2013-03-31": "54.62%", "2012-12-31": "53.89%", "2012-09-30": "53.71%", "2012-06-30": "53.24%", "2012-03-31": "51.67%", "2011-12-31": "50.86%", "2011-09-30": "49.88%", "2011-06-30": "49.49%", "2011-03-31": "50.13%", "2010-12-31": "50.40%", "2010-09-30": "50.13%", "2010-06-30": "50.13%", "2010-03-31": "50.53%", "2009-12-31": "50.93%", "2009-09-30": "51.06%", "2009-06-30": "51.19%", "2009-03-31": "50.94%", "2008-12-31": "50.81%", "2008-09-30": "51.24%", "2008-06-30": "51.82%", "2008-03-31": "51.56%", "2007-12-31": "51.30%", "2007-09-30": "51.03%", "2007-06-30": "50.75%", "2007-03-31": "51.23%", "2006-12-31": "51.89%", "2006-09-30": "51.27%", "2006-06-30": "51.14%", "2006-03-31": "51.00%", "2005-12-31": "50.51%"}, "pre tax profit margin": {"2020-12-31": "15.85%", "2020-09-30": "19.99%", "2020-06-30": "21.33%", "2020-03-31": "20.51%", "2019-12-31": "22.43%", "2019-09-30": "17.08%", "2019-06-30": "15.53%", "2019-03-31": "15.57%", "2018-12-31": "14.77%", "2018-09-30": "19.02%", "2018-06-30": "23.32%", "2018-03-31": "22.64%", "2017-12-31": "22.29%", "2017-09-30": "17.54%", "2017-06-30": "16.72%", "2017-03-31": "18.06%", "2016-12-31": "20.00%", "2016-09-30": "21.18%", "2016-06-30": "22.23%", "2016-03-31": "31.62%", "2015-12-31": "33.75%", "2015-09-30": "33.27%", "2015-06-30": "30.82%", "2015-03-31": "20.04%", "2014-12-31": "14.82%", "2014-09-30": "9.61%", "2014-06-30": "4.87%", "2014-03-31": "3.60%", "2013-12-31": "5.83%", "2013-09-30": "13.48%", "2013-06-30": "13.60%", "2013-03-31": "13.76%", "2012-12-31": "13.05%", "2012-09-30": "11.24%", "2012-06-30": "10.19%", "2012-03-31": "8.57%", "2011-12-31": "7.33%", "2011-09-30": "7.41%", "2011-06-30": "7.07%", "2011-03-31": "7.24%", "2010-12-31": "7.65%", "2010-09-30": "8.01%", "2010-06-30": "8.14%", "2010-03-31": "8.73%", "2009-12-31": "8.80%", "2009-09-30": "8.99%", "2009-06-30": "8.75%", "2009-03-31": "8.85%", "2008-12-31": "8.38%", "2008-09-30": "9.37%", "2008-06-30": "9.52%", "2008-03-31": "8.50%", "2007-12-31": "9.51%", "2007-09-30": "7.37%", "2007-06-30": "7.21%", "2007-03-31": "7.67%", "2006-12-31": "5.97%", "2006-09-30": "6.05%", "2006-06-30": "5.86%", "2006-03-31": "6.67%", "2005-12-31": "6.78%"}, "net profit margin": {"2020-12-31": "14.96%", "2020-09-30": "19.03%", "2020-06-30": "20.25%", "2020-03-31": "19.54%", "2019-12-31": "21.39%", "2019-09-30": "16.15%", "2019-06-30": "14.72%", "2019-03-31": "14.75%", "2018-12-31": "13.94%", "2018-09-30": "18.12%", "2018-06-30": "22.28%", "2018-03-31": "21.60%", "2017-12-31": "21.24%", "2017-09-30": "16.57%", "2017-06-30": "15.68%", "2017-03-31": "16.92%", "2016-12-31": "18.76%", "2016-09-30": "19.89%", "2016-06-30": "20.92%", "2016-03-31": "29.82%", "2015-12-31": "31.83%", "2015-09-30": "31.33%", "2015-06-30": "29.26%", "2015-03-31": "19.35%", "2014-12-31": "15.02%", "2014-09-30": "10.74%", "2014-06-30": "9.50%", "2014-03-31": "14.53%", "2013-12-31": "18.11%", "2013-09-30": "28.52%", "2013-06-30": "26.60%", "2013-03-31": "20.94%", "2012-12-31": "22.11%", "2012-09-30": "22.92%", "2012-06-30": "19.68%", "2012-03-31": "15.24%", "2011-12-31": "11.98%", "2011-09-30": "9.14%", "2011-06-30": "6.82%", "2011-03-31": "5.43%", "2010-12-31": "4.75%", "2010-09-30": "4.39%", "2010-06-30": "4.20%", "2010-03-31": "5.82%", "2009-12-31": "6.40%", "2009-09-30": "6.08%", "2009-06-30": "6.10%", "2009-03-31": "5.63%", "2008-12-31": "4.59%", "2008-09-30": "4.41%", "2008-06-30": "5.88%", "2008-03-31": "6.23%", "2007-12-31": "7.49%", "2007-09-30": "6.78%", "2007-06-30": "5.11%", "2007-03-31": "3.99%", "2006-12-31": "2.20%", "2006-09-30": "1.91%", "2006-06-30": "1.30%", "2006-03-31": "2.33%", "2005-12-31": "2.03%"}, "pe ratio": {"current": "21.08", "2021-02-11": "93.22", "2020-12-31": "84.93", "2020-09-30": "41.05", "2020-06-30": "38.05", "2020-03-31": "35.33", "2019-12-31": "41.35", "2019-09-30": "54.09", "2019-06-30": "53.77", "2019-03-31": "49.73", "2018-12-31": "46.01", "2018-09-30": "37.12", "2018-06-30": "30.35", "2018-03-31": "28.16", "2017-12-31": "31.37", "2017-09-30": "42.62", "2017-06-30": "39.52", "2017-03-31": "35.56", "2016-12-31": "31.16", "2016-09-30": "28.27", "2016-06-30": "30.68", "2016-03-31": "20.56", "2015-12-31": "17.16", "2015-09-30": "15.72", "2015-06-30": "14.99", "2015-03-31": "24.42", "2014-12-31": "30.68", "2014-09-30": "37.98", "2014-06-30": "37.71", "2014-03-31": "21.28", "2013-12-31": "16.70", "2013-09-30": "13.82", "2013-06-30": "16.26", "2013-03-31": "20.96", "2012-12-31": "18.68", "2012-09-30": "18.87", "2012-06-30": "22.89", "2012-03-31": "28.83", "2011-12-31": "33.98", "2011-09-30": "41.66", "2011-06-30": "62.30", "2011-03-31": "74.61", "2010-12-31": "76.96", "2010-09-30": "68.71", "2010-06-30": "58.95", "2010-03-31": "43.04", "2009-12-31": "36.40", "2009-09-30": "35.60", "2009-06-30": "28.83", "2009-03-31": "25.37", "2008-12-31": "35.11", "2008-09-30": "46.50", "2008-06-30": "35.39", "2008-03-31": "33.36", "2007-12-31": "24.29", "2007-09-30": "31.79", "2007-06-30": "45.32", "2007-03-31": "58.95", "2006-12-31": "108.46"}, "price sales": {"2021-02-11": "9.41", "2020-12-31": "8.58", "2020-09-30": "7.81", "2020-06-30": "7.69", "2020-03-31": "6.86", "2019-12-31": "8.80", "2019-09-30": "8.70", "2019-06-30": "7.91", "2019-03-31": "7.35", "2018-12-31": "6.43", "2018-09-30": "6.73", "2018-06-30": "6.75", "2018-03-31": "6.08", "2017-12-31": "6.73", "2017-09-30": "6.82", "2017-06-30": "6.53", "2017-03-31": "6.15", "2016-12-31": "5.72", "2016-09-30": "5.59", "2016-06-30": "6.37", "2016-03-31": "6.14", "2015-12-31": "5.45", "2015-09-30": "4.91", "2015-06-30": "4.38", "2015-03-31": "4.66", "2014-12-31": "4.52", "2014-09-30": "3.62", "2014-06-30": "4.03", "2014-03-31": "3.77", "2013-12-31": "3.41", "2013-09-30": "3.99", "2013-06-30": "4.40", "2013-03-31": "4.51", "2012-12-31": "4.22", "2012-09-30": "4.41", "2012-06-30": "4.58", "2012-03-31": "4.52", "2011-12-31": "4.18", "2011-09-30": "3.85", "2011-06-30": "4.19", "2011-03-31": "3.80", "2010-12-31": "3.54", "2010-09-30": "3.07", "2010-06-30": "2.61", "2010-03-31": "2.57", "2009-12-31": "2.37", "2009-09-30": "2.14", "2009-06-30": "1.70", "2009-03-31": "1.40", "2008-12-31": "1.63", "2008-09-30": "2.13", "2008-06-30": "2.18", "2008-03-31": "2.10", "2007-12-31": "1.80", "2007-09-30": "2.08", "2007-06-30": "2.18", "2007-03-31": "2.31", "2006-12-31": "2.31"}, "price book": {"current": "2.55", "2021-02-11": "2.58", "2020-09-30": "2.13", "2020-06-30": "2.07", "2020-03-31": "1.83", "2019-12-31": "2.30", "2019-09-30": "2.27", "2019-06-30": "2.02", "2019-03-31": "1.85", "2018-12-31": "1.59", "2018-09-30": "1.63", "2018-06-30": "1.61", "2018-03-31": "1.43", "2017-12-31": "1.55", "2017-09-30": "1.64", "2017-06-30": "1.61", "2017-03-31": "1.53", "2016-12-31": "1.44", "2016-09-30": "1.93", "2016-06-30": "2.18", "2016-03-31": "2.07", "2015-12-31": "1.81", "2015-09-30": "1.61", "2015-06-30": "1.43", "2015-03-31": "1.54", "2014-12-31": "1.48", "2014-09-30": "1.27", "2014-06-30": "1.41", "2014-03-31": "1.29", "2013-12-31": "1.12", "2013-09-30": "1.97", "2013-06-30": "2.15", "2013-03-31": "2.28", "2012-12-31": "2.13", "2012-09-30": "2.15", "2012-06-30": "2.34", "2012-03-31": "2.27", "2011-12-31": "2.31", "2011-09-30": "2.35", "2011-06-30": "2.71", "2011-03-31": "2.58", "2010-12-31": "2.78", "2010-09-30": "2.73", "2010-06-30": "2.22", "2010-03-31": "2.16", "2009-12-31": "2.01", "2009-09-30": "1.85", "2009-06-30": "1.46", "2009-03-31": "1.22", "2008-12-31": "1.43", "2008-09-30": "1.73", "2008-06-30": "1.77", "2008-03-31": "1.97", "2007-12-31": "1.57", "2007-09-30": "1.70", "2007-06-30": "1.64", "2007-03-31": "1.76", "2006-12-31": "1.77", "2006-09-30": "1.90", "2006-06-30": "1.67", "2006-03-31": "1.78"}, "price fcf": {"2021-02-11": "", "2020-09-30": "$4.43", "2020-06-30": "$4.48", "2020-03-31": "$4.53", "2019-12-31": "$4.80", "2019-09-30": "$3.95", "2019-06-30": "$4.01", "2019-03-31": "$3.20", "2018-12-31": "$3.25", "2018-09-30": "$3.23", "2018-06-30": "$3.85", "2018-03-31": "$4.32", "2017-12-31": "$3.24", "2017-09-30": "$3.78", "2017-06-30": "$3.25", "2017-03-31": "$2.65", "2016-12-31": "$3.28", "2016-09-30": "$2.04", "2016-06-30": "$2.05", "2016-03-31": "$3.82", "2015-12-31": "$4.36", "2015-09-30": "$3.38", "2015-06-30": "$3.97", "2015-03-31": "$1.42", "2014-12-31": "$1.88", "2014-09-30": "$2.57", "2014-06-30": "$2.29", "2014-03-31": "$4.19", "2013-12-31": "$2.38", "2013-09-30": "$3.67", "2013-06-30": "$-1.49", "2013-03-31": "$-3.95", "2012-12-31": "$-3.03", "2012-09-30": "$-5.83", "2012-06-30": "$-3.80", "2012-03-31": "$-5.91", "2011-12-31": "$-6.90", "2011-09-30": "$-6.12", "2011-06-30": "$-7.75", "2011-03-31": "$-5.97", "2010-12-31": "$-3.44", "2010-09-30": "$-4.76", "2010-06-30": "$-1.20", "2010-03-31": "$0.71", "2009-12-31": "$-0.39", "2009-09-30": "$2.60", "2009-06-30": "$-1.15", "2009-03-31": "$-2.26", "2008-12-31": "$-3.60", "2008-09-30": "$-3.52", "2008-06-30": "$-1.34", "2008-03-31": "$-0.66", "2007-12-31": "$0.01", "2007-09-30": "$-1.58", "2007-06-30": "$-3.90", "2007-03-31": "$-3.78", "2006-12-31": "$-5.87"}, "net worth": {"value": "$15.5B"}, "current ratio": {"2020-12-31": "0.07", "2020-09-30": "0.05", "2020-06-30": "0.08", "2020-03-31": "0.11", "2019-12-31": "0.15", "2019-09-30": "0.08", "2019-06-30": "0.13", "2019-03-31": "0.14", "2018-12-31": "0.13", "2018-09-30": "0.17", "2018-06-30": "0.15", "2018-03-31": "0.21", "2017-12-31": "0.22", "2017-09-30": "0.28", "2017-06-30": "0.17", "2017-03-31": "0.15", "2016-12-31": "0.27", "2016-09-30": "0.22", "2016-06-30": "0.23", "2016-03-31": "0.23", "2015-12-31": "0.27", "2015-09-30": "0.53", "2015-06-30": "0.37", "2015-03-31": "0.22", "2014-12-31": "0.24", "2014-09-30": "0.59", "2014-06-30": "0.42", "2014-03-31": "0.75", "2013-12-31": "0.60", "2013-09-30": "2.06", "2013-06-30": "0.21", "2013-03-31": "0.10", "2012-12-31": "0.10", "2012-09-30": "0.14", "2012-06-30": "0.25", "2012-03-31": "0.77", "2011-12-31": "0.63", "2011-09-30": "0.39", "2011-06-30": "0.17", "2011-03-31": "0.65", "2010-12-31": "0.63", "2010-09-30": "1.25", "2010-06-30": "0.38", "2010-03-31": "0.50", "2009-12-31": "0.20", "2009-09-30": "0.23", "2009-06-30": "0.10", "2009-03-31": "0.75", "2008-12-31": "0.14", "2008-09-30": "0.48", "2008-06-30": "0.16", "2008-03-31": "0.10", "2007-12-31": "0.34", "2007-09-30": "0.12", "2007-06-30": "0.13", "2007-03-31": "0.19", "2006-12-31": "0.16", "2006-09-30": "0.25", "2006-06-30": "0.46", "2006-03-31": "0.50", "2005-12-31": "0.47", "2005-09-30": "0.34", "2005-06-30": "0.30", "2005-03-31": "0.42"}, "quick ratio": {"2020-12-31": "0.00", "2020-09-30": "0.00", "2020-06-30": "0.00", "2020-03-31": "0.00", "2019-12-31": "0.00", "2019-09-30": "0.00", "2019-06-30": "0.00", "2019-03-31": "0.00", "2018-12-31": "0.00", "2018-09-30": "0.00", "2018-06-30": "0.00", "2018-03-31": "0.00", "2017-12-31": "0.00", "2017-09-30": "0.00", "2017-06-30": "0.00", "2017-03-31": "0.00", "2016-12-31": "0.00", "2016-09-30": "0.00", "2016-06-30": "0.00", "2016-03-31": "0.00", "2015-12-31": "0.00", "2015-09-30": "0.00", "2015-06-30": "0.00", "2015-03-31": "0.00", "2014-12-31": "0.00", "2014-09-30": "0.00", "2014-06-30": "0.00", "2014-03-31": "0.00", "2013-12-31": "0.00", "2013-09-30": "0.00", "2013-06-30": "0.00", "2013-03-31": "0.00", "2012-12-31": "0.00", "2012-09-30": "0.00", "2012-06-30": "0.00", "2012-03-31": "0.00", "2011-12-31": "0.00", "2011-09-30": "0.00", "2011-06-30": "0.00", "2011-03-31": "0.00", "2010-12-31": "0.00", "2010-09-30": "0.00", "2010-06-30": "0.00", "2010-03-31": "0.00", "2009-12-31": "0.00", "2009-09-30": "0.00", "2009-06-30": "0.00", "2009-03-31": "0.00", "2008-12-31": "0.00", "2008-09-30": "0.00", "2008-06-30": "0.00", "2008-03-31": "0.00", "2007-12-31": "0.00", "2007-09-30": "0.00", "2007-06-30": "0.00", "2007-03-31": "0.00", "2006-12-31": "0.00", "2006-09-30": "0.00", "2006-06-30": "0.00", "2006-03-31": "0.00", "2005-12-31": "0.00", "2005-09-30": "0.00", "2005-06-30": "0.00", "2005-03-31": "0.00"}, "debt equity ratio": {"current": "0.75", "2020-12-31": "0.84", "2020-09-30": "0.82", "2020-06-30": "0.80", "2020-03-31": "0.80", "2019-12-31": "0.79", "2019-09-30": "0.80", "2019-06-30": "0.80", "2019-03-31": "0.79", "2018-12-31": "0.78", "2018-09-30": "0.78", "2018-06-30": "0.77", "2018-03-31": "0.75", "2017-12-31": "0.75", "2017-09-30": "0.76", "2017-06-30": "0.77", "2017-03-31": "0.76", "2016-12-31": "0.75", "2016-09-30": "1.19", "2016-06-30": "1.20", "2016-03-31": "1.18", "2015-12-31": "1.17", "2015-09-30": "1.17", "2015-06-30": "1.18", "2015-03-31": "1.23", "2014-12-31": "1.24", "2014-09-30": "1.21", "2014-06-30": "1.22", "2014-03-31": "1.21", "2013-12-31": "1.20", "2013-09-30": "1.94", "2013-06-30": "1.80", "2013-03-31": "1.88", "2012-12-31": "1.91", "2012-09-30": "2.00", "2012-06-30": "2.00", "2012-03-31": "1.93", "2011-12-31": "2.40", "2011-09-30": "2.56", "2011-06-30": "2.61", "2011-03-31": "2.53", "2010-12-31": "3.03", "2010-09-30": "3.51", "2010-06-30": "3.01", "2010-03-31": "3.19", "2009-12-31": "3.38", "2009-09-30": "3.25", "2009-06-30": "3.27", "2009-03-31": "3.42", "2008-12-31": "3.34", "2008-09-30": "3.15", "2008-06-30": "2.94", "2008-03-31": "3.68", "2007-12-31": "3.45", "2007-09-30": "3.20", "2007-06-30": "2.85", "2007-03-31": "2.85", "2006-12-31": "2.92", "2006-09-30": "3.01", "2006-06-30": "2.78", "2006-03-31": "3.37", "2005-12-31": "3.36", "2005-09-30": "3.55", "2005-06-30": "3.35", "2005-03-31": "3.19"}, "return on equity": {"2020-12-31": "4.08%", "2020-09-30": "5.13%", "2020-06-30": "5.41%", "2020-03-31": "5.18%", "2019-12-31": "5.59%", "2019-09-30": "4.16%", "2019-06-30": "3.72%", "2019-03-31": "3.66%", "2018-12-31": "3.39%", "2018-09-30": "4.34%", "2018-06-30": "5.27%", "2018-03-31": "5.07%", "2017-12-31": "4.95%", "2017-09-30": "3.66%", "2017-06-30": "3.68%", "2017-03-31": "4.29%", "2016-12-31": "5.26%", "2016-09-30": "6.85%", "2016-06-30": "7.09%", "2016-03-31": "9.96%", "2015-12-31": "10.60%", "2015-09-30": "10.44%", "2015-06-30": "9.71%", "2015-03-31": "6.37%", "2014-12-31": "4.86%", "2014-09-30": "3.41%", "2014-06-30": "3.19%", "2014-03-31": "5.30%", "2013-12-31": "7.52%", "2013-09-30": "14.79%", "2013-06-30": "13.84%", "2013-03-31": "11.03%", "2012-12-31": "11.67%", "2012-09-30": "12.01%", "2012-06-30": "10.79%", "2012-03-31": "8.75%", "2011-12-31": "7.30%", "2011-09-30": "5.96%", "2011-06-30": "4.72%", "2011-03-31": "3.91%", "2010-12-31": "3.62%", "2010-09-30": "3.58%", "2010-06-30": "3.43%", "2010-03-31": "4.85%", "2009-12-31": "5.37%", "2009-09-30": "5.17%", "2009-06-30": "5.10%", "2009-03-31": "4.60%", "2008-12-31": "3.84%", "2008-09-30": "3.70%", "2008-06-30": "5.00%", "2008-03-31": "5.28%", "2007-12-31": "6.00%", "2007-09-30": "5.17%", "2007-06-30": "3.81%", "2007-03-31": "2.96%", "2006-12-31": "1.67%", "2006-09-30": "1.51%", "2006-06-30": "1.06%", "2006-03-31": "1.96%", "2005-12-31": "1.68%"}, "return on assets": {"2020-12-31": "2.25%", "2020-09-30": "2.85%", "2020-06-30": "3.01%", "2020-03-31": "2.89%", "2019-12-31": "3.12%", "2019-09-30": "2.32%", "2019-06-30": "2.08%", "2019-03-31": "2.06%", "2018-12-31": "1.92%", "2018-09-30": "2.46%", "2018-06-30": "3.00%", "2018-03-31": "2.89%", "2017-12-31": "2.82%", "2017-09-30": "2.09%", "2017-06-30": "2.03%", "2017-03-31": "2.26%", "2016-12-31": "2.62%", "2016-09-30": "3.14%", "2016-06-30": "3.25%", "2016-03-31": "4.58%", "2015-12-31": "4.85%", "2015-09-30": "4.74%", "2015-06-30": "4.39%", "2015-03-31": "2.87%", "2014-12-31": "2.19%", "2014-09-30": "1.54%", "2014-06-30": "1.40%", "2014-03-31": "2.24%", "2013-12-31": "2.97%", "2013-09-30": "5.13%", "2013-06-30": "4.78%", "2013-03-31": "3.74%", "2012-12-31": "3.94%", "2012-09-30": "3.91%", "2012-06-30": "3.38%", "2012-03-31": "2.62%", "2011-12-31": "2.07%", "2011-09-30": "1.63%", "2011-06-30": "1.22%", "2011-03-31": "0.98%", "2010-12-31": "0.87%", "2010-09-30": "0.84%", "2010-06-30": "0.81%", "2010-03-31": "1.13%", "2009-12-31": "1.24%", "2009-09-30": "1.20%", "2009-06-30": "1.19%", "2009-03-31": "1.09%", "2008-12-31": "0.90%", "2008-09-30": "0.86%", "2008-06-30": "1.16%", "2008-03-31": "1.23%", "2007-12-31": "1.47%", "2007-09-30": "1.31%", "2007-06-30": "0.98%", "2007-03-31": "0.76%", "2006-12-31": "0.42%", "2006-09-30": "0.37%", "2006-06-30": "0.25%", "2006-03-31": "0.44%", "2005-12-31": "0.39%"}, "return on investments": {"2020-12-31": "4.02%", "2020-09-30": "4.07%", "2020-06-30": "4.10%", "2020-03-31": "4.08%", "2019-12-31": "3.99%", "2019-09-30": "3.91%", "2019-06-30": "3.80%", "2019-03-31": "3.69%", "2018-12-31": "3.60%", "2018-09-30": "3.48%", "2018-06-30": "3.44%", "2018-03-31": "3.35%", "2017-12-31": "3.20%", "2017-09-30": "2.75%", "2017-06-30": "2.85%", "2017-03-31": "3.12%", "2016-12-31": "3.57%", "2016-09-30": "4.69%", "2016-06-30": "4.67%", "2016-03-31": "4.54%", "2015-12-31": "4.43%", "2015-09-30": "4.22%", "2015-06-30": "4.09%", "2015-03-31": "3.95%", "2014-12-31": "3.52%", "2014-09-30": "3.07%", "2014-06-30": "3.10%", "2014-03-31": "3.29%", "2013-12-31": "4.05%", "2013-09-30": "5.37%", "2013-06-30": "5.24%", "2013-03-31": "5.10%", "2012-12-31": "4.91%", "2012-09-30": "4.41%", "2012-06-30": "4.33%", "2012-03-31": "4.07%", "2011-12-31": "4.00%", "2011-09-30": "4.07%", "2011-06-30": "4.03%", "2011-03-31": "4.29%", "2010-12-31": "4.43%", "2010-09-30": "4.86%", "2010-06-30": "5.04%", "2010-03-31": "5.16%", "2009-12-31": "5.24%", "2009-09-30": "5.41%", "2009-06-30": "5.42%", "2009-03-31": "5.41%", "2008-12-31": "5.51%", "2008-09-30": "5.59%", "2008-06-30": "5.78%", "2008-03-31": "5.72%", "2007-12-31": "5.55%", "2007-09-30": "5.33%", "2007-06-30": "5.24%", "2007-03-31": "5.32%", "2006-12-31": "5.39%", "2006-09-30": "5.45%", "2006-06-30": "5.31%", "2006-03-31": "5.22%", "2005-12-31": "5.07%"}, "return on tangible equity": {"2020-09-30": "5.13%", "2020-06-30": "5.41%", "2020-03-31": "5.18%", "2019-12-31": "5.59%", "2019-09-30": "4.16%", "2019-06-30": "3.72%", "2019-03-31": "3.66%", "2018-12-31": "3.39%", "2018-09-30": "4.34%", "2018-06-30": "5.27%", "2018-03-31": "5.07%", "2017-12-31": "4.95%", "2017-09-30": "3.66%", "2017-06-30": "3.68%", "2017-03-31": "4.29%", "2016-12-31": "5.26%", "2016-09-30": "6.85%", "2016-06-30": "7.09%", "2016-03-31": "9.97%", "2015-12-31": "10.61%", "2015-09-30": "10.44%", "2015-06-30": "9.71%", "2015-03-31": "6.38%", "2014-12-31": "4.87%", "2014-09-30": "3.41%", "2014-06-30": "3.20%", "2014-03-31": "5.31%", "2013-12-31": "7.54%", "2013-09-30": "14.85%", "2013-06-30": "13.90%", "2013-03-31": "11.08%", "2012-12-31": "11.72%", "2012-09-30": "12.06%", "2012-06-30": "10.85%", "2012-03-31": "8.80%", "2011-12-31": "7.35%", "2011-09-30": "6.00%", "2011-06-30": "4.75%", "2011-03-31": "3.94%", "2010-12-31": "3.65%", "2010-09-30": "3.61%", "2010-06-30": "3.46%", "2010-03-31": "4.89%", "2009-12-31": "5.42%", "2009-09-30": "5.23%", "2009-06-30": "5.15%", "2009-03-31": "4.64%", "2008-12-31": "3.87%", "2008-09-30": "3.74%", "2008-06-30": "5.05%", "2008-03-31": "5.33%", "2007-12-31": "6.05%", "2007-09-30": "5.22%", "2007-06-30": "3.85%", "2007-03-31": "2.99%", "2006-12-31": "1.69%", "2006-09-30": "1.53%", "2006-06-30": "1.07%", "2006-03-31": "1.99%", "2005-12-31": "1.70%"}, "dividend yield history": {"last payout": "$4.10", "last yield": "3.02%"}}