{"ticker": "MAC", "price": {"title": "Macerich Historical Annual Stock Price Data", "value": 12.97, "historical": {"2021": {"Average Stock Price": "13.9533", "Year Open": "10.6600", "Year High": "22.3800", "Year Low": "10.6600", "Year Close": "12.9700", "Annual % Change": "21.56%"}, "2020": {"Average Stock Price": "11.0915", "Year Open": "25.9300", "Year High": "26.1600", "Year Low": "5.0200", "Year Close": "10.6700", "Annual % Change": "-60.36%"}, "2019": {"Average Stock Price": "35.5082", "Year Open": "42.8400", "Year High": "46.5100", "Year Low": "25.8600", "Year Close": "26.9200", "Annual % Change": "-37.80%"}, "2018": {"Average Stock Price": "56.1524", "Year Open": "66.6100", "Year High": "68.8600", "Year Low": "41.0300", "Year Close": "43.2800", "Annual % Change": "-34.10%"}, "2017": {"Average Stock Price": "61.2553", "Year Open": "70.9800", "Year High": "72.6900", "Year Low": "52.7200", "Year Close": "65.6800", "Annual % Change": "-7.28%"}, "2016": {"Average Stock Price": "78.1408", "Year Open": "79.4400", "Year High": "89.7600", "Year Low": "67.0900", "Year Close": "70.8400", "Annual % Change": "-12.21%"}, "2015": {"Average Stock Price": "81.5028", "Year Open": "84.1400", "Year High": "94.8900", "Year Low": "72.5300", "Year Close": "80.6900", "Annual % Change": "-3.26%"}, "2014": {"Average Stock Price": "66.0894", "Year Open": "58.3800", "Year High": "84.8700", "Year Low": "55.5800", "Year Close": "83.4100", "Annual % Change": "41.64%"}, "2013": {"Average Stock Price": "61.1557", "Year Open": "58.8000", "Year High": "70.8400", "Year Low": "55.2500", "Year Close": "58.8900", "Annual % Change": "1.01%"}, "2012": {"Average Stock Price": "57.2816", "Year Open": "50.9500", "Year High": "62.2900", "Year Low": "50.3000", "Year Close": "58.3000", "Annual % Change": "15.22%"}, "2011": {"Average Stock Price": "48.9926", "Year Open": "48.0600", "Year High": "56.2000", "Year Low": "40.2100", "Year Close": "50.6000", "Annual % Change": "6.82%"}, "2010": {"Average Stock Price": "40.7983", "Year Open": "34.8400", "Year High": "49.4000", "Year Low": "29.9700", "Year Close": "47.3700", "Annual % Change": "31.77%"}, "2009": {"Average Stock Price": "21.1067", "Year Open": "18.4100", "Year High": "37.6200", "Year Low": "5.8000", "Year Close": "35.9500", "Annual % Change": "97.96%"}, "2008": {"Average Stock Price": "54.9232", "Year Open": "70.5400", "Year High": "75.3600", "Year Low": "9.8500", "Year Close": "18.1600", "Annual % Change": "-74.44%"}, "2007": {"Average Stock Price": "86.2749", "Year Open": "87.0200", "Year High": "103.3200", "Year Low": "70.6300", "Year Close": "71.0600", "Annual % Change": "-17.92%"}, "2006": {"Average Stock Price": "74.1769", "Year Open": "68.9300", "Year High": "87.0000", "Year Low": "67.9000", "Year Close": "86.5700", "Annual % Change": "28.94%"}, "2005": {"Average Stock Price": "62.5222", "Year Open": "62.1500", "Year High": "71.1900", "Year Low": "53.2800", "Year Close": "67.1400", "Annual % Change": "6.91%"}, "2004": {"Average Stock Price": "51.0552", "Year Open": "43.6000", "Year High": "64.6600", "Year Low": "39.7500", "Year Close": "62.8000", "Annual % Change": "41.12%"}, "2003": {"Average Stock Price": "35.9111", "Year Open": "30.6900", "Year High": "44.5000", "Year Low": "28.8200", "Year Close": "44.5000", "Annual % Change": "44.72%"}, "2002": {"Average Stock Price": "29.2445", "Year Open": "26.6000", "Year High": "31.4800", "Year Low": "26.3000", "Year Close": "30.7500", "Annual % Change": "15.60%"}, "2001": {"Average Stock Price": "23.1150", "Year Open": "18.7500", "Year High": "26.6000", "Year Low": "18.7500", "Year Close": "26.6000", "Annual % Change": "38.61%"}, "2000": {"Average Stock Price": "21.2582", "Year Open": "20.3100", "Year High": "24.7500", "Year Low": "18.4400", "Year Close": "19.1900", "Annual % Change": "-7.78%"}, "1999": {"Average Stock Price": "23.4615", "Year Open": "25.9400", "Year High": "27.0600", "Year Low": "17.8100", "Year Close": "20.8100", "Annual % Change": "-18.81%"}, "1998": {"Average Stock Price": "27.3515", "Year Open": "28.1900", "Year High": "30.0000", "Year Low": "23.2500", "Year Close": "25.6300", "Annual % Change": "-10.07%"}, "1997": {"Average Stock Price": "27.6242", "Year Open": "25.5000", "Year High": "29.5600", "Year Low": "25.0600", "Year Close": "28.5000", "Annual % Change": "9.11%"}, "1996": {"Average Stock Price": "21.2022", "Year Open": "19.7500", "Year High": "26.1200", "Year Low": "19.0000", "Year Close": "26.1200", "Annual % Change": "30.60%"}, "1995": {"Average Stock Price": "20.2294", "Year Open": "21.5000", "Year High": "21.8800", "Year Low": "19.2500", "Year Close": "20.0000", "Annual % Change": "-6.45%"}}}, "market cap": {"value": "$1.94B"}, "income statement": {"Revenue": {"2019-12-31": "927.46200", "2018-12-31": "960.35100", "2017-12-31": "993.66200", "2016-12-31": "1041.27100", "2015-12-31": "1288.14900", "2014-12-31": "1105.24700", "2013-12-31": "1029.47500", "2012-12-31": "797.51700", "2011-12-31": "684.74400", "2010-12-31": "711.55700", "2009-12-31": "793.04800", "2008-12-31": "880.87100", "2007-12-31": "800.84200", "2006-12-31": "749.61900", "2005-12-31": "711.82400"}, "Cost Of Goods Sold": {"2019-12-31": "367.95300", "2018-12-31": "381.00400", "2017-12-31": "395.31100", "2016-12-31": "405.94600", "2015-12-31": "472.15500", "2014-12-31": "441.92900", "2013-12-31": "423.25600", "2012-12-31": "337.53300", "2011-12-31": "300.41900", "2010-12-31": "314.18700", "2009-12-31": "328.13200", "2008-12-31": "358.68500", "2007-12-31": "327.01900", "2006-12-31": "290.34200", "2005-12-31": "276.74500"}, "Gross Profit": {"2019-12-31": "559.50900", "2018-12-31": "579.34700", "2017-12-31": "598.35100", "2016-12-31": "635.32500", "2015-12-31": "815.99400", "2014-12-31": "663.31790", "2013-12-31": "606.21900", "2012-12-31": "459.98400", "2011-12-31": "384.32500", "2010-12-31": "397.37000", "2009-12-31": "464.91600", "2008-12-31": "522.18600", "2007-12-31": "473.82300", "2006-12-31": "459.27700", "2005-12-31": "435.07900"}, "Research And Development Expenses": {"2019-12-31": "", "2018-12-31": "", "2017-12-31": "", "2016-12-31": "", "2015-12-31": "", "2014-12-31": "", "2013-12-31": "", "2012-12-31": "", "2011-12-31": "", "2010-12-31": "", "2009-12-31": "", "2008-12-31": "", "2007-12-31": "", "2006-12-31": "", "2005-12-31": ""}, "SG&A Expenses": {"2019-12-31": "22.63400", "2018-12-31": "24.16000", "2017-12-31": "28.24000", "2016-12-31": "28.21700", "2015-12-31": "29.87000", "2014-12-31": "29.41200", "2013-12-31": "27.77200", "2012-12-31": "20.41200", "2011-12-31": "21.11300", "2010-12-31": "20.70300", "2009-12-31": "25.93300", "2008-12-31": "16.52000", "2007-12-31": "16.60000", "2006-12-31": "13.53200", "2005-12-31": "12.10600"}, "Other Operating Income Or Expenses": {"2019-12-31": "", "2018-12-31": "-19.36900", "2017-12-31": "", "2016-12-31": "", "2015-12-31": "-25.20400", "2014-12-31": "", "2013-12-31": "", "2012-12-31": "", "2011-12-31": "", "2010-12-31": "", "2009-12-31": "", "2008-12-31": "", "2007-12-31": "", "2006-12-31": "", "2005-12-31": ""}, "Operating Expenses": {"2019-12-31": "721.31300", "2018-12-31": "751.96900", "2017-12-31": "758.98200", "2016-12-31": "782.65090", "2015-12-31": "991.70090", "2014-12-31": "850.05700", "2013-12-31": "808.19300", "2012-12-31": "635.56600", "2011-12-31": "549.51200", "2010-12-31": "561.44000", "2009-12-31": "609.29600", "2008-12-31": "645.14300", "2007-12-31": "552.72000", "2006-12-31": "500.63400", "2005-12-31": "481.99600"}, "Operating Income": {"2019-12-31": "206.14900", "2018-12-31": "208.38200", "2017-12-31": "234.68000", "2016-12-31": "258.62010", "2015-12-31": "296.44810", "2014-12-31": "255.18990", "2013-12-31": "221.28200", "2012-12-31": "161.95100", "2011-12-31": "135.23210", "2010-12-31": "150.11700", "2009-12-31": "183.75200", "2008-12-31": "235.72800", "2007-12-31": "248.12200", "2006-12-31": "248.98500", "2005-12-31": "229.82800"}, "Total Non-Operating Income/Expense": {"2019-12-31": "-102.00600", "2018-12-31": "-143.01400", "2017-12-31": "-57.41300", "2016-12-31": "296.94100", "2015-12-31": "223.24100", "2014-12-31": "1347.47200", "2013-12-31": "-63.95100", "2012-12-31": "137.05600", "2011-12-31": "98.10000", "2010-12-31": "-120.54900", "2009-12-31": "-7.27900", "2008-12-31": "-148.00900", "2007-12-31": "-167.25800", "2006-12-31": "-176.59600", "2005-12-31": "-160.24100"}, "Pre-Tax Income": {"2019-12-31": "104.14300", "2018-12-31": "65.36800", "2017-12-31": "177.26700", "2016-12-31": "555.56100", "2015-12-31": "519.68900", "2014-12-31": "1602.66200", "2013-12-31": "157.33100", "2012-12-31": "299.00700", "2011-12-31": "233.33200", "2010-12-31": "29.55700", "2009-12-31": "176.47300", "2008-12-31": "87.71900", "2007-12-31": "80.86400", "2006-12-31": "72.38900", "2005-12-31": "69.58700"}, "Income Taxes": {"2019-12-31": "1.58900", "2018-12-31": "-3.60400", "2017-12-31": "15.59400", "2016-12-31": "0.72200", "2015-12-31": "-3.22300", "2014-12-31": "-4.26900", "2013-12-31": "-1.69200", "2012-12-31": "-4.15900", "2011-12-31": "-6.11000", "2010-12-31": "-9.21300", "2009-12-31": "-4.76100", "2008-12-31": "1.12600", "2007-12-31": "-0.47000", "2006-12-31": "0.03300", "2005-12-31": "-2.03100"}, "Income After Taxes": {"2019-12-31": "102.55400", "2018-12-31": "68.97200", "2017-12-31": "161.67300", "2016-12-31": "554.83900", "2015-12-31": "522.91200", "2014-12-31": "1606.93100", "2013-12-31": "159.02300", "2012-12-31": "303.16600", "2011-12-31": "239.44200", "2010-12-31": "38.77000", "2009-12-31": "181.23400", "2008-12-31": "86.59300", "2007-12-31": "81.33400", "2006-12-31": "72.35600", "2005-12-31": "71.61800"}, "Other Income": {"2019-12-31": "", "2018-12-31": "", "2017-12-31": "", "2016-12-31": "", "2015-12-31": "", "2014-12-31": "", "2013-12-31": "", "2012-12-31": "", "2011-12-31": "", "2010-12-31": "", "2009-12-31": "", "2008-12-31": "", "2007-12-31": "", "2006-12-31": "", "2005-12-31": ""}, "Income From Continuous Operations": {"2019-12-31": "102.55400", "2018-12-31": "68.97200", "2017-12-31": "161.67300", "2016-12-31": "554.83900", "2015-12-31": "522.91200", "2014-12-31": "1606.93100", "2013-12-31": "159.02300", "2012-12-31": "303.16600", "2011-12-31": "239.44200", "2010-12-31": "38.77000", "2009-12-31": "181.23400", "2008-12-31": "86.59300", "2007-12-31": "80.45700", "2006-12-31": "70.52100", "2005-12-31": "69.95200"}, "Income From Discontinued Operations": {"2019-12-31": "", "2018-12-31": "", "2017-12-31": "", "2016-12-31": "", "2015-12-31": "", "2014-12-31": "", "2013-12-31": "289.93600", "2012-12-31": "63.22300", "2011-12-31": "-70.36700", "2010-12-31": "-10.35000", "2009-12-31": "-41.98400", "2008-12-31": "108.42200", "2007-12-31": "25.60500", "2006-12-31": "214.85500", "2005-12-31": "14.18400"}, "Net Income": {"2019-12-31": "96.82000", "2018-12-31": "60.02000", "2017-12-31": "146.13000", "2016-12-31": "516.99500", "2015-12-31": "487.56200", "2014-12-31": "1499.04200", "2013-12-31": "420.09000", "2012-12-31": "337.42600", "2011-12-31": "156.86600", "2010-12-31": "25.19000", "2009-12-31": "120.74200", "2008-12-31": "161.92500", "2007-12-31": "64.13100", "2006-12-31": "217.40400", "2005-12-31": "52.58800"}, "EBITDA": {"2019-12-31": "554.91890", "2018-12-31": "569.50200", "2017-12-31": "603.47700", "2016-12-31": "630.40310", "2015-12-31": "759.39310", "2014-12-31": "654.44900", "2013-12-31": "614.94300", "2012-12-31": "489.99000", "2011-12-31": "429.50010", "2010-12-31": "428.14100", "2009-12-31": "469.98900", "2008-12-31": "540.22600", "2007-12-31": "500.60000", "2006-12-31": "478.97700", "2005-12-31": "436.85300"}, "EBIT": {"2019-12-31": "206.14900", "2018-12-31": "208.38200", "2017-12-31": "234.68000", "2016-12-31": "258.62010", "2015-12-31": "296.44810", "2014-12-31": "255.18990", "2013-12-31": "221.28200", "2012-12-31": "161.95100", "2011-12-31": "135.23210", "2010-12-31": "150.11700", "2009-12-31": "183.75200", "2008-12-31": "235.72800", "2007-12-31": "248.12200", "2006-12-31": "248.98500", "2005-12-31": "229.82800"}, "Basic Shares Outstanding": {"2019-12-31": "141.34000", "2018-12-31": "141.14200", "2017-12-31": "141.87700", "2016-12-31": "146.59900", "2015-12-31": "157.91600", "2014-12-31": "143.14400", "2013-12-31": "139.59800", "2012-12-31": "134.06700", "2011-12-31": "131.62800", "2010-12-31": "120.34600", "2009-12-31": "81.22600", "2008-12-31": "74.31900", "2007-12-31": "71.76800", "2006-12-31": "70.82600", "2005-12-31": "59.27900"}, "Shares Outstanding": {"2019-12-31": "141.34000", "2018-12-31": "141.14400", "2017-12-31": "141.91300", "2016-12-31": "146.71100", "2015-12-31": "158.06000", "2014-12-31": "143.29100", "2013-12-31": "139.68000", "2012-12-31": "134.14800", "2011-12-31": "131.62800", "2010-12-31": "120.34600", "2009-12-31": "81.22600", "2008-12-31": "86.79400", "2007-12-31": "84.76000", "2006-12-31": "88.05800", "2005-12-31": "73.57300"}, "Basic EPS": {"2019-12-31": "0.68000", "2018-12-31": "0.42000", "2017-12-31": "1.02000", "2016-12-31": "3.52000", "2015-12-31": "3.08000", "2014-12-31": "10.46000", "2013-12-31": "3.01000", "2012-12-31": "2.51000", "2011-12-31": "1.18000", "2010-12-31": "0.19000", "2009-12-31": "1.45000", "2008-12-31": "2.17000", "2007-12-31": "0.88000", "2006-12-31": "3.07000", "2005-12-31": "0.89000"}, "EPS - Earnings Per Share": {"2019-12-31": "0.68000", "2018-12-31": "0.42000", "2017-12-31": "1.02000", "2016-12-31": "3.52000", "2015-12-31": "3.08000", "2014-12-31": "10.45000", "2013-12-31": "3.00000", "2012-12-31": "2.51000", "2011-12-31": "1.18000", "2010-12-31": "0.19000", "2009-12-31": "1.45000", "2008-12-31": "2.17000", "2007-12-31": "0.88000", "2006-12-31": "3.05000", "2005-12-31": "0.88000"}}, "income statement, quarterly": {"Revenue": {"2020-09-30": "185.84400", "2020-06-30": "178.58700", "2020-03-31": "226.95200", "2019-12-31": "241.84100", "2019-09-30": "231.12700", "2019-06-30": "227.97200", "2019-03-31": "226.52200", "2018-12-31": "246.87400", "2018-09-30": "242.19800", "2018-06-30": "234.54500", "2018-03-31": "236.73400", "2017-12-31": "256.74300", "2017-09-30": "242.45100", "2017-06-30": "247.42300", "2017-03-31": "247.04500", "2016-12-31": "272.00000", "2016-09-30": "253.36700", "2016-06-30": "259.90400", "2016-03-31": "256.00000", "2015-12-31": "320.75810", "2015-09-30": "326.26200", "2015-06-30": "322.79400", "2015-03-31": "318.33500", "2014-12-31": "322.90600", "2014-09-30": "263.49200", "2014-06-30": "254.33700", "2014-03-31": "264.51200", "2013-12-31": "282.13900", "2013-09-30": "258.15400", "2013-06-30": "245.87800", "2013-03-31": "243.30400", "2012-12-31": "187.82510", "2012-09-30": "204.09200", "2012-06-30": "195.65700", "2012-03-31": "209.94300", "2011-12-31": "124.86100", "2011-09-30": "193.31900", "2011-06-30": "181.29900", "2011-03-31": "185.26500", "2010-12-31": "158.74600", "2010-09-30": "189.47100", "2010-06-30": "181.22600", "2010-03-31": "182.11400", "2009-12-31": "187.36000", "2009-09-30": "197.79200", "2009-06-30": "202.17500", "2009-03-31": "205.72100", "2008-12-31": "224.28800", "2008-09-30": "222.26100", "2008-06-30": "216.79100", "2008-03-31": "217.53100", "2007-12-31": "211.59600", "2007-09-30": "202.12400", "2007-06-30": "194.32400", "2007-03-31": "192.79800", "2006-12-31": "153.75900", "2006-09-30": "202.07700", "2006-06-30": "193.09100", "2006-03-31": "200.69200", "2005-12-31": "174.55500", "2005-09-30": "201.59000", "2005-06-30": "186.50600", "2005-03-31": "149.17300"}, "Cost Of Goods Sold": {"2020-09-30": "83.25500", "2020-06-30": "80.22800", "2020-03-31": "94.37400", "2019-12-31": "92.36500", "2019-09-30": "92.00400", "2019-06-30": "87.46100", "2019-03-31": "96.12300", "2018-12-31": "85.50600", "2018-09-30": "93.62700", "2018-06-30": "89.03800", "2018-03-31": "112.83300", "2017-12-31": "83.58500", "2017-09-30": "97.64400", "2017-06-30": "97.24800", "2017-03-31": "104.41400", "2016-12-31": "100.91800", "2016-09-30": "99.59500", "2016-06-30": "98.20900", "2016-03-31": "107.22400", "2015-12-31": "113.94500", "2015-09-30": "115.96200", "2015-06-30": "114.11600", "2015-03-31": "128.13200", "2014-12-31": "119.16000", "2014-09-30": "106.86000", "2014-06-30": "102.76100", "2014-03-31": "113.14800", "2013-12-31": "113.62000", "2013-09-30": "106.38500", "2013-06-30": "101.49800", "2013-03-31": "101.75300", "2012-12-31": "79.79000", "2012-09-30": "83.95200", "2012-06-30": "85.76600", "2012-03-31": "88.02500", "2011-12-31": "51.98600", "2011-09-30": "83.33800", "2011-06-30": "79.98800", "2011-03-31": "85.10700", "2010-12-31": "64.41600", "2010-09-30": "86.00100", "2010-06-30": "80.76200", "2010-03-31": "83.00800", "2009-12-31": "69.98700", "2009-09-30": "80.50600", "2009-06-30": "84.78400", "2009-03-31": "92.85500", "2008-12-31": "87.96500", "2008-09-30": "92.21500", "2008-06-30": "89.53700", "2008-03-31": "88.96800", "2007-12-31": "82.37400", "2007-09-30": "84.48200", "2007-06-30": "80.39200", "2007-03-31": "79.77100", "2006-12-31": "55.72700", "2006-09-30": "81.93300", "2006-06-30": "76.12300", "2006-03-31": "76.55900", "2005-12-31": "65.45500", "2005-09-30": "81.18500", "2005-06-30": "72.04600", "2005-03-31": "58.05900"}, "Gross Profit": {"2020-09-30": "102.58900", "2020-06-30": "98.35900", "2020-03-31": "132.57800", "2019-12-31": "149.47600", "2019-09-30": "139.12300", "2019-06-30": "140.51100", "2019-03-31": "130.39900", "2018-12-31": "161.36800", "2018-09-30": "148.57100", "2018-06-30": "145.50700", "2018-03-31": "123.90100", "2017-12-31": "173.15800", "2017-09-30": "144.80700", "2017-06-30": "150.17500", "2017-03-31": "142.63100", "2016-12-31": "171.08200", "2016-09-30": "153.77200", "2016-06-30": "161.69500", "2016-03-31": "148.77600", "2015-12-31": "206.81310", "2015-09-30": "210.30000", "2015-06-30": "208.67800", "2015-03-31": "190.20300", "2014-12-31": "203.74590", "2014-09-30": "156.63200", "2014-06-30": "151.57600", "2014-03-31": "151.36400", "2013-12-31": "168.51900", "2013-09-30": "151.76900", "2013-06-30": "144.38000", "2013-03-31": "141.55100", "2012-12-31": "108.03510", "2012-09-30": "120.14000", "2012-06-30": "109.89100", "2012-03-31": "121.91800", "2011-12-31": "72.87510", "2011-09-30": "109.98100", "2011-06-30": "101.31100", "2011-03-31": "100.15800", "2010-12-31": "94.33000", "2010-09-30": "103.47000", "2010-06-30": "100.46400", "2010-03-31": "99.10600", "2009-12-31": "117.37300", "2009-09-30": "117.28600", "2009-06-30": "117.39100", "2009-03-31": "112.86600", "2008-12-31": "136.32290", "2008-09-30": "130.04600", "2008-06-30": "127.25400", "2008-03-31": "128.56300", "2007-12-31": "129.22200", "2007-09-30": "117.64200", "2007-06-30": "113.93200", "2007-03-31": "113.02700", "2006-12-31": "98.03200", "2006-09-30": "120.14400", "2006-06-30": "116.96800", "2006-03-31": "124.13300", "2005-12-31": "109.10000", "2005-09-30": "120.40500", "2005-06-30": "114.46000", "2005-03-31": "91.11400"}, "Research And Development Expenses": {"2020-09-30": "", "2020-06-30": "", "2020-03-31": "", "2019-12-31": "", "2019-09-30": "", "2019-06-30": "", "2019-03-31": "", "2018-12-31": "", "2018-09-30": "", "2018-06-30": "", "2018-03-31": "", "2017-12-31": "", "2017-09-30": "", "2017-06-30": "", "2017-03-31": "", "2016-12-31": "", "2016-09-30": "", "2016-06-30": "", "2016-03-31": "", "2015-12-31": "", "2015-09-30": "", "2015-06-30": "", "2015-03-31": "", "2014-12-31": "", "2014-09-30": "", "2014-06-30": "", "2014-03-31": "", "2013-12-31": "", "2013-09-30": "", "2013-06-30": "", "2013-03-31": "", "2012-12-31": "", "2012-09-30": "", "2012-06-30": "", "2012-03-31": "", "2011-12-31": "", "2011-09-30": "", "2011-06-30": "", "2011-03-31": "", "2010-12-31": "", "2010-09-30": "", "2010-06-30": "", "2010-03-31": "", "2009-12-31": "", "2009-09-30": "", "2009-06-30": "", "2009-03-31": "", "2008-12-31": "", "2008-09-30": "", "2008-06-30": "", "2008-03-31": "", "2007-12-31": "", "2007-09-30": "", "2007-06-30": "", "2007-03-31": "", "2006-12-31": "", "2006-09-30": "", "2006-06-30": "", "2006-03-31": "", "2005-12-31": "", "2005-09-30": "", "2005-06-30": "", "2005-03-31": ""}, "SG&A Expenses": {"2020-09-30": "7.58900", "2020-06-30": "8.24200", "2020-03-31": "6.82100", "2019-12-31": "5.79900", "2019-09-30": "5.28500", "2019-06-30": "4.58900", "2019-03-31": "6.96100", "2018-12-31": "5.74600", "2018-09-30": "5.43900", "2018-06-30": "4.95600", "2018-03-31": "8.01900", "2017-12-31": "7.03200", "2017-09-30": "5.28700", "2017-06-30": "7.45800", "2017-03-31": "8.46300", "2016-12-31": "4.97700", "2016-09-30": "6.93000", "2016-06-30": "7.68100", "2016-03-31": "8.62900", "2015-12-31": "7.21000", "2015-09-30": "6.68800", "2015-06-30": "7.55000", "2015-03-31": "8.42200", "2014-12-31": "12.07300", "2014-09-30": "5.33900", "2014-06-30": "5.12300", "2014-03-31": "6.87700", "2013-12-31": "9.10000", "2013-09-30": "5.95500", "2013-06-30": "6.69300", "2013-03-31": "6.02400", "2012-12-31": "5.17600", "2012-09-30": "5.06300", "2012-06-30": "5.65500", "2012-03-31": "4.51800", "2011-12-31": "5.23700", "2011-09-30": "4.49000", "2011-06-30": "3.74200", "2011-03-31": "7.64400", "2010-12-31": "4.99700", "2010-09-30": "4.54600", "2010-06-30": "3.64200", "2010-03-31": "7.51800", "2009-12-31": "8.94200", "2009-09-30": "7.08500", "2009-06-30": "4.64800", "2009-03-31": "5.25800", "2008-12-31": "5.09900", "2008-09-30": "2.88300", "2008-06-30": "4.13500", "2008-03-31": "4.40300", "2007-12-31": "4.82300", "2007-09-30": "1.99200", "2007-06-30": "4.41200", "2007-03-31": "5.37300", "2006-12-31": "3.99100", "2006-09-30": "2.55100", "2006-06-30": "3.29200", "2006-03-31": "3.69800", "2005-12-31": "2.16900", "2005-09-30": "3.42000", "2005-06-30": "3.86500", "2005-03-31": "2.65200"}, "Other Operating Income Or Expenses": {"2020-09-30": "", "2020-06-30": "", "2020-03-31": "", "2019-12-31": "", "2019-09-30": "", "2019-06-30": "", "2019-03-31": "", "2018-12-31": "", "2018-09-30": "", "2018-06-30": "-19.36900", "2018-03-31": "", "2017-12-31": "", "2017-09-30": "", "2017-06-30": "", "2017-03-31": "", "2016-12-31": "", "2016-09-30": "", "2016-06-30": "", "2016-03-31": "", "2015-12-31": "1.60900", "2015-09-30": "-0.20900", "2015-06-30": "-13.03200", "2015-03-31": "-13.57200", "2014-12-31": "", "2014-09-30": "", "2014-06-30": "", "2014-03-31": "", "2013-12-31": "", "2013-09-30": "", "2013-06-30": "1.94300", "2013-03-31": "", "2012-12-31": "", "2012-09-30": "", "2012-06-30": "", "2012-03-31": "", "2011-12-31": "", "2011-09-30": "", "2011-06-30": "", "2011-03-31": "", "2010-12-31": "", "2010-09-30": "", "2010-06-30": "", "2010-03-31": "", "2009-12-31": "", "2009-09-30": "", "2009-06-30": "", "2009-03-31": "", "2008-12-31": "", "2008-09-30": "", "2008-06-30": "", "2008-03-31": "", "2007-12-31": "", "2007-09-30": "", "2007-06-30": "", "2007-03-31": "", "2006-12-31": "", "2006-09-30": "", "2006-06-30": "", "2006-03-31": "", "2005-12-31": "", "2005-09-30": "", "2005-06-30": "", "2005-03-31": ""}, "Operating Expenses": {"2020-09-30": "169.44900", "2020-06-30": "168.76400", "2020-03-31": "183.40800", "2019-12-31": "182.24990", "2019-09-30": "180.07600", "2019-06-30": "174.43500", "2019-03-31": "184.55200", "2018-12-31": "178.08000", "2018-09-30": "180.86900", "2018-06-30": "192.23100", "2018-03-31": "200.78900", "2017-12-31": "189.00500", "2017-09-30": "186.07800", "2017-06-30": "187.94900", "2017-03-31": "195.95000", "2016-12-31": "195.28590", "2016-09-30": "193.50100", "2016-06-30": "191.08000", "2016-03-31": "202.78400", "2015-12-31": "226.58100", "2015-09-30": "240.34500", "2015-06-30": "254.03100", "2015-03-31": "270.74400", "2014-12-31": "243.75000", "2014-09-30": "201.94000", "2014-06-30": "195.68500", "2014-03-31": "208.68200", "2013-12-31": "217.79500", "2013-09-30": "200.77600", "2013-06-30": "194.82700", "2013-03-31": "194.79500", "2012-12-31": "150.84000", "2012-09-30": "157.75200", "2012-06-30": "160.59000", "2012-03-31": "166.38400", "2011-12-31": "98.12690", "2011-09-30": "152.11100", "2011-06-30": "144.65600", "2011-03-31": "154.61800", "2010-12-31": "115.19800", "2010-09-30": "152.73200", "2010-06-30": "143.76900", "2010-03-31": "149.74100", "2009-12-31": "147.48100", "2009-09-30": "148.49300", "2009-06-30": "151.73400", "2009-03-31": "161.58800", "2008-12-31": "178.93700", "2008-09-30": "161.03500", "2008-06-30": "151.14600", "2008-03-31": "154.02500", "2007-12-31": "136.77700", "2007-09-30": "140.96300", "2007-06-30": "138.45700", "2007-03-31": "136.52300", "2006-12-31": "87.51700", "2006-09-30": "138.02600", "2006-06-30": "135.42500", "2006-03-31": "139.66600", "2005-12-31": "115.03400", "2005-09-30": "140.81600", "2005-06-30": "129.27600", "2005-03-31": "96.87000"}, "Operating Income": {"2020-09-30": "16.39500", "2020-06-30": "9.82300", "2020-03-31": "43.54400", "2019-12-31": "59.59100", "2019-09-30": "51.05100", "2019-06-30": "53.53700", "2019-03-31": "41.97000", "2018-12-31": "68.79410", "2018-09-30": "61.32900", "2018-06-30": "42.31400", "2018-03-31": "35.94500", "2017-12-31": "67.73800", "2017-09-30": "56.37300", "2017-06-30": "59.47400", "2017-03-31": "51.09500", "2016-12-31": "76.71410", "2016-09-30": "59.86600", "2016-06-30": "68.82400", "2016-03-31": "53.21600", "2015-12-31": "94.17710", "2015-09-30": "85.91700", "2015-06-30": "68.76300", "2015-03-31": "47.59100", "2014-12-31": "79.15600", "2014-09-30": "61.55200", "2014-06-30": "58.65200", "2014-03-31": "55.83000", "2013-12-31": "64.34400", "2013-09-30": "57.37800", "2013-06-30": "51.05100", "2013-03-31": "48.50900", "2012-12-31": "36.98510", "2012-09-30": "46.34000", "2012-06-30": "35.06700", "2012-03-31": "43.55900", "2011-12-31": "26.73410", "2011-09-30": "41.20800", "2011-06-30": "36.64300", "2011-03-31": "30.64700", "2010-12-31": "43.54800", "2010-09-30": "36.73900", "2010-06-30": "37.45700", "2010-03-31": "32.37300", "2009-12-31": "39.87900", "2009-09-30": "49.29900", "2009-06-30": "50.44100", "2009-03-31": "44.13300", "2008-12-31": "45.35090", "2008-09-30": "61.22600", "2008-06-30": "65.64500", "2008-03-31": "63.50600", "2007-12-31": "74.81910", "2007-09-30": "61.16100", "2007-06-30": "55.86700", "2007-03-31": "56.27500", "2006-12-31": "66.24200", "2006-09-30": "64.05100", "2006-06-30": "57.66600", "2006-03-31": "61.02600", "2005-12-31": "59.52100", "2005-09-30": "60.77400", "2005-06-30": "57.23000", "2005-03-31": "52.30300"}, "Total Non-Operating Income/Expense": {"2020-09-30": "-49.69700", "2020-06-30": "-34.20700", "2020-03-31": "1.62400", "2019-12-31": "-45.47200", "2019-09-30": "-0.21700", "2019-06-30": "-29.85200", "2019-03-31": "-26.46500", "2018-12-31": "-57.86700", "2018-09-30": "-26.13800", "2018-06-30": "-23.24600", "2018-03-31": "-35.76300", "2017-12-31": "23.85200", "2017-09-30": "-22.42200", "2017-06-30": "-29.50800", "2017-03-31": "-29.33500", "2016-12-31": "-46.30000", "2016-09-30": "-26.44400", "2016-06-30": "-29.79100", "2016-03-31": "399.47600", "2015-12-31": "340.83500", "2015-09-30": "-47.12000", "2015-06-30": "-48.61500", "2015-03-31": "-21.85900", "2014-12-31": "1450.99700", "2014-09-30": "-33.05800", "2014-06-30": "-34.10900", "2014-03-31": "-36.35800", "2013-12-31": "-58.36000", "2013-09-30": "-16.50100", "2013-06-30": "39.68800", "2013-03-31": "-28.77800", "2012-12-31": "160.34300", "2012-09-30": "-2.34900", "2012-06-30": "-27.43800", "2012-03-31": "6.50000", "2011-12-31": "168.81400", "2011-09-30": "-23.96200", "2011-06-30": "-18.80600", "2011-03-31": "-27.94600", "2010-12-31": "-11.68100", "2010-09-30": "-30.15600", "2010-06-30": "-38.37600", "2010-03-31": "-40.33600", "2009-12-31": "-38.21500", "2009-09-30": "110.54300", "2009-06-30": "-48.84100", "2009-03-31": "-30.76600", "2008-12-31": "8.17100", "2008-09-30": "-58.17600", "2008-06-30": "-46.60700", "2008-03-31": "-51.39700", "2007-12-31": "-42.89500", "2007-09-30": "-37.99300", "2007-06-30": "-37.36700", "2007-03-31": "-49.00300", "2006-12-31": "-27.84300", "2006-09-30": "-49.19500", "2006-06-30": "-50.82800", "2006-03-31": "-48.73000", "2005-12-31": "-34.63900", "2005-09-30": "-51.29700", "2005-06-30": "-44.90200", "2005-03-31": "-29.40300"}, "Pre-Tax Income": {"2020-09-30": "-33.30200", "2020-06-30": "-24.38400", "2020-03-31": "45.16800", "2019-12-31": "14.11900", "2019-09-30": "50.83400", "2019-06-30": "23.68500", "2019-03-31": "15.50500", "2018-12-31": "10.92700", "2018-09-30": "35.19100", "2018-06-30": "19.06800", "2018-03-31": "0.18200", "2017-12-31": "91.59000", "2017-09-30": "33.95100", "2017-06-30": "29.96600", "2017-03-31": "21.76000", "2016-12-31": "30.41400", "2016-09-30": "33.42200", "2016-06-30": "39.03300", "2016-03-31": "452.69200", "2015-12-31": "435.01200", "2015-09-30": "38.79700", "2015-06-30": "20.14800", "2015-03-31": "25.73200", "2014-12-31": "1530.15300", "2014-09-30": "28.49400", "2014-06-30": "24.54300", "2014-03-31": "19.47200", "2013-12-31": "5.98400", "2013-09-30": "40.87700", "2013-06-30": "90.73900", "2013-03-31": "19.73100", "2012-12-31": "197.32800", "2012-09-30": "43.99100", "2012-06-30": "7.62900", "2012-03-31": "50.05900", "2011-12-31": "195.54800", "2011-09-30": "17.24600", "2011-06-30": "17.83700", "2011-03-31": "2.70100", "2010-12-31": "31.85600", "2010-09-30": "6.58300", "2010-06-30": "-0.91900", "2010-03-31": "-7.96300", "2009-12-31": "1.66400", "2009-09-30": "159.84200", "2009-06-30": "1.60000", "2009-03-31": "13.36700", "2008-12-31": "53.52200", "2008-09-30": "3.05000", "2008-06-30": "19.03800", "2008-03-31": "12.10900", "2007-12-31": "31.92400", "2007-09-30": "23.16800", "2007-06-30": "18.50000", "2007-03-31": "7.27200", "2006-12-31": "38.39900", "2006-09-30": "14.85600", "2006-06-30": "6.83800", "2006-03-31": "12.29600", "2005-12-31": "24.88200", "2005-09-30": "9.47700", "2005-06-30": "12.32800", "2005-03-31": "22.90000"}, "Income Taxes": {"2020-09-30": "1.10600", "2020-06-30": "-1.52400", "2020-03-31": "-0.26600", "2019-12-31": "-0.11400", "2019-09-30": "0.67800", "2019-06-30": "0.67900", "2019-03-31": "0.34600", "2018-12-31": "-1.80500", "2018-09-30": "0.46600", "2018-06-30": "0.68400", "2018-03-31": "-2.94900", "2017-12-31": "15.77200", "2017-09-30": "2.86900", "2017-06-30": "0.43700", "2017-03-31": "-3.48400", "2016-12-31": "-2.01400", "2016-09-30": "0.90500", "2016-06-30": "0.51400", "2016-03-31": "1.31700", "2015-12-31": "-1.14600", "2015-09-30": "-0.85900", "2015-06-30": "-0.28300", "2015-03-31": "-0.93500", "2014-12-31": "-0.51000", "2014-09-30": "-0.68900", "2014-06-30": "-2.89800", "2014-03-31": "-0.17200", "2013-12-31": "0.57100", "2013-09-30": "-0.54300", "2013-06-30": "-1.47700", "2013-03-31": "-0.24300", "2012-12-31": "-2.00000", "2012-09-30": "-0.93400", "2012-06-30": "-3.07500", "2012-03-31": "1.85000", "2011-12-31": "-0.29800", "2011-09-30": "-1.56600", "2011-06-30": "-1.76800", "2011-03-31": "-2.47800", "2010-12-31": "-3.96100", "2010-09-30": "-2.66200", "2010-06-30": "-1.37500", "2010-03-31": "-1.21500", "2009-12-31": "-3.88200", "2009-09-30": "0.30200", "2009-06-30": "-0.38000", "2009-03-31": "-0.80100", "2008-12-31": "1.87600", "2008-09-30": "-0.36200", "2008-06-30": "-0.68900", "2008-03-31": "0.30100", "2007-12-31": "0.00800", "2007-09-30": "0.42900", "2007-06-30": "-0.78700", "2007-03-31": "-0.12000", "2006-12-31": "-0.18700", "2006-09-30": "0.53500", "2006-06-30": "0.21800", "2006-03-31": "-0.53300", "2005-12-31": "0.17300", "2005-09-30": "-1.16600", "2005-06-30": "-0.52900", "2005-03-31": "-0.50900"}, "Income After Taxes": {"2020-09-30": "-34.40800", "2020-06-30": "-22.86000", "2020-03-31": "45.43400", "2019-12-31": "14.23300", "2019-09-30": "50.15600", "2019-06-30": "23.00600", "2019-03-31": "15.15900", "2018-12-31": "12.73200", "2018-09-30": "34.72500", "2018-06-30": "18.38400", "2018-03-31": "3.13100", "2017-12-31": "75.81800", "2017-09-30": "31.08200", "2017-06-30": "29.52900", "2017-03-31": "25.24400", "2016-12-31": "32.42800", "2016-09-30": "32.51700", "2016-06-30": "38.51900", "2016-03-31": "451.37500", "2015-12-31": "436.15810", "2015-09-30": "39.65600", "2015-06-30": "20.43100", "2015-03-31": "26.66700", "2014-12-31": "1530.66300", "2014-09-30": "29.18300", "2014-06-30": "27.44100", "2014-03-31": "19.64400", "2013-12-31": "5.41300", "2013-09-30": "41.42000", "2013-06-30": "92.21600", "2013-03-31": "19.97400", "2012-12-31": "199.32800", "2012-09-30": "44.92500", "2012-06-30": "10.70400", "2012-03-31": "48.20900", "2011-12-31": "195.84600", "2011-09-30": "18.81200", "2011-06-30": "19.60500", "2011-03-31": "5.17900", "2010-12-31": "35.81700", "2010-09-30": "9.24500", "2010-06-30": "0.45600", "2010-03-31": "-6.74800", "2009-12-31": "5.54600", "2009-09-30": "159.54000", "2009-06-30": "1.98000", "2009-03-31": "14.16800", "2008-12-31": "51.64600", "2008-09-30": "3.41200", "2008-06-30": "19.72700", "2008-03-31": "11.80800", "2007-12-31": "31.91600", "2007-09-30": "22.73900", "2007-06-30": "19.28700", "2007-03-31": "7.39200", "2006-12-31": "38.58600", "2006-09-30": "14.32100", "2006-06-30": "6.62000", "2006-03-31": "12.82900", "2005-12-31": "24.70900", "2005-09-30": "10.64300", "2005-06-30": "12.85700", "2005-03-31": "23.40900"}, "Other Income": {"2020-09-30": "11.78600", "2020-06-30": "-3.86700", "2020-03-31": "", "2019-12-31": "", "2019-09-30": "-0.13100", "2019-06-30": "-9.05900", "2019-03-31": "", "2018-12-31": "", "2018-09-30": "46.51600", "2018-06-30": "-9.51800", "2018-03-31": "-37.51200", "2017-12-31": "", "2017-09-30": "-11.85400", "2017-06-30": "-0.47700", "2017-03-31": "49.56500", "2016-12-31": "", "2016-09-30": "-19.32100", "2016-06-30": "10.91500", "2016-03-31": "", "2015-12-31": "", "2015-09-30": "-3.34200", "2015-06-30": "-4.68500", "2015-03-31": "", "2014-12-31": "", "2014-09-30": "9.56100", "2014-06-30": "-9.45500", "2014-03-31": "", "2013-12-31": "", "2013-09-30": "8.24900", "2013-06-30": "-0.79800", "2013-03-31": "", "2012-12-31": "", "2012-09-30": "", "2012-06-30": "", "2012-03-31": "", "2011-12-31": "", "2011-09-30": "", "2011-06-30": "", "2011-03-31": "", "2010-12-31": "", "2010-09-30": "", "2010-06-30": "", "2010-03-31": "", "2009-12-31": "", "2009-09-30": "", "2009-06-30": "", "2009-03-31": "", "2008-12-31": "", "2008-09-30": "", "2008-06-30": "", "2008-03-31": "", "2007-12-31": "", "2007-09-30": "", "2007-06-30": "", "2007-03-31": "", "2006-12-31": "", "2006-09-30": "", "2006-06-30": "", "2006-03-31": "", "2005-12-31": "", "2005-09-30": "", "2005-06-30": "", "2005-03-31": ""}, "Income From Continuous Operations": {"2020-09-30": "-22.62200", "2020-06-30": "-26.72700", "2020-03-31": "8.73100", "2019-12-31": "29.73900", "2019-09-30": "50.02500", "2019-06-30": "13.94700", "2019-03-31": "8.84300", "2018-12-31": "13.24600", "2018-09-30": "81.24100", "2018-06-30": "8.86600", "2018-03-31": "-34.38100", "2017-12-31": "38.58400", "2017-09-30": "19.22800", "2017-06-30": "29.05200", "2017-03-31": "74.80900", "2016-12-31": "40.83400", "2016-09-30": "13.19600", "2016-06-30": "49.43400", "2016-03-31": "451.37500", "2015-12-31": "444.18500", "2015-09-30": "36.31400", "2015-06-30": "15.74600", "2015-03-31": "26.66700", "2014-12-31": "1530.55700", "2014-09-30": "38.74400", "2014-06-30": "17.98600", "2014-03-31": "19.64400", "2013-12-31": "-2.03800", "2013-09-30": "49.66900", "2013-06-30": "91.41800", "2013-03-31": "19.97400", "2012-12-31": "199.32800", "2012-09-30": "44.92500", "2012-06-30": "10.70400", "2012-03-31": "48.20900", "2011-12-31": "195.84600", "2011-09-30": "18.81200", "2011-06-30": "19.60500", "2011-03-31": "5.17900", "2010-12-31": "35.81700", "2010-09-30": "9.24500", "2010-06-30": "0.45600", "2010-03-31": "-6.74800", "2009-12-31": "5.54600", "2009-09-30": "159.54000", "2009-06-30": "1.98000", "2009-03-31": "14.16800", "2008-12-31": "51.64600", "2008-09-30": "3.41200", "2008-06-30": "19.72700", "2008-03-31": "11.80800", "2007-12-31": "31.91700", "2007-09-30": "22.73900", "2007-06-30": "19.28700", "2007-03-31": "6.51400", "2006-12-31": "38.56200", "2006-09-30": "14.29200", "2006-06-30": "6.62000", "2006-03-31": "11.04700", "2005-12-31": "23.04300", "2005-09-30": "10.64300", "2005-06-30": "12.85700", "2005-03-31": "23.40900"}, "Income From Discontinued Operations": {"2020-09-30": "", "2020-06-30": "", "2020-03-31": "", "2019-12-31": "", "2019-09-30": "", "2019-06-30": "", "2019-03-31": "", "2018-12-31": "", "2018-09-30": "", "2018-06-30": "", "2018-03-31": "", "2017-12-31": "", "2017-09-30": "", "2017-06-30": "", "2017-03-31": "", "2016-12-31": "", "2016-09-30": "", "2016-06-30": "", "2016-03-31": "", "2015-12-31": "", "2015-09-30": "", "2015-06-30": "", "2015-03-31": "", "2014-12-31": "", "2014-09-30": "", "2014-06-30": "", "2014-03-31": "", "2013-12-31": "152.82600", "2013-09-30": "-8.84400", "2013-06-30": "143.39800", "2013-03-31": "2.55600", "2012-12-31": "-13.03400", "2012-09-30": "2.35000", "2012-06-30": "133.83900", "2012-03-31": "-59.93200", "2011-12-31": "-20.20700", "2011-09-30": "-4.55600", "2011-06-30": "-40.51600", "2011-03-31": "-5.08800", "2010-12-31": "-10.05900", "2010-09-30": "0.22300", "2010-06-30": "-0.40100", "2010-03-31": "-0.11300", "2009-12-31": "-22.72200", "2009-09-30": "4.83100", "2009-06-30": "-26.34600", "2009-03-31": "2.25300", "2008-12-31": "7.28200", "2008-09-30": "0.98600", "2008-06-30": "0.30100", "2008-03-31": "99.85300", "2007-12-31": "23.52600", "2007-09-30": "1.62500", "2007-06-30": "0.24700", "2007-03-31": "0.20700", "2006-12-31": "133.45100", "2006-09-30": "47.77600", "2006-06-30": "29.79200", "2006-03-31": "3.83600", "2005-12-31": "11.85900", "2005-09-30": "1.10100", "2005-06-30": "-0.06400", "2005-03-31": "1.28800"}, "Net Income": {"2020-09-30": "-22.19100", "2020-06-30": "-25.11600", "2020-03-31": "7.52200", "2019-12-31": "26.89100", "2019-09-30": "46.37100", "2019-06-30": "15.73400", "2019-03-31": "7.82400", "2018-12-31": "11.74900", "2018-09-30": "74.02800", "2018-06-30": "7.81600", "2018-03-31": "-33.57300", "2017-12-31": "32.75100", "2017-09-30": "17.49800", "2017-06-30": "26.63800", "2017-03-31": "69.24300", "2016-12-31": "37.12800", "2016-09-30": "13.73000", "2016-06-30": "45.22200", "2016-03-31": "420.91500", "2015-12-31": "415.10700", "2015-09-30": "33.59700", "2015-06-30": "14.39500", "2015-03-31": "24.46300", "2014-12-31": "1429.46900", "2014-09-30": "35.91400", "2014-06-30": "15.96800", "2014-03-31": "17.69100", "2013-12-31": "144.94400", "2013-09-30": "38.12300", "2013-06-30": "218.99700", "2013-03-31": "18.02600", "2012-12-31": "174.31000", "2012-09-30": "43.83000", "2012-06-30": "133.35400", "2012-03-31": "-14.06800", "2011-12-31": "163.39500", "2011-09-30": "12.65300", "2011-06-30": "-19.21600", "2011-03-31": "0.03400", "2010-12-31": "23.55800", "2010-09-30": "8.42900", "2010-06-30": "-0.44000", "2010-03-31": "-6.35700", "2009-12-31": "-14.37600", "2009-09-30": "142.83800", "2009-06-30": "-21.73600", "2009-03-31": "14.01600", "2008-12-31": "50.95200", "2008-09-30": "2.63800", "2008-06-30": "15.72500", "2008-03-31": "92.61000", "2007-12-31": "30.35700", "2007-09-30": "19.36600", "2007-06-30": "10.90000", "2007-03-31": "3.50800", "2006-12-31": "137.31100", "2006-09-30": "46.96800", "2006-06-30": "25.67200", "2006-03-31": "7.45300", "2005-12-31": "23.63700", "2005-09-30": "4.06400", "2005-06-30": "6.74700", "2005-03-31": "18.14000"}, "EBITDA": {"2020-09-30": "96.49300", "2020-06-30": "94.78100", "2020-03-31": "131.36600", "2019-12-31": "159.80300", "2019-09-30": "125.26900", "2019-06-30": "139.35900", "2019-03-31": "130.48800", "2018-12-31": "173.35210", "2018-09-30": "144.04700", "2018-06-30": "123.86600", "2018-03-31": "128.23700", "2017-12-31": "160.79000", "2017-09-30": "146.19200", "2017-06-30": "147.77700", "2017-03-31": "148.71800", "2016-12-31": "169.53700", "2016-09-30": "147.96900", "2016-06-30": "157.75800", "2016-03-31": "155.13900", "2015-12-31": "202.60810", "2015-09-30": "199.86400", "2015-06-30": "184.01300", "2015-03-31": "172.90800", "2014-12-31": "189.21890", "2014-09-30": "154.95800", "2014-06-30": "150.21700", "2014-03-31": "160.05500", "2013-12-31": "168.40600", "2013-09-30": "154.27200", "2013-06-30": "148.65600", "2013-03-31": "143.60900", "2012-12-31": "121.00310", "2012-09-30": "127.07100", "2012-06-30": "113.13500", "2012-03-31": "128.78100", "2011-12-31": "95.74910", "2011-09-30": "117.96200", "2011-06-30": "112.52100", "2011-03-31": "103.26800", "2010-12-31": "117.14700", "2010-09-30": "108.13800", "2010-06-30": "105.35700", "2010-03-31": "97.49900", "2009-12-31": "120.82500", "2009-09-30": "114.69200", "2009-06-30": "120.10600", "2009-03-31": "114.36600", "2008-12-31": "150.88790", "2008-09-30": "129.17600", "2008-06-30": "129.44800", "2008-03-31": "130.71400", "2007-12-31": "149.51800", "2007-09-30": "121.65300", "2007-06-30": "116.56000", "2007-03-31": "112.86900", "2006-12-31": "119.64500", "2006-09-30": "119.29300", "2006-06-30": "116.33000", "2006-03-31": "123.70900", "2005-12-31": "117.51100", "2005-09-30": "117.27400", "2005-06-30": "111.16800", "2005-03-31": "90.90000"}, "EBIT": {"2020-09-30": "16.39500", "2020-06-30": "9.82300", "2020-03-31": "43.54400", "2019-12-31": "59.59100", "2019-09-30": "51.05100", "2019-06-30": "53.53700", "2019-03-31": "41.97000", "2018-12-31": "68.79400", "2018-09-30": "61.32900", "2018-06-30": "42.31400", "2018-03-31": "35.94500", "2017-12-31": "67.73800", "2017-09-30": "56.37300", "2017-06-30": "59.47400", "2017-03-31": "51.09500", "2016-12-31": "76.71410", "2016-09-30": "59.86600", "2016-06-30": "68.82400", "2016-03-31": "53.21600", "2015-12-31": "94.17710", "2015-09-30": "85.91700", "2015-06-30": "68.76300", "2015-03-31": "47.59100", "2014-12-31": "79.15590", "2014-09-30": "61.55200", "2014-06-30": "58.65200", "2014-03-31": "55.83000", "2013-12-31": "64.34400", "2013-09-30": "57.37800", "2013-06-30": "51.05100", "2013-03-31": "48.50900", "2012-12-31": "36.98500", "2012-09-30": "46.34000", "2012-06-30": "35.06700", "2012-03-31": "43.55900", "2011-12-31": "26.73410", "2011-09-30": "41.20800", "2011-06-30": "36.64300", "2011-03-31": "30.64700", "2010-12-31": "43.54800", "2010-09-30": "36.73900", "2010-06-30": "37.45700", "2010-03-31": "32.37300", "2009-12-31": "39.87900", "2009-09-30": "49.29900", "2009-06-30": "50.44100", "2009-03-31": "44.13300", "2008-12-31": "45.35100", "2008-09-30": "61.22600", "2008-06-30": "65.64500", "2008-03-31": "63.50600", "2007-12-31": "74.81900", "2007-09-30": "61.16100", "2007-06-30": "55.86700", "2007-03-31": "56.27500", "2006-12-31": "66.24200", "2006-09-30": "64.05100", "2006-06-30": "57.66600", "2006-03-31": "61.02600", "2005-12-31": "59.52100", "2005-09-30": "60.77400", "2005-06-30": "57.23000", "2005-03-31": "52.30300"}, "Basic Shares Outstanding": {"2020-09-30": "149.62600", "2020-06-30": "144.10200", "2020-03-31": "141.43700", "2019-12-31": "141.34000", "2019-09-30": "141.36800", "2019-06-30": "141.34400", "2019-03-31": "141.26200", "2018-12-31": "141.14200", "2018-09-30": "141.19600", "2018-06-30": "141.13700", "2018-03-31": "141.02400", "2017-12-31": "141.87700", "2017-09-30": "141.29900", "2017-06-30": "141.69500", "2017-03-31": "143.59600", "2016-12-31": "146.59900", "2016-09-30": "143.92300", "2016-06-30": "146.64400", "2016-03-31": "151.98400", "2015-12-31": "157.91600", "2015-09-30": "158.51700", "2015-06-30": "158.50100", "2015-03-31": "158.33600", "2014-12-31": "143.14400", "2014-09-30": "140.91600", "2014-06-30": "140.89400", "2014-03-31": "140.76700", "2013-12-31": "139.59800", "2013-09-30": "140.71200", "2013-06-30": "139.37200", "2013-03-31": "137.53800", "2012-12-31": "134.06700", "2012-09-30": "134.22000", "2012-06-30": "132.76800", "2012-03-31": "132.27300", "2011-12-31": "131.62800", "2011-09-30": "132.09600", "2011-06-30": "131.69100", "2011-03-31": "130.57400", "2010-12-31": "120.34600", "2010-09-30": "130.21300", "2010-06-30": "123.44600", "2010-03-31": "96.95100", "2009-12-31": "81.22600", "2009-09-30": "79.49600", "2009-06-30": "77.27000", "2009-03-31": "76.89700", "2008-12-31": "74.31900", "2008-09-30": "74.93100", "2008-06-30": "73.78000", "2008-03-31": "72.34200", "2007-12-31": "71.76800", "2007-09-30": "71.67400", "2007-06-30": "71.52800", "2007-03-31": "71.66900", "2006-12-31": "70.82600", "2006-09-30": "71.47900", "2006-06-30": "71.45800", "2006-03-31": "68.73800", "2005-12-31": "59.27900", "2005-09-30": "59.24700", "2005-06-30": "59.09900", "2005-03-31": "58.86500"}, "Shares Outstanding": {"2020-09-30": "149.62600", "2020-06-30": "144.10200", "2020-03-31": "141.43700", "2019-12-31": "141.34000", "2019-09-30": "141.36800", "2019-06-30": "141.34400", "2019-03-31": "141.26200", "2018-12-31": "141.14400", "2018-09-30": "141.19600", "2018-06-30": "141.13700", "2018-03-31": "141.05000", "2017-12-31": "141.91300", "2017-09-30": "141.31000", "2017-06-30": "141.72800", "2017-03-31": "143.65500", "2016-12-31": "146.71100", "2016-09-30": "144.03600", "2016-06-30": "146.76900", "2016-03-31": "152.10300", "2015-12-31": "158.06000", "2015-09-30": "158.63400", "2015-06-30": "158.63300", "2015-03-31": "158.54400", "2014-12-31": "143.29100", "2014-09-30": "141.06000", "2014-06-30": "141.03600", "2014-03-31": "140.81700", "2013-12-31": "139.68000", "2013-09-30": "140.77300", "2013-06-30": "139.52600", "2013-03-31": "137.61600", "2012-12-31": "134.14800", "2012-09-30": "134.33000", "2012-06-30": "132.87700", "2012-03-31": "132.27300", "2011-12-31": "131.62800", "2011-09-30": "132.09600", "2011-06-30": "131.69100", "2011-03-31": "130.57400", "2010-12-31": "120.34600", "2010-09-30": "130.21300", "2010-06-30": "123.44600", "2010-03-31": "96.95100", "2009-12-31": "81.22600", "2009-09-30": "79.69400", "2009-06-30": "77.27000", "2009-03-31": "88.55100", "2008-12-31": "86.79400", "2008-09-30": "87.43900", "2008-06-30": "86.78100", "2008-03-31": "88.29000", "2007-12-31": "84.76000", "2007-09-30": "84.52900", "2007-06-30": "84.55200", "2007-03-31": "85.03400", "2006-12-31": "88.05800", "2006-09-30": "85.02100", "2006-06-30": "85.02300", "2006-03-31": "82.51800", "2005-12-31": "73.57300", "2005-09-30": "73.66000", "2005-06-30": "73.61600", "2005-03-31": "73.28400"}, "Basic EPS": {"2020-09-30": "-0.15000", "2020-06-30": "-0.18000", "2020-03-31": "0.05000", "2019-12-31": "0.19000", "2019-09-30": "0.33000", "2019-06-30": "0.11000", "2019-03-31": "0.05000", "2018-12-31": "0.09000", "2018-09-30": "0.52000", "2018-06-30": "0.05000", "2018-03-31": "-0.24000", "2017-12-31": "0.23000", "2017-09-30": "0.12000", "2017-06-30": "0.19000", "2017-03-31": "0.48000", "2016-12-31": "0.35000", "2016-09-30": "0.09000", "2016-06-30": "0.31000", "2016-03-31": "2.77000", "2015-12-31": "2.63000", "2015-09-30": "0.21000", "2015-06-30": "0.09000", "2015-03-31": "0.15000", "2014-12-31": "9.97000", "2014-09-30": "0.25000", "2014-06-30": "0.11000", "2014-03-31": "0.13000", "2013-12-31": "1.04000", "2013-09-30": "0.27000", "2013-06-30": "1.57000", "2013-03-31": "0.13000", "2012-12-31": "1.29000", "2012-09-30": "0.33000", "2012-06-30": "1.00000", "2012-03-31": "-0.11000", "2011-12-31": "1.23000", "2011-09-30": "0.10000", "2011-06-30": "-0.15000", "2011-03-31": "0.00000", "2010-12-31": "0.22000", "2010-09-30": "0.06000", "2010-06-30": "-0.01000", "2010-03-31": "-0.08000", "2009-12-31": "-0.19000", "2009-09-30": "1.75000", "2009-06-30": "-0.29000", "2009-03-31": "0.18000", "2008-12-31": "0.66000", "2008-09-30": "0.03000", "2008-06-30": "0.21000", "2008-03-31": "1.27000", "2007-12-31": "0.41000", "2007-09-30": "0.27000", "2007-06-30": "0.15000", "2007-03-31": "0.05000", "2006-12-31": "1.94000", "2006-09-30": "0.66000", "2006-06-30": "0.36000", "2006-03-31": "0.11000", "2005-12-31": "0.40000", "2005-09-30": "0.07000", "2005-06-30": "0.11000", "2005-03-31": "0.31000"}, "EPS - Earnings Per Share": {"2020-09-30": "-0.15000", "2020-06-30": "-0.18000", "2020-03-31": "0.05000", "2019-12-31": "0.19000", "2019-09-30": "0.33000", "2019-06-30": "0.11000", "2019-03-31": "0.05000", "2018-12-31": "0.09000", "2018-09-30": "0.52000", "2018-06-30": "0.05000", "2018-03-31": "-0.24000", "2017-12-31": "0.23000", "2017-09-30": "0.12000", "2017-06-30": "0.19000", "2017-03-31": "0.48000", "2016-12-31": "0.36000", "2016-09-30": "0.09000", "2016-06-30": "0.31000", "2016-03-31": "2.76000", "2015-12-31": "2.63000", "2015-09-30": "0.21000", "2015-06-30": "0.09000", "2015-03-31": "0.15000", "2014-12-31": "9.96000", "2014-09-30": "0.25000", "2014-06-30": "0.11000", "2014-03-31": "0.13000", "2013-12-31": "1.03000", "2013-09-30": "0.27000", "2013-06-30": "1.57000", "2013-03-31": "0.13000", "2012-12-31": "1.29000", "2012-09-30": "0.33000", "2012-06-30": "1.00000", "2012-03-31": "-0.11000", "2011-12-31": "1.23000", "2011-09-30": "0.10000", "2011-06-30": "-0.15000", "2011-03-31": "0.00000", "2010-12-31": "0.22000", "2010-09-30": "0.06000", "2010-06-30": "-0.01000", "2010-03-31": "-0.08000", "2009-12-31": "-0.19000", "2009-09-30": "1.75000", "2009-06-30": "-0.29000", "2009-03-31": "0.18000", "2008-12-31": "0.68000", "2008-09-30": "0.03000", "2008-06-30": "0.21000", "2008-03-31": "1.25000", "2007-12-31": "0.41000", "2007-09-30": "0.27000", "2007-06-30": "0.15000", "2007-03-31": "0.05000", "2006-12-31": "1.92000", "2006-09-30": "0.66000", "2006-06-30": "0.36000", "2006-03-31": "0.11000", "2005-12-31": "0.40000", "2005-09-30": "0.07000", "2005-06-30": "0.11000", "2005-03-31": "0.30000"}}, "balance sheet": {"Cash On Hand": {"2019-12-31": "114.21600", "2018-12-31": "149.30100", "2017-12-31": "143.10500", "2016-12-31": "143.99700", "2015-12-31": "127.89900", "2014-12-31": "98.43700", "2013-12-31": "86.55800", "2012-12-31": "144.45100", "2011-12-31": "135.87600", "2010-12-31": "517.07900", "2009-12-31": "134.87400", "2008-12-31": "128.23600", "2007-12-31": "153.65700", "2006-12-31": "335.81100", "2005-12-31": "209.77200"}, "Receivables": {"2019-12-31": "150.19200", "2018-12-31": "208.67300", "2017-12-31": "194.81500", "2016-12-31": "205.22500", "2015-12-31": "213.93000", "2014-12-31": "212.25800", "2013-12-31": "129.62900", "2012-12-31": "120.81200", "2011-12-31": "112.47900", "2010-12-31": "101.68200", "2009-12-31": "107.25400", "2008-12-31": "127.49800", "2007-12-31": "143.22700", "2006-12-31": "122.13700", "2005-12-31": "93.42300"}, "Inventory": {"2019-12-31": "", "2018-12-31": "", "2017-12-31": "", "2016-12-31": "", "2015-12-31": "", "2014-12-31": "", "2013-12-31": "", "2012-12-31": "", "2011-12-31": "", "2010-12-31": "", "2009-12-31": "", "2008-12-31": "", "2007-12-31": "", "2006-12-31": "", "2005-12-31": ""}, "Pre-Paid Expenses": {"2019-12-31": "", "2018-12-31": "", "2017-12-31": "", "2016-12-31": "", "2015-12-31": "", "2014-12-31": "", "2013-12-31": "", "2012-12-31": "", "2011-12-31": "", "2010-12-31": "", "2009-12-31": "", "2008-12-31": "", "2007-12-31": "", "2006-12-31": "", "2005-12-31": ""}, "Other Current Assets": {"2019-12-31": "", "2018-12-31": "", "2017-12-31": "", "2016-12-31": "", "2015-12-31": "", "2014-12-31": "", "2013-12-31": "", "2012-12-31": "", "2011-12-31": "", "2010-12-31": "", "2009-12-31": "", "2008-12-31": "", "2007-12-31": "", "2006-12-31": "", "2005-12-31": ""}, "Total Current Assets": {"2019-12-31": "264.40800", "2018-12-31": "357.97400", "2017-12-31": "337.92000", "2016-12-31": "349.22200", "2015-12-31": "341.82900", "2014-12-31": "310.69500", "2013-12-31": "218.94300", "2012-12-31": "268.60800", "2011-12-31": "252.35000", "2010-12-31": "621.85600", "2009-12-31": "244.44400", "2008-12-31": "256.66600", "2007-12-31": "297.48800", "2006-12-31": "458.65600", "2005-12-31": "304.61000"}, "Property, Plant, And Equipment": {"2019-12-31": "6643.51300", "2018-12-31": "6785.77600", "2017-12-31": "7109.23000", "2016-12-31": "7357.31000", "2015-12-31": "8796.91200", "2014-12-31": "11067.89000", "2013-12-31": "7621.76600", "2012-12-31": "7479.54600", "2011-12-31": "6079.04300", "2010-12-31": "5674.12700", "2009-12-31": "5657.93900", "2008-12-31": "6371.31900", "2007-12-31": "6187.47300", "2006-12-31": "5755.28300", "2005-12-31": "5438.49600"}, "Long-Term Investments": {"2019-12-31": "", "2018-12-31": "", "2017-12-31": "", "2016-12-31": "", "2015-12-31": "", "2014-12-31": "", "2013-12-31": "", "2012-12-31": "", "2011-12-31": "", "2010-12-31": "", "2009-12-31": "", "2008-12-31": "", "2007-12-31": "", "2006-12-31": "", "2005-12-31": ""}, "Goodwill And Intangible Assets": {"2019-12-31": "", "2018-12-31": "", "2017-12-31": "", "2016-12-31": "", "2015-12-31": "", "2014-12-31": "", "2013-12-31": "", "2012-12-31": "", "2011-12-31": "", "2010-12-31": "", "2009-12-31": "", "2008-12-31": "", "2007-12-31": "", "2006-12-31": "", "2005-12-31": ""}, "Other Long-Term Assets": {"2019-12-31": "1519.69700", "2018-12-31": "1492.65500", "2017-12-31": "1709.52200", "2016-12-31": "1773.55800", "2015-12-31": "1532.55200", "2014-12-31": "984.13200", "2013-12-31": "701.48300", "2012-12-31": "997.92500", "2011-12-31": "1123.39300", "2010-12-31": "1032.05800", "2009-12-31": "1073.16600", "2008-12-31": "1122.78800", "2007-12-31": "1065.33400", "2006-12-31": "1040.39900", "2005-12-31": "1075.62100"}, "Total Long-Term Assets": {"2019-12-31": "8441.07600", "2018-12-31": "8668.83400", "2017-12-31": "9267.94100", "2016-12-31": "9608.92600", "2015-12-31": "10893.75000", "2014-12-31": "12811.08000", "2013-12-31": "8856.30800", "2012-12-31": "9042.60100", "2011-12-31": "7686.19900", "2010-12-31": "7023.15400", "2009-12-31": "7008.02700", "2008-12-31": "7833.76900", "2007-12-31": "7639.60900", "2006-12-31": "7103.50700", "2005-12-31": "6874.33400"}, "Total Assets": {"2019-12-31": "8853.57100", "2018-12-31": "9026.80800", "2017-12-31": "9605.86200", "2016-12-31": "9958.14800", "2015-12-31": "11235.58000", "2014-12-31": "13121.78000", "2013-12-31": "9075.25000", "2012-12-31": "9311.20900", "2011-12-31": "7938.54900", "2010-12-31": "7645.01000", "2009-12-31": "7252.47100", "2008-12-31": "8090.43500", "2007-12-31": "7937.09700", "2006-12-31": "7562.16300", "2005-12-31": "7178.94400"}, "Total Current Liabilities": {"2019-12-31": "316.62200", "2018-12-31": "362.44300", "2017-12-31": "384.11300", "2016-12-31": "427.48100", "2015-12-31": "477.67900", "2014-12-31": "684.12200", "2013-12-31": "440.09900", "2012-12-31": "388.42500", "2011-12-31": "371.96800", "2010-12-31": "328.26300", "2009-12-31": "336.47200", "2008-12-31": "403.64800", "2007-12-31": "386.74600", "2006-12-31": "298.37600", "2005-12-31": "302.10600"}, "Long Term Debt": {"2019-12-31": "5209.97600", "2018-12-31": "4982.46000", "2017-12-31": "5170.26400", "2016-12-31": "4965.90000", "2015-12-31": "5260.75000", "2014-12-31": "6292.40000", "2013-12-31": "4582.72700", "2012-12-31": "5261.37000", "2011-12-31": "4206.07400", "2010-12-31": "3892.07000", "2009-12-31": "4531.63400", "2008-12-31": "5940.41800", "2007-12-31": "5762.95800", "2006-12-31": "4993.87900", "2005-12-31": "5424.73000"}, "Other Non-Current Liabilities": {"2019-12-31": "381.80200", "2018-12-31": "493.47300", "2017-12-31": "83.48600", "2016-12-31": "137.59900", "2015-12-31": "425.91600", "2014-12-31": "105.40700", "2013-12-31": "333.70700", "2012-12-31": "245.16300", "2011-12-31": "195.85600", "2010-12-31": "225.31500", "2009-12-31": "235.30800", "2008-12-31": "81.15800", "2007-12-31": "6.35600", "2006-12-31": "6.19900", "2005-12-31": "5.97000"}, "Total Long Term Liabilities": {"2019-12-31": "5591.77800", "2018-12-31": "5475.93300", "2017-12-31": "5253.75000", "2016-12-31": "5103.49900", "2015-12-31": "5686.66600", "2014-12-31": "6397.80700", "2013-12-31": "4916.43400", "2012-12-31": "5506.53300", "2011-12-31": "4401.93000", "2010-12-31": "4128.75100", "2009-12-31": "4787.53300", "2008-12-31": "6044.90300", "2007-12-31": "6400.50200", "2006-12-31": "5721.48200", "2005-12-31": "6049.73000"}, "Total Liabilities": {"2019-12-31": "6022.60100", "2018-12-31": "5838.37600", "2017-12-31": "5637.86300", "2016-12-31": "5530.98000", "2015-12-31": "6164.34500", "2014-12-31": "7081.92900", "2013-12-31": "5356.53300", "2012-12-31": "5894.95800", "2011-12-31": "4773.89800", "2010-12-31": "4457.01400", "2009-12-31": "5124.00500", "2008-12-31": "6448.55100", "2007-12-31": "6787.24800", "2006-12-31": "6019.85800", "2005-12-31": "6351.83800"}, "Common Stock Net": {"2019-12-31": "1.41400", "2018-12-31": "1.41200", "2017-12-31": "1.41000", "2016-12-31": "1.44000", "2015-12-31": "1.54400", "2014-12-31": "1.58200", "2013-12-31": "1.40700", "2012-12-31": "1.37500", "2011-12-31": "1.32100", "2010-12-31": "1.30400", "2009-12-31": "0.96700", "2008-12-31": "0.76900", "2007-12-31": "0.72300", "2006-12-31": "0.71600", "2005-12-31": "0.59900"}, "Retained Earnings (Accumulated Deficit)": {"2019-12-31": "-1944.01200", "2018-12-31": "-1614.35700", "2017-12-31": "-830.27900", "2016-12-31": "-488.78200", "2015-12-31": "-212.76000", "2014-12-31": "596.74100", "2013-12-31": "-548.80600", "2012-12-31": "-639.74100", "2011-12-31": "-678.63100", "2010-12-31": "-564.35700", "2009-12-31": "-345.93000", "2008-12-31": "-274.83400", "2007-12-31": "-193.93200", "2006-12-31": "-178.24900", "2005-12-31": "-209.00500"}, "Comprehensive Income": {"2019-12-31": "-9.05100", "2018-12-31": "-4.46600", "2017-12-31": "-0.04200", "2016-12-31": "", "2015-12-31": "", "2014-12-31": "", "2013-12-31": "", "2012-12-31": "", "2011-12-31": "", "2010-12-31": "-3.23700", "2009-12-31": "-25.39700", "2008-12-31": "-53.42500", "2007-12-31": "-24.50800", "2006-12-31": "2.34000", "2005-12-31": "0.08700"}, "Other Share Holders Equity": {"2019-12-31": "", "2018-12-31": "", "2017-12-31": "", "2016-12-31": "", "2015-12-31": "", "2014-12-31": "", "2013-12-31": "", "2012-12-31": "", "2011-12-31": "", "2010-12-31": "", "2009-12-31": "", "2008-12-31": "", "2007-12-31": "", "2006-12-31": "", "2005-12-31": ""}, "Share Holder Equity": {"2019-12-31": "2830.97000", "2018-12-31": "3188.43200", "2017-12-31": "3967.99900", "2016-12-31": "4427.16800", "2015-12-31": "5071.23900", "2014-12-31": "6039.84900", "2013-12-31": "3718.71700", "2012-12-31": "3416.25100", "2011-12-31": "3164.65100", "2010-12-31": "3187.99600", "2009-12-31": "2128.46600", "2008-12-31": "1641.88400", "2007-12-31": "1149.84900", "2006-12-31": "1542.30500", "2005-12-31": "827.10800"}, "Total Liabilities And Share Holders Equity": {"2019-12-31": "8853.57100", "2018-12-31": "9026.80800", "2017-12-31": "9605.86200", "2016-12-31": "9958.14800", "2015-12-31": "11235.58000", "2014-12-31": "13121.78000", "2013-12-31": "9075.25000", "2012-12-31": "9311.20900", "2011-12-31": "7938.54900", "2010-12-31": "7645.01000", "2009-12-31": "7252.47100", "2008-12-31": "8090.43500", "2007-12-31": "7937.09700", "2006-12-31": "7562.16300", "2005-12-31": "7178.94400"}}, "balance sheet, quarterly": {"Cash On Hand": {"2020-09-30": "541.80100", "2020-06-30": "507.66400", "2020-03-31": "663.10700", "2019-12-31": "114.21600", "2019-09-30": "107.26800", "2019-06-30": "148.42800", "2019-03-31": "154.07500", "2018-12-31": "149.30100", "2018-09-30": "144.10000", "2018-06-30": "142.51200", "2018-03-31": "167.85200", "2017-12-31": "143.10500", "2017-09-30": "121.82400", "2017-06-30": "137.43700", "2017-03-31": "142.31000", "2016-12-31": "143.99700", "2016-09-30": "137.15700", "2016-06-30": "118.13500", "2016-03-31": "148.73800", "2015-12-31": "127.89900", "2015-09-30": "104.57300", "2015-06-30": "122.33100", "2015-03-31": "133.38500", "2014-12-31": "98.43700", "2014-09-30": "72.60000", "2014-06-30": "71.92300", "2014-03-31": "80.73400", "2013-12-31": "86.55800", "2013-09-30": "88.81200", "2013-06-30": "119.20300", "2013-03-31": "146.94200", "2012-12-31": "144.45100", "2012-09-30": "138.29600", "2012-06-30": "148.66600", "2012-03-31": "300.17800", "2011-12-31": "135.87600", "2011-09-30": "217.10000", "2011-06-30": "155.68400", "2011-03-31": "264.88400", "2010-12-31": "517.07900", "2010-09-30": "566.52800", "2010-06-30": "639.19100", "2010-03-31": "139.51700", "2009-12-31": "134.87400", "2009-09-30": "147.74300", "2009-06-30": "127.85900", "2009-03-31": "142.46500", "2008-12-31": "128.23600", "2008-09-30": "112.51800", "2008-06-30": "116.96400", "2008-03-31": "127.94900", "2007-12-31": "153.65700", "2007-09-30": "112.05900", "2007-06-30": "119.65300", "2007-03-31": "116.67200", "2006-12-31": "335.81100", "2006-09-30": "134.85500", "2006-06-30": "101.29700", "2006-03-31": "125.32300", "2005-12-31": "209.77200", "2005-09-30": "128.27100", "2005-06-30": "128.15900", "2005-03-31": "69.57300"}, "Receivables": {"2020-09-30": "251.56200", "2020-06-30": "247.86800", "2020-03-31": "143.35500", "2019-12-31": "150.19200", "2019-09-30": "139.35600", "2019-06-30": "135.05600", "2019-03-31": "119.64100", "2018-12-31": "208.67300", "2018-09-30": "192.96900", "2018-06-30": "175.41800", "2018-03-31": "178.75500", "2017-12-31": "194.81500", "2017-09-30": "192.33700", "2017-06-30": "197.63400", "2017-03-31": "192.71500", "2016-12-31": "205.22500", "2016-09-30": "196.29200", "2016-06-30": "181.28500", "2016-03-31": "186.27500", "2015-12-31": "213.93000", "2015-09-30": "201.54300", "2015-06-30": "196.40500", "2015-03-31": "193.08700", "2014-12-31": "212.25800", "2014-09-30": "139.39000", "2014-06-30": "127.09200", "2014-03-31": "129.39700", "2013-12-31": "129.62900", "2013-09-30": "127.01800", "2013-06-30": "127.13500", "2013-03-31": "130.96400", "2012-12-31": "120.81200", "2012-09-30": "115.92400", "2012-06-30": "101.77000", "2012-03-31": "103.17200", "2011-12-31": "112.47900", "2011-09-30": "99.24400", "2011-06-30": "91.82800", "2011-03-31": "100.87200", "2010-12-31": "101.68200", "2010-09-30": "91.16300", "2010-06-30": "89.95200", "2010-03-31": "121.65900", "2009-12-31": "107.25400", "2009-09-30": "110.84300", "2009-06-30": "100.34100", "2009-03-31": "103.33300", "2008-12-31": "127.49800", "2008-09-30": "122.67700", "2008-06-30": "117.33300", "2008-03-31": "125.87100", "2007-12-31": "143.22700", "2007-09-30": "130.13100", "2007-06-30": "120.87700", "2007-03-31": "115.66100", "2006-12-31": "122.13700", "2006-09-30": "108.21500", "2006-06-30": "104.95600", "2006-03-31": "85.30500", "2005-12-31": "93.42300", "2005-09-30": "77.60300", "2005-06-30": "75.71000", "2005-03-31": "68.80700"}, "Inventory": {"2020-09-30": "", "2020-06-30": "", "2020-03-31": "", "2019-12-31": "", "2019-09-30": "", "2019-06-30": "", "2019-03-31": "", "2018-12-31": "", "2018-09-30": "", "2018-06-30": "", "2018-03-31": "", "2017-12-31": "", "2017-09-30": "", "2017-06-30": "", "2017-03-31": "", "2016-12-31": "", "2016-09-30": "", "2016-06-30": "", "2016-03-31": "", "2015-12-31": "", "2015-09-30": "", "2015-06-30": "", "2015-03-31": "", "2014-12-31": "", "2014-09-30": "", "2014-06-30": "", "2014-03-31": "", "2013-12-31": "", "2013-09-30": "", "2013-06-30": "", "2013-03-31": "", "2012-12-31": "", "2012-09-30": "", "2012-06-30": "", "2012-03-31": "", "2011-12-31": "", "2011-09-30": "", "2011-06-30": "", "2011-03-31": "", "2010-12-31": "", "2010-09-30": "", "2010-06-30": "", "2010-03-31": "", "2009-12-31": "", "2009-09-30": "", "2009-06-30": "", "2009-03-31": "", "2008-12-31": "", "2008-09-30": "", "2008-06-30": "", "2008-03-31": "", "2007-12-31": "", "2007-09-30": "", "2007-06-30": "", "2007-03-31": "", "2006-12-31": "", "2006-09-30": "", "2006-06-30": "", "2006-03-31": "", "2005-12-31": "", "2005-09-30": "", "2005-06-30": "", "2005-03-31": ""}, "Pre-Paid Expenses": {"2020-09-30": "", "2020-06-30": "", "2020-03-31": "", "2019-12-31": "", "2019-09-30": "", "2019-06-30": "", "2019-03-31": "", "2018-12-31": "", "2018-09-30": "", "2018-06-30": "", "2018-03-31": "", "2017-12-31": "", "2017-09-30": "", "2017-06-30": "", "2017-03-31": "", "2016-12-31": "", "2016-09-30": "", "2016-06-30": "", "2016-03-31": "", "2015-12-31": "", "2015-09-30": "", "2015-06-30": "", "2015-03-31": "", "2014-12-31": "", "2014-09-30": "", "2014-06-30": "", "2014-03-31": "", "2013-12-31": "", "2013-09-30": "", "2013-06-30": "", "2013-03-31": "", "2012-12-31": "", "2012-09-30": "", "2012-06-30": "", "2012-03-31": "", "2011-12-31": "", "2011-09-30": "", "2011-06-30": "", "2011-03-31": "", "2010-12-31": "", "2010-09-30": "", "2010-06-30": "", "2010-03-31": "", "2009-12-31": "", "2009-09-30": "", "2009-06-30": "", "2009-03-31": "", "2008-12-31": "", "2008-09-30": "", "2008-06-30": "", "2008-03-31": "", "2007-12-31": "", "2007-09-30": "", "2007-06-30": "", "2007-03-31": "", "2006-12-31": "", "2006-09-30": "", "2006-06-30": "", "2006-03-31": "", "2005-12-31": "", "2005-09-30": "", "2005-06-30": "", "2005-03-31": ""}, "Other Current Assets": {"2020-09-30": "", "2020-06-30": "", "2020-03-31": "", "2019-12-31": "", "2019-09-30": "", "2019-06-30": "", "2019-03-31": "", "2018-12-31": "", "2018-09-30": "", "2018-06-30": "", "2018-03-31": "", "2017-12-31": "", "2017-09-30": "", "2017-06-30": "", "2017-03-31": "", "2016-12-31": "", "2016-09-30": "", "2016-06-30": "", "2016-03-31": "", "2015-12-31": "", "2015-09-30": "", "2015-06-30": "", "2015-03-31": "", "2014-12-31": "", "2014-09-30": "", "2014-06-30": "", "2014-03-31": "", "2013-12-31": "", "2013-09-30": "", "2013-06-30": "", "2013-03-31": "", "2012-12-31": "", "2012-09-30": "", "2012-06-30": "", "2012-03-31": "", "2011-12-31": "", "2011-09-30": "", "2011-06-30": "", "2011-03-31": "", "2010-12-31": "", "2010-09-30": "", "2010-06-30": "", "2010-03-31": "", "2009-12-31": "", "2009-09-30": "", "2009-06-30": "", "2009-03-31": "", "2008-12-31": "", "2008-09-30": "", "2008-06-30": "", "2008-03-31": "", "2007-12-31": "", "2007-09-30": "", "2007-06-30": "", "2007-03-31": "", "2006-12-31": "", "2006-09-30": "", "2006-06-30": "", "2006-03-31": "", "2005-12-31": "", "2005-09-30": "", "2005-06-30": "", "2005-03-31": ""}, "Total Current Assets": {"2020-09-30": "793.36300", "2020-06-30": "755.53200", "2020-03-31": "806.46200", "2019-12-31": "264.40800", "2019-09-30": "246.62400", "2019-06-30": "283.48400", "2019-03-31": "273.71600", "2018-12-31": "357.97400", "2018-09-30": "337.06900", "2018-06-30": "317.93000", "2018-03-31": "346.60700", "2017-12-31": "337.92000", "2017-09-30": "314.16100", "2017-06-30": "335.07100", "2017-03-31": "335.02500", "2016-12-31": "349.22200", "2016-09-30": "333.44900", "2016-06-30": "299.42000", "2016-03-31": "335.01300", "2015-12-31": "341.82900", "2015-09-30": "306.11600", "2015-06-30": "318.73600", "2015-03-31": "326.47200", "2014-12-31": "310.69500", "2014-09-30": "215.35100", "2014-06-30": "202.41100", "2014-03-31": "213.50500", "2013-12-31": "218.94300", "2013-09-30": "218.56600", "2013-06-30": "249.08700", "2013-03-31": "281.27200", "2012-12-31": "268.60800", "2012-09-30": "257.55400", "2012-06-30": "253.83900", "2012-03-31": "406.65000", "2011-12-31": "252.35000", "2011-09-30": "320.30500", "2011-06-30": "250.97100", "2011-03-31": "369.20800", "2010-12-31": "621.85600", "2010-09-30": "664.66300", "2010-06-30": "734.63510", "2010-03-31": "263.88100", "2009-12-31": "244.44400", "2009-09-30": "259.82200", "2009-06-30": "228.83800", "2009-03-31": "246.84800", "2008-12-31": "256.66600", "2008-09-30": "235.65100", "2008-06-30": "234.71300", "2008-03-31": "254.19600", "2007-12-31": "297.48800", "2007-09-30": "242.67800", "2007-06-30": "240.97700", "2007-03-31": "232.87600", "2006-12-31": "458.65600", "2006-09-30": "243.88500", "2006-06-30": "207.13700", "2006-03-31": "211.81500", "2005-12-31": "304.61000", "2005-09-30": "210.09400", "2005-06-30": "210.34500", "2005-03-31": "145.17600"}, "Property, Plant, And Equipment": {"2020-09-30": "6438.24800", "2020-06-30": "6501.51900", "2020-03-31": "6558.07500", "2019-12-31": "6643.51300", "2019-09-30": "6664.10600", "2019-06-30": "6689.54500", "2019-03-31": "6737.19800", "2018-12-31": "6785.77600", "2018-09-30": "6821.03800", "2018-06-30": "6868.84400", "2018-03-31": "6908.41600", "2017-12-31": "7109.23000", "2017-09-30": "7164.64900", "2017-06-30": "7198.28300", "2017-03-31": "7206.59800", "2016-12-31": "7357.31000", "2016-09-30": "7376.76800", "2016-06-30": "7442.98800", "2016-03-31": "7526.65200", "2015-12-31": "8796.91200", "2015-09-30": "11031.48000", "2015-06-30": "11046.43000", "2015-03-31": "11110.84000", "2014-12-31": "11067.89000", "2014-09-30": "7570.63600", "2014-06-30": "7556.06400", "2014-03-31": "7553.97900", "2013-12-31": "7621.76600", "2013-09-30": "7733.92900", "2013-06-30": "7778.78500", "2013-03-31": "7932.56300", "2012-12-31": "7479.54600", "2012-09-30": "5942.14100", "2012-06-30": "5945.00700", "2012-03-31": "6090.56200", "2011-12-31": "6079.04300", "2011-09-30": "5827.30800", "2011-06-30": "5619.75000", "2011-03-31": "5686.77900", "2010-12-31": "5674.12700", "2010-09-30": "5670.18300", "2010-06-30": "5655.41000", "2010-03-31": "5645.77800", "2009-12-31": "5657.93900", "2009-09-30": "5692.27800", "2009-06-30": "6360.53000", "2009-03-31": "6381.08500", "2008-12-31": "6371.31900", "2008-09-30": "6404.70300", "2008-06-30": "6084.94600", "2008-03-31": "5938.75100", "2007-12-31": "6187.47300", "2007-09-30": "6045.95800", "2007-06-30": "5914.88200", "2007-03-31": "5806.35700", "2006-12-31": "5755.28300", "2006-09-30": "5675.95900", "2006-06-30": "5644.88500", "2006-03-31": "5671.80900", "2005-12-31": "5438.49600", "2005-09-30": "5409.85200", "2005-06-30": "5392.69400", "2005-03-31": "3589.37400"}, "Long-Term Investments": {"2020-09-30": "", "2020-06-30": "", "2020-03-31": "", "2019-12-31": "", "2019-09-30": "", "2019-06-30": "", "2019-03-31": "", "2018-12-31": "", "2018-09-30": "", "2018-06-30": "", "2018-03-31": "", "2017-12-31": "", "2017-09-30": "", "2017-06-30": "", "2017-03-31": "", "2016-12-31": "", "2016-09-30": "", "2016-06-30": "", "2016-03-31": "", "2015-12-31": "", "2015-09-30": "", "2015-06-30": "", "2015-03-31": "", "2014-12-31": "", "2014-09-30": "", "2014-06-30": "", "2014-03-31": "", "2013-12-31": "", "2013-09-30": "", "2013-06-30": "", "2013-03-31": "", "2012-12-31": "", "2012-09-30": "", "2012-06-30": "", "2012-03-31": "", "2011-12-31": "", "2011-09-30": "", "2011-06-30": "", "2011-03-31": "", "2010-12-31": "", "2010-09-30": "", "2010-06-30": "", "2010-03-31": "", "2009-12-31": "", "2009-09-30": "", "2009-06-30": "", "2009-03-31": "", "2008-12-31": "", "2008-09-30": "", "2008-06-30": "", "2008-03-31": "", "2007-12-31": "", "2007-09-30": "", "2007-06-30": "", "2007-03-31": "", "2006-12-31": "", "2006-09-30": "", "2006-06-30": "", "2006-03-31": "", "2005-12-31": "", "2005-09-30": "", "2005-06-30": "", "2005-03-31": ""}, "Goodwill And Intangible Assets": {"2020-09-30": "", "2020-06-30": "", "2020-03-31": "", "2019-12-31": "", "2019-09-30": "", "2019-06-30": "", "2019-03-31": "", "2018-12-31": "", "2018-09-30": "", "2018-06-30": "", "2018-03-31": "", "2017-12-31": "", "2017-09-30": "", "2017-06-30": "", "2017-03-31": "", "2016-12-31": "", "2016-09-30": "", "2016-06-30": "", "2016-03-31": "", "2015-12-31": "", "2015-09-30": "", "2015-06-30": "", "2015-03-31": "", "2014-12-31": "", "2014-09-30": "", "2014-06-30": "", "2014-03-31": "", "2013-12-31": "", "2013-09-30": "", "2013-06-30": "", "2013-03-31": "", "2012-12-31": "", "2012-09-30": "", "2012-06-30": "", "2012-03-31": "", "2011-12-31": "", "2011-09-30": "", "2011-06-30": "", "2011-03-31": "", "2010-12-31": "", "2010-09-30": "", "2010-06-30": "", "2010-03-31": "", "2009-12-31": "", "2009-09-30": "", "2009-06-30": "", "2009-03-31": "", "2008-12-31": "", "2008-09-30": "", "2008-06-30": "", "2008-03-31": "", "2007-12-31": "", "2007-09-30": "", "2007-06-30": "", "2007-03-31": "", "2006-12-31": "", "2006-09-30": "", "2006-06-30": "", "2006-03-31": "", "2005-12-31": "", "2005-09-30": "", "2005-06-30": "", "2005-03-31": ""}, "Other Long-Term Assets": {"2020-09-30": "1569.88700", "2020-06-30": "1568.87800", "2020-03-31": "1540.82600", "2019-12-31": "1519.69700", "2019-09-30": "1436.78800", "2019-06-30": "1517.77100", "2019-03-31": "1528.08000", "2018-12-31": "1492.65500", "2018-09-30": "1465.17400", "2018-06-30": "1524.68500", "2018-03-31": "1503.09700", "2017-12-31": "1709.52200", "2017-09-30": "1688.60600", "2017-06-30": "1696.57200", "2017-03-31": "1710.61700", "2016-12-31": "1773.55800", "2016-09-30": "1753.52400", "2016-06-30": "1766.33000", "2016-03-31": "1844.51600", "2015-12-31": "1532.55200", "2015-09-30": "1278.21600", "2015-06-30": "1263.35600", "2015-03-31": "1006.65200", "2014-12-31": "984.13200", "2014-09-30": "927.42400", "2014-06-30": "797.01000", "2014-03-31": "724.63000", "2013-12-31": "701.48300", "2013-09-30": "706.45000", "2013-06-30": "972.78800", "2013-03-31": "969.54700", "2012-12-31": "997.92500", "2012-09-30": "1050.93300", "2012-06-30": "1145.08900", "2012-03-31": "1163.05600", "2011-12-31": "1123.39300", "2011-09-30": "1126.47900", "2011-06-30": "1230.85100", "2011-03-31": "1096.20400", "2010-12-31": "1032.05800", "2010-09-30": "1042.51400", "2010-06-30": "1050.87200", "2010-03-31": "1061.00800", "2009-12-31": "1073.16600", "2009-09-30": "1082.21000", "2009-06-30": "1061.62800", "2009-03-31": "1074.96900", "2008-12-31": "1122.78800", "2008-09-30": "1040.81800", "2008-06-30": "1414.80000", "2008-03-31": "1344.84800", "2007-12-31": "1065.33400", "2007-09-30": "848.09100", "2007-06-30": "1016.49000", "2007-03-31": "1017.21800", "2006-12-31": "1040.39900", "2006-09-30": "1031.23900", "2006-06-30": "995.37400", "2006-03-31": "1074.59000", "2005-12-31": "1075.62100", "2005-09-30": "1072.03400", "2005-06-30": "1061.93900", "2005-03-31": "674.49200"}, "Total Long-Term Assets": {"2020-09-30": "8255.26200", "2020-06-30": "8335.13700", "2020-03-31": "8349.54900", "2019-12-31": "8441.07600", "2019-09-30": "8378.69200", "2019-06-30": "8507.45900", "2019-03-31": "8572.94500", "2018-12-31": "8668.83400", "2018-09-30": "8673.66100", "2018-06-30": "8797.28700", "2018-03-31": "8810.66600", "2017-12-31": "9267.94100", "2017-09-30": "9292.75000", "2017-06-30": "9347.13500", "2017-03-31": "9377.03900", "2016-12-31": "9608.92600", "2016-09-30": "9608.31600", "2016-06-30": "9698.25900", "2016-03-31": "9876.33200", "2015-12-31": "10893.75000", "2015-09-30": "13044.06000", "2015-06-30": "13041.64000", "2015-03-31": "12870.20000", "2014-12-31": "12811.08000", "2014-09-30": "8990.75700", "2014-06-30": "8859.85200", "2014-03-31": "8794.88600", "2013-12-31": "8856.30800", "2013-09-30": "8986.96100", "2013-06-30": "9300.80200", "2013-03-31": "9481.41200", "2012-12-31": "9042.60100", "2012-09-30": "7352.30200", "2012-06-30": "7477.21400", "2012-03-31": "7663.18500", "2011-12-31": "7686.19900", "2011-09-30": "7308.79900", "2011-06-30": "7198.80900", "2011-03-31": "7129.07000", "2010-12-31": "7023.15400", "2010-09-30": "7034.85900", "2010-06-30": "7003.67100", "2010-03-31": "7003.06800", "2009-12-31": "7008.02700", "2009-09-30": "7059.60500", "2009-06-30": "7740.11000", "2009-03-31": "7788.65600", "2008-12-31": "7833.76900", "2008-09-30": "7839.01900", "2008-06-30": "7824.05200", "2008-03-31": "7583.99700", "2007-12-31": "7639.60900", "2007-09-30": "7217.28200", "2007-06-30": "7257.83700", "2007-03-31": "7158.34100", "2006-12-31": "7103.50700", "2006-09-30": "7036.63800", "2006-06-30": "6978.10900", "2006-03-31": "7092.55100", "2005-12-31": "6874.33400", "2005-09-30": "6852.94300", "2005-06-30": "6871.08300", "2005-03-31": "4516.80800"}, "Total Assets": {"2020-09-30": "9183.28800", "2020-06-30": "9228.34800", "2020-03-31": "9299.64800", "2019-12-31": "8853.57100", "2019-09-30": "8775.97300", "2019-06-30": "8944.09900", "2019-03-31": "9002.92100", "2018-12-31": "9026.80800", "2018-09-30": "9010.73000", "2018-06-30": "9115.21700", "2018-03-31": "9157.27300", "2017-12-31": "9605.86200", "2017-09-30": "9606.91100", "2017-06-30": "9682.20600", "2017-03-31": "9712.06400", "2016-12-31": "9958.14800", "2016-09-30": "9941.76500", "2016-06-30": "9997.67900", "2016-03-31": "10211.34000", "2015-12-31": "11235.58000", "2015-09-30": "13350.18000", "2015-06-30": "13360.38000", "2015-03-31": "13196.67000", "2014-12-31": "13121.78000", "2014-09-30": "9206.10800", "2014-06-30": "9062.26300", "2014-03-31": "9008.39100", "2013-12-31": "9075.25000", "2013-09-30": "9205.52700", "2013-06-30": "9549.88900", "2013-03-31": "9762.68400", "2012-12-31": "9311.20900", "2012-09-30": "7609.85600", "2012-06-30": "7731.05300", "2012-03-31": "8069.83500", "2011-12-31": "7938.54900", "2011-09-30": "7629.10400", "2011-06-30": "7449.78000", "2011-03-31": "7498.27800", "2010-12-31": "7645.01000", "2010-09-30": "7699.52200", "2010-06-30": "7738.30600", "2010-03-31": "7266.94900", "2009-12-31": "7252.47100", "2009-09-30": "7319.42700", "2009-06-30": "7968.94800", "2009-03-31": "8035.50400", "2008-12-31": "8090.43500", "2008-09-30": "8074.67000", "2008-06-30": "8058.76500", "2008-03-31": "7838.19300", "2007-12-31": "7937.09700", "2007-09-30": "7459.96000", "2007-06-30": "7498.81400", "2007-03-31": "7391.21700", "2006-12-31": "7562.16300", "2006-09-30": "7280.52300", "2006-06-30": "7185.24600", "2006-03-31": "7304.36600", "2005-12-31": "7178.94400", "2005-09-30": "7063.03700", "2005-06-30": "7081.42800", "2005-03-31": "4661.98400"}, "Total Current Liabilities": {"2020-09-30": "292.59000", "2020-06-30": "272.25800", "2020-03-31": "264.03100", "2019-12-31": "316.62200", "2019-09-30": "315.23000", "2019-06-30": "306.11500", "2019-03-31": "303.67300", "2018-12-31": "362.44300", "2018-09-30": "350.08800", "2018-06-30": "350.60500", "2018-03-31": "352.87700", "2017-12-31": "384.11300", "2017-09-30": "371.69900", "2017-06-30": "379.23900", "2017-03-31": "380.61000", "2016-12-31": "427.48100", "2016-09-30": "419.66800", "2016-06-30": "425.79000", "2016-03-31": "439.57200", "2015-12-31": "477.67900", "2015-09-30": "616.26200", "2015-06-30": "637.80300", "2015-03-31": "647.16100", "2014-12-31": "684.12200", "2014-09-30": "407.17400", "2014-06-30": "373.55100", "2014-03-31": "401.33400", "2013-12-31": "440.09900", "2013-09-30": "445.80200", "2013-06-30": "391.84200", "2013-03-31": "415.33200", "2012-12-31": "388.42500", "2012-09-30": "352.95200", "2012-06-30": "327.72200", "2012-03-31": "351.88500", "2011-12-31": "371.96800", "2011-09-30": "375.01300", "2011-06-30": "317.05100", "2011-03-31": "332.90000", "2010-12-31": "328.26300", "2010-09-30": "332.48400", "2010-06-30": "313.30900", "2010-03-31": "327.86800", "2009-12-31": "336.47200", "2009-09-30": "335.27600", "2009-06-30": "339.68100", "2009-03-31": "329.24800", "2008-12-31": "403.64800", "2008-09-30": "385.52500", "2008-06-30": "333.51600", "2008-03-31": "356.38600", "2007-12-31": "386.74600", "2007-09-30": "342.98700", "2007-06-30": "325.95400", "2007-03-31": "314.17800", "2006-12-31": "298.37600", "2006-09-30": "282.01600", "2006-06-30": "263.67200", "2006-03-31": "273.94500", "2005-12-31": "302.10600", "2005-09-30": "297.66900", "2005-06-30": "285.59900", "2005-03-31": "171.44700"}, "Long Term Debt": {"2020-09-30": "5851.25900", "2020-06-30": "5856.42200", "2020-03-31": "5862.68600", "2019-12-31": "5209.97600", "2019-09-30": "5044.40200", "2019-06-30": "5433.40300", "2019-03-31": "5011.02000", "2018-12-31": "4982.46000", "2018-09-30": "4872.98300", "2018-06-30": "4967.89800", "2018-03-31": "4903.84100", "2017-12-31": "5170.26400", "2017-09-30": "5050.43100", "2017-06-30": "4987.51400", "2017-03-31": "4902.40800", "2016-12-31": "4965.90000", "2016-09-30": "4894.10200", "2016-06-30": "4912.51200", "2016-03-31": "4658.96800", "2015-12-31": "5260.75000", "2015-09-30": "6826.15800", "2015-06-30": "6739.20800", "2015-03-31": "6474.35400", "2014-12-31": "6292.40000", "2014-09-30": "4930.53900", "2014-06-30": "4760.10700", "2014-03-31": "4611.13200", "2013-12-31": "4582.72700", "2013-09-30": "4763.55200", "2013-06-30": "5191.06700", "2013-03-31": "5707.79300", "2012-12-31": "5261.37000", "2012-09-30": "3789.51200", "2012-06-30": "4066.76400", "2012-03-31": "4317.38500", "2011-12-31": "4206.07400", "2011-09-30": "4061.99100", "2011-06-30": "3879.23800", "2011-03-31": "3824.66700", "2010-12-31": "3892.07000", "2010-09-30": "3908.24800", "2010-06-30": "3898.77000", "2010-03-31": "4556.80900", "2009-12-31": "4531.63400", "2009-09-30": "4968.05300", "2009-06-30": "5957.14000", "2009-03-31": "5985.36000", "2008-12-31": "5940.41800", "2008-09-30": "6033.80900", "2008-06-30": "5976.28900", "2008-03-31": "5767.69800", "2007-12-31": "5762.95800", "2007-09-30": "5124.47900", "2007-06-30": "5123.54900", "2007-03-31": "4998.17900", "2006-12-31": "4993.87900", "2006-09-30": "4852.63600", "2006-06-30": "4764.17700", "2006-03-31": "4862.39800", "2005-12-31": "5424.73000", "2005-09-30": "5292.34500", "2005-06-30": "5284.00500", "2005-03-31": "3277.16500"}, "Other Non-Current Liabilities": {"2020-09-30": "284.09900", "2020-06-30": "300.88400", "2020-03-31": "332.67200", "2019-12-31": "381.80200", "2019-09-30": "391.88900", "2019-06-30": "115.42600", "2019-03-31": "480.85400", "2018-12-31": "493.47300", "2018-09-30": "499.73000", "2018-06-30": "481.53900", "2018-03-31": "491.97000", "2017-12-31": "83.48600", "2017-09-30": "147.68700", "2017-06-30": "154.77800", "2017-03-31": "155.14900", "2016-12-31": "137.59900", "2016-09-30": "137.48700", "2016-06-30": "82.27600", "2016-03-31": "82.93500", "2015-12-31": "425.91600", "2015-09-30": "93.54500", "2015-06-30": "98.71800", "2015-03-31": "101.58700", "2014-12-31": "105.40700", "2014-09-30": "329.34200", "2014-06-30": "337.92700", "2014-03-31": "332.80500", "2013-12-31": "333.70700", "2013-09-30": "341.40300", "2013-06-30": "289.21100", "2013-03-31": "282.96800", "2012-12-31": "245.16300", "2012-09-30": "181.68400", "2012-06-30": "198.78900", "2012-03-31": "328.44100", "2011-12-31": "195.85600", "2011-09-30": "205.56000", "2011-06-30": "201.36600", "2011-03-31": "203.05700", "2010-12-31": "225.31500", "2010-09-30": "227.29100", "2010-06-30": "233.71200", "2010-03-31": "234.74600", "2009-12-31": "235.30800", "2009-09-30": "236.51100", "2009-06-30": "65.27800", "2009-03-31": "72.60500", "2008-12-31": "81.15800", "2008-09-30": "0.27600", "2008-06-30": "46.17500", "2008-03-31": "2.45400", "2007-12-31": "6.35600", "2007-09-30": "6.80400", "2007-06-30": "6.19900", "2007-03-31": "6.19900", "2006-12-31": "6.19900", "2006-09-30": "6.19900", "2006-06-30": "5.97000", "2006-03-31": "5.97000", "2005-12-31": "5.97000", "2005-09-30": "6.03900", "2005-06-30": "6.73100", "2005-03-31": "2.35800"}, "Total Long Term Liabilities": {"2020-09-30": "6135.35800", "2020-06-30": "6157.30600", "2020-03-31": "6195.35800", "2019-12-31": "5591.77800", "2019-09-30": "5436.29100", "2019-06-30": "5548.82900", "2019-03-31": "5491.87400", "2018-12-31": "5475.93300", "2018-09-30": "5372.71300", "2018-06-30": "5449.43700", "2018-03-31": "5395.81100", "2017-12-31": "5253.75000", "2017-09-30": "5198.11800", "2017-06-30": "5142.29200", "2017-03-31": "5057.55700", "2016-12-31": "5103.49900", "2016-09-30": "5031.58900", "2016-06-30": "4994.78800", "2016-03-31": "4741.90300", "2015-12-31": "5686.66600", "2015-09-30": "6919.70300", "2015-06-30": "6837.92600", "2015-03-31": "6575.94100", "2014-12-31": "6397.80700", "2014-09-30": "5259.88100", "2014-06-30": "5098.03400", "2014-03-31": "4943.93700", "2013-12-31": "4916.43400", "2013-09-30": "5104.95500", "2013-06-30": "5480.27800", "2013-03-31": "5990.76100", "2012-12-31": "5506.53300", "2012-09-30": "3971.19600", "2012-06-30": "4265.55300", "2012-03-31": "4645.82600", "2011-12-31": "4401.93000", "2011-09-30": "4267.55100", "2011-06-30": "4091.97000", "2011-03-31": "4039.09000", "2010-12-31": "4128.75100", "2010-09-30": "4146.90500", "2010-06-30": "4153.07300", "2010-03-31": "4812.14600", "2009-12-31": "4787.53300", "2009-09-30": "5227.89100", "2009-06-30": "6045.74500", "2009-03-31": "6081.29200", "2008-12-31": "6044.90300", "2008-09-30": "6317.67600", "2008-06-30": "6341.25200", "2008-03-31": "6137.27000", "2007-12-31": "6400.50200", "2007-09-30": "5791.03600", "2007-06-30": "5801.88800", "2007-03-31": "5686.02200", "2006-12-31": "5721.48200", "2006-09-30": "5562.06000", "2006-06-30": "5477.21600", "2006-03-31": "5569.36800", "2005-12-31": "6049.73000", "2005-09-30": "5927.50200", "2005-06-30": "5928.87000", "2005-03-31": "3593.16600"}, "Total Liabilities": {"2020-09-30": "6534.75100", "2020-06-30": "6539.78900", "2020-03-31": "6575.28800", "2019-12-31": "6022.60100", "2019-09-30": "5868.20400", "2019-06-30": "5974.72900", "2019-03-31": "5917.65200", "2018-12-31": "5838.37600", "2018-09-30": "5722.80100", "2018-06-30": "5800.04200", "2018-03-31": "5748.68800", "2017-12-31": "5637.86300", "2017-09-30": "5569.81700", "2017-06-30": "5521.53100", "2017-03-31": "5438.16700", "2016-12-31": "5530.98000", "2016-09-30": "5451.25700", "2016-06-30": "5420.57800", "2016-03-31": "5181.47500", "2015-12-31": "6164.34500", "2015-09-30": "7535.96500", "2015-06-30": "7475.72900", "2015-03-31": "7223.10200", "2014-12-31": "7081.92900", "2014-09-30": "5667.05500", "2014-06-30": "5471.58500", "2014-03-31": "5345.27100", "2013-12-31": "5356.53300", "2013-09-30": "5550.75700", "2013-06-30": "5872.12000", "2013-03-31": "6406.09300", "2012-12-31": "5894.95800", "2012-09-30": "4324.14800", "2012-06-30": "4593.27500", "2012-03-31": "4997.71100", "2011-12-31": "4773.89800", "2011-09-30": "4642.56400", "2011-06-30": "4409.02100", "2011-03-31": "4371.99000", "2010-12-31": "4457.01400", "2010-09-30": "4479.38900", "2010-06-30": "4466.38200", "2010-03-31": "5140.01400", "2009-12-31": "5124.00500", "2009-09-30": "5563.16700", "2009-06-30": "6385.42600", "2009-03-31": "6410.54000", "2008-12-31": "6448.55100", "2008-09-30": "6703.20100", "2008-06-30": "6674.76800", "2008-03-31": "6493.65600", "2007-12-31": "6787.24800", "2007-09-30": "6134.02200", "2007-06-30": "6127.84200", "2007-03-31": "6000.20000", "2006-12-31": "6019.85800", "2006-09-30": "5844.07600", "2006-06-30": "5740.88700", "2006-03-31": "5843.31300", "2005-12-31": "6351.83800", "2005-09-30": "6225.17100", "2005-06-30": "6214.46900", "2005-03-31": "3764.61300"}, "Common Stock Net": {"2020-09-30": "1.49600", "2020-06-30": "1.49600", "2020-03-31": "1.41600", "2019-12-31": "1.41400", "2019-09-30": "1.41300", "2019-06-30": "1.41300", "2019-03-31": "1.41300", "2018-12-31": "1.41200", "2018-09-30": "1.41200", "2018-06-30": "1.41200", "2018-03-31": "1.41100", "2017-12-31": "1.41000", "2017-09-30": "1.40900", "2017-06-30": "1.41600", "2017-03-31": "1.41900", "2016-12-31": "1.44000", "2016-09-30": "1.43900", "2016-06-30": "1.44700", "2016-03-31": "1.49500", "2015-12-31": "1.54400", "2015-09-30": "1.58500", "2015-06-30": "1.58500", "2015-03-31": "1.58500", "2014-12-31": "1.58200", "2014-09-30": "1.40900", "2014-06-30": "1.40900", "2014-03-31": "1.40900", "2013-12-31": "1.40700", "2013-09-30": "1.40700", "2013-06-30": "1.40700", "2013-03-31": "1.37600", "2012-12-31": "1.37500", "2012-09-30": "1.36300", "2012-06-30": "1.33300", "2012-03-31": "1.32700", "2011-12-31": "1.32100", "2011-09-30": "1.32100", "2011-06-30": "1.32000", "2011-03-31": "1.31000", "2010-12-31": "1.30400", "2010-09-30": "1.30200", "2010-06-30": "1.30200", "2010-03-31": "0.98700", "2009-12-31": "0.96700", "2009-09-30": "0.81000", "2009-06-30": "0.79300", "2009-03-31": "0.77000", "2008-12-31": "0.76900", "2008-09-30": "0.76100", "2008-06-30": "0.74600", "2008-03-31": "0.72500", "2007-12-31": "0.72300", "2007-09-30": "0.71600", "2007-06-30": "0.71600", "2007-03-31": "0.71500", "2006-12-31": "0.71600", "2006-09-30": "0.71500", "2006-06-30": "0.71600", "2006-03-31": "0.71600", "2005-12-31": "0.59900", "2005-09-30": "0.59100", "2005-06-30": "0.59100", "2005-03-31": "0.59100"}, "Retained Earnings (Accumulated Deficit)": {"2020-09-30": "-2126.74900", "2020-06-30": "-2082.08200", "2020-03-31": "-2042.68800", "2019-12-31": "-1944.01200", "2019-09-30": "-1864.80700", "2019-06-30": "-1805.09700", "2019-03-31": "-1714.78900", "2018-12-31": "-1614.35700", "2018-09-30": "-1520.20900", "2018-06-30": "-1489.74200", "2018-03-31": "-1393.41800", "2017-12-31": "-830.27900", "2017-09-30": "-758.75800", "2017-06-30": "-663.80500", "2017-03-31": "-574.59700", "2016-12-31": "-488.78200", "2016-09-30": "-419.77700", "2016-06-30": "-378.38900", "2016-03-31": "-175.77500", "2015-12-31": "-212.76000", "2015-09-30": "338.69300", "2015-06-30": "415.01700", "2015-03-31": "510.50600", "2014-12-31": "596.74100", "2014-09-30": "-740.90600", "2014-06-30": "-689.49700", "2014-03-31": "-618.27700", "2013-12-31": "-548.80600", "2013-09-30": "-606.46400", "2013-06-30": "-562.99500", "2013-03-31": "-701.44700", "2012-12-31": "-639.74100", "2012-09-30": "-734.68400", "2012-06-30": "-705.29200", "2012-03-31": "-765.67400", "2011-12-31": "-678.63100", "2011-09-30": "-768.81600", "2011-06-30": "-715.51000", "2011-03-31": "-630.01700", "2010-12-31": "-564.35700", "2010-09-30": "-522.33500", "2010-06-30": "-465.14300", "2010-03-31": "-399.28400", "2009-12-31": "-345.93000", "2009-09-30": "-275.33700", "2009-06-30": "-383.50300", "2009-03-31": "-322.43700", "2008-12-31": "-274.83400", "2008-09-30": "-246.05500", "2008-06-30": "-192.48200", "2008-03-31": "-153.89600", "2007-12-31": "-193.93200", "2007-09-30": "-298.09500", "2007-06-30": "-264.36000", "2007-03-31": "-226.88600", "2006-12-31": "-178.24900", "2006-09-30": "-275.43500", "2006-06-30": "-273.28400", "2006-03-31": "-250.05700", "2005-12-31": "-209.00500", "2005-09-30": "-189.79300", "2005-06-30": "-155.31300", "2005-03-31": "-123.60500"}, "Comprehensive Income": {"2020-09-30": "-10.88900", "2020-06-30": "-13.70100", "2020-03-31": "-15.44600", "2019-12-31": "-9.05100", "2019-09-30": "-10.94600", "2019-06-30": "-10.79200", "2019-03-31": "-6.51100", "2018-12-31": "-4.46600", "2018-09-30": "0.14200", "2018-06-30": "-0.03300", "2018-03-31": "0.01900", "2017-12-31": "-0.04200", "2017-09-30": "", "2017-06-30": "", "2017-03-31": "", "2016-12-31": "", "2016-09-30": "", "2016-06-30": "", "2016-03-31": "", "2015-12-31": "", "2015-09-30": "", "2015-06-30": "", "2015-03-31": "", "2014-12-31": "", "2014-09-30": "", "2014-06-30": "", "2014-03-31": "", "2013-12-31": "", "2013-09-30": "", "2013-06-30": "", "2013-03-31": "", "2012-12-31": "", "2012-09-30": "", "2012-06-30": "", "2012-03-31": "", "2011-12-31": "", "2011-09-30": "3.01900", "2011-06-30": "2.95100", "2011-03-31": "1.59300", "2010-12-31": "-3.23700", "2010-09-30": "-8.15300", "2010-06-30": "-12.20900", "2010-03-31": "-17.41800", "2009-12-31": "-25.39700", "2009-09-30": "-33.12100", "2009-06-30": "-35.93600", "2009-03-31": "-24.78300", "2008-12-31": "-53.42500", "2008-09-30": "-23.97500", "2008-06-30": "-24.42400", "2008-03-31": "-48.12400", "2007-12-31": "-24.50800", "2007-09-30": "-6.77600", "2007-06-30": "10.57200", "2007-03-31": "-1.11500", "2006-12-31": "2.34000", "2006-09-30": "1.18500", "2006-06-30": "12.19300", "2006-03-31": "7.00300", "2005-12-31": "0.08700", "2005-09-30": "0.74200", "2005-06-30": "1.11500", "2005-03-31": "1.69000"}, "Other Share Holders Equity": {"2020-09-30": "", "2020-06-30": "", "2020-03-31": "", "2019-12-31": "", "2019-09-30": "", "2019-06-30": "", "2019-03-31": "", "2018-12-31": "", "2018-09-30": "", "2018-06-30": "", "2018-03-31": "", "2017-12-31": "", "2017-09-30": "", "2017-06-30": "", "2017-03-31": "", "2016-12-31": "", "2016-09-30": "", "2016-06-30": "", "2016-03-31": "", "2015-12-31": "", "2015-09-30": "", "2015-06-30": "", "2015-03-31": "", "2014-12-31": "", "2014-09-30": "", "2014-06-30": "", "2014-03-31": "", "2013-12-31": "", "2013-09-30": "", "2013-06-30": "", "2013-03-31": "", "2012-12-31": "", "2012-09-30": "", "2012-06-30": "", "2012-03-31": "", "2011-12-31": "", "2011-09-30": "", "2011-06-30": "", "2011-03-31": "", "2010-12-31": "", "2010-09-30": "", "2010-06-30": "", "2010-03-31": "", "2009-12-31": "", "2009-09-30": "", "2009-06-30": "", "2009-03-31": "", "2008-12-31": "", "2008-09-30": "", "2008-06-30": "", "2008-03-31": "", "2007-12-31": "", "2007-09-30": "", "2007-06-30": "", "2007-03-31": "", "2006-12-31": "", "2006-09-30": "", "2006-06-30": "", "2006-03-31": "", "2005-12-31": "", "2005-09-30": "", "2005-06-30": "", "2005-03-31": ""}, "Share Holder Equity": {"2020-09-30": "2648.53700", "2020-06-30": "2688.55900", "2020-03-31": "2724.36000", "2019-12-31": "2830.97000", "2019-09-30": "2907.76900", "2019-06-30": "2969.37000", "2019-03-31": "3085.26900", "2018-12-31": "3188.43200", "2018-09-30": "3287.92900", "2018-06-30": "3315.17500", "2018-03-31": "3408.58500", "2017-12-31": "3967.99900", "2017-09-30": "4037.09400", "2017-06-30": "4160.67500", "2017-03-31": "4273.89700", "2016-12-31": "4427.16800", "2016-09-30": "4490.50800", "2016-06-30": "4577.10100", "2016-03-31": "5029.87000", "2015-12-31": "5071.23900", "2015-09-30": "5814.21600", "2015-06-30": "5884.64700", "2015-03-31": "5973.56500", "2014-12-31": "6039.84900", "2014-09-30": "3539.05300", "2014-06-30": "3590.67800", "2014-03-31": "3663.12000", "2013-12-31": "3718.71700", "2013-09-30": "3654.77000", "2013-06-30": "3677.76900", "2013-03-31": "3356.59100", "2012-12-31": "3416.25100", "2012-09-30": "3285.70800", "2012-06-30": "3137.77800", "2012-03-31": "3072.12400", "2011-12-31": "3164.65100", "2011-09-30": "2986.54000", "2011-06-30": "3040.75900", "2011-03-31": "3126.28800", "2010-12-31": "3187.99600", "2010-09-30": "3220.13300", "2010-06-30": "3271.92400", "2010-03-31": "2126.93500", "2009-12-31": "2128.46600", "2009-09-30": "1756.26000", "2009-06-30": "1583.52200", "2009-03-31": "1624.96400", "2008-12-31": "1641.88400", "2008-09-30": "1371.46900", "2008-06-30": "1383.99700", "2008-03-31": "1344.53700", "2007-12-31": "1149.84900", "2007-09-30": "1325.93800", "2007-06-30": "1370.97200", "2007-03-31": "1391.01700", "2006-12-31": "1542.30500", "2006-09-30": "1436.44700", "2006-06-30": "1444.35900", "2006-03-31": "1461.05300", "2005-12-31": "827.10800", "2005-09-30": "837.86600", "2005-06-30": "866.95900", "2005-03-31": "897.37100"}, "Total Liabilities And Share Holders Equity": {"2020-09-30": "9183.28800", "2020-06-30": "9228.34800", "2020-03-31": "9299.64800", "2019-12-31": "8853.57100", "2019-09-30": "8775.97300", "2019-06-30": "8944.09900", "2019-03-31": "9002.92100", "2018-12-31": "9026.80800", "2018-09-30": "9010.73000", "2018-06-30": "9115.21700", "2018-03-31": "9157.27300", "2017-12-31": "9605.86200", "2017-09-30": "9606.91100", "2017-06-30": "9682.20600", "2017-03-31": "9712.06400", "2016-12-31": "9958.14800", "2016-09-30": "9941.76500", "2016-06-30": "9997.67900", "2016-03-31": "10211.34000", "2015-12-31": "11235.58000", "2015-09-30": "13350.18000", "2015-06-30": "13360.38000", "2015-03-31": "13196.67000", "2014-12-31": "13121.78000", "2014-09-30": "9206.10800", "2014-06-30": "9062.26300", "2014-03-31": "9008.39100", "2013-12-31": "9075.25000", "2013-09-30": "9205.52700", "2013-06-30": "9549.88900", "2013-03-31": "9762.68400", "2012-12-31": "9311.20900", "2012-09-30": "7609.85600", "2012-06-30": "7731.05300", "2012-03-31": "8069.83500", "2011-12-31": "7938.54900", "2011-09-30": "7629.10400", "2011-06-30": "7449.78000", "2011-03-31": "7498.27800", "2010-12-31": "7645.01000", "2010-09-30": "7699.52200", "2010-06-30": "7738.30600", "2010-03-31": "7266.94900", "2009-12-31": "7252.47100", "2009-09-30": "7319.42700", "2009-06-30": "7968.94800", "2009-03-31": "8035.50400", "2008-12-31": "8090.43500", "2008-09-30": "8074.67000", "2008-06-30": "8058.76500", "2008-03-31": "7838.19300", "2007-12-31": "7937.09700", "2007-09-30": "7459.96000", "2007-06-30": "7498.81400", "2007-03-31": "7391.21700", "2006-12-31": "7562.16300", "2006-09-30": "7280.52300", "2006-06-30": "7185.24600", "2006-03-31": "7304.36600", "2005-12-31": "7178.94400", "2005-09-30": "7063.03700", "2005-06-30": "7081.42800", "2005-03-31": "4661.98400"}}, "cash flow statement": {"Net Income/Loss": {"2019-12-31": "102.55400", "2018-12-31": "68.97200", "2017-12-31": "161.67300", "2016-12-31": "554.83900", "2015-12-31": "522.91200", "2014-12-31": "1606.93100", "2013-12-31": "448.95900", "2012-12-31": "366.38900", "2011-12-31": "169.07500", "2010-12-31": "28.42000", "2009-12-31": "139.25000", "2008-12-31": "195.01500", "2007-12-31": "106.06200", "2006-12-31": "217.40400", "2005-12-31": "52.58800"}, "Total Depreciation And Amortization - Cash Flow": {"2019-12-31": "348.77000", "2018-12-31": "361.12000", "2017-12-31": "368.79700", "2016-12-31": "371.78300", "2015-12-31": "462.94500", "2014-12-31": "399.25900", "2013-12-31": "393.66100", "2012-12-31": "328.03900", "2011-12-31": "294.26800", "2010-12-31": "278.02400", "2009-12-31": "286.23700", "2008-12-31": "304.49800", "2007-12-31": "252.47800", "2006-12-31": "229.99200", "2005-12-31": "207.02500"}, "Other Non-Cash Items": {"2019-12-31": "-118.28100", "2018-12-31": "-62.25200", "2017-12-31": "-119.14700", "2016-12-31": "-455.01900", "2015-12-31": "-433.13700", "2014-12-31": "-1546.63700", "2013-12-31": "-415.00900", "2012-12-31": "-326.48100", "2011-12-31": "-196.42400", "2010-12-31": "-52.47600", "2009-12-31": "-195.00300", "2008-12-31": "-218.03400", "2007-12-31": "-86.23300", "2006-12-31": "-208.77000", "2005-12-31": "-54.10700"}, "Total Non-Cash Items": {"2019-12-31": "230.48900", "2018-12-31": "298.86800", "2017-12-31": "249.65000", "2016-12-31": "-83.23600", "2015-12-31": "29.80810", "2014-12-31": "-1147.37800", "2013-12-31": "-21.34800", "2012-12-31": "1.55800", "2011-12-31": "97.84400", "2010-12-31": "225.54800", "2009-12-31": "91.23400", "2008-12-31": "86.46400", "2007-12-31": "166.24500", "2006-12-31": "21.22200", "2005-12-31": "152.91800"}, "Change In Accounts Receivable": {"2019-12-31": "-9.92900", "2018-12-31": "-13.91200", "2017-12-31": "-6.50800", "2016-12-31": "-7.58500", "2015-12-31": "1.90800", "2014-12-31": "-12.35600", "2013-12-31": "-5.48200", "2012-12-31": "-2.55400", "2011-12-31": "-2.65100", "2010-12-31": "9.93300", "2009-12-31": "-7.79400", "2008-12-31": "24.22800", "2007-12-31": "-20.00100", "2006-12-31": "-22.31900", "2005-12-31": "-6.40000"}, "Change In Inventories": {"2019-12-31": "", "2018-12-31": "", "2017-12-31": "", "2016-12-31": "", "2015-12-31": "", "2014-12-31": "", "2013-12-31": "", "2012-12-31": "", "2011-12-31": "", "2010-12-31": "", "2009-12-31": "", "2008-12-31": "", "2007-12-31": "", "2006-12-31": "", "2005-12-31": ""}, "Change In Accounts Payable": {"2019-12-31": "", "2018-12-31": "", "2017-12-31": "", "2016-12-31": "", "2015-12-31": "", "2014-12-31": "", "2013-12-31": "", "2012-12-31": "", "2011-12-31": "", "2010-12-31": "", "2009-12-31": "", "2008-12-31": "", "2007-12-31": "", "2006-12-31": "", "2005-12-31": ""}, "Change In Assets/Liabilities": {"2019-12-31": "4.34100", "2018-12-31": "5.42000", "2017-12-31": "-18.39600", "2016-12-31": "-4.05000", "2015-12-31": "6.86700", "2014-12-31": "-17.36400", "2013-12-31": "8.02700", "2012-12-31": "-18.27500", "2011-12-31": "-4.97500", "2010-12-31": "-26.09400", "2009-12-31": "9.07200", "2008-12-31": "-25.99800", "2007-12-31": "-34.85200", "2006-12-31": "18.36200", "2005-12-31": "36.33900"}, "Total Change In Assets/Liabilities": {"2019-12-31": "22.11400", "2018-12-31": "-23.52900", "2017-12-31": "-24.93400", "2016-12-31": "-42.06900", "2015-12-31": "2.23600", "2014-12-31": "-58.84700", "2013-12-31": "-5.57600", "2012-12-31": "-16.65100", "2011-12-31": "-29.63400", "2010-12-31": "-53.53300", "2009-12-31": "-109.59400", "2008-12-31": "-29.53200", "2007-12-31": "53.76300", "2006-12-31": "-26.77600", "2005-12-31": "29.79000"}, "Cash Flow From Operating Activities": {"2019-12-31": "355.15700", "2018-12-31": "344.31100", "2017-12-31": "386.38900", "2016-12-31": "429.53400", "2015-12-31": "554.95600", "2014-12-31": "400.70600", "2013-12-31": "422.03500", "2012-12-31": "351.29600", "2011-12-31": "237.28500", "2010-12-31": "200.43500", "2009-12-31": "120.89000", "2008-12-31": "251.94700", "2007-12-31": "326.07000", "2006-12-31": "211.85000", "2005-12-31": "235.29600"}, "Net Change In Property, Plant, And Equipment": {"2019-12-31": "-182.38500", "2018-12-31": "-151.35500", "2017-12-31": "53.14400", "2016-12-31": "464.79600", "2015-12-31": "282.47900", "2014-12-31": "52.76000", "2013-12-31": "-310.52700", "2012-12-31": "-1113.00800", "2011-12-31": "-230.05100", "2010-12-31": "-185.78900", "2009-12-31": "219.96700", "2008-12-31": "-488.10000", "2007-12-31": "-1013.53900", "2006-12-31": "-212.32500", "2005-12-31": "-164.89700"}, "Net Change In Intangible Assets": {"2019-12-31": "", "2018-12-31": "", "2017-12-31": "", "2016-12-31": "", "2015-12-31": "", "2014-12-31": "", "2013-12-31": "", "2012-12-31": "", "2011-12-31": "", "2010-12-31": "", "2009-12-31": "", "2008-12-31": "", "2007-12-31": "", "2006-12-31": "", "2005-12-31": ""}, "Net Acquisitions/Divestitures": {"2019-12-31": "", "2018-12-31": "", "2017-12-31": "", "2016-12-31": "", "2015-12-31": "", "2014-12-31": "28.89000", "2013-12-31": "", "2012-12-31": "-30.00000", "2011-12-31": "", "2010-12-31": "", "2009-12-31": "", "2008-12-31": "", "2007-12-31": "-51.94300", "2006-12-31": "", "2005-12-31": ""}, "Net Change In Short-term Investments": {"2019-12-31": "", "2018-12-31": "", "2017-12-31": "", "2016-12-31": "", "2015-12-31": "", "2014-12-31": "", "2013-12-31": "23.76900", "2012-12-31": "1.37800", "2011-12-31": "1.36200", "2010-12-31": "1.31600", "2009-12-31": "1.28300", "2008-12-31": "1.43600", "2007-12-31": "1.32200", "2006-12-31": "-29.86300", "2005-12-31": ""}, "Net Change In Long-Term Investments": {"2019-12-31": "13.44600", "2018-12-31": "355.40400", "2017-12-31": "150.42600", "2016-12-31": "13.66700", "2015-12-31": "-320.54600", "2014-12-31": "-258.39900", "2013-12-31": "520.15000", "2012-12-31": "226.88400", "2011-12-31": "60.30000", "2010-12-31": "100.65400", "2009-12-31": "118.78800", "2008-12-31": "-19.29700", "2007-12-31": "235.53400", "2006-12-31": "155.77000", "2005-12-31": "54.10800"}, "Net Change In Investments - Total": {"2019-12-31": "13.44600", "2018-12-31": "355.40400", "2017-12-31": "150.42600", "2016-12-31": "13.66700", "2015-12-31": "-320.54600", "2014-12-31": "-258.39900", "2013-12-31": "543.91890", "2012-12-31": "228.26200", "2011-12-31": "61.66200", "2010-12-31": "101.97000", "2009-12-31": "120.07100", "2008-12-31": "-17.86100", "2007-12-31": "236.85600", "2006-12-31": "125.90700", "2005-12-31": "54.10800"}, "Investing Activities - Other": {"2019-12-31": "56.91300", "2018-12-31": "-27.72600", "2017-12-31": "-24.58200", "2016-12-31": "-24.39700", "2015-12-31": "-62.95700", "2014-12-31": "-79.04200", "2013-12-31": "38.47500", "2012-12-31": "-48.62800", "2011-12-31": "-43.69700", "2010-12-31": "-58.35300", "2009-12-31": "-37.68200", "2008-12-31": "-52.99500", "2007-12-31": "-36.65700", "2006-12-31": "-40.31800", "2005-12-31": "-21.15900"}, "Cash Flow From Investing Activities": {"2019-12-31": "-112.02600", "2018-12-31": "176.32300", "2017-12-31": "178.98800", "2016-12-31": "454.06600", "2015-12-31": "-101.02400", "2014-12-31": "-255.79100", "2013-12-31": "271.86700", "2012-12-31": "-963.37400", "2011-12-31": "-212.08600", "2010-12-31": "-142.17200", "2009-12-31": "302.35600", "2008-12-31": "-558.95600", "2007-12-31": "-865.28300", "2006-12-31": "-126.73600", "2005-12-31": "-131.94800"}, "Net Long-Term Debt": {"2019-12-31": "199.49400", "2018-12-31": "-54.81400", "2017-12-31": "210.27200", "2016-12-31": "763.24680", "2015-12-31": "796.45800", "2014-12-31": "351.86600", "2013-12-31": "-478.30810", "2012-12-31": "821.56100", "2011-12-31": "-50.68300", "2010-12-31": "-658.83810", "2009-12-31": "-858.40710", "2008-12-31": "575.75000", "2007-12-31": "761.51310", "2006-12-31": "-417.64790", "2005-12-31": "196.75800"}, "Net Current Debt": {"2019-12-31": "", "2018-12-31": "", "2017-12-31": "", "2016-12-31": "", "2015-12-31": "", "2014-12-31": "", "2013-12-31": "", "2012-12-31": "", "2011-12-31": "", "2010-12-31": "", "2009-12-31": "", "2008-12-31": "", "2007-12-31": "", "2006-12-31": "", "2005-12-31": ""}, "Debt Issuance/Retirement Net - Total": {"2019-12-31": "199.49400", "2018-12-31": "-54.81400", "2017-12-31": "210.27200", "2016-12-31": "763.24680", "2015-12-31": "796.45800", "2014-12-31": "351.86600", "2013-12-31": "-478.30810", "2012-12-31": "821.56100", "2011-12-31": "-50.68300", "2010-12-31": "-658.83810", "2009-12-31": "-858.40710", "2008-12-31": "575.75000", "2007-12-31": "761.51310", "2006-12-31": "-417.64790", "2005-12-31": "196.75800"}, "Net Common Equity Issued/Repurchased": {"2019-12-31": "", "2018-12-31": "", "2017-12-31": "-221.42800", "2016-12-31": "-800.01800", "2015-12-31": "-400.14400", "2014-12-31": "", "2013-12-31": "173.01100", "2012-12-31": "177.89600", "2011-12-31": "", "2010-12-31": "1220.82900", "2009-12-31": "397.95300", "2008-12-31": "", "2007-12-31": "-74.97000", "2006-12-31": "746.80500", "2005-12-31": ""}, "Net Total Equity Issued/Repurchased": {"2019-12-31": "", "2018-12-31": "", "2017-12-31": "-221.42800", "2016-12-31": "-800.01800", "2015-12-31": "-400.14400", "2014-12-31": "", "2013-12-31": "173.01100", "2012-12-31": "177.89600", "2011-12-31": "", "2010-12-31": "1220.82900", "2009-12-31": "397.95300", "2008-12-31": "", "2007-12-31": "-74.97000", "2006-12-31": "746.80500", "2005-12-31": ""}, "Total Common And Preferred Stock Dividends Paid": {"2019-12-31": "-474.53400", "2018-12-31": "-453.63400", "2017-12-31": "-443.83900", "2016-12-31": "-779.30800", "2015-12-31": "-787.10900", "2014-12-31": "-385.72500", "2013-12-31": "-355.50600", "2012-12-31": "-326.18500", "2011-12-31": "-296.94800", "2010-12-31": "-225.95800", "2009-12-31": "-95.66500", "2008-12-31": "-284.87100", "2007-12-31": "-270.71300", "2006-12-31": "-293.52600", "2005-12-31": "-217.56300"}, "Financial Activities - Other": {"2019-12-31": "-3.17600", "2018-12-31": "-5.99000", "2017-12-31": "-111.27400", "2016-12-31": "-51.42300", "2015-12-31": "-61.53400", "2014-12-31": "-95.86400", "2013-12-31": "-29.17700", "2012-12-31": "-62.64900", "2011-12-31": "-55.96500", "2010-12-31": "-41.90600", "2009-12-31": "159.59900", "2008-12-31": "-2.61400", "2007-12-31": "-60.77900", "2006-12-31": "-6.42300", "2005-12-31": "0.45600"}, "Cash Flow From Financial Activities": {"2019-12-31": "-278.21600", "2018-12-31": "-514.43800", "2017-12-31": "-566.26900", "2016-12-31": "-867.50200", "2015-12-31": "-452.32900", "2014-12-31": "-129.72300", "2013-12-31": "-689.98000", "2012-12-31": "610.62300", "2011-12-31": "-403.59600", "2010-12-31": "294.12700", "2009-12-31": "-396.52000", "2008-12-31": "288.26500", "2007-12-31": "355.05100", "2006-12-31": "29.20800", "2005-12-31": "-20.34900"}, "Net Cash Flow": {"2019-12-31": "-35.08500", "2018-12-31": "6.19600", "2017-12-31": "-0.89200", "2016-12-31": "16.09800", "2015-12-31": "1.60300", "2014-12-31": "15.19200", "2013-12-31": "3.92200", "2012-12-31": "-1.45500", "2011-12-31": "-378.39700", "2010-12-31": "352.39000", "2009-12-31": "26.72600", "2008-12-31": "-18.74400", "2007-12-31": "-184.16200", "2006-12-31": "114.32200", "2005-12-31": "82.99900"}, "Stock-Based Compensation": {"2019-12-31": "", "2018-12-31": "", "2017-12-31": "", "2016-12-31": "", "2015-12-31": "", "2014-12-31": "", "2013-12-31": "", "2012-12-31": "", "2011-12-31": "", "2010-12-31": "", "2009-12-31": "", "2008-12-31": "", "2007-12-31": "", "2006-12-31": "", "2005-12-31": ""}, "Common Stock Dividends Paid": {"2019-12-31": "-474.53400", "2018-12-31": "-453.63400", "2017-12-31": "-443.83900", "2016-12-31": "-779.30800", "2015-12-31": "-787.10900", "2014-12-31": "-385.72500", "2013-12-31": "-355.50600", "2012-12-31": "-326.18500", "2011-12-31": "-296.94800", "2010-12-31": "-225.95800", "2009-12-31": "-95.66500", "2008-12-31": "-274.63400", "2007-12-31": "-245.99100", "2006-12-31": "-269.41900", "2005-12-31": "-202.07800"}}, "cash flow statement, quarterly": {"Net Income/Loss": {"2020-09-30": -22.622, "2020-06-30": -26.727, "2020-03-31": "8.73100", "2019-12-31": 29.739, "2019-09-30": 50.025, "2019-06-30": 13.947, "2019-03-31": "8.84300", "2018-12-31": 13.246, "2018-09-30": 81.241, "2018-06-30": 8.866, "2018-03-31": "-34.38100", "2017-12-31": 38.584, "2017-09-30": 19.228, "2017-06-30": 29.052, "2017-03-31": "74.80900", "2016-12-31": 40.834, "2016-09-30": 13.196, "2016-06-30": 49.434, "2016-03-31": "451.37500", "2015-12-31": 444.185, "2015-09-30": 36.314, "2015-06-30": 15.746, "2015-03-31": "26.66700", "2014-12-31": 1530.558, "2014-09-30": 38.744, "2014-06-30": 17.985, "2014-03-31": "19.64400", "2013-12-31": 150.789, "2013-09-30": 40.825, "2013-06-30": 234.815, "2013-03-31": "22.53000", "2012-12-31": 186.295, "2012-09-30": 47.275, "2012-06-30": 144.542, "2012-03-31": "-11.72300", "2011-12-31": 175.64, "2011-09-30": 14.255, "2011-06-30": -20.911, "2011-03-31": "0.09100", "2010-12-31": 25.758, "2010-09-30": 9.468, "2010-06-30": 0.055, "2010-03-31": "-6.86100", "2009-12-31": -17.174, "2009-09-30": 164.373, "2009-06-30": -24.37, "2009-03-31": "16.42100", "2008-12-31": 58.924, "2008-09-30": 4.399, "2008-06-30": 20.031, "2008-03-31": "111.66100", "2007-12-31": 72.287, "2007-09-30": 10.097, "2007-06-30": 20.17, "2007-03-31": "3.50800", "2006-12-31": 137.312, "2006-09-30": 46.967, "2006-06-30": 19.702, "2006-03-31": "13.42300", "2005-12-31": 10.437, "2005-09-30": 10.339, "2005-06-30": 13.672, "2005-03-31": "18.14000"}, "Total Depreciation And Amortization - Cash Flow": {"2020-09-30": 80.098, "2020-06-30": 84.958, "2020-03-31": "87.82200", "2019-12-31": 100.212, "2019-09-30": 74.218, "2019-06-30": 85.822, "2019-03-31": "88.51800", "2018-12-31": 104.558, "2018-09-30": 82.718, "2018-06-30": 81.552, "2018-03-31": "92.29200", "2017-12-31": 93.052, "2017-09-30": 89.819, "2017-06-30": 88.303, "2017-03-31": "97.62300", "2016-12-31": 92.823, "2016-09-30": 88.103, "2016-06-30": 88.934, "2016-03-31": "101.92300", "2015-12-31": 108.431, "2015-09-30": 113.947, "2015-06-30": 115.25, "2015-03-31": "125.31700", "2014-12-31": 110.063, "2014-09-30": 93.406, "2014-06-30": 91.565, "2014-03-31": "104.22500", "2013-12-31": 104.062, "2013-09-30": 96.894, "2013-06-30": 97.605, "2013-03-31": "95.10000", "2012-12-31": 84.018, "2012-09-30": 80.731, "2012-06-30": 78.068, "2012-03-31": "85.22200", "2011-12-31": 69.015, "2011-09-30": 76.754, "2011-06-30": 75.878, "2011-03-31": "72.62100", "2010-12-31": 73.599, "2010-09-30": 71.399, "2010-06-30": 67.9, "2010-03-31": "65.12600", "2009-12-31": 80.946, "2009-09-30": 65.393, "2009-06-30": 69.665, "2009-03-31": "70.23300", "2008-12-31": 105.537, "2008-09-30": 67.95, "2008-06-30": 63.803, "2008-03-31": "67.20800", "2007-12-31": 74.699, "2007-09-30": 60.492, "2007-06-30": 60.693, "2007-03-31": "56.59400", "2006-12-31": 53.403, "2006-09-30": 55.242, "2006-06-30": 58.664, "2006-03-31": "62.68300", "2005-12-31": 57.99, "2005-09-30": 56.5, "2005-06-30": 53.938, "2005-03-31": "38.59700"}, "Other Non-Cash Items": {"2020-09-30": -5.57, "2020-06-30": 14.506, "2020-03-31": "-20.70900", "2019-12-31": -36.69, "2019-09-30": -43.136, "2019-06-30": -17.908, "2019-03-31": "-20.54700", "2018-12-31": -7.608, "2018-09-30": -68.015, "2018-06-30": -10.629, "2018-03-31": "24.00000", "2017-12-31": -32.595, "2017-09-30": -11.499, "2017-06-30": -12.956, "2017-03-31": "-62.09700", "2016-12-31": -3.848, "2016-09-30": 6.129, "2016-06-30": -20.092, "2016-03-31": "-437.20800", "2015-12-31": -399.183, "2015-09-30": -4.033, "2015-06-30": 0.562, "2015-03-31": "-30.48300", "2014-12-31": -1510.012, "2014-09-30": -24.917, "2014-06-30": -0.609, "2014-03-31": "-11.09900", "2013-12-31": -132.97, "2013-09-30": -34.771, "2013-06-30": -234.093, "2013-03-31": "-13.17500", "2012-12-31": -163.692, "2012-09-30": -31.546, "2012-06-30": -143.053, "2012-03-31": "11.81000", "2011-12-31": -171.683, "2011-09-30": -14.051, "2011-06-30": 14.672, "2011-03-31": "-25.36200", "2010-12-31": -16.55, "2010-09-30": -14.008, "2010-06-30": -12.108, "2010-03-31": "-9.81000", "2009-12-31": 12.539, "2009-09-30": -178.006, "2009-06-30": 5.715, "2009-03-31": "-35.25100", "2008-12-31": -74.627, "2008-09-30": -10.772, "2008-06-30": -13.641, "2008-03-31": "-118.99400", "2007-12-31": -59.188, "2007-09-30": -5.67, "2007-06-30": -12.268, "2007-03-31": "-9.10700", "2006-12-31": -101.638, "2006-09-30": -53.402, "2006-06-30": -37.693, "2006-03-31": "-16.03700", "2005-12-31": -19.255, "2005-09-30": -15.121, "2005-06-30": -11.709, "2005-03-31": "-8.02200"}, "Total Non-Cash Items": {"2020-09-30": 74.528, "2020-06-30": 99.464, "2020-03-31": "67.11300", "2019-12-31": 63.522, "2019-09-30": 31.082, "2019-06-30": 67.914, "2019-03-31": "67.97100", "2018-12-31": 96.95, "2018-09-30": 14.703, "2018-06-30": 70.923, "2018-03-31": "116.29200", "2017-12-31": 60.457, "2017-09-30": 78.32, "2017-06-30": 75.347, "2017-03-31": "35.52600", "2016-12-31": 88.975, "2016-09-30": 94.232, "2016-06-30": 68.842, "2016-03-31": "-335.28500", "2015-12-31": -290.7519, "2015-09-30": 109.914, "2015-06-30": 115.812, "2015-03-31": "94.83400", "2014-12-31": -1399.949, "2014-09-30": 68.489, "2014-06-30": 90.956, "2014-03-31": "93.12600", "2013-12-31": -28.908, "2013-09-30": 62.123, "2013-06-30": -136.488, "2013-03-31": "81.92500", "2012-12-31": -79.674, "2012-09-30": 49.185, "2012-06-30": -64.985, "2012-03-31": "97.03200", "2011-12-31": -102.668, "2011-09-30": 62.703, "2011-06-30": 90.55, "2011-03-31": "47.25900", "2010-12-31": 57.049, "2010-09-30": 57.391, "2010-06-30": 55.792, "2010-03-31": "55.31600", "2009-12-31": 93.485, "2009-09-30": -112.613, "2009-06-30": 75.38, "2009-03-31": "34.98200", "2008-12-31": 30.91, "2008-09-30": 57.178, "2008-06-30": 50.162, "2008-03-31": "-51.78600", "2007-12-31": 15.511, "2007-09-30": 54.822, "2007-06-30": 48.425, "2007-03-31": "47.48700", "2006-12-31": -48.235, "2006-09-30": 1.84, "2006-06-30": 20.971, "2006-03-31": "46.64600", "2005-12-31": 38.735, "2005-09-30": 41.379, "2005-06-30": 42.229, "2005-03-31": "30.57500"}, "Change In Accounts Receivable": {"2020-09-30": -2.355, "2020-06-30": -133.322, "2020-03-31": "11.67300", "2019-12-31": -14.612, "2019-09-30": -5.603, "2019-06-30": -6.581, "2019-03-31": "16.86700", "2018-12-31": -16.491, "2018-09-30": -11.297, "2018-06-30": 2.177, "2018-03-31": "11.69900", "2017-12-31": -7.346, "2017-09-30": -4.563, "2017-06-30": -3.356, "2017-03-31": "8.75700", "2016-12-31": -9.955, "2016-09-30": -1.691, "2016-06-30": -0.625, "2016-03-31": "4.68600", "2015-12-31": -5.471, "2015-09-30": -3.612, "2015-06-30": -6.845, "2015-03-31": "17.83600", "2014-12-31": -10.94, "2014-09-30": -12.382, "2014-06-30": 2.149, "2014-03-31": "8.81700", "2013-12-31": -9.796, "2013-09-30": -4.31, "2013-06-30": 3.842, "2013-03-31": "4.78200", "2012-12-31": -1.218, "2012-09-30": -11.036, "2012-06-30": -8.205, "2012-03-31": "17.90500", "2011-12-31": -1.291, "2011-09-30": -6.46, "2011-06-30": 2.415, "2011-03-31": "2.68500", "2010-12-31": -9.528, "2010-09-30": -3.144, "2010-06-30": 18.957, "2010-03-31": "3.64800", "2009-12-31": -11.313, "2009-09-30": -13.644, "2009-06-30": 4.617, "2009-03-31": "12.54600", "2008-12-31": 3.428, "2008-09-30": -4.845, "2008-06-30": 8.401, "2008-03-31": "17.24400", "2007-12-31": -9.63, "2007-09-30": -11.693, "2007-06-30": -6.511, "2007-03-31": "7.83300", "2006-12-31": -16.337, "2006-09-30": 2.419, "2006-06-30": -16.738, "2006-03-31": "8.33700", "2005-12-31": -12.313, "2005-09-30": -1.123, "2005-06-30": 0.992, "2005-03-31": "6.04400"}, "Change In Inventories": {"2020-09-30": 0, "2020-06-30": 0, "2020-03-31": "", "2019-12-31": 0, "2019-09-30": 0, "2019-06-30": 0, "2019-03-31": "", "2018-12-31": 0, "2018-09-30": 0, "2018-06-30": 0, "2018-03-31": "", "2017-12-31": 0, "2017-09-30": 0, "2017-06-30": 0, "2017-03-31": "", "2016-12-31": 0, "2016-09-30": 0, "2016-06-30": 0, "2016-03-31": "", "2015-12-31": 0, "2015-09-30": 0, "2015-06-30": 0, "2015-03-31": "", "2014-12-31": 0, "2014-09-30": 0, "2014-06-30": 0, "2014-03-31": "", "2013-12-31": 0, "2013-09-30": 0, "2013-06-30": 0, "2013-03-31": "", "2012-12-31": 0, "2012-09-30": 0, "2012-06-30": 0, "2012-03-31": "", "2011-12-31": 0, "2011-09-30": 0, "2011-06-30": 0, "2011-03-31": "", "2010-12-31": 0, "2010-09-30": 0, "2010-06-30": 0, "2010-03-31": "", "2009-12-31": 0, "2009-09-30": 0, "2009-06-30": 0, "2009-03-31": "", "2008-12-31": 0, "2008-09-30": 0, "2008-06-30": 0, "2008-03-31": "", "2007-12-31": 0, "2007-09-30": 0, "2007-06-30": 0, "2007-03-31": "", "2006-12-31": 0, "2006-09-30": 0, "2006-06-30": 0, "2006-03-31": "", "2005-12-31": 0, "2005-09-30": 0, "2005-06-30": 0, "2005-03-31": ""}, "Change In Accounts Payable": {"2020-09-30": 0, "2020-06-30": 0, "2020-03-31": "", "2019-12-31": 0, "2019-09-30": 0, "2019-06-30": 0, "2019-03-31": "", "2018-12-31": 0, "2018-09-30": 0, "2018-06-30": 0, "2018-03-31": "", "2017-12-31": 0, "2017-09-30": 0, "2017-06-30": 0, "2017-03-31": "", "2016-12-31": 0, "2016-09-30": 0, "2016-06-30": 0, "2016-03-31": "", "2015-12-31": 0, "2015-09-30": 0, "2015-06-30": 0, "2015-03-31": "", "2014-12-31": 0, "2014-09-30": 0, "2014-06-30": 0, "2014-03-31": "", "2013-12-31": 0, "2013-09-30": 0, "2013-06-30": 0, "2013-03-31": "", "2012-12-31": 0, "2012-09-30": 0, "2012-06-30": 0, "2012-03-31": "", "2011-12-31": 0, "2011-09-30": 0, "2011-06-30": 0, "2011-03-31": "", "2010-12-31": 0, "2010-09-30": 0, "2010-06-30": 0, "2010-03-31": "", "2009-12-31": 0, "2009-09-30": 0, "2009-06-30": 0, "2009-03-31": "", "2008-12-31": 0, "2008-09-30": 0, "2008-06-30": 0, "2008-03-31": "", "2007-12-31": 0, "2007-09-30": 0, "2007-06-30": 0, "2007-03-31": "", "2006-12-31": 0, "2006-09-30": 0, "2006-06-30": 0, "2006-03-31": "", "2005-12-31": 0, "2005-09-30": 0, "2005-06-30": 0, "2005-03-31": ""}, "Change In Assets/Liabilities": {"2020-09-30": 9.666, "2020-06-30": -12.095, "2020-03-31": "-3.72900", "2019-12-31": -10.025, "2019-09-30": 11.988, "2019-06-30": -12.054, "2019-03-31": "14.43200", "2018-12-31": 3.785, "2018-09-30": 5.424, "2018-06-30": -12.75, "2018-03-31": "8.96100", "2017-12-31": -17.135, "2017-09-30": 9.758, "2017-06-30": -11.622, "2017-03-31": "0.60300", "2016-12-31": -12.679, "2016-09-30": 20.229, "2016-06-30": -12.98, "2016-03-31": "1.38000", "2015-12-31": -0.121, "2015-09-30": 9.097, "2015-06-30": -7.069, "2015-03-31": "4.96000", "2014-12-31": -9.063, "2014-09-30": -9.728, "2014-06-30": 1.39, "2014-03-31": "0.03700", "2013-12-31": 2.84, "2013-09-30": -5.238, "2013-06-30": 2.132, "2013-03-31": "8.29300", "2012-12-31": -37.181, "2012-09-30": 14.865, "2012-06-30": 7.585, "2012-03-31": "-3.54400", "2011-12-31": -4.556, "2011-09-30": 4.12, "2011-06-30": 7.057, "2011-03-31": "-11.59600", "2010-12-31": 9.835, "2010-09-30": -22.147, "2010-06-30": 2.686, "2010-03-31": "-16.46800", "2009-12-31": -1.719, "2009-09-30": -0.021, "2009-06-30": -28.203, "2009-03-31": "39.01500", "2008-12-31": -24.934, "2008-09-30": 2.187, "2008-06-30": 25.381, "2008-03-31": "-28.63200", "2007-12-31": -28.031, "2007-09-30": -7.293, "2007-06-30": 13.265, "2007-03-31": "-12.79300", "2006-12-31": 0.949, "2006-09-30": -6.36, "2006-06-30": 20.33, "2006-03-31": "3.44300", "2005-12-31": 15.776, "2005-09-30": 29.978, "2005-06-30": -14.316, "2005-03-31": "4.90100"}, "Total Change In Assets/Liabilities": {"2020-09-30": 28.603, "2020-06-30": -137.819, "2020-03-31": "-26.14400", "2019-12-31": -10.081, "2019-09-30": 25.792, "2019-06-30": -15.623, "2019-03-31": "22.02600", "2018-12-31": -13.046, "2018-09-30": -13.633, "2018-06-30": -9.907, "2018-03-31": "13.05700", "2017-12-31": -12.502, "2017-09-30": 12.075, "2017-06-30": -16.876, "2017-03-31": "-7.63100", "2016-12-31": -31.362, "2016-09-30": 3.95, "2016-06-30": -18.436, "2016-03-31": "3.77900", "2015-12-31": -12.128, "2015-09-30": -5.456, "2015-06-30": -20.809, "2015-03-31": "40.62900", "2014-12-31": -26.809, "2014-09-30": -0.899, "2014-06-30": -16.28, "2014-03-31": "-14.85900", "2013-12-31": -28.702, "2013-09-30": 43.121, "2013-06-30": -23.083, "2013-03-31": "3.08800", "2012-12-31": -11.504, "2012-09-30": 15.121, "2012-06-30": -21.18, "2012-03-31": "0.91200", "2011-12-31": -16.172, "2011-09-30": 13.667, "2011-06-30": -21.327, "2011-03-31": "-5.80200", "2010-12-31": -9.197, "2010-09-30": -12.82, "2010-06-30": -47.978, "2010-03-31": "16.46200", "2009-12-31": -29.156, "2009-09-30": -43.812, "2009-06-30": -6.796, "2009-03-31": "-29.83000", "2008-12-31": -13.717, "2008-09-30": 7.007, "2008-06-30": 2.057, "2008-03-31": "-24.87900", "2007-12-31": 30.201, "2007-09-30": 41.18, "2007-06-30": -22.917, "2007-03-31": "5.29900", "2006-12-31": -16.132, "2006-09-30": 5.847, "2006-06-30": -8.013, "2006-03-31": "-8.47800", "2005-12-31": 1.146, "2005-09-30": 41.421, "2005-06-30": -24.115, "2005-03-31": "11.33800"}, "Cash Flow From Operating Activities": {"2020-09-30": 80.509, "2020-06-30": -65.082, "2020-03-31": "49.70000", "2019-12-31": 83.18, "2019-09-30": 106.899, "2019-06-30": 66.238, "2019-03-31": "98.84000", "2018-12-31": 97.15, "2018-09-30": 82.311, "2018-06-30": 69.882, "2018-03-31": "94.96800", "2017-12-31": 86.539, "2017-09-30": 109.623, "2017-06-30": 87.523, "2017-03-31": "102.70400", "2016-12-31": 98.447, "2016-09-30": 111.378, "2016-06-30": 99.84, "2016-03-31": "119.86900", "2015-12-31": 141.305, "2015-09-30": 140.772, "2015-06-30": 110.749, "2015-03-31": "162.13000", "2014-12-31": 103.8, "2014-09-30": 106.334, "2014-06-30": 92.661, "2014-03-31": "97.91100", "2013-12-31": 93.179, "2013-09-30": 146.069, "2013-06-30": 75.244, "2013-03-31": "107.54300", "2012-12-31": 95.117, "2012-09-30": 111.581, "2012-06-30": 58.377, "2012-03-31": "86.22100", "2011-12-31": 56.8, "2011-09-30": 90.625, "2011-06-30": 48.312, "2011-03-31": "41.54800", "2010-12-31": 73.61, "2010-09-30": 54.039, "2010-06-30": 7.869, "2010-03-31": "64.91700", "2009-12-31": 47.155, "2009-09-30": 7.948, "2009-06-30": 44.214, "2009-03-31": "21.57300", "2008-12-31": 76.117, "2008-09-30": 68.584, "2008-06-30": 72.25, "2008-03-31": "34.99600", "2007-12-31": 117.999, "2007-09-30": 106.099, "2007-06-30": 45.678, "2007-03-31": "56.29400", "2006-12-31": 72.945, "2006-09-30": 54.654, "2006-06-30": 32.66, "2006-03-31": "51.59100", "2005-12-31": 50.318, "2005-09-30": 93.139, "2005-06-30": 31.786, "2005-03-31": "60.05300"}, "Net Change In Property, Plant, And Equipment": {"2020-09-30": 3.125, "2020-06-30": -22.985, "2020-03-31": "-28.25100", "2019-12-31": -57.611, "2019-09-30": -51.486, "2019-06-30": -37.22, "2019-03-31": "-36.06800", "2018-12-31": -68.201, "2018-09-30": 6.056, "2018-06-30": -36.45, "2018-03-31": "-52.76000", "2017-12-31": 9.856, "2017-09-30": -46.99, "2017-06-30": -40.008, "2017-03-31": "130.28600", "2016-12-31": -54.151, "2016-09-30": -54.945, "2016-06-30": 39.433, "2016-03-31": "534.45900", "2015-12-31": 540.1, "2015-09-30": -83.748, "2015-06-30": -55.051, "2015-03-31": "-118.82200", "2014-12-31": 178.768, "2014-09-30": -39.135, "2014-06-30": -77.017, "2014-03-31": "-9.85600", "2013-12-31": 35.425, "2013-09-30": -70.403, "2013-06-30": 236.034, "2013-03-31": "-511.58300", "2012-12-31": -1063.645, "2012-09-30": -46.222, "2012-06-30": 60.896, "2012-03-31": "-64.03700", "2011-12-31": -29.135, "2011-09-30": -114.523, "2011-06-30": -55.183, "2011-03-31": "-31.21000", "2010-12-31": -56.146, "2010-09-30": -63.266, "2010-06-30": 0.814, "2010-03-31": "-67.19100", "2009-12-31": 11.544, "2009-09-30": 297.365, "2009-06-30": -35.463, "2009-03-31": "-53.47900", "2008-12-31": -38.841, "2008-09-30": -125.817, "2008-06-30": -197.32, "2008-03-31": "-126.12200", "2007-12-31": -595.22, "2007-09-30": -209.392, "2007-06-30": -109.077, "2007-03-31": "-99.85000", "2006-12-31": 42.315, "2006-09-30": -30.294, "2006-06-30": 38.171, "2006-03-31": "-262.51700", "2005-12-31": -61.765, "2005-09-30": -55.515, "2005-06-30": -23.731, "2005-03-31": "-23.88600"}, "Net Change In Intangible Assets": {"2020-09-30": 0, "2020-06-30": 0, "2020-03-31": "", "2019-12-31": 0, "2019-09-30": 0, "2019-06-30": 0, "2019-03-31": "", "2018-12-31": 0, "2018-09-30": 0, "2018-06-30": 0, "2018-03-31": "", "2017-12-31": 0, "2017-09-30": 0, "2017-06-30": 0, "2017-03-31": "", "2016-12-31": 0, "2016-09-30": 0, "2016-06-30": 0, "2016-03-31": "", "2015-12-31": 0, "2015-09-30": 0, "2015-06-30": 0, "2015-03-31": "", "2014-12-31": 0, "2014-09-30": 0, "2014-06-30": 0, "2014-03-31": "", "2013-12-31": 0, "2013-09-30": 0, "2013-06-30": 0, "2013-03-31": "", "2012-12-31": 0, "2012-09-30": 0, "2012-06-30": 0, "2012-03-31": "", "2011-12-31": 0, "2011-09-30": 0, "2011-06-30": 0, "2011-03-31": "", "2010-12-31": 0, "2010-09-30": 0, "2010-06-30": 0, "2010-03-31": "", "2009-12-31": 0, "2009-09-30": 0, "2009-06-30": 0, "2009-03-31": "", "2008-12-31": 0, "2008-09-30": 0, "2008-06-30": 0, "2008-03-31": "", "2007-12-31": 0, "2007-09-30": 0, "2007-06-30": 0, "2007-03-31": "", "2006-12-31": 0, "2006-09-30": 0, "2006-06-30": 0, "2006-03-31": "", "2005-12-31": 0, "2005-09-30": 0, "2005-06-30": 0, "2005-03-31": ""}, "Net Acquisitions/Divestitures": {"2020-09-30": 0, "2020-06-30": 0, "2020-03-31": "", "2019-12-31": 0, "2019-09-30": 0, "2019-06-30": 0, "2019-03-31": "", "2018-12-31": 0, "2018-09-30": 0, "2018-06-30": 0, "2018-03-31": "", "2017-12-31": 0, "2017-09-30": 0, "2017-06-30": 0, "2017-03-31": "", "2016-12-31": 0, "2016-09-30": 0, "2016-06-30": 0, "2016-03-31": "", "2015-12-31": 0, "2015-09-30": 0, "2015-06-30": 0, "2015-03-31": "", "2014-12-31": 28.89, "2014-09-30": 0, "2014-06-30": 0, "2014-03-31": "", "2013-12-31": 0, "2013-09-30": 0, "2013-06-30": 0, "2013-03-31": "", "2012-12-31": -30, "2012-09-30": 0, "2012-06-30": 0, "2012-03-31": "", "2011-12-31": 0, "2011-09-30": 0, "2011-06-30": 0, "2011-03-31": "", "2010-12-31": 0, "2010-09-30": 0, "2010-06-30": 0, "2010-03-31": "", "2009-12-31": 0, "2009-09-30": 0, "2009-06-30": 0, "2009-03-31": "", "2008-12-31": 18.794, "2008-09-30": 0.079, "2008-06-30": 0, "2008-03-31": "-18.87300", "2007-12-31": -51.943, "2007-09-30": 0, "2007-06-30": 0, "2007-03-31": "", "2006-12-31": 0, "2006-09-30": 0, "2006-06-30": 0, "2006-03-31": "", "2005-12-31": 0, "2005-09-30": 0, "2005-06-30": 32.479, "2005-03-31": "-32.47900"}, "Net Change In Short-term Investments": {"2020-09-30": 0, "2020-06-30": 0, "2020-03-31": "", "2019-12-31": 0, "2019-09-30": 0, "2019-06-30": 0, "2019-03-31": "", "2018-12-31": 0, "2018-09-30": 0, "2018-06-30": 0, "2018-03-31": "", "2017-12-31": 0, "2017-09-30": 0, "2017-06-30": 0, "2017-03-31": "", "2016-12-31": 0, "2016-09-30": 0, "2016-06-30": 0, "2016-03-31": "", "2015-12-31": 0, "2015-09-30": 0, "2015-06-30": 0, "2015-03-31": "", "2014-12-31": 0, "2014-09-30": 0, "2014-06-30": 0, "2014-03-31": "", "2013-12-31": 0, "2013-09-30": 23.08, "2013-06-30": 0.59, "2013-03-31": "0.09900", "2012-12-31": 0.59, "2012-09-30": 0.099, "2012-06-30": 0.59, "2012-03-31": "0.09900", "2011-12-31": 0.59, "2011-09-30": 0.1, "2011-06-30": 0.672, "2011-03-31": "0.00000", "2010-12-31": 0.662, "2010-09-30": 0, "2010-06-30": 0.654, "2010-03-31": "", "2009-12-31": 0.645, "2009-09-30": 0, "2009-06-30": 0.638, "2009-03-31": "", "2008-12-31": 0.629, "2008-09-30": 0, "2008-06-30": 0.615, "2008-03-31": "0.19200", "2007-12-31": 0.41, "2007-09-30": 0.188, "2007-06-30": 0.402, "2007-03-31": "0.32200", "2006-12-31": 0.26, "2006-09-30": -30.123, "2006-06-30": 0, "2006-03-31": "", "2005-12-31": 0, "2005-09-30": 0, "2005-06-30": 0, "2005-03-31": ""}, "Net Change In Long-Term Investments": {"2020-09-30": -16.166, "2020-06-30": -44.097, "2020-03-31": "-12.17700", "2019-12-31": -72.997, "2019-09-30": 92.081, "2019-06-30": 16.016, "2019-03-31": "-21.65400", "2018-12-31": -6.872, "2018-09-30": -10.774, "2018-06-30": -4.293, "2018-03-31": "377.34300", "2017-12-31": 4.606, "2017-09-30": 26.389, "2017-06-30": 31.496, "2017-03-31": "87.93500", "2016-12-31": 6.545, "2016-09-30": 81.08, "2016-06-30": 94.81, "2016-03-31": "-168.76800", "2015-12-31": -50.383, "2015-09-30": -4.122, "2015-06-30": -245.853, "2015-03-31": "-20.18800", "2014-12-31": -56.124, "2014-09-30": -127.341, "2014-06-30": -68.587, "2014-03-31": "-6.34700", "2013-12-31": -9.747, "2013-09-30": 352.411, "2013-06-30": 98.912, "2013-03-31": "78.57400", "2012-12-31": 57.004, "2012-09-30": 139.276, "2012-06-30": 13.915, "2012-03-31": "16.68900", "2011-12-31": 16.292, "2011-09-30": 125.368, "2011-06-30": -55.415, "2011-03-31": "-25.94500", "2010-12-31": 29.866, "2010-09-30": 18.362, "2010-06-30": 25.508, "2010-03-31": "26.91800", "2009-12-31": 23.097, "2009-09-30": 18.324, "2009-06-30": 15.861, "2009-03-31": "61.50600", "2008-12-31": 9.715, "2008-09-30": 64.113, "2008-06-30": 0.94, "2008-03-31": "-94.06500", "2007-12-31": 5.89, "2007-09-30": 180.349, "2007-06-30": 15.815, "2007-03-31": "33.48000", "2006-12-31": 17.932, "2006-09-30": 19.622, "2006-06-30": 96.888, "2006-03-31": "21.32800", "2005-12-31": 22.78, "2005-09-30": 6.55, "2005-06-30": 37.652, "2005-03-31": "-12.87400"}, "Net Change In Investments - Total": {"2020-09-30": -16.166, "2020-06-30": -44.097, "2020-03-31": "-12.17700", "2019-12-31": -72.997, "2019-09-30": 92.081, "2019-06-30": 16.016, "2019-03-31": "-21.65400", "2018-12-31": -6.872, "2018-09-30": -10.774, "2018-06-30": -4.293, "2018-03-31": "377.34300", "2017-12-31": 4.606, "2017-09-30": 26.389, "2017-06-30": 31.496, "2017-03-31": "87.93500", "2016-12-31": 6.545, "2016-09-30": 81.08, "2016-06-30": 94.81, "2016-03-31": "-168.76800", "2015-12-31": -50.383, "2015-09-30": -4.122, "2015-06-30": -245.853, "2015-03-31": "-20.18800", "2014-12-31": -56.124, "2014-09-30": -127.341, "2014-06-30": -68.587, "2014-03-31": "-6.34700", "2013-12-31": -9.7471, "2013-09-30": 375.491, "2013-06-30": 99.502, "2013-03-31": "78.67300", "2012-12-31": 57.594, "2012-09-30": 139.375, "2012-06-30": 14.505, "2012-03-31": "16.78800", "2011-12-31": 16.882, "2011-09-30": 125.468, "2011-06-30": -54.743, "2011-03-31": "-25.94500", "2010-12-31": 30.528, "2010-09-30": 18.362, "2010-06-30": 26.162, "2010-03-31": "26.91800", "2009-12-31": 23.742, "2009-09-30": 18.324, "2009-06-30": 16.499, "2009-03-31": "61.50600", "2008-12-31": 10.344, "2008-09-30": 64.113, "2008-06-30": 1.555, "2008-03-31": "-93.87300", "2007-12-31": 6.3, "2007-09-30": 180.537, "2007-06-30": 16.217, "2007-03-31": "33.80200", "2006-12-31": 18.192, "2006-09-30": -10.501, "2006-06-30": 96.888, "2006-03-31": "21.32800", "2005-12-31": 22.78, "2005-09-30": 6.55, "2005-06-30": 37.652, "2005-03-31": "-12.87400"}, "Investing Activities - Other": {"2020-09-30": -0.666, "2020-06-30": -0.6, "2020-03-31": "-0.98100", "2019-12-31": 2.007, "2019-09-30": -1.133, "2019-06-30": -0.461, "2019-03-31": "56.50000", "2018-12-31": -4.763, "2018-09-30": -5.258, "2018-06-30": -4.523, "2018-03-31": "-13.18200", "2017-12-31": -0.165, "2017-09-30": -5.483, "2017-06-30": -7.879, "2017-03-31": "-11.05500", "2016-12-31": 7.546, "2016-09-30": -16.793, "2016-06-30": -7.874, "2016-03-31": "-7.27600", "2015-12-31": -38.982, "2015-09-30": -5.769, "2015-06-30": -7.196, "2015-03-31": "-11.01000", "2014-12-31": -64.926, "2014-09-30": -1.124, "2014-06-30": -6.944, "2014-03-31": "-6.04800", "2013-12-31": 11.731, "2013-09-30": 49.849, "2013-06-30": 0.601, "2013-03-31": "-23.70600", "2012-12-31": -18.8, "2012-09-30": -9.378, "2012-06-30": 3.788, "2012-03-31": "-24.23800", "2011-12-31": -15.317, "2011-09-30": 1.799, "2011-06-30": -13.991, "2011-03-31": "-16.18800", "2010-12-31": -4.101, "2010-09-30": -43.78, "2010-06-30": 0.86, "2010-03-31": "-11.33200", "2009-12-31": -5.921, "2009-09-30": -6.505, "2009-06-30": -14.987, "2009-03-31": "-10.26900", "2008-12-31": -31.211, "2008-09-30": -3.217, "2008-06-30": -12.662, "2008-03-31": "-5.90500", "2007-12-31": -9.685, "2007-09-30": -4.12, "2007-06-30": -11.793, "2007-03-31": "-11.05900", "2006-12-31": -2.79, "2006-09-30": -16.564, "2006-06-30": -0.803, "2006-03-31": "-20.16100", "2005-12-31": 2.37, "2005-09-30": -8.984, "2005-06-30": -6.566, "2005-03-31": "-7.97900"}, "Cash Flow From Investing Activities": {"2020-09-30": -13.707, "2020-06-30": -67.682, "2020-03-31": "-41.40900", "2019-12-31": -128.601, "2019-09-30": 39.462, "2019-06-30": -21.665, "2019-03-31": "-1.22200", "2018-12-31": -79.836, "2018-09-30": -9.976, "2018-06-30": -45.266, "2018-03-31": "311.40100", "2017-12-31": 14.297, "2017-09-30": -26.084, "2017-06-30": -16.391, "2017-03-31": "207.16600", "2016-12-31": -40.06, "2016-09-30": 9.342, "2016-06-30": 126.369, "2016-03-31": "358.41500", "2015-12-31": 450.735, "2015-09-30": -93.639, "2015-06-30": -308.1, "2015-03-31": "-150.02000", "2014-12-31": 86.608, "2014-09-30": -167.6, "2014-06-30": -152.548, "2014-03-31": "-22.25100", "2013-12-31": 37.409, "2013-09-30": 354.937, "2013-06-30": 336.137, "2013-03-31": "-456.61600", "2012-12-31": -1054.851, "2012-09-30": 83.775, "2012-06-30": 79.189, "2012-03-31": "-71.48700", "2011-12-31": -27.57, "2011-09-30": 12.744, "2011-06-30": -123.917, "2011-03-31": "-73.34300", "2010-12-31": -29.719, "2010-09-30": -88.684, "2010-06-30": 27.836, "2010-03-31": "-51.60500", "2009-12-31": 29.365, "2009-09-30": 309.184, "2009-06-30": -33.951, "2009-03-31": "-2.24200", "2008-12-31": -40.914, "2008-09-30": -64.842, "2008-06-30": -208.427, "2008-03-31": "-244.77300", "2007-12-31": -650.548, "2007-09-30": -32.975, "2007-06-30": -104.653, "2007-03-31": "-77.10700", "2006-12-31": 57.717, "2006-09-30": -57.359, "2006-06-30": 134.256, "2006-03-31": "-261.35000", "2005-12-31": -36.615, "2005-09-30": -57.949, "2005-06-30": 39.834, "2005-03-31": "-77.21800"}, "Net Long-Term Debt": {"2020-09-30": -5.937, "2020-06-30": -7.461, "2020-03-31": "655.14900", "2019-12-31": 169.01, "2019-09-30": -72.734, "2019-06-30": 75.854, "2019-03-31": "27.36400", "2018-12-31": 107.896, "2018-09-30": 42.628, "2018-06-30": 62.305, "2018-03-31": "-267.64300", "2017-12-31": 124.711, "2017-09-30": 64.98, "2017-06-30": 84.508, "2017-03-31": "-63.92700", "2016-12-31": 72.0738, "2016-09-30": 25.0041, "2016-06-30": 253.125, "2016-03-31": "413.04390", "2015-12-31": 258.415, "2015-09-30": 92.459, "2015-06-30": 304.4819, "2015-03-31": "141.10210", "2014-12-31": -0.002, "2014-09-30": 171.784, "2014-06-30": 150.327, "2014-03-31": "29.75700", "2013-12-31": -23.2161, "2013-09-30": -391.9599, "2013-06-30": -511.9522, "2013-03-31": "448.82010", "2012-12-31": 1053.947, "2012-09-30": -277.026, "2012-06-30": -190.191, "2012-03-31": "234.83100", "2011-12-31": -31.908, "2011-09-30": 50.261, "2011-06-30": 52.179, "2011-03-31": "-121.21500", "2010-12-31": -15.614, "2010-09-30": 10.8198, "2010-06-30": -658.8069, "2010-03-31": "4.76300", "2009-12-31": -602.4871, "2009-09-30": -301.472, "2009-06-30": -21.971, "2009-03-31": "67.52300", "2008-12-31": 59.144, "2008-09-30": 59.674, "2008-06-30": 195.042, "2008-03-31": "261.89000", "2007-12-31": 640.8831, "2007-09-30": -5.015, "2007-06-30": 127.9221, "2007-03-31": "-2.27710", "2006-12-31": 144.4871, "2006-09-30": 91.7999, "2006-06-30": -94.9359, "2006-03-31": "-558.99900", "2005-12-31": 135.747, "2005-09-30": 11.802, "2005-06-30": 1.483, "2005-03-31": "47.72600"}, "Net Current Debt": {"2020-09-30": 0, "2020-06-30": 0, "2020-03-31": "", "2019-12-31": 0, "2019-09-30": 0, "2019-06-30": 0, "2019-03-31": "", "2018-12-31": 0, "2018-09-30": 0, "2018-06-30": 0, "2018-03-31": "", "2017-12-31": 0, "2017-09-30": 0, "2017-06-30": 0, "2017-03-31": "", "2016-12-31": 0, "2016-09-30": 0, "2016-06-30": 0, "2016-03-31": "", "2015-12-31": 0, "2015-09-30": 0, "2015-06-30": 0, "2015-03-31": "", "2014-12-31": 0, "2014-09-30": 0, "2014-06-30": 0, "2014-03-31": "", "2013-12-31": 0, "2013-09-30": 0, "2013-06-30": 0, "2013-03-31": "", "2012-12-31": 0, "2012-09-30": 0, "2012-06-30": 0, "2012-03-31": "", "2011-12-31": 0, "2011-09-30": 0, "2011-06-30": 0, "2011-03-31": "", "2010-12-31": 0, "2010-09-30": 0, "2010-06-30": 0, "2010-03-31": "", "2009-12-31": 0, "2009-09-30": 0, "2009-06-30": 0, "2009-03-31": "", "2008-12-31": 0, "2008-09-30": 0, "2008-06-30": 0, "2008-03-31": "", "2007-12-31": 0, "2007-09-30": 0, "2007-06-30": 0, "2007-03-31": "", "2006-12-31": 0, "2006-09-30": 0, "2006-06-30": 0, "2006-03-31": "", "2005-12-31": 0, "2005-09-30": 0, "2005-06-30": 0, "2005-03-31": ""}, "Debt Issuance/Retirement Net - Total": {"2020-09-30": -5.937, "2020-06-30": -7.461, "2020-03-31": "655.14900", "2019-12-31": 169.01, "2019-09-30": -72.734, "2019-06-30": 75.854, "2019-03-31": "27.36400", "2018-12-31": 107.896, "2018-09-30": 42.628, "2018-06-30": 62.305, "2018-03-31": "-267.64300", "2017-12-31": 124.711, "2017-09-30": 64.98, "2017-06-30": 84.508, "2017-03-31": "-63.92700", "2016-12-31": 72.0738, "2016-09-30": 25.0041, "2016-06-30": 253.125, "2016-03-31": "413.04390", "2015-12-31": 258.415, "2015-09-30": 92.459, "2015-06-30": 304.4819, "2015-03-31": "141.10210", "2014-12-31": -0.002, "2014-09-30": 171.784, "2014-06-30": 150.327, "2014-03-31": "29.75700", "2013-12-31": -23.2161, "2013-09-30": -391.9599, "2013-06-30": -511.9522, "2013-03-31": "448.82010", "2012-12-31": 1053.947, "2012-09-30": -277.026, "2012-06-30": -190.191, "2012-03-31": "234.83100", "2011-12-31": -31.908, "2011-09-30": 50.261, "2011-06-30": 52.179, "2011-03-31": "-121.21500", "2010-12-31": -15.614, "2010-09-30": 10.8198, "2010-06-30": -658.8069, "2010-03-31": "4.76300", "2009-12-31": -602.4871, "2009-09-30": -301.472, "2009-06-30": -21.971, "2009-03-31": "67.52300", "2008-12-31": 59.144, "2008-09-30": 59.674, "2008-06-30": 195.042, "2008-03-31": "261.89000", "2007-12-31": 640.8831, "2007-09-30": -5.015, "2007-06-30": 127.9221, "2007-03-31": "-2.27710", "2006-12-31": 144.4871, "2006-09-30": 91.7999, "2006-06-30": -94.9359, "2006-03-31": "-558.99900", "2005-12-31": 135.747, "2005-09-30": 11.802, "2005-06-30": 1.483, "2005-03-31": "47.72600"}, "Net Common Equity Issued/Repurchased": {"2020-09-30": -0.852, "2020-06-30": 0.852, "2020-03-31": "", "2019-12-31": 0, "2019-09-30": -0.819, "2019-06-30": 0.819, "2019-03-31": "", "2018-12-31": 0, "2018-09-30": -0.806, "2018-06-30": 0.806, "2018-03-31": "", "2017-12-31": 0, "2017-09-30": -39.688, "2017-06-30": -49.19, "2017-03-31": "-132.55000", "2016-12-31": 0, "2016-09-30": 0, "2016-06-30": -400, "2016-03-31": "-400.01800", "2015-12-31": -400.144, "2015-09-30": 0, "2015-06-30": 0, "2015-03-31": "", "2014-12-31": 0, "2014-09-30": 0, "2014-06-30": 0, "2014-03-31": "", "2013-12-31": 1.89, "2013-09-30": -0.053, "2013-06-30": 171.174, "2013-03-31": "", "2012-12-31": 2.027, "2012-09-30": 175.869, "2012-06-30": 0, "2012-03-31": "", "2011-12-31": 0, "2011-09-30": 0, "2011-06-30": 0, "2011-03-31": "", "2010-12-31": -0.051, "2010-09-30": 0, "2010-06-30": 1220.88, "2010-03-31": "", "2009-12-31": 383.389, "2009-09-30": 14.564, "2009-06-30": 0, "2009-03-31": "", "2008-12-31": 0, "2008-09-30": 0, "2008-06-30": 0, "2008-03-31": "", "2007-12-31": 0, "2007-09-30": 0, "2007-06-30": 0, "2007-03-31": "-74.97000", "2006-12-31": 0.001, "2006-09-30": -0.015, "2006-06-30": 0.01, "2006-03-31": "746.80900", "2005-12-31": 0, "2005-09-30": 0, "2005-06-30": 0, "2005-03-31": ""}, "Net Total Equity Issued/Repurchased": {"2020-09-30": -0.852, "2020-06-30": 0.852, "2020-03-31": "", "2019-12-31": 0, "2019-09-30": -0.819, "2019-06-30": 0.819, "2019-03-31": "", "2018-12-31": 0, "2018-09-30": -0.806, "2018-06-30": 0.806, "2018-03-31": "", "2017-12-31": 0, "2017-09-30": -39.688, "2017-06-30": -49.19, "2017-03-31": "-132.55000", "2016-12-31": 0, "2016-09-30": 0, "2016-06-30": -400, "2016-03-31": "-400.01800", "2015-12-31": -400.144, "2015-09-30": 0, "2015-06-30": 0, "2015-03-31": "", "2014-12-31": 0, "2014-09-30": 0, "2014-06-30": 0, "2014-03-31": "", "2013-12-31": 1.89, "2013-09-30": -0.053, "2013-06-30": 171.174, "2013-03-31": "", "2012-12-31": 2.027, "2012-09-30": 175.869, "2012-06-30": 0, "2012-03-31": "", "2011-12-31": 0, "2011-09-30": 0, "2011-06-30": 0, "2011-03-31": "", "2010-12-31": -0.051, "2010-09-30": 0, "2010-06-30": 1220.88, "2010-03-31": "", "2009-12-31": 383.389, "2009-09-30": 14.564, "2009-06-30": 0, "2009-03-31": "", "2008-12-31": 0, "2008-09-30": 0, "2008-06-30": 0, "2008-03-31": "", "2007-12-31": 0, "2007-09-30": 0, "2007-06-30": 0, "2007-03-31": "-74.97000", "2006-12-31": 0.001, "2006-09-30": -0.015, "2006-06-30": 0.01, "2006-03-31": "746.80900", "2005-12-31": 0, "2005-09-30": 0, "2005-06-30": 0, "2005-03-31": ""}, "Total Common And Preferred Stock Dividends Paid": {"2020-09-30": -24.65, "2020-06-30": -15.865, "2020-03-31": "-114.67200", "2019-12-31": -115.158, "2019-09-30": -114.823, "2019-06-30": -130.157, "2019-03-31": "-114.39600", "2018-12-31": -114.191, "2018-09-30": -112.698, "2018-06-30": -112.963, "2018-03-31": "-113.78200", "2017-12-31": -115.106, "2017-09-30": -108.787, "2017-06-30": -109.325, "2017-03-31": "-110.62100", "2016-12-31": -111.523, "2016-09-30": -106.174, "2016-06-30": -109.386, "2016-03-31": "-452.22500", "2015-12-31": -454.707, "2015-09-30": -110.491, "2015-06-30": -110.449, "2015-03-31": "-111.46200", "2014-12-31": -99.519, "2014-09-30": -95.006, "2014-06-30": -95.858, "2014-03-31": "-95.34200", "2013-12-31": -94.364, "2013-09-30": -87.725, "2013-06-30": -87.21, "2013-03-31": "-86.20700", "2012-12-31": -85.55, "2012-09-30": -79.496, "2012-06-30": -79.495, "2012-03-31": "-81.64400", "2011-12-31": -79.349, "2011-09-30": -72.197, "2011-06-30": -72.279, "2011-03-31": "-73.12300", "2010-12-31": -72.031, "2010-09-30": -72.046, "2010-06-30": -72.762, "2010-03-31": "-9.11900", "2009-12-31": -8.828, "2009-09-30": -5.855, "2009-06-30": -9.326, "2009-03-31": "-71.65600", "2008-12-31": -74.815, "2008-09-30": -72.002, "2008-06-30": -64.117, "2008-03-31": "-73.93700", "2007-12-31": -65.957, "2007-09-30": -73.658, "2007-06-30": -67.489, "2007-03-31": "-63.60900", "2006-12-31": -67.49, "2006-09-30": -67.153, "2006-06-30": -93.401, "2006-03-31": "-65.48200", "2005-12-31": -60.161, "2005-09-30": -55.925, "2005-06-30": -51.967, "2005-03-31": "-49.51000"}, "Financial Activities - Other": {"2020-09-30": -1.226, "2020-06-30": -0.205, "2020-03-31": "0.12300", "2019-12-31": -1.483, "2019-09-30": 0.855, "2019-06-30": 3.264, "2019-03-31": "-5.81200", "2018-12-31": -5.818, "2018-09-30": 0.129, "2018-06-30": -0.104, "2018-03-31": "-0.19700", "2017-12-31": -89.16, "2017-09-30": -15.657, "2017-06-30": -1.998, "2017-03-31": "-4.45900", "2016-12-31": -0.511, "2016-09-30": -28.507, "2016-06-30": -3.315, "2016-03-31": "-19.09000", "2015-12-31": -2.103, "2015-09-30": -46.418, "2015-06-30": -4.517, "2015-03-31": "-8.49600", "2014-12-31": -64.459, "2014-09-30": -13.533, "2014-06-30": -3.008, "2014-03-31": "-14.86400", "2013-12-31": -7.291, "2013-09-30": -6.103, "2013-06-30": -5.264, "2013-03-31": "-10.51900", "2012-12-31": -21.45, "2012-09-30": -27.947, "2012-06-30": -7.343, "2012-03-31": "-5.90900", "2011-12-31": 9.855, "2011-09-30": -15.242, "2011-06-30": -19.091, "2011-03-31": "-31.48700", "2010-12-31": 3.024, "2010-09-30": -14.421, "2010-06-30": -24.524, "2010-03-31": "-5.98500", "2009-12-31": 165.103, "2009-09-30": -2.7, "2009-06-30": -0.613, "2009-03-31": "-2.19100", "2008-12-31": -1.825, "2008-09-30": 3.601, "2008-06-30": -5.201, "2008-03-31": "0.81100", "2007-12-31": 0.046, "2007-09-30": -0.635, "2007-06-30": -0.369, "2007-03-31": "-59.82100", "2006-12-31": -0.272, "2006-09-30": -5.369, "2006-06-30": 0.092, "2006-03-31": "-0.87400", "2005-12-31": -2.393, "2005-09-30": 3.372, "2005-06-30": -0.446, "2005-03-31": "-0.07700"}, "Cash Flow From Financial Activities": {"2020-09-30": -32.665, "2020-06-30": -22.679, "2020-03-31": "540.60000", "2019-12-31": 52.369, "2019-09-30": -187.521, "2019-06-30": -50.22, "2019-03-31": "-92.84400", "2018-12-31": -12.113, "2018-09-30": -70.747, "2018-06-30": -49.956, "2018-03-31": "-381.62200", "2017-12-31": -79.555, "2017-09-30": -99.152, "2017-06-30": -76.005, "2017-03-31": "-311.55700", "2016-12-31": -39.96, "2016-09-30": -109.677, "2016-06-30": -259.576, "2016-03-31": "-458.28900", "2015-12-31": -598.539, "2015-09-30": -64.45, "2015-06-30": 189.516, "2015-03-31": "21.14400", "2014-12-31": -163.98, "2014-09-30": 63.245, "2014-06-30": 51.461, "2014-03-31": "-80.44900", "2013-12-31": -122.981, "2013-09-30": -485.841, "2013-06-30": -433.252, "2013-03-31": "352.09400", "2012-12-31": 948.974, "2012-09-30": -208.6, "2012-06-30": -277.029, "2012-03-31": "147.27800", "2011-12-31": -101.402, "2011-09-30": -37.178, "2011-06-30": -39.191, "2011-03-31": "-225.82500", "2010-12-31": -84.672, "2010-09-30": -75.647, "2010-06-30": 464.787, "2010-03-31": "-10.34100", "2009-12-31": -62.823, "2009-09-30": -295.463, "2009-06-30": -31.91, "2009-03-31": "-6.32400", "2008-12-31": -17.496, "2008-09-30": -8.727, "2008-06-30": 125.724, "2008-03-31": "188.76400", "2007-12-31": 574.972, "2007-09-30": -79.308, "2007-06-30": 60.064, "2007-03-31": "-200.67700", "2006-12-31": 76.726, "2006-09-30": 19.263, "2006-06-30": -188.235, "2006-03-31": "121.45400", "2005-12-31": 73.193, "2005-09-30": -40.751, "2005-06-30": -50.93, "2005-03-31": "-1.86100"}, "Net Cash Flow": {"2020-09-30": 34.137, "2020-06-30": -155.443, "2020-03-31": "548.89100", "2019-12-31": 6.948, "2019-09-30": -41.16, "2019-06-30": -5.647, "2019-03-31": "4.77400", "2018-12-31": 5.201, "2018-09-30": 1.588, "2018-06-30": -25.34, "2018-03-31": "24.74700", "2017-12-31": 21.281, "2017-09-30": -15.613, "2017-06-30": -4.873, "2017-03-31": "-1.68700", "2016-12-31": 18.427, "2016-09-30": 11.043, "2016-06-30": -33.367, "2016-03-31": "19.99500", "2015-12-31": -6.499, "2015-09-30": -17.317, "2015-06-30": -7.835, "2015-03-31": "33.25400", "2014-12-31": 26.428, "2014-09-30": 1.979, "2014-06-30": -8.426, "2014-03-31": "-4.78900", "2013-12-31": 7.607, "2013-09-30": 15.165, "2013-06-30": -21.871, "2013-03-31": "3.02100", "2012-12-31": -10.76, "2012-09-30": -13.244, "2012-06-30": -139.463, "2012-03-31": "162.01200", "2011-12-31": -72.172, "2011-09-30": 66.191, "2011-06-30": -114.796, "2011-03-31": "-257.62000", "2010-12-31": -40.781, "2010-09-30": -110.292, "2010-06-30": 500.492, "2010-03-31": "2.97100", "2009-12-31": 13.697, "2009-09-30": 21.669, "2009-06-30": -21.647, "2009-03-31": "13.00700", "2008-12-31": 17.707, "2008-09-30": -4.985, "2008-06-30": -10.453, "2008-03-31": "-21.01300", "2007-12-31": 42.423, "2007-09-30": -6.184, "2007-06-30": 1.089, "2007-03-31": "-221.49000", "2006-12-31": 207.388, "2006-09-30": 16.558, "2006-06-30": -21.319, "2006-03-31": "-88.30500", "2005-12-31": 86.896, "2005-09-30": -5.561, "2005-06-30": 20.69, "2005-03-31": "-19.02600"}, "Stock-Based Compensation": {"2020-09-30": 0, "2020-06-30": 0, "2020-03-31": "", "2019-12-31": 0, "2019-09-30": 0, "2019-06-30": 0, "2019-03-31": "", "2018-12-31": 0, "2018-09-30": 0, "2018-06-30": 0, "2018-03-31": "", "2017-12-31": 0, "2017-09-30": 0, "2017-06-30": 0, "2017-03-31": "", "2016-12-31": 0, "2016-09-30": 0, "2016-06-30": 0, "2016-03-31": "", "2015-12-31": 0, "2015-09-30": 0, "2015-06-30": 0, "2015-03-31": "", "2014-12-31": 0, "2014-09-30": 0, "2014-06-30": 0, "2014-03-31": "", "2013-12-31": 0, "2013-09-30": 0, "2013-06-30": 0, "2013-03-31": "", "2012-12-31": 0, "2012-09-30": 0, "2012-06-30": 0, "2012-03-31": "", "2011-12-31": 0, "2011-09-30": 0, "2011-06-30": 0, "2011-03-31": "", "2010-12-31": 0, "2010-09-30": 0, "2010-06-30": 0, "2010-03-31": "", "2009-12-31": 0, "2009-09-30": 0, "2009-06-30": 0, "2009-03-31": "", "2008-12-31": 0, "2008-09-30": 0, "2008-06-30": 0, "2008-03-31": "", "2007-12-31": 0, "2007-09-30": 0, "2007-06-30": 0, "2007-03-31": "", "2006-12-31": 0, "2006-09-30": 0, "2006-06-30": 0, "2006-03-31": "", "2005-12-31": 0, "2005-09-30": 0, "2005-06-30": 0, "2005-03-31": ""}, "Common Stock Dividends Paid": {"2020-09-30": -24.65, "2020-06-30": -15.865, "2020-03-31": "-114.67200", "2019-12-31": -115.158, "2019-09-30": -114.823, "2019-06-30": -130.157, "2019-03-31": "-114.39600", "2018-12-31": -114.191, "2018-09-30": -112.698, "2018-06-30": -112.963, "2018-03-31": "-113.78200", "2017-12-31": -115.106, "2017-09-30": -108.787, "2017-06-30": -109.325, "2017-03-31": "-110.62100", "2016-12-31": -111.523, "2016-09-30": -106.174, "2016-06-30": -109.386, "2016-03-31": "-452.22500", "2015-12-31": -454.707, "2015-09-30": -110.491, "2015-06-30": -110.449, "2015-03-31": "-111.46200", "2014-12-31": -99.519, "2014-09-30": -95.006, "2014-06-30": -95.858, "2014-03-31": "-95.34200", "2013-12-31": -94.364, "2013-09-30": -87.725, "2013-06-30": -87.21, "2013-03-31": "-86.20700", "2012-12-31": -85.55, "2012-09-30": -79.496, "2012-06-30": -79.495, "2012-03-31": "-81.64400", "2011-12-31": -79.349, "2011-09-30": -72.197, "2011-06-30": -72.279, "2011-03-31": "-73.12300", "2010-12-31": -72.031, "2010-09-30": -72.046, "2010-06-30": -72.762, "2010-03-31": "-9.11900", "2009-12-31": -8.828, "2009-09-30": -5.855, "2009-06-30": -9.719, "2009-03-31": "-71.26300", "2008-12-31": -75.322, "2008-09-30": -70.331, "2008-06-30": -61.676, "2008-03-31": "-67.30500", "2007-12-31": -59.601, "2007-09-30": -67.536, "2007-06-30": -61.367, "2007-03-31": "-57.48700", "2006-12-31": -61.293, "2006-09-30": -61.182, "2006-06-30": -87.432, "2006-03-31": "-59.51200", "2005-12-31": -54.192, "2005-09-30": -51.124, "2005-06-30": -49.61, "2005-03-31": "-47.15200"}}, "financial ratios": {"Current Ratio": {"2019-12-31": "", "2018-12-31": "", "2017-12-31": "", "2016-12-31": "", "2015-12-31": "", "2014-12-31": "", "2013-12-31": "", "2012-12-31": "", "2011-12-31": "", "2010-12-31": "", "2009-12-31": "", "2008-12-31": "", "2007-12-31": "", "2006-12-31": "", "2005-12-31": ""}, "Long-term Debt / Capital": {"2019-12-31": "0.64790", "2018-12-31": "0.60980", "2017-12-31": "0.56580", "2016-12-31": "0.52870", "2015-12-31": "0.50920", "2014-12-31": "0.51020", "2013-12-31": "0.55200", "2012-12-31": "0.60630", "2011-12-31": "0.57060", "2010-12-31": "0.54970", "2009-12-31": "0.68040", "2008-12-31": "0.78350", "2007-12-31": "0.83370", "2006-12-31": "0.76400", "2005-12-31": "0.86770"}, "Debt/Equity Ratio": {"2019-12-31": "1.84040", "2018-12-31": "1.56270", "2017-12-31": "1.30300", "2016-12-31": "1.12170", "2015-12-31": "1.03740", "2014-12-31": "1.04180", "2013-12-31": "1.23230", "2012-12-31": "1.54010", "2011-12-31": "1.32910", "2010-12-31": "1.22090", "2009-12-31": "2.12910", "2008-12-31": "3.61810", "2007-12-31": "5.01190", "2006-12-31": "3.23790", "2005-12-31": "6.55870"}, "Gross Margin": {"2019-12-31": "", "2018-12-31": "", "2017-12-31": "", "2016-12-31": "", "2015-12-31": "", "2014-12-31": "", "2013-12-31": "", "2012-12-31": "", "2011-12-31": "", "2010-12-31": "", "2009-12-31": "", "2008-12-31": "", "2007-12-31": "", "2006-12-31": "", "2005-12-31": ""}, "Operating Margin": {"2019-12-31": "22.22720", "2018-12-31": "21.69850", "2017-12-31": "23.61770", "2016-12-31": "24.83700", "2015-12-31": "23.01350", "2014-12-31": "23.08900", "2013-12-31": "21.49460", "2012-12-31": "20.30690", "2011-12-31": "19.74930", "2010-12-31": "21.09700", "2009-12-31": "23.17040", "2008-12-31": "26.76080", "2007-12-31": "30.98260", "2006-12-31": "33.21490", "2005-12-31": "32.28720"}, "EBIT Margin": {"2019-12-31": "22.22720", "2018-12-31": "21.69850", "2017-12-31": "23.61770", "2016-12-31": "24.83700", "2015-12-31": "23.01350", "2014-12-31": "23.08900", "2013-12-31": "21.49460", "2012-12-31": "20.30690", "2011-12-31": "19.74930", "2010-12-31": "21.09700", "2009-12-31": "23.17040", "2008-12-31": "26.76080", "2007-12-31": "30.98260", "2006-12-31": "33.21490", "2005-12-31": "32.28720"}, "EBITDA Margin": {"2019-12-31": "59.83200", "2018-12-31": "59.30140", "2017-12-31": "60.73260", "2016-12-31": "60.54170", "2015-12-31": "58.95230", "2014-12-31": "59.21290", "2013-12-31": "59.73370", "2012-12-31": "61.43940", "2011-12-31": "62.72420", "2010-12-31": "60.16960", "2009-12-31": "59.26360", "2008-12-31": "61.32860", "2007-12-31": "62.50920", "2006-12-31": "63.89610", "2005-12-31": "61.37090"}, "Pre-Tax Profit Margin": {"2019-12-31": "11.22880", "2018-12-31": "6.80670", "2017-12-31": "17.83980", "2016-12-31": "53.35410", "2015-12-31": "40.34390", "2014-12-31": "145.00490", "2013-12-31": "15.28260", "2012-12-31": "37.49220", "2011-12-31": "34.07580", "2010-12-31": "4.15380", "2009-12-31": "22.25250", "2008-12-31": "9.95820", "2007-12-31": "10.09740", "2006-12-31": "9.65680", "2005-12-31": "9.77590"}, "Net Profit Margin": {"2019-12-31": "10.43920", "2018-12-31": "6.24980", "2017-12-31": "14.70620", "2016-12-31": "49.65040", "2015-12-31": "37.84980", "2014-12-31": "135.62960", "2013-12-31": "40.80620", "2012-12-31": "42.30960", "2011-12-31": "22.90870", "2010-12-31": "3.54010", "2009-12-31": "15.22510", "2008-12-31": "18.38240", "2007-12-31": "8.00790", "2006-12-31": "29.00190", "2005-12-31": "7.38780"}, "Asset Turnover": {"2019-12-31": "0.10480", "2018-12-31": "0.10640", "2017-12-31": "0.10340", "2016-12-31": "0.10460", "2015-12-31": "0.11460", "2014-12-31": "0.08420", "2013-12-31": "0.11340", "2012-12-31": "0.08570", "2011-12-31": "0.08630", "2010-12-31": "0.09310", "2009-12-31": "0.10930", "2008-12-31": "0.10890", "2007-12-31": "0.10090", "2006-12-31": "0.09910", "2005-12-31": "0.09920"}, "Inventory Turnover Ratio": {"2019-12-31": "", "2018-12-31": "", "2017-12-31": "", "2016-12-31": "", "2015-12-31": "", "2014-12-31": "", "2013-12-31": "", "2012-12-31": "", "2011-12-31": "", "2010-12-31": "", "2009-12-31": "", "2008-12-31": "", "2007-12-31": "", "2006-12-31": "", "2005-12-31": ""}, "Receiveable Turnover": {"2019-12-31": "", "2018-12-31": "", "2017-12-31": "", "2016-12-31": "", "2015-12-31": "", "2014-12-31": "", "2013-12-31": "", "2012-12-31": "", "2011-12-31": "", "2010-12-31": "", "2009-12-31": "", "2008-12-31": "", "2007-12-31": "", "2006-12-31": "", "2005-12-31": ""}, "Days Sales In Receivables": {"2019-12-31": "", "2018-12-31": "", "2017-12-31": "", "2016-12-31": "", "2015-12-31": "", "2014-12-31": "", "2013-12-31": "", "2012-12-31": "", "2011-12-31": "", "2010-12-31": "", "2009-12-31": "", "2008-12-31": "", "2007-12-31": "", "2006-12-31": "", "2005-12-31": ""}, "ROE - Return On Equity": {"2019-12-31": "3.62260", "2018-12-31": "2.16320", "2017-12-31": "4.07440", "2016-12-31": "12.53260", "2015-12-31": "10.31130", "2014-12-31": "26.60550", "2013-12-31": "4.27630", "2012-12-31": "8.87420", "2011-12-31": "7.56610", "2010-12-31": "1.21610", "2009-12-31": "8.51480", "2008-12-31": "5.27400", "2007-12-31": "6.99720", "2006-12-31": "4.57240", "2005-12-31": "8.45740"}, "Return On Tangible Equity": {"2019-12-31": "3.62260", "2018-12-31": "2.16320", "2017-12-31": "4.07440", "2016-12-31": "12.53260", "2015-12-31": "10.31130", "2014-12-31": "26.60550", "2013-12-31": "4.27630", "2012-12-31": "8.87420", "2011-12-31": "7.56610", "2010-12-31": "1.21610", "2009-12-31": "8.51480", "2008-12-31": "5.27400", "2007-12-31": "6.99720", "2006-12-31": "4.57240", "2005-12-31": "8.45740"}, "ROA - Return On Assets": {"2019-12-31": "1.15830", "2018-12-31": "0.76410", "2017-12-31": "1.68310", "2016-12-31": "5.57170", "2015-12-31": "4.65410", "2014-12-31": "12.24630", "2013-12-31": "1.75230", "2012-12-31": "3.25590", "2011-12-31": "3.01620", "2010-12-31": "0.50710", "2009-12-31": "2.49890", "2008-12-31": "1.07030", "2007-12-31": "1.01370", "2006-12-31": "0.93260", "2005-12-31": "0.97440"}, "ROI - Return On Investment": {"2019-12-31": "1.27540", "2018-12-31": "0.84410", "2017-12-31": "1.76920", "2016-12-31": "5.90690", "2015-12-31": "5.06110", "2014-12-31": "13.03030", "2013-12-31": "1.91560", "2012-12-31": "3.49370", "2011-12-31": "3.24860", "2010-12-31": "0.54760", "2009-12-31": "2.72120", "2008-12-31": "1.14200", "2007-12-31": "1.16390", "2006-12-31": "1.07890", "2005-12-31": "1.11890"}, "Book Value Per Share": {"2019-12-31": "20.01990", "2018-12-31": "22.57740", "2017-12-31": "28.14300", "2016-12-31": "30.74740", "2015-12-31": "32.84380", "2014-12-31": "38.17810", "2013-12-31": "26.42370", "2012-12-31": "24.84420", "2011-12-31": "23.94680", "2010-12-31": "24.43810", "2009-12-31": "22.01830", "2008-12-31": "21.35530", "2007-12-31": "15.90120", "2006-12-31": "21.55020", "2005-12-31": "13.79870"}, "Operating Cash Flow Per Share": {"2019-12-31": 0.0734, "2018-12-31": -0.2833, "2017-12-31": -0.2051, "2016-12-31": -0.5832, "2015-12-31": 0.7146, "2014-12-31": -0.225, "2013-12-31": 0.4027, "2012-12-31": 0.816, "2011-12-31": 0.1372, "2010-12-31": 0.1772, "2009-12-31": -1.4145, "2008-12-31": -0.9442, "2007-12-31": 1.4412, "2006-12-31": -0.7923, "2005-12-31": 3.1981}, "Free Cash Flow Per Share": {"2019-12-31": -0.1447, "2018-12-31": -1.7301, "2017-12-31": -2.9987, "2016-12-31": 0.7977, "2015-12-31": 2.1335, "2014-12-31": 2.3664, "2013-12-31": 6.4764, "2012-12-31": -5.7331, "2011-12-31": -0.0667, "2010-12-31": -4.0747, "2009-12-31": 6.9172, "2008-12-31": 5.39, "2007-12-31": -8.1054, "2006-12-31": -0.9623, "2005-12-31": 0.9569}}, "financial ratios, quarterly": {"Current Ratio": {"2020-09-30": "", "2020-06-30": "", "2020-03-31": "", "2019-12-31": "", "2019-09-30": "", "2019-06-30": "", "2019-03-31": "", "2018-12-31": "", "2018-09-30": "", "2018-06-30": "", "2018-03-31": "", "2017-12-31": "", "2017-09-30": "", "2017-06-30": "", "2017-03-31": "", "2016-12-31": "", "2016-09-30": "", "2016-06-30": "", "2016-03-31": "", "2015-12-31": "", "2015-09-30": "", "2015-06-30": "", "2015-03-31": "", "2014-12-31": "", "2014-09-30": "", "2014-06-30": "", "2014-03-31": "", "2013-12-31": "", "2013-09-30": "", "2013-06-30": "", "2013-03-31": "", "2012-12-31": "", "2012-09-30": "", "2012-06-30": "", "2012-03-31": "", "2011-12-31": "", "2011-09-30": "", "2011-06-30": "", "2011-03-31": "", "2010-12-31": "", "2010-09-30": "", "2010-06-30": "", "2010-03-31": "", "2009-12-31": "", "2009-09-30": "", "2009-06-30": "", "2009-03-31": "", "2008-12-31": "", "2008-09-30": "", "2008-06-30": "", "2008-03-31": "", "2007-12-31": "", "2007-09-30": "", "2007-06-30": "", "2007-03-31": "", "2006-12-31": "", "2006-09-30": "", "2006-06-30": "", "2006-03-31": "", "2005-12-31": "", "2005-09-30": "", "2005-06-30": "", "2005-03-31": ""}, "Long-term Debt / Capital": {"2020-09-30": "0.68840", "2020-06-30": "0.68540", "2020-03-31": "0.68270", "2019-12-31": "0.64790", "2019-09-30": "0.63430", "2019-06-30": "0.64660", "2019-03-31": "0.61890", "2018-12-31": "0.60980", "2018-09-30": "0.59710", "2018-06-30": "0.59980", "2018-03-31": "0.58990", "2017-12-31": "0.56580", "2017-09-30": "0.55580", "2017-06-30": "0.54520", "2017-03-31": "0.53420", "2016-12-31": "0.52870", "2016-09-30": "0.52150", "2016-06-30": "0.51770", "2016-03-31": "0.48090", "2015-12-31": "0.50920", "2015-09-30": "0.54000", "2015-06-30": "0.53380", "2015-03-31": "0.52010", "2014-12-31": "0.51020", "2014-09-30": "0.58210", "2014-06-30": "0.57000", "2014-03-31": "0.55730", "2013-12-31": "0.55200", "2013-09-30": "0.56590", "2013-06-30": "0.58530", "2013-03-31": "0.62970", "2012-12-31": "0.60630", "2012-09-30": "0.53560", "2012-06-30": "0.56450", "2012-03-31": "0.58430", "2011-12-31": "0.57060", "2011-09-30": "0.57630", "2011-06-30": "0.56060", "2011-03-31": "0.55020", "2010-12-31": "0.54970", "2010-09-30": "0.54830", "2010-06-30": "0.54370", "2010-03-31": "0.68180", "2009-12-31": "0.68040", "2009-09-30": "0.73880", "2009-06-30": "0.79000", "2009-03-31": "0.78650", "2008-12-31": "0.78350", "2008-09-30": "0.81480", "2008-06-30": "0.81200", "2008-03-31": "0.81100", "2007-12-31": "0.83370", "2007-09-30": "0.79440", "2007-06-30": "0.78890", "2007-03-31": "0.78230", "2006-12-31": "0.76400", "2006-09-30": "0.77160", "2006-06-30": "0.76740", "2006-03-31": "0.76890", "2005-12-31": "0.86770", "2005-09-30": "0.86330", "2005-06-30": "0.85910", "2005-03-31": "0.78500"}, "Debt/Equity Ratio": {"2020-09-30": "2.20920", "2020-06-30": "2.17830", "2020-03-31": "2.15200", "2019-12-31": "1.84040", "2019-09-30": "1.73480", "2019-06-30": "1.82980", "2019-03-31": "1.62420", "2018-12-31": "1.56270", "2018-09-30": "1.48210", "2018-06-30": "1.49850", "2018-03-31": "1.43870", "2017-12-31": "1.30300", "2017-09-30": "1.25100", "2017-06-30": "1.19870", "2017-03-31": "1.14710", "2016-12-31": "1.12170", "2016-09-30": "1.08990", "2016-06-30": "1.07330", "2016-03-31": "0.92630", "2015-12-31": "1.03740", "2015-09-30": "1.17400", "2015-06-30": "1.14520", "2015-03-31": "1.08380", "2014-12-31": "1.04180", "2014-09-30": "1.39320", "2014-06-30": "1.32570", "2014-03-31": "1.25880", "2013-12-31": "1.23230", "2013-09-30": "1.30340", "2013-06-30": "1.41150", "2013-03-31": "1.70050", "2012-12-31": "1.54010", "2012-09-30": "1.15330", "2012-06-30": "1.29610", "2012-03-31": "1.40530", "2011-12-31": "1.32910", "2011-09-30": "1.36010", "2011-06-30": "1.27570", "2011-03-31": "1.22340", "2010-12-31": "1.22090", "2010-09-30": "1.21370", "2010-06-30": "1.19160", "2010-03-31": "2.14240", "2009-12-31": "2.12910", "2009-09-30": "2.82880", "2009-06-30": "3.76200", "2009-03-31": "3.68340", "2008-12-31": "3.61810", "2008-09-30": "4.39950", "2008-06-30": "4.31810", "2008-03-31": "4.28970", "2007-12-31": "5.01190", "2007-09-30": "3.86480", "2007-06-30": "3.73720", "2007-03-31": "3.59320", "2006-12-31": "3.23790", "2006-09-30": "3.37820", "2006-06-30": "3.29850", "2006-03-31": "3.32800", "2005-12-31": "6.55870", "2005-09-30": "6.31650", "2005-06-30": "6.09490", "2005-03-31": "3.65200"}, "Gross Margin": {"2020-09-30": "", "2020-06-30": "", "2020-03-31": "", "2019-12-31": "", "2019-09-30": "", "2019-06-30": "", "2019-03-31": "", "2018-12-31": "", "2018-09-30": "", "2018-06-30": "", "2018-03-31": "", "2017-12-31": "", "2017-09-30": "", "2017-06-30": "", "2017-03-31": "", "2016-12-31": "", "2016-09-30": "", "2016-06-30": "", "2016-03-31": "", "2015-12-31": "", "2015-09-30": "", "2015-06-30": "", "2015-03-31": "", "2014-12-31": "", "2014-09-30": "", "2014-06-30": "", "2014-03-31": "", "2013-12-31": "", "2013-09-30": "", "2013-06-30": "", "2013-03-31": "", "2012-12-31": "", "2012-09-30": "", "2012-06-30": "", "2012-03-31": "", "2011-12-31": "", "2011-09-30": "", "2011-06-30": "", "2011-03-31": "", "2010-12-31": "", "2010-09-30": "", "2010-06-30": "", "2010-03-31": "", "2009-12-31": "", "2009-09-30": "", "2009-06-30": "", "2009-03-31": "", "2008-12-31": "", "2008-09-30": "", "2008-06-30": "", "2008-03-31": "", "2007-12-31": "", "2007-09-30": "", "2007-06-30": "", "2007-03-31": "", "2006-12-31": "", "2006-09-30": "", "2006-06-30": "", "2006-03-31": "", "2005-12-31": "", "2005-09-30": "", "2005-06-30": "", "2005-03-31": ""}, "Operating Margin": {"2020-09-30": "8.82190", "2020-06-30": "5.50040", "2020-03-31": "19.18640", "2019-12-31": "24.64060", "2019-09-30": "22.08790", "2019-06-30": "23.48400", "2019-03-31": "18.52800", "2018-12-31": "27.86610", "2018-09-30": "25.32190", "2018-06-30": "18.04090", "2018-03-31": "15.18370", "2017-12-31": "26.38360", "2017-09-30": "23.25130", "2017-06-30": "24.03740", "2017-03-31": "20.68250", "2016-12-31": "28.20370", "2016-09-30": "23.62820", "2016-06-30": "26.48050", "2016-03-31": "20.78750", "2015-12-31": "29.36080", "2015-09-30": "26.33370", "2015-06-30": "21.30240", "2015-03-31": "14.95000", "2014-12-31": "24.51360", "2014-09-30": "23.36010", "2014-06-30": "23.06070", "2014-03-31": "21.10680", "2013-12-31": "22.80580", "2013-09-30": "22.22630", "2013-06-30": "20.76270", "2013-03-31": "19.93760", "2012-12-31": "19.69120", "2012-09-30": "22.70540", "2012-06-30": "17.92270", "2012-03-31": "20.74800", "2011-12-31": "21.41110", "2011-09-30": "21.31610", "2011-06-30": "20.21140", "2011-03-31": "16.54230", "2010-12-31": "27.43250", "2010-09-30": "19.39030", "2010-06-30": "20.66870", "2010-03-31": "17.77620", "2009-12-31": "21.28470", "2009-09-30": "24.92470", "2009-06-30": "24.94920", "2009-03-31": "21.45280", "2008-12-31": "20.22000", "2008-09-30": "27.54690", "2008-06-30": "30.28030", "2008-03-31": "29.19400", "2007-12-31": "35.35940", "2007-09-30": "30.25920", "2007-06-30": "28.74940", "2007-03-31": "29.18860", "2006-12-31": "43.08170", "2006-09-30": "31.69630", "2006-06-30": "29.86470", "2006-03-31": "30.40780", "2005-12-31": "34.09870", "2005-09-30": "30.14730", "2005-06-30": "30.68530", "2005-03-31": "35.06200"}, "EBIT Margin": {"2020-09-30": "8.82190", "2020-06-30": "5.50040", "2020-03-31": "19.18640", "2019-12-31": "24.64060", "2019-09-30": "22.08790", "2019-06-30": "23.48400", "2019-03-31": "18.52800", "2018-12-31": "27.86600", "2018-09-30": "25.32190", "2018-06-30": "18.04090", "2018-03-31": "15.18370", "2017-12-31": "26.38360", "2017-09-30": "23.25130", "2017-06-30": "24.03740", "2017-03-31": "20.68250", "2016-12-31": "28.20370", "2016-09-30": "23.62820", "2016-06-30": "26.48050", "2016-03-31": "20.78750", "2015-12-31": "29.36080", "2015-09-30": "26.33370", "2015-06-30": "21.30240", "2015-03-31": "14.95000", "2014-12-31": "24.51360", "2014-09-30": "23.36010", "2014-06-30": "23.06070", "2014-03-31": "21.10680", "2013-12-31": "22.80580", "2013-09-30": "22.22630", "2013-06-30": "20.76270", "2013-03-31": "19.93760", "2012-12-31": "19.69120", "2012-09-30": "22.70540", "2012-06-30": "17.92270", "2012-03-31": "20.74800", "2011-12-31": "21.41110", "2011-09-30": "21.31610", "2011-06-30": "20.21140", "2011-03-31": "16.54230", "2010-12-31": "27.43250", "2010-09-30": "19.39030", "2010-06-30": "20.66870", "2010-03-31": "17.77620", "2009-12-31": "21.28470", "2009-09-30": "24.92470", "2009-06-30": "24.94920", "2009-03-31": "21.45280", "2008-12-31": "20.22000", "2008-09-30": "27.54690", "2008-06-30": "30.28030", "2008-03-31": "29.19400", "2007-12-31": "35.35940", "2007-09-30": "30.25920", "2007-06-30": "28.74940", "2007-03-31": "29.18860", "2006-12-31": "43.08170", "2006-09-30": "31.69630", "2006-06-30": "29.86470", "2006-03-31": "30.40780", "2005-12-31": "34.09870", "2005-09-30": "30.14730", "2005-06-30": "30.68530", "2005-03-31": "35.06200"}, "EBITDA Margin": {"2020-09-30": "", "2020-06-30": "", "2020-03-31": "", "2019-12-31": "", "2019-09-30": "", "2019-06-30": "", "2019-03-31": "", "2018-12-31": "", "2018-09-30": "", "2018-06-30": "", "2018-03-31": "", "2017-12-31": "", "2017-09-30": "", "2017-06-30": "", "2017-03-31": "", "2016-12-31": "", "2016-09-30": "", "2016-06-30": "", "2016-03-31": "", "2015-12-31": "", "2015-09-30": "", "2015-06-30": "", "2015-03-31": "", "2014-12-31": "", "2014-09-30": "", "2014-06-30": "", "2014-03-31": "", "2013-12-31": "", "2013-09-30": "", "2013-06-30": "", "2013-03-31": "", "2012-12-31": "", "2012-09-30": "", "2012-06-30": "", "2012-03-31": "", "2011-12-31": "", "2011-09-30": "", "2011-06-30": "", "2011-03-31": "", "2010-12-31": "", "2010-09-30": "", "2010-06-30": "", "2010-03-31": "", "2009-12-31": "", "2009-09-30": "", "2009-06-30": "", "2009-03-31": "", "2008-12-31": "", "2008-09-30": "", "2008-06-30": "", "2008-03-31": "", "2007-12-31": "", "2007-09-30": "", "2007-06-30": "", "2007-03-31": "", "2006-12-31": "", "2006-09-30": "", "2006-06-30": "", "2006-03-31": "", "2005-12-31": "", "2005-09-30": "", "2005-06-30": "", "2005-03-31": ""}, "Pre-Tax Profit Margin": {"2020-09-30": "-17.91930", "2020-06-30": "-13.65390", "2020-03-31": "19.90200", "2019-12-31": "5.83810", "2019-09-30": "21.99400", "2019-06-30": "10.38940", "2019-03-31": "6.84480", "2018-12-31": "4.42610", "2018-09-30": "14.52990", "2018-06-30": "8.12980", "2018-03-31": "0.07690", "2017-12-31": "35.67380", "2017-09-30": "14.00320", "2017-06-30": "12.11120", "2017-03-31": "8.80810", "2016-12-31": "11.18160", "2016-09-30": "13.19110", "2016-06-30": "15.01820", "2016-03-31": "176.83280", "2015-12-31": "135.62000", "2015-09-30": "11.89140", "2015-06-30": "6.24180", "2015-03-31": "8.08330", "2014-12-31": "473.86950", "2014-09-30": "10.81400", "2014-06-30": "9.64980", "2014-03-31": "7.36150", "2013-12-31": "2.12090", "2013-09-30": "15.83440", "2013-06-30": "36.90410", "2013-03-31": "8.10960", "2012-12-31": "105.05950", "2012-09-30": "21.55450", "2012-06-30": "3.89920", "2012-03-31": "23.84410", "2011-12-31": "156.61250", "2011-09-30": "8.92100", "2011-06-30": "9.83840", "2011-03-31": "1.45790", "2010-12-31": "20.06730", "2010-09-30": "3.47440", "2010-06-30": "-0.50710", "2010-03-31": "-4.37250", "2009-12-31": "0.88810", "2009-09-30": "80.81320", "2009-06-30": "0.79140", "2009-03-31": "6.49760", "2008-12-31": "23.86310", "2008-09-30": "1.37230", "2008-06-30": "8.78170", "2008-03-31": "5.56660", "2007-12-31": "15.08720", "2007-09-30": "11.46230", "2007-06-30": "9.52020", "2007-03-31": "3.77180", "2006-12-31": "24.97350", "2006-09-30": "7.35170", "2006-06-30": "3.54130", "2006-03-31": "6.12680", "2005-12-31": "14.25450", "2005-09-30": "4.70110", "2005-06-30": "6.61000", "2005-03-31": "15.35130"}, "Net Profit Margin": {"2020-09-30": "-11.94070", "2020-06-30": "-14.06370", "2020-03-31": "3.31440", "2019-12-31": "11.11930", "2019-09-30": "20.06300", "2019-06-30": "6.90170", "2019-03-31": "3.45400", "2018-12-31": "4.75910", "2018-09-30": "30.56510", "2018-06-30": "3.33240", "2018-03-31": "-14.18170", "2017-12-31": "12.75630", "2017-09-30": "7.21710", "2017-06-30": "10.76620", "2017-03-31": "28.02850", "2016-12-31": "13.65000", "2016-09-30": "5.41900", "2016-06-30": "17.39950", "2016-03-31": "164.41990", "2015-12-31": "129.41440", "2015-09-30": "10.29760", "2015-06-30": "4.45950", "2015-03-31": "7.68470", "2014-12-31": "442.68890", "2014-09-30": "13.63000", "2014-06-30": "6.27830", "2014-03-31": "6.68820", "2013-12-31": "51.37330", "2013-09-30": "14.76750", "2013-06-30": "89.06730", "2013-03-31": "7.40880", "2012-12-31": "92.80440", "2012-09-30": "21.47560", "2012-06-30": "68.15700", "2012-03-31": "-6.70090", "2011-12-31": "130.86150", "2011-09-30": "6.54510", "2011-06-30": "-10.59910", "2011-03-31": "0.01840", "2010-12-31": "14.84010", "2010-09-30": "4.44870", "2010-06-30": "-0.24280", "2010-03-31": "-3.49070", "2009-12-31": "-7.67290", "2009-09-30": "72.21630", "2009-06-30": "-10.75110", "2009-03-31": "6.81310", "2008-12-31": "22.71720", "2008-09-30": "1.18690", "2008-06-30": "7.25350", "2008-03-31": "42.57320", "2007-12-31": "14.34670", "2007-09-30": "9.58120", "2007-06-30": "5.60920", "2007-03-31": "1.81950", "2006-12-31": "89.30280", "2006-09-30": "23.24260", "2006-06-30": "13.29530", "2006-03-31": "3.71370", "2005-12-31": "13.54130", "2005-09-30": "2.01600", "2005-06-30": "3.61760", "2005-03-31": "12.16040"}, "Asset Turnover": {"2020-09-30": "0.02020", "2020-06-30": "0.01940", "2020-03-31": "0.02440", "2019-12-31": "0.02730", "2019-09-30": "0.02630", "2019-06-30": "0.02550", "2019-03-31": "0.02520", "2018-12-31": "0.02730", "2018-09-30": "0.02690", "2018-06-30": "0.02570", "2018-03-31": "0.02590", "2017-12-31": "0.02670", "2017-09-30": "0.02520", "2017-06-30": "0.02560", "2017-03-31": "0.02540", "2016-12-31": "0.02730", "2016-09-30": "0.02550", "2016-06-30": "0.02600", "2016-03-31": "0.02510", "2015-12-31": "0.02850", "2015-09-30": "0.02440", "2015-06-30": "0.02420", "2015-03-31": "0.02410", "2014-12-31": "0.02460", "2014-09-30": "0.02860", "2014-06-30": "0.02810", "2014-03-31": "0.02940", "2013-12-31": "0.03110", "2013-09-30": "0.02800", "2013-06-30": "0.02570", "2013-03-31": "0.02490", "2012-12-31": "0.02020", "2012-09-30": "0.02680", "2012-06-30": "0.02530", "2012-03-31": "0.02600", "2011-12-31": "0.01570", "2011-09-30": "0.02530", "2011-06-30": "0.02430", "2011-03-31": "0.02470", "2010-12-31": "0.02080", "2010-09-30": "0.02460", "2010-06-30": "0.02340", "2010-03-31": "0.02510", "2009-12-31": "0.02580", "2009-09-30": "0.02700", "2009-06-30": "0.02540", "2009-03-31": "0.02560", "2008-12-31": "0.02770", "2008-09-30": "0.02750", "2008-06-30": "0.02690", "2008-03-31": "0.02780", "2007-12-31": "0.02670", "2007-09-30": "0.02710", "2007-06-30": "0.02590", "2007-03-31": "0.02610", "2006-12-31": "0.02030", "2006-09-30": "0.02780", "2006-06-30": "0.02690", "2006-03-31": "0.02750", "2005-12-31": "0.02430", "2005-09-30": "0.02850", "2005-06-30": "0.02630", "2005-03-31": "0.03200"}, "Inventory Turnover Ratio": {"2020-09-30": "", "2020-06-30": "", "2020-03-31": "", "2019-12-31": "", "2019-09-30": "", "2019-06-30": "", "2019-03-31": "", "2018-12-31": "", "2018-09-30": "", "2018-06-30": "", "2018-03-31": "", "2017-12-31": "", "2017-09-30": "", "2017-06-30": "", "2017-03-31": "", "2016-12-31": "", "2016-09-30": "", "2016-06-30": "", "2016-03-31": "", "2015-12-31": "", "2015-09-30": "", "2015-06-30": "", "2015-03-31": "", "2014-12-31": "", "2014-09-30": "", "2014-06-30": "", "2014-03-31": "", "2013-12-31": "", "2013-09-30": "", "2013-06-30": "", "2013-03-31": "", "2012-12-31": "", "2012-09-30": "", "2012-06-30": "", "2012-03-31": "", "2011-12-31": "", "2011-09-30": "", "2011-06-30": "", "2011-03-31": "", "2010-12-31": "", "2010-09-30": "", "2010-06-30": "", "2010-03-31": "", "2009-12-31": "", "2009-09-30": "", "2009-06-30": "", "2009-03-31": "", "2008-12-31": "", "2008-09-30": "", "2008-06-30": "", "2008-03-31": "", "2007-12-31": "", "2007-09-30": "", "2007-06-30": "", "2007-03-31": "", "2006-12-31": "", "2006-09-30": "", "2006-06-30": "", "2006-03-31": "", "2005-12-31": "", "2005-09-30": "", "2005-06-30": "", "2005-03-31": ""}, "Receiveable Turnover": {"2020-09-30": "", "2020-06-30": "", "2020-03-31": "", "2019-12-31": "", "2019-09-30": "", "2019-06-30": "", "2019-03-31": "", "2018-12-31": "", "2018-09-30": "", "2018-06-30": "", "2018-03-31": "", "2017-12-31": "", "2017-09-30": "", "2017-06-30": "", "2017-03-31": "", "2016-12-31": "", "2016-09-30": "", "2016-06-30": "", "2016-03-31": "", "2015-12-31": "", "2015-09-30": "", "2015-06-30": "", "2015-03-31": "", "2014-12-31": "", "2014-09-30": "", "2014-06-30": "", "2014-03-31": "", "2013-12-31": "", "2013-09-30": "", "2013-06-30": "", "2013-03-31": "", "2012-12-31": "", "2012-09-30": "", "2012-06-30": "", "2012-03-31": "", "2011-12-31": "", "2011-09-30": "", "2011-06-30": "", "2011-03-31": "", "2010-12-31": "", "2010-09-30": "", "2010-06-30": "", "2010-03-31": "", "2009-12-31": "", "2009-09-30": "", "2009-06-30": "", "2009-03-31": "", "2008-12-31": "", "2008-09-30": "", "2008-06-30": "", "2008-03-31": "", "2007-12-31": "", "2007-09-30": "", "2007-06-30": "", "2007-03-31": "", "2006-12-31": "", "2006-09-30": "", "2006-06-30": "", "2006-03-31": "", "2005-12-31": "", "2005-09-30": "", "2005-06-30": "", "2005-03-31": ""}, "Days Sales In Receivables": {"2020-09-30": "", "2020-06-30": "", "2020-03-31": "", "2019-12-31": "", "2019-09-30": "", "2019-06-30": "", "2019-03-31": "", "2018-12-31": "", "2018-09-30": "", "2018-06-30": "", "2018-03-31": "", "2017-12-31": "", "2017-09-30": "", "2017-06-30": "", "2017-03-31": "", "2016-12-31": "", "2016-09-30": "", "2016-06-30": "", "2016-03-31": "", "2015-12-31": "", "2015-09-30": "", "2015-06-30": "", "2015-03-31": "", "2014-12-31": "", "2014-09-30": "", "2014-06-30": "", "2014-03-31": "", "2013-12-31": "", "2013-09-30": "", "2013-06-30": "", "2013-03-31": "", "2012-12-31": "", "2012-09-30": "", "2012-06-30": "", "2012-03-31": "", "2011-12-31": "", "2011-09-30": "", "2011-06-30": "", "2011-03-31": "", "2010-12-31": "", "2010-09-30": "", "2010-06-30": "", "2010-03-31": "", "2009-12-31": "", "2009-09-30": "", "2009-06-30": "", "2009-03-31": "", "2008-12-31": "", "2008-09-30": "", "2008-06-30": "", "2008-03-31": "", "2007-12-31": "", "2007-09-30": "", "2007-06-30": "", "2007-03-31": "", "2006-12-31": "", "2006-09-30": "", "2006-06-30": "", "2006-03-31": "", "2005-12-31": "", "2005-09-30": "", "2005-06-30": "", "2005-03-31": ""}, "ROE - Return On Equity": {"2020-09-30": "-0.85410", "2020-06-30": "-0.99410", "2020-03-31": "0.32050", "2019-12-31": "1.05050", "2019-09-30": "1.72040", "2019-06-30": "0.46970", "2019-03-31": "0.28660", "2018-12-31": "0.41540", "2018-09-30": "2.47090", "2018-06-30": "0.26740", "2018-03-31": "-1.00870", "2017-12-31": "0.97240", "2017-09-30": "0.47630", "2017-06-30": "0.69830", "2017-03-31": "1.75040", "2016-12-31": "0.92240", "2016-09-30": "0.29390", "2016-06-30": "1.08000", "2016-03-31": "8.97390", "2015-12-31": "8.75890", "2015-09-30": "0.62460", "2015-06-30": "0.26760", "2015-03-31": "0.44640", "2014-12-31": "25.34100", "2014-09-30": "1.09480", "2014-06-30": "0.50090", "2014-03-31": "0.53630", "2013-12-31": "-0.05480", "2013-09-30": "1.35900", "2013-06-30": "2.48570", "2013-03-31": "0.59510", "2012-12-31": "5.83470", "2012-09-30": "1.36730", "2012-06-30": "0.34110", "2012-03-31": "1.56920", "2011-12-31": "6.18860", "2011-09-30": "0.62990", "2011-06-30": "0.64470", "2011-03-31": "0.16570", "2010-12-31": "1.12350", "2010-09-30": "0.28710", "2010-06-30": "0.01390", "2010-03-31": "-0.31730", "2009-12-31": "0.26060", "2009-09-30": "9.08410", "2009-06-30": "0.12500", "2009-03-31": "0.87190", "2008-12-31": "3.14550", "2008-09-30": "0.24880", "2008-06-30": "1.42540", "2008-03-31": "0.87820", "2007-12-31": "2.77580", "2007-09-30": "1.71490", "2007-06-30": "1.40680", "2007-03-31": "0.46830", "2006-12-31": "2.50030", "2006-09-30": "0.99500", "2006-06-30": "0.45830", "2006-03-31": "0.75610", "2005-12-31": "2.78600", "2005-09-30": "1.27030", "2005-06-30": "1.48300", "2005-03-31": "2.60860"}, "Return On Tangible Equity": {"2020-09-30": "-0.85410", "2020-06-30": "-0.99410", "2020-03-31": "0.32050", "2019-12-31": "1.05050", "2019-09-30": "1.72040", "2019-06-30": "0.46970", "2019-03-31": "0.28660", "2018-12-31": "0.41540", "2018-09-30": "2.47090", "2018-06-30": "0.26740", "2018-03-31": "-1.00870", "2017-12-31": "0.97240", "2017-09-30": "0.47630", "2017-06-30": "0.69830", "2017-03-31": "1.75040", "2016-12-31": "0.92240", "2016-09-30": "0.29390", "2016-06-30": "1.08000", "2016-03-31": "8.97390", "2015-12-31": "8.75890", "2015-09-30": "0.62460", "2015-06-30": "0.26760", "2015-03-31": "0.44640", "2014-12-31": "25.34100", "2014-09-30": "1.09480", "2014-06-30": "0.50090", "2014-03-31": "0.53630", "2013-12-31": "-0.05480", "2013-09-30": "1.35900", "2013-06-30": "2.48570", "2013-03-31": "0.59510", "2012-12-31": "5.83470", "2012-09-30": "1.36730", "2012-06-30": "0.34110", "2012-03-31": "1.56920", "2011-12-31": "6.18860", "2011-09-30": "0.62990", "2011-06-30": "0.64470", "2011-03-31": "0.16570", "2010-12-31": "1.12350", "2010-09-30": "0.28710", "2010-06-30": "0.01390", "2010-03-31": "-0.31730", "2009-12-31": "0.26060", "2009-09-30": "9.08410", "2009-06-30": "0.12500", "2009-03-31": "0.87190", "2008-12-31": "3.14550", "2008-09-30": "0.24880", "2008-06-30": "1.42540", "2008-03-31": "0.87820", "2007-12-31": "2.77580", "2007-09-30": "1.71490", "2007-06-30": "1.40680", "2007-03-31": "0.46830", "2006-12-31": "2.50030", "2006-09-30": "0.99500", "2006-06-30": "0.45830", "2006-03-31": "0.75610", "2005-12-31": "2.78600", "2005-09-30": "1.27030", "2005-06-30": "1.48300", "2005-03-31": "2.60860"}, "ROA - Return On Assets": {"2020-09-30": "-0.24630", "2020-06-30": "-0.28960", "2020-03-31": "0.09390", "2019-12-31": "0.33590", "2019-09-30": "0.57000", "2019-06-30": "0.15590", "2019-03-31": "0.09820", "2018-12-31": "0.14670", "2018-09-30": "0.90160", "2018-06-30": "0.09730", "2018-03-31": "-0.37550", "2017-12-31": "0.40170", "2017-09-30": "0.20010", "2017-06-30": "0.30010", "2017-03-31": "0.77030", "2016-12-31": "0.41010", "2016-09-30": "0.13270", "2016-06-30": "0.49450", "2016-03-31": "4.42030", "2015-12-31": "3.95340", "2015-09-30": "0.27200", "2015-06-30": "0.11790", "2015-03-31": "0.20210", "2014-12-31": "11.66430", "2014-09-30": "0.42090", "2014-06-30": "0.19850", "2014-03-31": "0.21810", "2013-12-31": "-0.02250", "2013-09-30": "0.53960", "2013-06-30": "0.95730", "2013-03-31": "0.20460", "2012-12-31": "2.14070", "2012-09-30": "0.59040", "2012-06-30": "0.13850", "2012-03-31": "0.59740", "2011-12-31": "2.46700", "2011-09-30": "0.24660", "2011-06-30": "0.26320", "2011-03-31": "0.06910", "2010-12-31": "0.46850", "2010-09-30": "0.12010", "2010-06-30": "0.00590", "2010-03-31": "-0.09290", "2009-12-31": "0.07650", "2009-09-30": "2.17970", "2009-06-30": "0.02480", "2009-03-31": "0.17630", "2008-12-31": "0.63840", "2008-09-30": "0.04230", "2008-06-30": "0.24480", "2008-03-31": "0.15060", "2007-12-31": "0.40210", "2007-09-30": "0.30480", "2007-06-30": "0.25720", "2007-03-31": "0.08810", "2006-12-31": "0.50990", "2006-09-30": "0.19630", "2006-06-30": "0.09210", "2006-03-31": "0.15120", "2005-12-31": "0.32100", "2005-09-30": "0.15070", "2005-06-30": "0.18160", "2005-03-31": "0.50210"}, "ROI - Return On Investment": {"2020-09-30": "-0.26610", "2020-06-30": "-0.31280", "2020-03-31": "0.10170", "2019-12-31": "0.36980", "2019-09-30": "0.62910", "2019-06-30": "0.16600", "2019-03-31": "0.10920", "2018-12-31": "0.16210", "2018-09-30": "0.99550", "2018-06-30": "0.10700", "2018-03-31": "-0.41360", "2017-12-31": "0.42220", "2017-09-30": "0.21160", "2017-06-30": "0.31760", "2017-03-31": "0.81520", "2016-12-31": "0.43470", "2016-09-30": "0.14060", "2016-06-30": "0.52090", "2016-03-31": "4.65870", "2015-12-31": "4.29910", "2015-09-30": "0.28730", "2015-06-30": "0.12470", "2015-03-31": "0.21420", "2014-12-31": "12.41100", "2014-09-30": "0.45740", "2014-06-30": "0.21540", "2014-03-31": "0.23740", "2013-12-31": "-0.02450", "2013-09-30": "0.59000", "2013-06-30": "1.03080", "2013-03-31": "0.22040", "2012-12-31": "2.29700", "2012-09-30": "0.63500", "2012-06-30": "0.14860", "2012-03-31": "0.65240", "2011-12-31": "2.65710", "2011-09-30": "0.26690", "2011-06-30": "0.28330", "2011-03-31": "0.07450", "2010-12-31": "0.50590", "2010-09-30": "0.12970", "2010-06-30": "0.00640", "2010-03-31": "-0.10100", "2009-12-31": "0.08330", "2009-09-30": "2.37260", "2009-06-30": "0.02630", "2009-03-31": "0.18620", "2008-12-31": "0.68110", "2008-09-30": "0.04610", "2008-06-30": "0.26800", "2008-03-31": "0.16600", "2007-12-31": "0.46170", "2007-09-30": "0.35250", "2007-06-30": "0.29700", "2007-03-31": "0.10200", "2006-12-31": "0.59000", "2006-09-30": "0.22730", "2006-06-30": "0.10660", "2006-03-31": "0.17470", "2005-12-31": "0.36860", "2005-09-30": "0.17360", "2005-06-30": "0.20900", "2005-03-31": "0.56080"}, "Book Value Per Share": {"2020-09-30": "17.69960", "2020-06-30": "17.97150", "2020-03-31": "19.24360", "2019-12-31": "20.01990", "2019-09-30": "20.56840", "2019-06-30": "21.00500", "2019-03-31": "21.82980", "2018-12-31": "22.57740", "2018-09-30": "23.28560", "2018-06-30": "23.48120", "2018-03-31": "24.15640", "2017-12-31": "28.14300", "2017-09-30": "28.64850", "2017-06-30": "29.39240", "2017-03-31": "30.11650", "2016-12-31": "30.74740", "2016-09-30": "31.21570", "2016-06-30": "31.63650", "2016-03-31": "33.65450", "2015-12-31": "32.84380", "2015-09-30": "36.67860", "2015-06-30": "37.12410", "2015-03-31": "37.68980", "2014-12-31": "38.17810", "2014-09-30": "25.11390", "2014-06-30": "25.48260", "2014-03-31": "26.00190", "2013-12-31": "26.42370", "2013-09-30": "25.97270", "2013-06-30": "26.13740", "2013-03-31": "24.38880", "2012-12-31": "24.84420", "2012-09-30": "24.11090", "2012-06-30": "23.54210", "2012-03-31": "23.14640", "2011-12-31": "23.94680", "2011-09-30": "22.60620", "2011-06-30": "23.02320", "2011-03-31": "23.85570", "2010-12-31": "24.43810", "2010-09-30": "24.72880", "2010-06-30": "25.12920", "2010-03-31": "21.53660", "2009-12-31": "22.01830", "2009-09-30": "21.68840", "2009-06-30": "19.96500", "2009-03-31": "21.09470", "2008-12-31": "21.35530", "2008-09-30": "18.02530", "2008-06-30": "18.54630", "2008-03-31": "18.53740", "2007-12-31": "15.90120", "2007-09-30": "18.48950", "2007-06-30": "19.13640", "2007-03-31": "19.46840", "2006-12-31": "21.55020", "2006-09-30": "20.09520", "2006-06-30": "20.21270", "2006-03-31": "20.47500", "2005-12-31": "13.79870", "2005-09-30": "14.12590", "2005-06-30": "14.66270", "2005-03-31": "15.18700"}, "Operating Cash Flow Per Share": {"2020-09-30": 0.542, "2020-06-30": -0.4581, "2020-03-31": "0.35140", "2019-12-31": 0.5889, "2019-09-30": 0.756, "2019-06-30": 0.4682, "2019-03-31": "0.69970", "2018-12-31": 0.6889, "2018-09-30": 0.5825, "2018-06-30": 0.4947, "2018-03-31": "0.67330", "2017-12-31": 0.6008, "2017-09-30": 0.7797, "2017-06-30": 0.6273, "2017-03-31": "0.71490", "2016-12-31": 0.6292, "2016-09-30": 0.8016, "2016-06-30": 0.7089, "2016-03-31": "0.78810", "2015-12-31": 0.9034, "2015-09-30": 0.8874, "2015-06-30": 0.6976, "2015-03-31": "1.02260", "2014-12-31": 0.6916, "2014-09-30": 0.7536, "2014-06-30": 0.6559, "2014-03-31": "0.69530", "2013-12-31": 0.6853, "2013-09-30": 1.026, "2013-06-30": 0.5286, "2013-03-31": "0.78150", "2012-12-31": 0.7116, "2012-09-30": 0.8189, "2012-06-30": 0.4364, "2012-03-31": "0.65180", "2011-12-31": 0.4364, "2011-09-30": 0.6839, "2011-06-30": 0.3642, "2011-03-31": "0.31820", "2010-12-31": 0.6915, "2010-09-30": 0.3844, "2010-06-30": -0.08, "2010-03-31": "0.66960", "2009-12-31": 0.5631, "2009-09-30": 0.0738, "2009-06-30": 0.6078, "2009-03-31": "0.24360", "2008-12-31": 0.8919, "2008-09-30": 0.7751, "2008-06-30": 0.8394, "2008-03-31": "0.39640", "2007-12-31": 1.3855, "2007-09-30": 1.2555, "2007-06-30": 0.544, "2007-03-31": "0.66200", "2006-12-31": 0.772, "2006-09-30": 0.6429, "2006-06-30": 0.3657, "2006-03-31": "0.62520", "2005-12-31": 0.6869, "2005-09-30": 1.2637, "2005-06-30": 0.428, "2005-03-31": "0.81950"}, "Free Cash Flow Per Share": {"2020-09-30": 0.576, "2020-06-30": -0.614, "2020-03-31": "0.15170", "2019-12-31": 0.1811, "2019-09-30": 0.3919, "2019-06-30": 0.205, "2019-03-31": "0.44440", "2018-12-31": 0.2055, "2018-09-30": 0.6257, "2018-06-30": 0.2367, "2018-03-31": "0.29920", "2017-12-31": 0.6689, "2017-09-30": 0.4491, "2017-06-30": 0.3573, "2017-03-31": "1.62190", "2016-12-31": 0.1944, "2016-09-30": 0.4944, "2016-06-30": 1.1052, "2016-03-31": "4.30190", "2015-12-31": 4.3146, "2015-09-30": 0.3595, "2015-06-30": 0.3509, "2015-03-31": "0.27320", "2014-12-31": 1.9532, "2014-09-30": 0.4762, "2014-06-30": 0.11, "2014-03-31": "0.62530", "2013-12-31": 0.9197, "2013-09-30": 0.5434, "2013-06-30": 2.2712, "2013-03-31": "-2.93600", "2012-12-31": -7.2177, "2012-09-30": 0.475, "2012-06-30": 0.8969, "2012-03-31": "0.16770", "2011-12-31": 0.2097, "2011-09-30": -0.181, "2011-06-30": -0.0529, "2011-03-31": "0.07920", "2010-12-31": 0.1433, "2010-09-30": -0.0735, "2010-06-30": 0.0754, "2010-03-31": "-0.02350", "2009-12-31": 0.6559, "2009-09-30": 3.8402, "2009-06-30": 0.0606, "2009-03-31": "-0.36030", "2008-12-31": 0.4063, "2008-09-30": -0.6358, "2008-06-30": -1.4592, "2008-03-31": "-1.03210", "2007-12-31": -5.6235, "2007-09-30": -1.2223, "2007-06-30": -0.7528, "2007-03-31": "-0.51220", "2006-12-31": 1.3559, "2006-09-30": 0.2864, "2006-06-30": 0.9084, "2006-03-31": "-2.55610", "2005-12-31": -0.1542, "2005-09-30": 0.5104, "2005-06-30": 0.1072, "2005-03-31": "0.49350"}}, "revenue": {"Macerich Annual Revenue (Millions of US $)": {"2019": "$927", "2018": "$960", "2017": "$994", "2016": "$1,041", "2015": "$1,288", "2014": "$1,105", "2013": "$1,029", "2012": "$798", "2011": "$685", "2010": "$712", "2009": "$793", "2008": "$881", "2007": "$801", "2006": "$750", "2005": "$712"}, "Macerich Quarterly Revenue (Millions of US $)": {"2020-09-30": "$186", "2020-06-30": "$179", "2020-03-31": "$227", "2019-12-31": "$242", "2019-09-30": "$231", "2019-06-30": "$228", "2019-03-31": "$227", "2018-12-31": "$247", "2018-09-30": "$242", "2018-06-30": "$235", "2018-03-31": "$237", "2017-12-31": "$257", "2017-09-30": "$242", "2017-06-30": "$247", "2017-03-31": "$247", "2016-12-31": "$272", "2016-09-30": "$253", "2016-06-30": "$260", "2016-03-31": "$256", "2015-12-31": "$321", "2015-09-30": "$326", "2015-06-30": "$323", "2015-03-31": "$318", "2014-12-31": "$323", "2014-09-30": "$263", "2014-06-30": "$254", "2014-03-31": "$265", "2013-12-31": "$282", "2013-09-30": "$258", "2013-06-30": "$246", "2013-03-31": "$243", "2012-12-31": "$188", "2012-09-30": "$204", "2012-06-30": "$196", "2012-03-31": "$210", "2011-12-31": "$125", "2011-09-30": "$193", "2011-06-30": "$181", "2011-03-31": "$185", "2010-12-31": "$159", "2010-09-30": "$189", "2010-06-30": "$181", "2010-03-31": "$182", "2009-12-31": "$187", "2009-09-30": "$198", "2009-06-30": "$202", "2009-03-31": "$206", "2008-12-31": "$224", "2008-09-30": "$222", "2008-06-30": "$217", "2008-03-31": "$218", "2007-12-31": "$212", "2007-09-30": "$202", "2007-06-30": "$194", "2007-03-31": "$193", "2006-12-31": "$154", "2006-09-30": "$202", "2006-06-30": "$193", "2006-03-31": "$201", "2005-12-31": "$175", "2005-09-30": "$202", "2005-06-30": "$187", "2005-03-31": "$149"}}, "gross-profit": {"Macerich Annual Gross Profit (Millions of US $)": {"2019": "$560", "2018": "$579", "2017": "$598", "2016": "$635", "2015": "$816", "2014": "$663", "2013": "$606", "2012": "$460", "2011": "$384", "2010": "$397", "2009": "$465", "2008": "$522", "2007": "$474", "2006": "$459", "2005": "$435"}, "Macerich Quarterly Gross Profit (Millions of US $)": {"2020-09-30": "$103", "2020-06-30": "$98", "2020-03-31": "$133", "2019-12-31": "$149", "2019-09-30": "$139", "2019-06-30": "$141", "2019-03-31": "$130", "2018-12-31": "$161", "2018-09-30": "$149", "2018-06-30": "$146", "2018-03-31": "$124", "2017-12-31": "$173", "2017-09-30": "$145", "2017-06-30": "$150", "2017-03-31": "$143", "2016-12-31": "$171", "2016-09-30": "$154", "2016-06-30": "$162", "2016-03-31": "$149", "2015-12-31": "$207", "2015-09-30": "$210", "2015-06-30": "$209", "2015-03-31": "$190", "2014-12-31": "$204", "2014-09-30": "$157", "2014-06-30": "$152", "2014-03-31": "$151", "2013-12-31": "$169", "2013-09-30": "$152", "2013-06-30": "$144", "2013-03-31": "$142", "2012-12-31": "$108", "2012-09-30": "$120", "2012-06-30": "$110", "2012-03-31": "$122", "2011-12-31": "$73", "2011-09-30": "$110", "2011-06-30": "$101", "2011-03-31": "$100", "2010-12-31": "$94", "2010-09-30": "$103", "2010-06-30": "$100", "2010-03-31": "$99", "2009-12-31": "$117", "2009-09-30": "$117", "2009-06-30": "$117", "2009-03-31": "$113", "2008-12-31": "$136", "2008-09-30": "$130", "2008-06-30": "$127", "2008-03-31": "$129", "2007-12-31": "$129", "2007-09-30": "$118", "2007-06-30": "$114", "2007-03-31": "$113", "2006-12-31": "$98", "2006-09-30": "$120", "2006-06-30": "$117", "2006-03-31": "$124", "2005-12-31": "$109", "2005-09-30": "$120", "2005-06-30": "$114", "2005-03-31": "$91"}}, "operating-income": {"Macerich Annual Operating Income (Millions of US $)": {"2019": "$206", "2018": "$208", "2017": "$235", "2016": "$259", "2015": "$296", "2014": "$255", "2013": "$221", "2012": "$162", "2011": "$135", "2010": "$150", "2009": "$184", "2008": "$236", "2007": "$248", "2006": "$249", "2005": "$230"}, "Macerich Quarterly Operating Income (Millions of US $)": {"2020-09-30": "$16", "2020-06-30": "$10", "2020-03-31": "$44", "2019-12-31": "$60", "2019-09-30": "$51", "2019-06-30": "$54", "2019-03-31": "$42", "2018-12-31": "$69", "2018-09-30": "$61", "2018-06-30": "$42", "2018-03-31": "$36", "2017-12-31": "$68", "2017-09-30": "$56", "2017-06-30": "$59", "2017-03-31": "$51", "2016-12-31": "$77", "2016-09-30": "$60", "2016-06-30": "$69", "2016-03-31": "$53", "2015-12-31": "$94", "2015-09-30": "$86", "2015-06-30": "$69", "2015-03-31": "$48", "2014-12-31": "$79", "2014-09-30": "$62", "2014-06-30": "$59", "2014-03-31": "$56", "2013-12-31": "$64", "2013-09-30": "$57", "2013-06-30": "$51", "2013-03-31": "$49", "2012-12-31": "$37", "2012-09-30": "$46", "2012-06-30": "$35", "2012-03-31": "$44", "2011-12-31": "$27", "2011-09-30": "$41", "2011-06-30": "$37", "2011-03-31": "$31", "2010-12-31": "$44", "2010-09-30": "$37", "2010-06-30": "$37", "2010-03-31": "$32", "2009-12-31": "$40", "2009-09-30": "$49", "2009-06-30": "$50", "2009-03-31": "$44", "2008-12-31": "$45", "2008-09-30": "$61", "2008-06-30": "$66", "2008-03-31": "$64", "2007-12-31": "$75", "2007-09-30": "$61", "2007-06-30": "$56", "2007-03-31": "$56", "2006-12-31": "$66", "2006-09-30": "$64", "2006-06-30": "$58", "2006-03-31": "$61", "2005-12-31": "$60", "2005-09-30": "$61", "2005-06-30": "$57", "2005-03-31": "$52"}}, "ebitda": {"Macerich Annual EBITDA (Millions of US $)": {"2019": "$555", "2018": "$570", "2017": "$603", "2016": "$630", "2015": "$759", "2014": "$654", "2013": "$615", "2012": "$490", "2011": "$430", "2010": "$428", "2009": "$470", "2008": "$540", "2007": "$501", "2006": "$479", "2005": "$437"}, "Macerich Quarterly EBITDA (Millions of US $)": {"2020-09-30": "$96", "2020-06-30": "$95", "2020-03-31": "$131", "2019-12-31": "$160", "2019-09-30": "$125", "2019-06-30": "$139", "2019-03-31": "$130", "2018-12-31": "$173", "2018-09-30": "$144", "2018-06-30": "$124", "2018-03-31": "$128", "2017-12-31": "$161", "2017-09-30": "$146", "2017-06-30": "$148", "2017-03-31": "$149", "2016-12-31": "$170", "2016-09-30": "$148", "2016-06-30": "$158", "2016-03-31": "$155", "2015-12-31": "$203", "2015-09-30": "$200", "2015-06-30": "$184", "2015-03-31": "$173", "2014-12-31": "$189", "2014-09-30": "$155", "2014-06-30": "$150", "2014-03-31": "$160", "2013-12-31": "$168", "2013-09-30": "$154", "2013-06-30": "$149", "2013-03-31": "$144", "2012-12-31": "$121", "2012-09-30": "$127", "2012-06-30": "$113", "2012-03-31": "$129", "2011-12-31": "$96", "2011-09-30": "$118", "2011-06-30": "$113", "2011-03-31": "$103", "2010-12-31": "$117", "2010-09-30": "$108", "2010-06-30": "$105", "2010-03-31": "$97", "2009-12-31": "$121", "2009-09-30": "$115", "2009-06-30": "$120", "2009-03-31": "$114", "2008-12-31": "$151", "2008-09-30": "$129", "2008-06-30": "$129", "2008-03-31": "$131", "2007-12-31": "$150", "2007-09-30": "$122", "2007-06-30": "$117", "2007-03-31": "$113", "2006-12-31": "$120", "2006-09-30": "$119", "2006-06-30": "$116", "2006-03-31": "$124", "2005-12-31": "$118", "2005-09-30": "$117", "2005-06-30": "$111", "2005-03-31": "$91"}}, "net-income": {"Macerich Annual Net Income (Millions of US $)": {"2019": "$97", "2018": "$60", "2017": "$146", "2016": "$517", "2015": "$488", "2014": "$1,499", "2013": "$420", "2012": "$337", "2011": "$157", "2010": "$25", "2009": "$121", "2008": "$162", "2007": "$64", "2006": "$217", "2005": "$53"}, "Macerich Quarterly Net Income (Millions of US $)": {"2020-09-30": "$-22", "2020-06-30": "$-25", "2020-03-31": "$8", "2019-12-31": "$27", "2019-09-30": "$46", "2019-06-30": "$16", "2019-03-31": "$8", "2018-12-31": "$12", "2018-09-30": "$74", "2018-06-30": "$8", "2018-03-31": "$-34", "2017-12-31": "$33", "2017-09-30": "$17", "2017-06-30": "$27", "2017-03-31": "$69", "2016-12-31": "$37", "2016-09-30": "$14", "2016-06-30": "$45", "2016-03-31": "$421", "2015-12-31": "$415", "2015-09-30": "$34", "2015-06-30": "$14", "2015-03-31": "$24", "2014-12-31": "$1,429", "2014-09-30": "$36", "2014-06-30": "$16", "2014-03-31": "$18", "2013-12-31": "$145", "2013-09-30": "$38", "2013-06-30": "$219", "2013-03-31": "$18", "2012-12-31": "$174", "2012-09-30": "$44", "2012-06-30": "$133", "2012-03-31": "$-14", "2011-12-31": "$163", "2011-09-30": "$13", "2011-06-30": "$-19", "2011-03-31": "$0", "2010-12-31": "$24", "2010-09-30": "$8", "2010-06-30": "$-0", "2010-03-31": "$-6", "2009-12-31": "$-14", "2009-09-30": "$143", "2009-06-30": "$-22", "2009-03-31": "$14", "2008-12-31": "$51", "2008-09-30": "$3", "2008-06-30": "$16", "2008-03-31": "$93", "2007-12-31": "$30", "2007-09-30": "$19", "2007-06-30": "$11", "2007-03-31": "$4", "2006-12-31": "$137", "2006-09-30": "$47", "2006-06-30": "$26", "2006-03-31": "$7", "2005-12-31": "$24", "2005-09-30": "$4", "2005-06-30": "$7", "2005-03-31": "$18"}}, "eps-earnings-per-share-diluted": {"Macerich Annual EPS": {"2019": "$0.68", "2018": "$0.42", "2017": "$1.02", "2016": "$3.52", "2015": "$3.08", "2014": "$10.45", "2013": "$3.00", "2012": "$2.51", "2011": "$1.18", "2010": "$0.19", "2009": "$1.45", "2008": "$2.17", "2007": "$0.88", "2006": "$3.05", "2005": "$0.88"}, "Macerich Quarterly EPS": {"2020-09-30": "$-0.15", "2020-06-30": "$-0.18", "2020-03-31": "$0.05", "2019-12-31": "$0.19", "2019-09-30": "$0.33", "2019-06-30": "$0.11", "2019-03-31": "$0.05", "2018-12-31": "$0.09", "2018-09-30": "$0.52", "2018-06-30": "$0.05", "2018-03-31": "$-0.24", "2017-12-31": "$0.23", "2017-09-30": "$0.12", "2017-06-30": "$0.19", "2017-03-31": "$0.48", "2016-12-31": "$0.36", "2016-09-30": "$0.09", "2016-06-30": "$0.31", "2016-03-31": "$2.76", "2015-12-31": "$2.63", "2015-09-30": "$0.21", "2015-06-30": "$0.09", "2015-03-31": "$0.15", "2014-12-31": "$9.96", "2014-09-30": "$0.25", "2014-06-30": "$0.11", "2014-03-31": "$0.13", "2013-12-31": "$1.03", "2013-09-30": "$0.27", "2013-06-30": "$1.57", "2013-03-31": "$0.13", "2012-12-31": "$1.29", "2012-09-30": "$0.33", "2012-06-30": "$1.00", "2012-03-31": "$-0.11", "2011-12-31": "$1.23", "2011-09-30": "$0.10", "2011-06-30": "$-0.15", "2011-03-31": "$0.00", "2010-12-31": "$0.22", "2010-09-30": "$0.06", "2010-06-30": "$-0.01", "2010-03-31": "$-0.08", "2009-12-31": "$-0.19", "2009-09-30": "$1.75", "2009-06-30": "$-0.29", "2009-03-31": "$0.18", "2008-12-31": "$0.68", "2008-09-30": "$0.03", "2008-06-30": "$0.21", "2008-03-31": "$1.25", "2007-12-31": "$0.41", "2007-09-30": "$0.27", "2007-06-30": "$0.15", "2007-03-31": "$0.05", "2006-12-31": "$1.92", "2006-09-30": "$0.66", "2006-06-30": "$0.36", "2006-03-31": "$0.11", "2005-12-31": "$0.40", "2005-09-30": "$0.07", "2005-06-30": "$0.11", "2005-03-31": "$0.30"}}, "shares-outstanding": {"Macerich Annual Shares Outstanding (Millions of Shares)": {"2019": "141", "2018": "141", "2017": "142", "2016": "147", "2015": "158", "2014": "143", "2013": "140", "2012": "134", "2011": "132", "2010": "120", "2009": "81", "2008": "87", "2007": "85", "2006": "88", "2005": "74"}, "Macerich Quarterly Shares Outstanding (Millions of Shares)": {"2020-09-30": "150", "2020-06-30": "144", "2020-03-31": "141", "2019-12-31": "141", "2019-09-30": "141", "2019-06-30": "141", "2019-03-31": "141", "2018-12-31": "141", "2018-09-30": "141", "2018-06-30": "141", "2018-03-31": "141", "2017-12-31": "142", "2017-09-30": "141", "2017-06-30": "142", "2017-03-31": "144", "2016-12-31": "147", "2016-09-30": "144", "2016-06-30": "147", "2016-03-31": "152", "2015-12-31": "158", "2015-09-30": "159", "2015-06-30": "159", "2015-03-31": "159", "2014-12-31": "143", "2014-09-30": "141", "2014-06-30": "141", "2014-03-31": "141", "2013-12-31": "140", "2013-09-30": "141", "2013-06-30": "140", "2013-03-31": "138", "2012-12-31": "134", "2012-09-30": "134", "2012-06-30": "133", "2012-03-31": "132", "2011-12-31": "132", "2011-09-30": "132", "2011-06-30": "132", "2011-03-31": "131", "2010-12-31": "120", "2010-09-30": "130", "2010-06-30": "123", "2010-03-31": "97", "2009-12-31": "81", "2009-09-30": "80", "2009-06-30": "77", "2009-03-31": "89", "2008-12-31": "87", "2008-09-30": "87", "2008-06-30": "87", "2008-03-31": "88", "2007-12-31": "85", "2007-09-30": "85", "2007-06-30": "85", "2007-03-31": "85", "2006-12-31": "88", "2006-09-30": "85", "2006-06-30": "85", "2006-03-31": "83", "2005-12-31": "74", "2005-09-30": "74", "2005-06-30": "74", "2005-03-31": "73"}}, "total-assets": {"Macerich Annual Total Assets (Millions of US $)": {"2019": "$8,854", "2018": "$9,027", "2017": "$9,606", "2016": "$9,958", "2015": "$11,236", "2014": "$13,122", "2013": "$9,075", "2012": "$9,311", "2011": "$7,939", "2010": "$7,645", "2009": "$7,252", "2008": "$8,090", "2007": "$7,937", "2006": "$7,562", "2005": "$7,179"}, "Macerich Quarterly Total Assets (Millions of US $)": {"2020-09-30": "$9,183", "2020-06-30": "$9,228", "2020-03-31": "$9,300", "2019-12-31": "$8,854", "2019-09-30": "$8,776", "2019-06-30": "$8,944", "2019-03-31": "$9,003", "2018-12-31": "$9,027", "2018-09-30": "$9,011", "2018-06-30": "$9,115", "2018-03-31": "$9,157", "2017-12-31": "$9,606", "2017-09-30": "$9,607", "2017-06-30": "$9,682", "2017-03-31": "$9,712", "2016-12-31": "$9,958", "2016-09-30": "$9,942", "2016-06-30": "$9,998", "2016-03-31": "$10,211", "2015-12-31": "$11,236", "2015-09-30": "$13,350", "2015-06-30": "$13,360", "2015-03-31": "$13,197", "2014-12-31": "$13,122", "2014-09-30": "$9,206", "2014-06-30": "$9,062", "2014-03-31": "$9,008", "2013-12-31": "$9,075", "2013-09-30": "$9,206", "2013-06-30": "$9,550", "2013-03-31": "$9,763", "2012-12-31": "$9,311", "2012-09-30": "$7,610", "2012-06-30": "$7,731", "2012-03-31": "$8,070", "2011-12-31": "$7,939", "2011-09-30": "$7,629", "2011-06-30": "$7,450", "2011-03-31": "$7,498", "2010-12-31": "$7,645", "2010-09-30": "$7,700", "2010-06-30": "$7,738", "2010-03-31": "$7,267", "2009-12-31": "$7,252", "2009-09-30": "$7,319", "2009-06-30": "$7,969", "2009-03-31": "$8,036", "2008-12-31": "$8,090", "2008-09-30": "$8,075", "2008-06-30": "$8,059", "2008-03-31": "$7,838", "2007-12-31": "$7,937", "2007-09-30": "$7,460", "2007-06-30": "$7,499", "2007-03-31": "$7,391", "2006-12-31": "$7,562", "2006-09-30": "$7,281", "2006-06-30": "$7,185", "2006-03-31": "$7,304", "2005-12-31": "$7,179", "2005-09-30": "$7,063", "2005-06-30": "$7,081", "2005-03-31": "$4,662"}}, "cash-on-hand": {"Macerich Annual Cash on Hand (Millions of US $)": {"2019": "$114", "2018": "$149", "2017": "$143", "2016": "$144", "2015": "$128", "2014": "$98", "2013": "$87", "2012": "$144", "2011": "$136", "2010": "$517", "2009": "$135", "2008": "$128", "2007": "$154", "2006": "$336", "2005": "$210"}, "Macerich Quarterly Cash on Hand (Millions of US $)": {"2020-09-30": "$542", "2020-06-30": "$508", "2020-03-31": "$663", "2019-12-31": "$114", "2019-09-30": "$107", "2019-06-30": "$148", "2019-03-31": "$154", "2018-12-31": "$149", "2018-09-30": "$144", "2018-06-30": "$143", "2018-03-31": "$168", "2017-12-31": "$143", "2017-09-30": "$122", "2017-06-30": "$137", "2017-03-31": "$142", "2016-12-31": "$144", "2016-09-30": "$137", "2016-06-30": "$118", "2016-03-31": "$149", "2015-12-31": "$128", "2015-09-30": "$105", "2015-06-30": "$122", "2015-03-31": "$133", "2014-12-31": "$98", "2014-09-30": "$73", "2014-06-30": "$72", "2014-03-31": "$81", "2013-12-31": "$87", "2013-09-30": "$89", "2013-06-30": "$119", "2013-03-31": "$147", "2012-12-31": "$144", "2012-09-30": "$138", "2012-06-30": "$149", "2012-03-31": "$300", "2011-12-31": "$136", "2011-09-30": "$217", "2011-06-30": "$156", "2011-03-31": "$265", "2010-12-31": "$517", "2010-09-30": "$567", "2010-06-30": "$639", "2010-03-31": "$140", "2009-12-31": "$135", "2009-09-30": "$148", "2009-06-30": "$128", "2009-03-31": "$142", "2008-12-31": "$128", "2008-09-30": "$113", "2008-06-30": "$117", "2008-03-31": "$128", "2007-12-31": "$154", "2007-09-30": "$112", "2007-06-30": "$120", "2007-03-31": "$117", "2006-12-31": "$336", "2006-09-30": "$135", "2006-06-30": "$101", "2006-03-31": "$125", "2005-12-31": "$210", "2005-09-30": "$128", "2005-06-30": "$128", "2005-03-31": "$70"}}, "long-term-debt": {"Macerich Annual Long Term Debt (Millions of US $)": {"2019": "$5,210", "2018": "$4,982", "2017": "$5,170", "2016": "$4,966", "2015": "$5,261", "2014": "$6,292", "2013": "$4,583", "2012": "$5,261", "2011": "$4,206", "2010": "$3,892", "2009": "$4,532", "2008": "$5,940", "2007": "$5,763", "2006": "$4,994", "2005": "$5,425"}, "Macerich Quarterly Long Term Debt (Millions of US $)": {"2020-09-30": "$5,851", "2020-06-30": "$5,856", "2020-03-31": "$5,863", "2019-12-31": "$5,210", "2019-09-30": "$5,044", "2019-06-30": "$5,433", "2019-03-31": "$5,011", "2018-12-31": "$4,982", "2018-09-30": "$4,873", "2018-06-30": "$4,968", "2018-03-31": "$4,904", "2017-12-31": "$5,170", "2017-09-30": "$5,050", "2017-06-30": "$4,988", "2017-03-31": "$4,902", "2016-12-31": "$4,966", "2016-09-30": "$4,894", "2016-06-30": "$4,913", "2016-03-31": "$4,659", "2015-12-31": "$5,261", "2015-09-30": "$6,826", "2015-06-30": "$6,739", "2015-03-31": "$6,474", "2014-12-31": "$6,292", "2014-09-30": "$4,931", "2014-06-30": "$4,760", "2014-03-31": "$4,611", "2013-12-31": "$4,583", "2013-09-30": "$4,764", "2013-06-30": "$5,191", "2013-03-31": "$5,708", "2012-12-31": "$5,261", "2012-09-30": "$3,790", "2012-06-30": "$4,067", "2012-03-31": "$4,317", "2011-12-31": "$4,206", "2011-09-30": "$4,062", "2011-06-30": "$3,879", "2011-03-31": "$3,825", "2010-12-31": "$3,892", "2010-09-30": "$3,908", "2010-06-30": "$3,899", "2010-03-31": "$4,557", "2009-12-31": "$4,532", "2009-09-30": "$4,968", "2009-06-30": "$5,957", "2009-03-31": "$5,985", "2008-12-31": "$5,940", "2008-09-30": "$6,034", "2008-06-30": "$5,976", "2008-03-31": "$5,768", "2007-12-31": "$5,763", "2007-09-30": "$5,124", "2007-06-30": "$5,124", "2007-03-31": "$4,998", "2006-12-31": "$4,994", "2006-09-30": "$4,853", "2006-06-30": "$4,764", "2006-03-31": "$4,862", "2005-12-31": "$5,425", "2005-09-30": "$5,292", "2005-06-30": "$5,284", "2005-03-31": "$3,277"}}, "total-liabilities": {"Macerich Annual Total Liabilities (Millions of US $)": {"2019": "$6,023", "2018": "$5,838", "2017": "$5,638", "2016": "$5,531", "2015": "$6,164", "2014": "$7,082", "2013": "$5,357", "2012": "$5,895", "2011": "$4,774", "2010": "$4,457", "2009": "$5,124", "2008": "$6,449", "2007": "$6,787", "2006": "$6,020", "2005": "$6,352"}, "Macerich Quarterly Total Liabilities (Millions of US $)": {"2020-09-30": "$6,535", "2020-06-30": "$6,540", "2020-03-31": "$6,575", "2019-12-31": "$6,023", "2019-09-30": "$5,868", "2019-06-30": "$5,975", "2019-03-31": "$5,918", "2018-12-31": "$5,838", "2018-09-30": "$5,723", "2018-06-30": "$5,800", "2018-03-31": "$5,749", "2017-12-31": "$5,638", "2017-09-30": "$5,570", "2017-06-30": "$5,522", "2017-03-31": "$5,438", "2016-12-31": "$5,531", "2016-09-30": "$5,451", "2016-06-30": "$5,421", "2016-03-31": "$5,181", "2015-12-31": "$6,164", "2015-09-30": "$7,536", "2015-06-30": "$7,476", "2015-03-31": "$7,223", "2014-12-31": "$7,082", "2014-09-30": "$5,667", "2014-06-30": "$5,472", "2014-03-31": "$5,345", "2013-12-31": "$5,357", "2013-09-30": "$5,551", "2013-06-30": "$5,872", "2013-03-31": "$6,406", "2012-12-31": "$5,895", "2012-09-30": "$4,324", "2012-06-30": "$4,593", "2012-03-31": "$4,998", "2011-12-31": "$4,774", "2011-09-30": "$4,643", "2011-06-30": "$4,409", "2011-03-31": "$4,372", "2010-12-31": "$4,457", "2010-09-30": "$4,479", "2010-06-30": "$4,466", "2010-03-31": "$5,140", "2009-12-31": "$5,124", "2009-09-30": "$5,563", "2009-06-30": "$6,385", "2009-03-31": "$6,411", "2008-12-31": "$6,449", "2008-09-30": "$6,703", "2008-06-30": "$6,675", "2008-03-31": "$6,494", "2007-12-31": "$6,787", "2007-09-30": "$6,134", "2007-06-30": "$6,128", "2007-03-31": "$6,000", "2006-12-31": "$6,020", "2006-09-30": "$5,844", "2006-06-30": "$5,741", "2006-03-31": "$5,843", "2005-12-31": "$6,352", "2005-09-30": "$6,225", "2005-06-30": "$6,214", "2005-03-31": "$3,765"}}, "total-share-holder-equity": {"Macerich Annual Share Holder Equity (Millions of US $)": {"2019": "$2,831", "2018": "$3,188", "2017": "$3,968", "2016": "$4,427", "2015": "$5,071", "2014": "$6,040", "2013": "$3,719", "2012": "$3,416", "2011": "$3,165", "2010": "$3,188", "2009": "$2,128", "2008": "$1,642", "2007": "$1,150", "2006": "$1,542", "2005": "$827"}, "Macerich Quarterly Share Holder Equity (Millions of US $)": {"2020-09-30": "$2,649", "2020-06-30": "$2,689", "2020-03-31": "$2,724", "2019-12-31": "$2,831", "2019-09-30": "$2,908", "2019-06-30": "$2,969", "2019-03-31": "$3,085", "2018-12-31": "$3,188", "2018-09-30": "$3,288", "2018-06-30": "$3,315", "2018-03-31": "$3,409", "2017-12-31": "$3,968", "2017-09-30": "$4,037", "2017-06-30": "$4,161", "2017-03-31": "$4,274", "2016-12-31": "$4,427", "2016-09-30": "$4,491", "2016-06-30": "$4,577", "2016-03-31": "$5,030", "2015-12-31": "$5,071", "2015-09-30": "$5,814", "2015-06-30": "$5,885", "2015-03-31": "$5,974", "2014-12-31": "$6,040", "2014-09-30": "$3,539", "2014-06-30": "$3,591", "2014-03-31": "$3,663", "2013-12-31": "$3,719", "2013-09-30": "$3,655", "2013-06-30": "$3,678", "2013-03-31": "$3,357", "2012-12-31": "$3,416", "2012-09-30": "$3,286", "2012-06-30": "$3,138", "2012-03-31": "$3,072", "2011-12-31": "$3,165", "2011-09-30": "$2,987", "2011-06-30": "$3,041", "2011-03-31": "$3,126", "2010-12-31": "$3,188", "2010-09-30": "$3,220", "2010-06-30": "$3,272", "2010-03-31": "$2,127", "2009-12-31": "$2,128", "2009-09-30": "$1,756", "2009-06-30": "$1,584", "2009-03-31": "$1,625", "2008-12-31": "$1,642", "2008-09-30": "$1,371", "2008-06-30": "$1,384", "2008-03-31": "$1,345", "2007-12-31": "$1,150", "2007-09-30": "$1,326", "2007-06-30": "$1,371", "2007-03-31": "$1,391", "2006-12-31": "$1,542", "2006-09-30": "$1,436", "2006-06-30": "$1,444", "2006-03-31": "$1,461", "2005-12-31": "$827", "2005-09-30": "$838", "2005-06-30": "$867", "2005-03-31": "$897"}}, "profit-margins": {"current": "-1.55%"}, "gross margin": {"2020-09-30": "57.91%", "2020-06-30": "59.04%", "2020-03-31": "60.56%", "2019-12-31": "60.24%", "2019-09-30": "61.20%", "2019-06-30": "61.55%", "2019-03-31": "61.62%", "2018-12-31": "60.35%", "2018-09-30": "60.97%", "2018-06-30": "60.56%", "2018-03-31": "60.22%", "2017-12-31": "61.53%", "2017-09-30": "60.42%", "2017-06-30": "60.65%", "2017-03-31": "61.05%", "2016-12-31": "61.10%", "2016-09-30": "61.65%", "2016-06-30": "62.60%", "2016-03-31": "63.21%", "2015-12-31": "63.35%", "2015-09-30": "63.02%", "2015-06-30": "61.94%", "2015-03-31": "60.71%", "2014-12-31": "60.09%", "2014-09-30": "59.12%", "2014-06-30": "58.92%", "2014-03-31": "58.61%", "2013-12-31": "58.99%", "2013-09-30": "58.40%", "2013-06-30": "58.34%", "2013-03-31": "57.76%", "2012-12-31": "57.64%", "2012-09-30": "57.82%", "2012-06-30": "57.32%", "2012-03-31": "57.26%", "2011-12-31": "56.14%", "2011-09-30": "56.41%", "2011-06-30": "55.74%", "2011-03-31": "55.60%", "2010-12-31": "55.70%", "2010-09-30": "56.70%", "2010-06-30": "57.89%", "2010-03-31": "58.52%", "2009-12-31": "58.51%", "2009-09-30": "58.19%", "2009-06-30": "58.08%", "2009-03-31": "58.23%", "2008-12-31": "59.25%", "2008-09-30": "59.26%", "2008-06-30": "59.25%", "2008-03-31": "59.32%", "2007-12-31": "59.18%", "2007-09-30": "59.62%", "2007-06-30": "59.89%", "2007-03-31": "60.38%", "2006-12-31": "61.20%", "2006-09-30": "60.96%", "2006-06-30": "60.96%", "2006-03-31": "61.05%", "2005-12-31": "60.87%"}, "operating margin": {"2020-09-30": "15.59%", "2020-06-30": "18.77%", "2020-03-31": "22.52%", "2019-12-31": "22.31%", "2019-09-30": "23.15%", "2019-06-30": "23.94%", "2019-03-31": "22.50%", "2018-12-31": "21.64%", "2018-09-30": "21.32%", "2018-06-30": "20.80%", "2018-03-31": "22.28%", "2017-12-31": "23.56%", "2017-09-30": "24.11%", "2017-06-30": "24.24%", "2017-03-31": "24.90%", "2016-12-31": "24.88%", "2016-09-30": "25.32%", "2016-06-30": "25.97%", "2016-03-31": "24.63%", "2015-12-31": "23.06%", "2015-09-30": "21.86%", "2015-06-30": "21.03%", "2015-03-31": "21.42%", "2014-12-31": "23.17%", "2014-09-30": "22.65%", "2014-06-30": "22.29%", "2014-03-31": "21.69%", "2013-12-31": "21.48%", "2013-09-30": "20.75%", "2013-06-30": "20.77%", "2013-03-31": "20.10%", "2012-12-31": "20.30%", "2012-09-30": "20.68%", "2012-06-30": "20.30%", "2012-03-31": "21.02%", "2011-12-31": "19.88%", "2011-09-30": "21.31%", "2011-06-30": "20.87%", "2011-03-31": "20.87%", "2010-12-31": "21.10%", "2010-09-30": "19.76%", "2010-06-30": "21.12%", "2010-03-31": "22.24%", "2009-12-31": "23.08%", "2009-09-30": "22.65%", "2009-06-30": "23.42%", "2009-03-31": "24.86%", "2008-12-31": "26.79%", "2008-09-30": "30.61%", "2008-06-30": "31.33%", "2008-03-31": "30.99%", "2007-12-31": "30.96%", "2007-09-30": "32.17%", "2007-06-30": "32.57%", "2007-03-31": "32.88%", "2006-12-31": "33.20%", "2006-09-30": "31.52%", "2006-06-30": "31.13%", "2006-03-31": "31.24%", "2005-12-31": "32.26%"}, "ebitda margin": {"2020-09-30": "57.79%", "2020-06-30": "58.13%", "2020-03-31": "59.81%", "2019-12-31": "59.70%", "2019-09-30": "60.77%", "2019-06-30": "62.08%", "2019-03-31": "60.04%", "2018-12-31": "59.21%", "2018-09-30": "57.36%", "2018-06-30": "57.57%", "2018-03-31": "59.31%", "2017-12-31": "60.83%", "2017-09-30": "60.81%", "2017-06-30": "60.35%", "2017-03-31": "60.56%", "2016-12-31": "60.61%", "2016-09-30": "60.92%", "2016-06-30": "61.56%", "2016-03-31": "60.52%", "2015-12-31": "59.01%", "2015-09-30": "57.83%", "2015-06-30": "57.13%", "2015-03-31": "57.60%", "2014-12-31": "59.19%", "2014-09-30": "59.49%", "2014-06-30": "59.68%", "2014-03-31": "60.04%", "2013-12-31": "59.77%", "2013-09-30": "60.75%", "2013-06-30": "61.41%", "2013-03-31": "60.77%", "2012-12-31": "61.40%", "2012-09-30": "63.27%", "2012-06-30": "62.98%", "2012-03-31": "64.32%", "2011-12-31": "62.87%", "2011-09-30": "62.81%", "2011-06-30": "61.76%", "2011-03-31": "60.64%", "2010-12-31": "60.06%", "2010-09-30": "58.32%", "2010-06-30": "58.56%", "2010-03-31": "58.91%", "2009-12-31": "59.27%", "2009-09-30": "60.24%", "2009-06-30": "60.19%", "2009-03-31": "60.18%", "2008-12-31": "61.29%", "2008-09-30": "62.03%", "2008-06-30": "62.66%", "2008-03-31": "62.95%", "2007-12-31": "62.67%", "2007-09-30": "63.53%", "2007-06-30": "63.12%", "2007-03-31": "63.07%", "2006-12-31": "63.87%", "2006-09-30": "61.87%", "2006-06-30": "61.61%", "2006-03-31": "61.44%", "2005-12-31": "61.29%"}, "pre tax profit margin": {"2020-09-30": "0.24%", "2020-06-30": "9.78%", "2020-03-31": "14.44%", "2019-12-31": "11.31%", "2019-09-30": "10.93%", "2019-06-30": "9.11%", "2019-03-31": "8.52%", "2018-12-31": "6.76%", "2018-09-30": "15.04%", "2018-06-30": "14.93%", "2018-03-31": "15.87%", "2017-12-31": "17.93%", "2017-09-30": "11.51%", "2017-06-30": "11.29%", "2017-03-31": "12.02%", "2016-12-31": "53.31%", "2016-09-30": "88.07%", "2016-06-30": "83.06%", "2016-03-31": "77.24%", "2015-12-31": "40.37%", "2015-09-30": "125.19%", "2015-06-30": "130.73%", "2015-03-31": "138.95%", "2014-12-31": "144.98%", "2014-09-30": "7.33%", "2014-06-30": "8.59%", "2014-03-31": "14.94%", "2013-12-31": "15.35%", "2013-09-30": "37.33%", "2013-06-30": "39.95%", "2013-03-31": "32.37%", "2012-12-31": "37.47%", "2012-09-30": "40.54%", "2012-06-30": "37.43%", "2012-03-31": "39.63%", "2011-12-31": "34.21%", "2011-09-30": "9.75%", "2011-06-30": "8.40%", "2011-03-31": "5.74%", "2010-12-31": "4.22%", "2010-09-30": "0.00%", "2010-06-30": "20.45%", "2010-03-31": "20.29%", "2009-12-31": "22.32%", "2009-09-30": "27.59%", "2009-06-30": "8.43%", "2009-03-31": "10.24%", "2008-12-31": "9.99%", "2008-09-30": "7.59%", "2008-06-30": "10.13%", "2008-03-31": "10.41%", "2007-12-31": "10.11%", "2007-09-30": "11.71%", "2007-06-30": "10.63%", "2007-03-31": "9.03%", "2006-12-31": "9.60%", "2006-09-30": "7.65%", "2006-06-30": "6.87%", "2006-03-31": "7.58%", "2005-12-31": "9.68%"}, "net profit margin": {"2020-09-30": "-1.44%", "2020-06-30": "6.37%", "2020-03-31": "10.45%", "2019-12-31": "10.45%", "2019-09-30": "8.79%", "2019-06-30": "11.65%", "2019-03-31": "10.73%", "2018-12-31": "6.24%", "2018-09-30": "8.34%", "2018-06-30": "2.47%", "2018-03-31": "4.37%", "2017-12-31": "14.70%", "2017-09-30": "14.88%", "2017-06-30": "14.43%", "2017-03-31": "15.99%", "2016-12-31": "49.66%", "2016-09-30": "82.11%", "2016-06-30": "78.68%", "2016-03-31": "72.10%", "2015-12-31": "37.81%", "2015-09-30": "116.36%", "2015-06-30": "122.49%", "2015-03-31": "129.97%", "2014-12-31": "135.66%", "2014-09-30": "20.21%", "2014-06-30": "20.49%", "2014-03-31": "39.96%", "2013-12-31": "40.82%", "2013-09-30": "48.02%", "2013-06-30": "51.65%", "2013-03-31": "44.40%", "2012-12-31": "42.23%", "2012-09-30": "44.35%", "2012-06-30": "40.75%", "2012-03-31": "20.17%", "2011-12-31": "22.95%", "2011-09-30": "2.51%", "2011-06-30": "1.82%", "2011-03-31": "4.48%", "2010-12-31": "3.66%", "2010-09-30": "-1.62%", "2010-06-30": "16.44%", "2010-03-31": "13.13%", "2009-12-31": "15.26%", "2009-09-30": "22.41%", "2009-06-30": "5.39%", "2009-03-31": "9.67%", "2008-12-31": "18.50%", "2008-09-30": "16.34%", "2008-06-30": "18.61%", "2008-03-31": "18.52%", "2007-12-31": "7.99%", "2007-09-30": "23.01%", "2007-06-30": "26.78%", "2007-03-31": "28.84%", "2006-12-31": "28.93%", "2006-09-30": "13.49%", "2006-06-30": "7.91%", "2006-03-31": "5.49%", "2005-12-31": "7.43%"}, "pe ratio": {"current": "4.80", "2021-02-05": "0.00", "2020-09-30": "0.00", "2020-06-30": "22.08", "2020-03-31": "7.82", "2019-12-31": "36.23", "2019-09-30": "49.42", "2019-06-30": "38.31", "2019-03-31": "52.86", "2018-12-31": "88.58", "2018-09-30": "81.64", "2018-06-30": "289.97", "2018-03-31": "150.54", "2017-12-31": "51.27", "2017-09-30": "41.20", "2017-06-30": "44.22", "2017-03-31": "43.39", "2016-12-31": "15.74", "2016-09-30": "10.47", "2016-06-30": "10.74", "2016-03-31": "10.26", "2015-12-31": "19.08", "2015-09-30": "5.25", "2015-06-30": "5.04", "2015-03-31": "5.64", "2014-12-31": "5.54", "2014-09-30": "27.65", "2014-06-30": "28.27", "2014-03-31": "13.42", "2013-12-31": "12.55", "2013-09-30": "11.02", "2013-06-30": "11.57", "2013-03-31": "14.65", "2012-12-31": "14.40", "2012-09-30": "14.23", "2012-06-30": "16.04", "2012-03-31": "32.26", "2011-12-31": "25.38", "2011-09-30": "192.03", "2011-06-30": "344.65", "2011-03-31": "123.62", "2010-12-31": "179.47", "2010-09-30": "0.00", "2010-06-30": "14.00", "2010-03-31": "17.52", "2009-12-31": "13.25", "2009-09-30": "6.48", "2009-06-30": "11.38", "2009-03-31": "2.34", "2008-12-31": "3.44", "2008-09-30": "13.22", "2008-06-30": "11.85", "2008-03-31": "13.61", "2007-12-31": "30.72", "2007-09-30": "14.76", "2007-06-30": "11.81", "2007-03-31": "12.42", "2006-12-31": "11.30"}, "price sales": {"2021-02-05": "2.24", "2020-09-30": "1.15", "2020-06-30": "1.39", "2020-03-31": "0.81", "2019-12-31": "3.75", "2019-09-30": "4.27", "2019-06-30": "4.36", "2019-03-31": "5.50", "2018-12-31": "5.34", "2018-09-30": "6.66", "2018-06-30": "6.76", "2018-03-31": "6.50", "2017-12-31": "7.48", "2017-09-30": "6.15", "2017-06-30": "6.37", "2017-03-31": "6.96", "2016-12-31": "7.62", "2016-09-30": "8.40", "2016-06-30": "8.45", "2016-03-31": "7.51", "2015-12-31": "7.28", "2015-09-30": "6.26", "2015-06-30": "6.17", "2015-03-31": "7.12", "2014-12-31": "7.10", "2014-09-30": "5.55", "2014-06-30": "5.78", "2014-03-31": "5.37", "2013-12-31": "5.10", "2013-09-30": "5.28", "2013-06-30": "5.92", "2013-03-31": "6.49", "2012-12-31": "6.00", "2012-09-30": "6.30", "2012-06-30": "6.51", "2012-03-31": "6.42", "2011-12-31": "5.75", "2011-09-30": "4.48", "2011-06-30": "5.57", "2011-03-31": "5.02", "2010-12-31": "4.40", "2010-09-30": "3.40", "2010-06-30": "2.55", "2010-03-31": "2.26", "2009-12-31": "1.99", "2009-09-30": "1.60", "2009-06-30": "0.90", "2009-03-31": "0.31", "2008-12-31": "0.84", "2008-09-30": "2.85", "2008-06-30": "2.79", "2008-03-31": "3.19", "2007-12-31": "3.25", "2007-09-30": "4.31", "2007-06-30": "4.02", "2007-03-31": "4.49", "2006-12-31": "4.10"}, "price book": {"current": "0.73", "2021-02-05": "0.73", "2020-09-30": "0.38", "2020-06-30": "0.48", "2020-03-31": "0.28", "2019-12-31": "1.23", "2019-09-30": "1.37", "2019-06-30": "1.39", "2019-03-31": "1.70", "2018-12-31": "1.61", "2018-09-30": "1.96", "2018-06-30": "1.98", "2018-03-31": "1.87", "2017-12-31": "1.86", "2017-09-30": "1.51", "2017-06-30": "1.53", "2017-03-31": "1.64", "2016-12-31": "1.75", "2016-09-30": "1.95", "2016-06-30": "2.01", "2016-03-31": "1.74", "2015-12-31": "1.80", "2015-09-30": "1.43", "2015-06-30": "1.36", "2015-03-31": "1.50", "2014-12-31": "1.45", "2014-09-30": "1.67", "2014-06-30": "1.71", "2014-03-31": "1.55", "2013-12-31": "1.43", "2013-09-30": "1.37", "2013-06-30": "1.46", "2013-03-31": "1.64", "2012-12-31": "1.44", "2012-09-30": "1.45", "2012-06-30": "1.51", "2012-03-31": "1.49", "2011-12-31": "1.25", "2011-09-30": "1.10", "2011-06-30": "1.35", "2011-03-31": "1.19", "2010-12-31": "1.10", "2010-09-30": "0.98", "2010-06-30": "0.82", "2010-03-31": "0.98", "2009-12-31": "0.88", "2009-09-30": "0.74", "2009-06-30": "0.46", "2009-03-31": "0.15", "2008-12-31": "0.40", "2008-09-30": "1.58", "2008-06-30": "1.48", "2008-03-31": "1.66", "2007-12-31": "1.93", "2007-09-30": "2.03", "2007-06-30": "1.83", "2007-03-31": "2.00", "2006-12-31": "1.68", "2006-09-30": "1.57", "2006-06-30": "1.42", "2006-03-31": "1.47"}, "price fcf": {"2021-02-05": "", "2020-09-30": "$0.29", "2020-06-30": "$0.11", "2020-03-31": "$0.93", "2019-12-31": "$1.22", "2019-09-30": "$1.25", "2019-06-30": "$1.48", "2019-03-31": "$1.51", "2018-12-31": "$1.37", "2018-09-30": "$1.83", "2018-06-30": "$1.65", "2018-03-31": "$1.77", "2017-12-31": "$3.10", "2017-09-30": "$2.62", "2017-06-30": "$2.67", "2017-03-31": "$3.42", "2016-12-31": "$6.10", "2016-09-30": "$10.22", "2016-06-30": "$10.08", "2016-03-31": "$9.33", "2015-12-31": "$5.30", "2015-09-30": "$2.94", "2015-06-30": "$3.05", "2015-03-31": "$2.81", "2014-12-31": "$3.16", "2014-09-30": "$2.13", "2014-06-30": "$2.20", "2014-03-31": "$4.36", "2013-12-31": "$0.80", "2013-09-30": "$-7.34", "2013-06-30": "$-7.41", "2013-03-31": "$-8.78", "2012-12-31": "$-5.68", "2012-09-30": "$1.75", "2012-06-30": "$1.09", "2012-03-31": "$0.14", "2011-12-31": "$0.06", "2011-09-30": "$-0.01", "2011-06-30": "$0.10", "2011-03-31": "$0.22", "2010-12-31": "$0.12", "2010-09-30": "$0.63", "2010-06-30": "$4.55", "2010-03-31": "$4.53", "2009-12-31": "$4.20", "2009-09-30": "$3.95", "2009-06-30": "$-0.53", "2009-03-31": "$-2.05", "2008-12-31": "$-2.72", "2008-09-30": "$-8.75", "2008-06-30": "$-9.34", "2008-03-31": "$-8.63", "2007-12-31": "$-8.11", "2007-09-30": "$-1.13", "2007-06-30": "$0.38", "2007-03-31": "$2.04", "2006-12-31": "$-0.01"}, "net worth": {"value": "$1.94B"}, "current ratio": {"2020-09-30": "2.71", "2020-06-30": "2.78", "2020-03-31": "3.05", "2019-12-31": "0.84", "2019-09-30": "0.78", "2019-06-30": "0.93", "2019-03-31": "0.90", "2018-12-31": "0.99", "2018-09-30": "0.96", "2018-06-30": "0.91", "2018-03-31": "0.98", "2017-12-31": "0.88", "2017-09-30": "0.85", "2017-06-30": "0.88", "2017-03-31": "0.88", "2016-12-31": "0.82", "2016-09-30": "0.80", "2016-06-30": "0.70", "2016-03-31": "0.76", "2015-12-31": "0.72", "2015-09-30": "0.50", "2015-06-30": "0.50", "2015-03-31": "0.50", "2014-12-31": "0.45", "2014-09-30": "0.53", "2014-06-30": "0.54", "2014-03-31": "0.53", "2013-12-31": "0.50", "2013-09-30": "0.49", "2013-06-30": "0.64", "2013-03-31": "0.68", "2012-12-31": "0.69", "2012-09-30": "0.73", "2012-06-30": "0.78", "2012-03-31": "1.16", "2011-12-31": "0.68", "2011-09-30": "0.85", "2011-06-30": "0.79", "2011-03-31": "1.11", "2010-12-31": "1.89", "2010-09-30": "2.00", "2010-06-30": "2.35", "2010-03-31": "0.81", "2009-12-31": "0.73", "2009-09-30": "0.78", "2009-06-30": "0.67", "2009-03-31": "0.75", "2008-12-31": "0.64", "2008-09-30": "0.61", "2008-06-30": "0.70", "2008-03-31": "0.71", "2007-12-31": "0.77", "2007-09-30": "0.71", "2007-06-30": "0.74", "2007-03-31": "0.74", "2006-12-31": "1.54", "2006-09-30": "0.87", "2006-06-30": "0.79", "2006-03-31": "0.77", "2005-12-31": "1.01", "2005-09-30": "0.71", "2005-06-30": "0.74", "2005-03-31": "0.85"}, "quick ratio": {"2020-09-30": "0.00", "2020-06-30": "0.00", "2020-03-31": "0.00", "2019-12-31": "0.00", "2019-09-30": "0.00", "2019-06-30": "0.00", "2019-03-31": "0.00", "2018-12-31": "0.00", "2018-09-30": "0.00", "2018-06-30": "0.00", "2018-03-31": "0.00", "2017-12-31": "0.00", "2017-09-30": "0.00", "2017-06-30": "0.00", "2017-03-31": "0.00", "2016-12-31": "0.00", "2016-09-30": "0.00", "2016-06-30": "0.00", "2016-03-31": "0.00", "2015-12-31": "0.00", "2015-09-30": "0.00", "2015-06-30": "0.00", "2015-03-31": "0.00", "2014-12-31": "0.00", "2014-09-30": "0.00", "2014-06-30": "0.00", "2014-03-31": "0.00", "2013-12-31": "0.00", "2013-09-30": "0.00", "2013-06-30": "0.00", "2013-03-31": "0.00", "2012-12-31": "0.00", "2012-09-30": "0.00", "2012-06-30": "0.00", "2012-03-31": "0.00", "2011-12-31": "0.00", "2011-09-30": "0.00", "2011-06-30": "0.00", "2011-03-31": "0.00", "2010-12-31": "0.00", "2010-09-30": "0.00", "2010-06-30": "0.00", "2010-03-31": "0.00", "2009-12-31": "0.00", "2009-09-30": "0.00", "2009-06-30": "0.00", "2009-03-31": "0.00", "2008-12-31": "0.00", "2008-09-30": "0.00", "2008-06-30": "0.00", "2008-03-31": "0.00", "2007-12-31": "0.00", "2007-09-30": "0.00", "2007-06-30": "0.00", "2007-03-31": "0.00", "2006-12-31": "0.00", "2006-09-30": "0.00", "2006-06-30": "0.00", "2006-03-31": "0.00", "2005-12-31": "0.00", "2005-09-30": "0.00", "2005-06-30": "0.00", "2005-03-31": "0.00"}, "debt equity ratio": {"current": "2.21", "2020-09-30": "2.47", "2020-06-30": "2.43", "2020-03-31": "2.41", "2019-12-31": "2.13", "2019-09-30": "2.02", "2019-06-30": "2.01", "2019-03-31": "1.92", "2018-12-31": "1.83", "2018-09-30": "1.74", "2018-06-30": "1.75", "2018-03-31": "1.69", "2017-12-31": "1.42", "2017-09-30": "1.38", "2017-06-30": "1.33", "2017-03-31": "1.27", "2016-12-31": "1.25", "2016-09-30": "1.21", "2016-06-30": "1.18", "2016-03-31": "1.03", "2015-12-31": "1.22", "2015-09-30": "1.30", "2015-06-30": "1.27", "2015-03-31": "1.21", "2014-12-31": "1.17", "2014-09-30": "1.60", "2014-06-30": "1.52", "2014-03-31": "1.46", "2013-12-31": "1.44", "2013-09-30": "1.52", "2013-06-30": "1.60", "2013-03-31": "1.91", "2012-12-31": "1.73", "2012-09-30": "1.32", "2012-06-30": "1.46", "2012-03-31": "1.63", "2011-12-31": "1.51", "2011-09-30": "1.55", "2011-06-30": "1.45", "2011-03-31": "1.40", "2010-12-31": "1.40", "2010-09-30": "1.39", "2010-06-30": "1.37", "2010-03-31": "2.42", "2009-12-31": "2.41", "2009-09-30": "3.17", "2009-06-30": "4.03", "2009-03-31": "3.95", "2008-12-31": "3.93", "2008-09-30": "4.89", "2008-06-30": "4.82", "2008-03-31": "4.83", "2007-12-31": "5.90", "2007-09-30": "4.63", "2007-06-30": "4.47", "2007-03-31": "4.31", "2006-12-31": "3.90", "2006-09-30": "4.07", "2006-06-30": "3.98", "2006-03-31": "4.00", "2005-12-31": "7.68", "2005-09-30": "7.43", "2005-06-30": "7.17", "2005-03-31": "4.20"}, "return on equity": {"2020-09-30": "-0.44%", "2020-06-30": "2.01%", "2020-03-31": "3.39%", "2019-12-31": "3.29%", "2019-09-30": "2.70%", "2019-06-30": "3.51%", "2019-03-31": "3.17%", "2018-12-31": "1.82%", "2018-09-30": "2.32%", "2018-06-30": "0.65%", "2018-03-31": "1.10%", "2017-12-31": "3.55%", "2017-09-30": "3.55%", "2017-06-30": "3.39%", "2017-03-31": "3.71%", "2016-12-31": "11.16%", "2016-09-30": "18.68%", "2016-06-30": "17.86%", "2016-03-31": "16.22%", "2015-12-31": "8.56%", "2015-09-30": "25.32%", "2015-06-30": "28.04%", "2015-03-31": "31.45%", "2014-12-31": "35.62%", "2014-09-30": "5.93%", "2014-06-30": "5.93%", "2014-03-31": "11.42%", "2013-12-31": "11.66%", "2013-09-30": "12.73%", "2013-06-30": "13.25%", "2013-03-31": "11.18%", "2012-12-31": "10.44%", "2012-09-30": "10.30%", "2012-06-30": "9.55%", "2012-03-31": "4.66%", "2011-12-31": "5.10%", "2011-09-30": "0.58%", "2011-06-30": "0.41%", "2011-03-31": "1.00%", "2010-12-31": "0.88%", "2010-09-30": "-0.45%", "2010-06-30": "5.30%", "2010-03-31": "5.32%", "2009-12-31": "6.82%", "2009-09-30": "11.26%", "2009-06-30": "2.96%", "2009-03-31": "5.58%", "2008-12-31": "11.35%", "2008-09-30": "10.82%", "2008-06-30": "12.14%", "2008-03-31": "11.79%", "2007-12-31": "4.89%", "2007-09-30": "12.15%", "2007-06-30": "13.87%", "2007-03-31": "14.73%", "2006-12-31": "14.75%", "2006-09-30": "8.05%", "2006-06-30": "5.34%", "2006-03-31": "4.21%", "2005-12-31": "6.18%"}, "return on assets": {"2020-09-30": "-0.13%", "2020-06-30": "0.62%", "2020-03-31": "1.08%", "2019-12-31": "1.09%", "2019-09-30": "0.92%", "2019-06-30": "1.22%", "2019-03-31": "1.13%", "2018-12-31": "0.66%", "2018-09-30": "0.88%", "2018-06-30": "0.26%", "2018-03-31": "0.45%", "2017-12-31": "1.51%", "2017-09-30": "1.54%", "2017-06-30": "1.50%", "2017-03-31": "1.67%", "2016-12-31": "5.16%", "2016-09-30": "8.65%", "2016-06-30": "8.17%", "2016-03-31": "7.34%", "2015-12-31": "3.81%", "2015-09-30": "11.32%", "2015-06-30": "12.30%", "2015-03-31": "13.50%", "2014-12-31": "14.84%", "2014-09-30": "2.37%", "2014-06-30": "2.39%", "2014-03-31": "4.56%", "2013-12-31": "4.47%", "2013-09-30": "4.75%", "2013-06-30": "5.02%", "2013-03-31": "4.29%", "2012-12-31": "4.12%", "2012-09-30": "4.16%", "2012-06-30": "3.76%", "2012-03-31": "1.84%", "2011-12-31": "2.06%", "2011-09-30": "0.24%", "2011-06-30": "0.17%", "2011-03-31": "0.42%", "2010-12-31": "0.34%", "2010-09-30": "-0.16%", "2010-06-30": "1.66%", "2010-03-31": "1.36%", "2009-12-31": "1.58%", "2009-09-30": "2.37%", "2009-06-30": "0.57%", "2009-03-31": "1.04%", "2008-12-31": "2.03%", "2008-09-30": "1.78%", "2008-06-30": "2.02%", "2008-03-31": "1.99%", "2007-12-31": "0.85%", "2007-09-30": "2.29%", "2007-06-30": "2.68%", "2007-03-31": "2.91%", "2006-12-31": "2.96%", "2006-09-30": "1.44%", "2006-06-30": "0.85%", "2006-03-31": "0.59%", "2005-12-31": "0.82%"}, "return on investments": {"2020-09-30": "1.54%", "2020-06-30": "1.99%", "2020-03-31": "2.53%", "2019-12-31": "2.55%", "2019-09-30": "2.65%", "2019-06-30": "2.75%", "2019-03-31": "2.62%", "2018-12-31": "2.53%", "2018-09-30": "2.44%", "2018-06-30": "2.32%", "2018-03-31": "2.45%", "2017-12-31": "2.56%", "2017-09-30": "2.64%", "2017-06-30": "2.66%", "2017-03-31": "2.75%", "2016-12-31": "2.73%", "2016-09-30": "2.84%", "2016-06-30": "2.87%", "2016-03-31": "2.67%", "2015-12-31": "2.47%", "2015-09-30": "2.25%", "2015-06-30": "2.25%", "2015-03-31": "2.38%", "2014-12-31": "2.74%", "2014-09-30": "2.89%", "2014-06-30": "2.83%", "2014-03-31": "2.69%", "2013-12-31": "2.55%", "2013-09-30": "2.22%", "2013-06-30": "2.17%", "2013-03-31": "2.09%", "2012-12-31": "2.14%", "2012-09-30": "2.09%", "2012-06-30": "2.03%", "2012-03-31": "2.07%", "2011-12-31": "1.92%", "2011-09-30": "2.19%", "2011-06-30": "2.12%", "2011-03-31": "2.10%", "2010-12-31": "2.14%", "2010-09-30": "2.11%", "2010-06-30": "2.32%", "2010-03-31": "2.48%", "2009-12-31": "2.57%", "2009-09-30": "2.55%", "2009-06-30": "2.65%", "2009-03-31": "2.88%", "2008-12-31": "3.20%", "2008-09-30": "3.70%", "2008-06-30": "3.82%", "2008-03-31": "3.80%", "2007-12-31": "3.78%", "2007-09-30": "3.70%", "2007-06-30": "3.77%", "2007-03-31": "3.84%", "2006-12-31": "3.93%", "2006-09-30": "3.88%", "2006-06-30": "3.85%", "2006-03-31": "3.85%", "2005-12-31": "4.05%"}, "return on tangible equity": {"2020-09-30": "-0.44%", "2020-06-30": "2.01%", "2020-03-31": "3.39%", "2019-12-31": "3.29%", "2019-09-30": "2.70%", "2019-06-30": "3.51%", "2019-03-31": "3.17%", "2018-12-31": "1.82%", "2018-09-30": "2.32%", "2018-06-30": "0.65%", "2018-03-31": "1.10%", "2017-12-31": "3.55%", "2017-09-30": "3.55%", "2017-06-30": "3.39%", "2017-03-31": "3.71%", "2016-12-31": "11.16%", "2016-09-30": "18.68%", "2016-06-30": "17.86%", "2016-03-31": "16.22%", "2015-12-31": "8.56%", "2015-09-30": "25.32%", "2015-06-30": "28.04%", "2015-03-31": "31.45%", "2014-12-31": "35.62%", "2014-09-30": "5.93%", "2014-06-30": "5.93%", "2014-03-31": "11.42%", "2013-12-31": "11.66%", "2013-09-30": "12.73%", "2013-06-30": "13.25%", "2013-03-31": "11.18%", "2012-12-31": "10.44%", "2012-09-30": "10.30%", "2012-06-30": "9.55%", "2012-03-31": "4.66%", "2011-12-31": "5.10%", "2011-09-30": "0.58%", "2011-06-30": "0.41%", "2011-03-31": "1.00%", "2010-12-31": "0.88%", "2010-09-30": "-0.45%", "2010-06-30": "5.30%", "2010-03-31": "5.32%", "2009-12-31": "6.82%", "2009-09-30": "11.26%", "2009-06-30": "2.96%", "2009-03-31": "5.58%", "2008-12-31": "11.35%", "2008-09-30": "10.82%", "2008-06-30": "12.14%", "2008-03-31": "11.79%", "2007-12-31": "4.89%", "2007-09-30": "12.15%", "2007-06-30": "13.87%", "2007-03-31": "14.73%", "2006-12-31": "14.75%", "2006-09-30": "8.05%", "2006-06-30": "5.34%", "2006-03-31": "4.21%", "2005-12-31": "6.18%"}, "dividend yield history": {"last payout": "$0.60", "last yield": "4.63%"}}