{"ticker": "MIC", "price": {"title": "Macquarie Infrastructure Historical Annual Stock Price Data", "value": 30.14, "historical": {"2020": {"Average Stock Price": "31.3677", "Year Open": "42.7200", "Year High": "45.6500", "Year Low": "14.1000", "Year Close": "37.5500", "Annual % Change": "-12.35%"}, "2019": {"Average Stock Price": "40.7033", "Year Open": "37.5200", "Year High": "43.6700", "Year Low": "36.8800", "Year Close": "42.8400", "Annual % Change": "17.18%"}, "2018": {"Average Stock Price": "44.6247", "Year Open": "66.4900", "Year High": "67.4000", "Year Low": "34.9300", "Year Close": "36.5600", "Annual % Change": "-43.05%"}, "2017": {"Average Stock Price": "75.0832", "Year Open": "81.8100", "Year High": "82.8400", "Year Low": "63.8500", "Year Close": "64.2000", "Annual % Change": "-21.42%"}, "2016": {"Average Stock Price": "73.8992", "Year Open": "69.9600", "Year High": "84.1300", "Year Low": "52.8900", "Year Close": "81.7000", "Annual % Change": "12.53%"}, "2015": {"Average Stock Price": "78.7823", "Year Open": "70.0100", "Year High": "87.2400", "Year Low": "65.3200", "Year Close": "72.6000", "Annual % Change": "2.12%"}, "2014": {"Average Stock Price": "62.9494", "Year Open": "53.2200", "Year High": "73.0400", "Year Low": "51.5900", "Year Close": "71.0900", "Annual % Change": "30.61%"}, "2013": {"Average Stock Price": "53.4884", "Year Open": "46.4900", "Year High": "59.5500", "Year Low": "46.3600", "Year Close": "54.4300", "Annual % Change": "19.47%"}, "2012": {"Average Stock Price": "36.4636", "Year Open": "28.1800", "Year High": "45.8500", "Year Low": "27.5700", "Year Close": "45.5600", "Annual % Change": "63.01%"}, "2011": {"Average Stock Price": "24.5755", "Year Open": "21.1800", "Year High": "28.1500", "Year Low": "20.2100", "Year Close": "27.9500", "Annual % Change": "32.03%"}, "2010": {"Average Stock Price": "15.2699", "Year Open": "12.7000", "Year High": "21.1700", "Year Low": "12.2000", "Year Close": "21.1700", "Annual % Change": "72.39%"}, "2009": {"Average Stock Price": "5.3394", "Year Open": "4.0000", "Year High": "12.6000", "Year Low": "0.7900", "Year Close": "12.2800", "Annual % Change": "225.73%"}, "2008": {"Average Stock Price": "22.4469", "Year Open": "39.0100", "Year High": "39.0100", "Year Low": "2.3200", "Year Close": "3.7700", "Annual % Change": "-90.70%"}, "2007": {"Average Stock Price": "39.8187", "Year Open": "36.2500", "Year High": "44.8600", "Year Low": "34.8800", "Year Close": "40.5300", "Annual % Change": "14.23%"}, "2006": {"Average Stock Price": "30.5725", "Year Open": "30.8300", "Year High": "35.6300", "Year Low": "24.5000", "Year Close": "35.4800", "Annual % Change": "15.19%"}, "2005": {"Average Stock Price": "28.8905", "Year Open": "28.9400", "Year High": "31.0000", "Year Low": "27.2100", "Year Close": "30.8000", "Annual % Change": "4.94%"}, "2004": {"Average Stock Price": "28.0855", "Year Open": "27.8000", "Year High": "29.3500", "Year Low": "26.8900", "Year Close": "29.3500", "Annual % Change": "0.00%"}}}, "market cap": {"value": "$2.63B"}, "income statement": {"Revenue": {"2019-12-31": "1727.00000", "2018-12-31": "1761.00000", "2017-12-31": "1669.00000", "2016-12-31": "1502.03200", "2015-12-31": "1639.25000", "2014-12-31": "1350.91800", "2013-12-31": "1041.01900", "2012-12-31": "1034.04600", "2011-12-31": "988.79100", "2010-12-31": "840.79100", "2009-12-31": "710.07600", "2008-12-31": "977.36100", "2007-12-31": "754.21400", "2006-12-31": "520.25100", "2005-12-31": "304.74300"}, "Cost Of Goods Sold": {"2019-12-31": "818.00000", "2018-12-31": "891.00000", "2017-12-31": "768.00000", "2016-12-31": "643.86300", "2015-12-31": "719.98300", "2014-12-31": "739.49000", "2013-12-31": "620.02000", "2012-12-31": "637.09200", "2011-12-31": "606.20600", "2010-12-31": "470.36400", "2009-12-31": "353.60000", "2008-12-31": "577.86900", "2007-12-31": "420.04100", "2006-12-31": "299.34400", "2005-12-31": "166.64000"}, "Gross Profit": {"2019-12-31": "909.00000", "2018-12-31": "870.00000", "2017-12-31": "901.00000", "2016-12-31": "858.16900", "2015-12-31": "919.26700", "2014-12-31": "611.42800", "2013-12-31": "420.99900", "2012-12-31": "396.95400", "2011-12-31": "382.58500", "2010-12-31": "370.42700", "2009-12-31": "356.47600", "2008-12-31": "399.49200", "2007-12-31": "334.17300", "2006-12-31": "220.90700", "2005-12-31": "138.10300"}, "Research And Development Expenses": {"2019-12-31": "", "2018-12-31": "", "2017-12-31": "", "2016-12-31": "", "2015-12-31": "", "2014-12-31": "", "2013-12-31": "", "2012-12-31": "", "2011-12-31": "", "2010-12-31": "", "2009-12-31": "", "2008-12-31": "", "2007-12-31": "", "2006-12-31": "", "2005-12-31": ""}, "SG&A Expenses": {"2019-12-31": "366.00000", "2018-12-31": "372.00000", "2017-12-31": "377.00000", "2016-12-31": "346.11400", "2015-12-31": "659.82100", "2014-12-31": "433.43600", "2013-12-31": "295.42700", "2012-12-31": "302.59900", "2011-12-31": "217.96100", "2010-12-31": "211.83800", "2009-12-31": "214.62900", "2008-12-31": "239.85600", "2007-12-31": "251.00900", "2006-12-31": "138.88300", "2005-12-31": "91.93000"}, "Other Operating Income Or Expenses": {"2019-12-31": "", "2018-12-31": "", "2017-12-31": "", "2016-12-31": "", "2015-12-31": "", "2014-12-31": "", "2013-12-31": "-6.13200", "2012-12-31": "1.35800", "2011-12-31": "-1.52200", "2010-12-31": "-17.86900", "2009-12-31": "", "2008-12-31": "", "2007-12-31": "", "2006-12-31": "", "2005-12-31": ""}, "Operating Expenses": {"2019-12-31": "1438.00000", "2018-12-31": "1527.00000", "2017-12-31": "1387.00000", "2016-12-31": "1226.49200", "2015-12-31": "1696.48200", "2014-12-31": "1314.06300", "2013-12-31": "995.38010", "2012-12-31": "1004.52100", "2011-12-31": "901.61100", "2010-12-31": "764.69000", "2009-12-31": "737.13400", "2008-12-31": "971.73900", "2007-12-31": "723.90800", "2006-12-31": "494.17500", "2005-12-31": "279.39200"}, "Operating Income": {"2019-12-31": "289.00000", "2018-12-31": "234.00000", "2017-12-31": "282.00000", "2016-12-31": "275.54000", "2015-12-31": "-57.23190", "2014-12-31": "36.85500", "2013-12-31": "45.63900", "2012-12-31": "29.52500", "2011-12-31": "87.18010", "2010-12-31": "76.10100", "2009-12-31": "-27.05800", "2008-12-31": "5.62200", "2007-12-31": "30.30600", "2006-12-31": "26.07600", "2005-12-31": "25.35100"}, "Total Non-Operating Income/Expense": {"2019-12-31": "-149.00000", "2018-12-31": "-119.00000", "2017-12-31": "-78.00000", "2016-12-31": "-77.76200", "2015-12-31": "-121.73600", "2014-12-31": "978.05400", "2013-12-31": "0.48400", "2012-12-31": "-12.98900", "2011-12-31": "-35.57400", "2010-12-31": "-74.79200", "2009-12-31": "-97.44400", "2008-12-31": "-89.27900", "2007-12-31": "-89.64500", "2006-12-31": "7.39800", "2005-12-31": "-13.56700"}, "Pre-Tax Income": {"2019-12-31": "140.00000", "2018-12-31": "115.00000", "2017-12-31": "204.00000", "2016-12-31": "197.77800", "2015-12-31": "-178.96800", "2014-12-31": "1014.90900", "2013-12-31": "46.12300", "2012-12-31": "16.53600", "2011-12-31": "51.60600", "2010-12-31": "1.30900", "2009-12-31": "-124.50200", "2008-12-31": "-83.65700", "2007-12-31": "-59.33900", "2006-12-31": "33.47400", "2005-12-31": "11.78400"}, "Income Taxes": {"2019-12-31": "39.00000", "2018-12-31": "50.00000", "2017-12-31": "-230.00000", "2016-12-31": "69.31300", "2015-12-31": "-65.16100", "2014-12-31": "-24.37400", "2013-12-31": "18.04300", "2012-12-31": "2.28500", "2011-12-31": "22.71800", "2010-12-31": "-8.69700", "2009-12-31": "-15.81800", "2008-12-31": "-14.06100", "2007-12-31": "-16.76400", "2006-12-31": "-16.42100", "2005-12-31": "-3.61500"}, "Income After Taxes": {"2019-12-31": "101.00000", "2018-12-31": "65.00000", "2017-12-31": "434.00000", "2016-12-31": "128.46500", "2015-12-31": "-113.80700", "2014-12-31": "1039.28300", "2013-12-31": "28.08000", "2012-12-31": "14.25100", "2011-12-31": "28.88800", "2010-12-31": "10.00600", "2009-12-31": "-108.68400", "2008-12-31": "-69.59600", "2007-12-31": "-42.57500", "2006-12-31": "49.89500", "2005-12-31": "15.39900"}, "Other Income": {"2019-12-31": "", "2018-12-31": "", "2017-12-31": "", "2016-12-31": "", "2015-12-31": "", "2014-12-31": "", "2013-12-31": "", "2012-12-31": "", "2011-12-31": "", "2010-12-31": "", "2009-12-31": "", "2008-12-31": "", "2007-12-31": "", "2006-12-31": "", "2005-12-31": ""}, "Income From Continuous Operations": {"2019-12-31": "101.00000", "2018-12-31": "65.00000", "2017-12-31": "434.00000", "2016-12-31": "128.46500", "2015-12-31": "-113.80700", "2014-12-31": "1039.28300", "2013-12-31": "28.08000", "2012-12-31": "14.25100", "2011-12-31": "28.88800", "2010-12-31": "10.00600", "2009-12-31": "-108.68400", "2008-12-31": "-69.59600", "2007-12-31": "-43.12900", "2006-12-31": "49.91800", "2005-12-31": "15.19600"}, "Income From Discontinued Operations": {"2019-12-31": "52.00000", "2018-12-31": "30.00000", "2017-12-31": "22.00000", "2016-12-31": "26.40400", "2015-12-31": "", "2014-12-31": "", "2013-12-31": "", "2012-12-31": "", "2011-12-31": "", "2010-12-31": "81.32300", "2009-12-31": "-21.86000", "2008-12-31": "-110.04500", "2007-12-31": "-8.92500", "2006-12-31": "", "2005-12-31": ""}, "Net Income": {"2019-12-31": "156.00000", "2018-12-31": "137.00000", "2017-12-31": "451.00000", "2016-12-31": "156.38100", "2015-12-31": "-108.53700", "2014-12-31": "1042.02800", "2013-12-31": "31.25400", "2012-12-31": "13.32100", "2011-12-31": "27.34300", "2010-12-31": "90.67000", "2009-12-31": "-129.16700", "2008-12-31": "-178.47300", "2007-12-31": "-52.05400", "2006-12-31": "49.91800", "2005-12-31": "15.19600"}, "EBITDA": {"2019-12-31": "556.00000", "2018-12-31": "513.00000", "2017-12-31": "534.00000", "2016-12-31": "532.61400", "2015-12-31": "268.52110", "2014-12-31": "187.74200", "2013-12-31": "130.04000", "2012-12-31": "106.67200", "2011-12-31": "173.82710", "2010-12-31": "151.62200", "2009-12-31": "153.05400", "2008-12-31": "170.21100", "2007-12-31": "93.38500", "2006-12-31": "97.46600", "2005-12-31": "60.55400"}, "EBIT": {"2019-12-31": "289.00000", "2018-12-31": "234.00000", "2017-12-31": "282.00000", "2016-12-31": "275.54000", "2015-12-31": "-57.23190", "2014-12-31": "36.85500", "2013-12-31": "45.63900", "2012-12-31": "29.52500", "2011-12-31": "87.18010", "2010-12-31": "76.10100", "2009-12-31": "-27.05800", "2008-12-31": "5.62200", "2007-12-31": "30.30600", "2006-12-31": "26.07600", "2005-12-31": "25.35100"}, "Basic Shares Outstanding": {"2019-12-31": "86.17800", "2018-12-31": "85.23400", "2017-12-31": "83.20400", "2016-12-31": "80.89300", "2015-12-31": "77.99800", "2014-12-31": "62.99000", "2013-12-31": "51.38100", "2012-12-31": "46.63500", "2011-12-31": "45.99500", "2010-12-31": "45.55000", "2009-12-31": "45.02000", "2008-12-31": "44.94400", "2007-12-31": "40.88200", "2006-12-31": "28.89600", "2005-12-31": "26.92000"}, "Shares Outstanding": {"2019-12-31": "86.20400", "2018-12-31": "85.25000", "2017-12-31": "91.07300", "2016-12-31": "82.21900", "2015-12-31": "77.99800", "2014-12-31": "64.92600", "2013-12-31": "51.39600", "2012-12-31": "46.65500", "2011-12-31": "46.02100", "2010-12-31": "45.63200", "2009-12-31": "45.02000", "2008-12-31": "44.94400", "2007-12-31": "40.88200", "2006-12-31": "28.91200", "2005-12-31": "26.92900"}, "Basic EPS": {"2019-12-31": "1.82000", "2018-12-31": "1.60000", "2017-12-31": "5.42000", "2016-12-31": "1.93000", "2015-12-31": "-1.39000", "2014-12-31": "16.54000", "2013-12-31": "0.61000", "2012-12-31": "0.29000", "2011-12-31": "0.59000", "2010-12-31": "1.99000", "2009-12-31": "-2.87000", "2008-12-31": "-3.97000", "2007-12-31": "-1.27000", "2006-12-31": "1.73000", "2005-12-31": "0.56000"}, "EPS - Earnings Per Share": {"2019-12-31": "1.82000", "2018-12-31": "1.60000", "2017-12-31": "5.13000", "2016-12-31": "1.85000", "2015-12-31": "-1.39000", "2014-12-31": "16.10000", "2013-12-31": "0.61000", "2012-12-31": "0.29000", "2011-12-31": "0.59000", "2010-12-31": "1.99000", "2009-12-31": "-2.87000", "2008-12-31": "-3.97000", "2007-12-31": "-1.27000", "2006-12-31": "1.73000", "2005-12-31": "0.56000"}}, "income statement, quarterly": {"Revenue": {"2020-09-30": "202.00000", "2020-06-30": "261.00000", "2020-03-31": "416.00000", "2019-12-31": "542.00000", "2019-09-30": "287.00000", "2019-06-30": "416.00000", "2019-03-31": "482.00000", "2018-12-31": "437.00000", "2018-09-30": "421.00000", "2018-06-30": "436.00000", "2018-03-31": "467.00000", "2017-12-31": "325.49200", "2017-09-30": "453.06100", "2017-06-30": "438.99000", "2017-03-31": "451.45700", "2016-12-31": "287.54210", "2016-09-30": "420.52400", "2016-06-30": "397.57900", "2016-03-31": "396.38700", "2015-12-31": "401.35410", "2015-09-30": "415.70900", "2015-06-30": "423.68900", "2015-03-31": "398.49800", "2014-12-31": "405.14200", "2014-09-30": "388.63800", "2014-06-30": "280.94300", "2014-03-31": "276.19500", "2013-12-31": "260.52700", "2013-09-30": "263.71900", "2013-06-30": "252.56700", "2013-03-31": "264.20600", "2012-12-31": "251.42110", "2012-09-30": "259.25300", "2012-06-30": "258.51600", "2012-03-31": "264.85600", "2011-12-31": "250.15500", "2011-09-30": "251.57800", "2011-06-30": "247.18700", "2011-03-31": "239.87100", "2010-12-31": "221.49700", "2010-09-30": "213.29800", "2010-06-30": "204.69200", "2010-03-31": "201.30400", "2009-12-31": "193.61000", "2009-09-30": "185.56200", "2009-06-30": "163.40800", "2009-03-31": "167.49600", "2008-12-31": "135.11700", "2008-09-30": "276.99800", "2008-06-30": "286.54300", "2008-03-31": "278.70300", "2007-12-31": "186.50100", "2007-09-30": "221.52600", "2007-06-30": "177.20500", "2007-03-31": "168.98200", "2006-12-31": "164.86400", "2006-09-30": "163.26000", "2006-06-30": "105.93300", "2006-03-31": "86.19400", "2005-12-31": "86.55400", "2005-09-30": "79.93500", "2005-06-30": "72.51900", "2005-03-31": "65.73500"}, "Cost Of Goods Sold": {"2020-09-30": "79.00000", "2020-06-30": "93.00000", "2020-03-31": "187.00000", "2019-12-31": "256.00000", "2019-09-30": "147.00000", "2019-06-30": "207.00000", "2019-03-31": "208.00000", "2018-12-31": "229.00000", "2018-09-30": "206.00000", "2018-06-30": "221.00000", "2018-03-31": "235.00000", "2017-12-31": "189.81900", "2017-09-30": "188.88700", "2017-06-30": "187.36300", "2017-03-31": "201.93100", "2016-12-31": "164.10800", "2016-09-30": "174.35700", "2016-06-30": "155.87500", "2016-03-31": "149.52300", "2015-12-31": "174.38700", "2015-09-30": "179.38800", "2015-06-30": "193.66400", "2015-03-31": "172.54400", "2014-12-31": "203.91200", "2014-09-30": "206.29100", "2014-06-30": "166.09400", "2014-03-31": "163.19300", "2013-12-31": "153.77300", "2013-09-30": "155.70000", "2013-06-30": "151.13100", "2013-03-31": "159.41600", "2012-12-31": "154.32800", "2012-09-30": "157.72200", "2012-06-30": "160.82800", "2012-03-31": "164.21400", "2011-12-31": "152.63400", "2011-09-30": "152.54000", "2011-06-30": "156.68800", "2011-03-31": "144.34400", "2010-12-31": "126.56100", "2010-09-30": "117.93500", "2010-06-30": "116.35600", "2010-03-31": "109.51200", "2009-12-31": "103.64200", "2009-09-30": "95.47100", "2009-06-30": "78.26300", "2009-03-31": "76.22400", "2008-12-31": "59.26000", "2008-09-30": "174.03200", "2008-06-30": "178.46900", "2008-03-31": "166.10800", "2007-12-31": "97.47600", "2007-09-30": "127.29500", "2007-06-30": "101.44400", "2007-03-31": "93.82600", "2006-12-31": "94.53400", "2006-09-30": "99.86700", "2006-06-30": "58.64200", "2006-03-31": "46.30100", "2005-12-31": "48.69600", "2005-09-30": "44.39200", "2005-06-30": "39.20100", "2005-03-31": "34.35100"}, "Gross Profit": {"2020-09-30": "123.00000", "2020-06-30": "168.00000", "2020-03-31": "229.00000", "2019-12-31": "286.00000", "2019-09-30": "140.00000", "2019-06-30": "209.00000", "2019-03-31": "274.00000", "2018-12-31": "208.00000", "2018-09-30": "215.00000", "2018-06-30": "215.00000", "2018-03-31": "232.00000", "2017-12-31": "135.67300", "2017-09-30": "264.17400", "2017-06-30": "251.62700", "2017-03-31": "249.52600", "2016-12-31": "123.43410", "2016-09-30": "246.16700", "2016-06-30": "241.70400", "2016-03-31": "246.86400", "2015-12-31": "226.96710", "2015-09-30": "236.32100", "2015-06-30": "230.02500", "2015-03-31": "225.95400", "2014-12-31": "201.23000", "2014-09-30": "182.34700", "2014-06-30": "114.84900", "2014-03-31": "113.00200", "2013-12-31": "106.75400", "2013-09-30": "108.01900", "2013-06-30": "101.43600", "2013-03-31": "104.79000", "2012-12-31": "97.09300", "2012-09-30": "101.53100", "2012-06-30": "97.68800", "2012-03-31": "100.64200", "2011-12-31": "97.52100", "2011-09-30": "99.03800", "2011-06-30": "90.49900", "2011-03-31": "95.52700", "2010-12-31": "94.93600", "2010-09-30": "95.36300", "2010-06-30": "88.33600", "2010-03-31": "91.79200", "2009-12-31": "89.96800", "2009-09-30": "90.09100", "2009-06-30": "85.14500", "2009-03-31": "91.27200", "2008-12-31": "75.85700", "2008-09-30": "102.96600", "2008-06-30": "108.07400", "2008-03-31": "112.59500", "2007-12-31": "89.02490", "2007-09-30": "94.23100", "2007-06-30": "75.76100", "2007-03-31": "75.15600", "2006-12-31": "70.32990", "2006-09-30": "63.39300", "2006-06-30": "47.29100", "2006-03-31": "39.89300", "2005-12-31": "37.85800", "2005-09-30": "35.54300", "2005-06-30": "33.31800", "2005-03-31": "31.38400"}, "Research And Development Expenses": {"2020-09-30": "", "2020-06-30": "", "2020-03-31": "", "2019-12-31": "", "2019-09-30": "", "2019-06-30": "", "2019-03-31": "", "2018-12-31": "", "2018-09-30": "", "2018-06-30": "", "2018-03-31": "", "2017-12-31": "", "2017-09-30": "", "2017-06-30": "", "2017-03-31": "", "2016-12-31": "", "2016-09-30": "", "2016-06-30": "", "2016-03-31": "", "2015-12-31": "", "2015-09-30": "", "2015-06-30": "", "2015-03-31": "", "2014-12-31": "", "2014-09-30": "", "2014-06-30": "", "2014-03-31": "", "2013-12-31": "", "2013-09-30": "", "2013-06-30": "", "2013-03-31": "", "2012-12-31": "", "2012-09-30": "", "2012-06-30": "", "2012-03-31": "", "2011-12-31": "", "2011-09-30": "", "2011-06-30": "", "2011-03-31": "", "2010-12-31": "", "2010-09-30": "", "2010-06-30": "", "2010-03-31": "", "2009-12-31": "", "2009-09-30": "", "2009-06-30": "", "2009-03-31": "", "2008-12-31": "", "2008-09-30": "", "2008-06-30": "", "2008-03-31": "", "2007-12-31": "", "2007-09-30": "", "2007-06-30": "", "2007-03-31": "", "2006-12-31": "", "2006-09-30": "", "2006-06-30": "", "2006-03-31": "", "2005-12-31": "", "2005-09-30": "", "2005-06-30": "", "2005-03-31": ""}, "SG&A Expenses": {"2020-09-30": "74.00000", "2020-06-30": "87.00000", "2020-03-31": "103.00000", "2019-12-31": "107.00000", "2019-09-30": "80.00000", "2019-06-30": "91.00000", "2019-03-31": "88.00000", "2018-12-31": "96.00000", "2018-09-30": "90.00000", "2018-06-30": "93.00000", "2018-03-31": "93.00000", "2017-12-31": "77.57300", "2017-09-30": "102.85200", "2017-06-30": "101.40000", "2017-03-31": "95.17500", "2016-12-31": "74.36200", "2016-09-30": "95.85000", "2016-06-30": "88.82200", "2016-03-31": "87.08000", "2015-12-31": "96.25310", "2015-09-30": "92.01900", "2015-06-30": "235.62300", "2015-03-31": "235.92600", "2014-12-31": "89.64900", "2014-09-30": "207.99800", "2014-06-30": "71.33100", "2014-03-31": "64.45800", "2013-12-31": "63.51700", "2013-09-30": "68.91100", "2013-06-30": "84.61300", "2013-03-31": "78.38600", "2012-12-31": "106.19000", "2012-09-30": "80.92400", "2012-06-30": "55.22700", "2012-03-31": "60.25800", "2011-12-31": "56.02300", "2011-09-30": "54.17100", "2011-06-30": "52.46500", "2011-03-31": "55.30200", "2010-12-31": "54.25900", "2010-09-30": "52.86600", "2010-06-30": "51.79000", "2010-03-31": "52.92300", "2009-12-31": "56.75500", "2009-09-30": "51.69300", "2009-06-30": "49.57600", "2009-03-31": "56.60500", "2008-12-31": "45.05600", "2008-09-30": "60.16300", "2008-06-30": "66.15400", "2008-03-31": "68.48300", "2007-12-31": "62.87300", "2007-09-30": "56.06900", "2007-06-30": "87.52800", "2007-03-31": "44.53900", "2006-12-31": "41.38100", "2006-09-30": "39.06200", "2006-06-30": "28.01200", "2006-03-31": "30.42800", "2005-12-31": "25.61500", "2005-09-30": "24.06000", "2005-06-30": "21.15000", "2005-03-31": "21.10500"}, "Other Operating Income Or Expenses": {"2020-09-30": "", "2020-06-30": "", "2020-03-31": "", "2019-12-31": "", "2019-09-30": "", "2019-06-30": "", "2019-03-31": "", "2018-12-31": "", "2018-09-30": "", "2018-06-30": "", "2018-03-31": "", "2017-12-31": "", "2017-09-30": "", "2017-06-30": "", "2017-03-31": "", "2016-12-31": "", "2016-09-30": "", "2016-06-30": "", "2016-03-31": "", "2015-12-31": "", "2015-09-30": "", "2015-06-30": "", "2015-03-31": "-0.54500", "2014-12-31": "", "2014-09-30": "-1.28900", "2014-06-30": "-0.86600", "2014-03-31": "", "2013-12-31": "-4.28000", "2013-09-30": "-0.05000", "2013-06-30": "-1.62900", "2013-03-31": "-0.17300", "2012-12-31": "-0.02100", "2012-09-30": "1.70600", "2012-06-30": "-0.32700", "2012-03-31": "", "2011-12-31": "0.22100", "2011-09-30": "-0.51800", "2011-06-30": "-1.22500", "2011-03-31": "", "2010-12-31": "", "2010-09-30": "", "2010-06-30": "", "2010-03-31": "", "2009-12-31": "", "2009-09-30": "", "2009-06-30": "", "2009-03-31": "", "2008-12-31": "", "2008-09-30": "", "2008-06-30": "", "2008-03-31": "", "2007-12-31": "", "2007-09-30": "", "2007-06-30": "", "2007-03-31": "", "2006-12-31": "", "2006-09-30": "", "2006-06-30": "", "2006-03-31": "", "2005-12-31": "", "2005-09-30": "", "2005-06-30": "", "2005-03-31": ""}, "Operating Expenses": {"2020-09-30": "181.00000", "2020-06-30": "243.00000", "2020-03-31": "355.00000", "2019-12-31": "460.00000", "2019-09-30": "258.00000", "2019-06-30": "361.00000", "2019-03-31": "359.00000", "2018-12-31": "390.00000", "2018-09-30": "368.00000", "2018-06-30": "378.00000", "2018-03-31": "391.00000", "2017-12-31": "285.71900", "2017-09-30": "367.07700", "2017-06-30": "361.72400", "2017-03-31": "372.48000", "2016-12-31": "252.94300", "2016-09-30": "344.86600", "2016-06-30": "321.07200", "2016-03-31": "307.61100", "2015-12-31": "340.82390", "2015-09-30": "342.26000", "2015-06-30": "498.99000", "2015-03-31": "514.40800", "2014-12-31": "342.41300", "2014-09-30": "462.90500", "2014-06-30": "260.17500", "2014-03-31": "248.57000", "2013-12-31": "240.77510", "2013-09-30": "243.31800", "2013-06-30": "255.42900", "2013-03-31": "255.85800", "2012-12-31": "278.13110", "2012-09-30": "253.33600", "2012-06-30": "232.48500", "2012-03-31": "240.56900", "2011-12-31": "225.05290", "2011-09-30": "225.93800", "2011-06-30": "235.04500", "2011-03-31": "215.57500", "2010-12-31": "215.25700", "2010-09-30": "186.51700", "2010-06-30": "184.08800", "2010-03-31": "178.82800", "2009-12-31": "176.58200", "2009-09-30": "163.46700", "2009-06-30": "202.84100", "2009-03-31": "194.24400", "2008-12-31": "205.98500", "2008-09-30": "251.85900", "2008-06-30": "261.84200", "2008-03-31": "252.05300", "2007-12-31": "176.96800", "2007-09-30": "197.61800", "2007-06-30": "200.13800", "2007-03-31": "149.18400", "2006-12-31": "170.48300", "2006-09-30": "149.45200", "2006-06-30": "92.35500", "2006-03-31": "81.88500", "2005-12-31": "81.06200", "2005-09-30": "73.45600", "2005-06-30": "65.00600", "2005-03-31": "59.86800"}, "Operating Income": {"2020-09-30": "21.00000", "2020-06-30": "18.00000", "2020-03-31": "61.00000", "2019-12-31": "82.00000", "2019-09-30": "29.00000", "2019-06-30": "55.00000", "2019-03-31": "123.00000", "2018-12-31": "47.00000", "2018-09-30": "53.00000", "2018-06-30": "58.00000", "2018-03-31": "76.00000", "2017-12-31": "39.77300", "2017-09-30": "85.98400", "2017-06-30": "77.26600", "2017-03-31": "78.97700", "2016-12-31": "34.59910", "2016-09-30": "75.65800", "2016-06-30": "76.50700", "2016-03-31": "88.77600", "2015-12-31": "60.53020", "2015-09-30": "73.44900", "2015-06-30": "-75.30100", "2015-03-31": "-115.91000", "2014-12-31": "62.72900", "2014-09-30": "-74.26700", "2014-06-30": "20.76800", "2014-03-31": "27.62500", "2013-12-31": "19.75200", "2013-09-30": "20.40100", "2013-06-30": "-2.86200", "2013-03-31": "8.34800", "2012-12-31": "-26.71000", "2012-09-30": "5.91700", "2012-06-30": "26.03100", "2012-03-31": "24.28700", "2011-12-31": "25.10210", "2011-09-30": "25.64000", "2011-06-30": "12.14200", "2011-03-31": "24.29600", "2010-12-31": "6.24010", "2010-09-30": "26.78100", "2010-06-30": "20.60400", "2010-03-31": "22.47600", "2009-12-31": "17.02800", "2009-09-30": "22.09500", "2009-06-30": "-39.43300", "2009-03-31": "-26.74800", "2008-12-31": "-70.86800", "2008-09-30": "25.13900", "2008-06-30": "24.70100", "2008-03-31": "26.65000", "2007-12-31": "9.53290", "2007-09-30": "23.90800", "2007-06-30": "-22.93300", "2007-03-31": "19.79800", "2006-12-31": "-5.61900", "2006-09-30": "13.80800", "2006-06-30": "13.57800", "2006-03-31": "4.30900", "2005-12-31": "5.49200", "2005-09-30": "6.47900", "2005-06-30": "7.51300", "2005-03-31": "5.86700"}, "Total Non-Operating Income/Expense": {"2020-09-30": "-20.00000", "2020-06-30": "-31.00000", "2020-03-31": "-41.00000", "2019-12-31": "-43.00000", "2019-09-30": "-24.00000", "2019-06-30": "-47.00000", "2019-03-31": "-35.00000", "2018-12-31": "-33.00000", "2018-09-30": "-49.00000", "2018-06-30": "-19.00000", "2018-03-31": "-18.00000", "2017-12-31": "4.10700", "2017-09-30": "-24.26400", "2017-06-30": "-33.57700", "2017-03-31": "-24.26600", "2016-12-31": "19.03200", "2016-09-30": "-4.15500", "2016-06-30": "-39.20600", "2016-03-31": "-53.43300", "2015-12-31": "-16.08300", "2015-09-30": "-53.96800", "2015-06-30": "-21.74700", "2015-03-31": "-29.93800", "2014-12-31": "-29.90700", "2014-09-30": "1012.47900", "2014-06-30": "-5.53900", "2014-03-31": "1.02100", "2013-12-31": "3.12300", "2013-09-30": "-6.32300", "2013-06-30": "0.81600", "2013-03-31": "2.86800", "2012-12-31": "2.43100", "2012-09-30": "-7.79600", "2012-06-30": "-4.06800", "2012-03-31": "-3.55600", "2011-12-31": "-1.57800", "2011-09-30": "-10.99900", "2011-06-30": "-16.54500", "2011-03-31": "-6.45200", "2010-12-31": "3.69900", "2010-09-30": "-15.76900", "2010-06-30": "-33.69200", "2010-03-31": "-29.03000", "2009-12-31": "-15.13800", "2009-09-30": "-37.82700", "2009-06-30": "7.77300", "2009-03-31": "-52.25200", "2008-12-31": "-22.31400", "2008-09-30": "-22.55400", "2008-06-30": "-16.85600", "2008-03-31": "-27.55500", "2007-12-31": "-18.62000", "2007-09-30": "-41.01500", "2007-06-30": "-15.97500", "2007-03-31": "-14.03500", "2006-12-31": "35.35800", "2006-09-30": "-30.23400", "2006-06-30": "-2.37700", "2006-03-31": "4.65100", "2005-12-31": "-2.96900", "2005-09-30": "-3.70300", "2005-06-30": "-0.97400", "2005-03-31": "-5.92100"}, "Pre-Tax Income": {"2020-09-30": "1.00000", "2020-06-30": "-13.00000", "2020-03-31": "20.00000", "2019-12-31": "39.00000", "2019-09-30": "5.00000", "2019-06-30": "8.00000", "2019-03-31": "88.00000", "2018-12-31": "14.00000", "2018-09-30": "4.00000", "2018-06-30": "39.00000", "2018-03-31": "58.00000", "2017-12-31": "43.88000", "2017-09-30": "61.72000", "2017-06-30": "43.68900", "2017-03-31": "54.71100", "2016-12-31": "53.63100", "2016-09-30": "71.50300", "2016-06-30": "37.30100", "2016-03-31": "35.34300", "2015-12-31": "44.44700", "2015-09-30": "19.48100", "2015-06-30": "-97.04800", "2015-03-31": "-145.84800", "2014-12-31": "32.82200", "2014-09-30": "938.21200", "2014-06-30": "15.22900", "2014-03-31": "28.64600", "2013-12-31": "22.87500", "2013-09-30": "14.07800", "2013-06-30": "-2.04600", "2013-03-31": "11.21600", "2012-12-31": "-24.27900", "2012-09-30": "-1.87900", "2012-06-30": "21.96300", "2012-03-31": "20.73100", "2011-12-31": "23.52400", "2011-09-30": "14.64100", "2011-06-30": "-4.40300", "2011-03-31": "17.84400", "2010-12-31": "9.93900", "2010-09-30": "11.01200", "2010-06-30": "-13.08800", "2010-03-31": "-6.55400", "2009-12-31": "1.89000", "2009-09-30": "-15.73200", "2009-06-30": "-31.66000", "2009-03-31": "-79.00000", "2008-12-31": "-93.18200", "2008-09-30": "2.58500", "2008-06-30": "7.84500", "2008-03-31": "-0.90500", "2007-12-31": "-9.08700", "2007-09-30": "-17.10700", "2007-06-30": "-38.90800", "2007-03-31": "5.76300", "2006-12-31": "29.73900", "2006-09-30": "-16.42600", "2006-06-30": "11.20100", "2006-03-31": "8.96000", "2005-12-31": "2.52300", "2005-09-30": "2.77600", "2005-06-30": "6.53900", "2005-03-31": "-0.05400"}, "Income Taxes": {"2020-09-30": "159.00000", "2020-06-30": "-5.00000", "2020-03-31": "9.00000", "2019-12-31": "10.00000", "2019-09-30": "3.00000", "2019-06-30": "2.00000", "2019-03-31": "24.00000", "2018-12-31": "18.00000", "2018-09-30": "2.00000", "2018-06-30": "12.00000", "2018-03-31": "18.00000", "2017-12-31": "-295.28400", "2017-09-30": "25.54700", "2017-06-30": "17.66400", "2017-03-31": "22.07300", "2016-12-31": "8.90400", "2016-09-30": "29.02200", "2016-06-30": "16.22000", "2016-03-31": "15.16700", "2015-12-31": "12.56400", "2015-09-30": "11.13900", "2015-06-30": "-33.53100", "2015-03-31": "-55.33300", "2014-12-31": "14.11700", "2014-09-30": "-52.46200", "2014-06-30": "5.48500", "2014-03-31": "8.48600", "2013-12-31": "8.80200", "2013-09-30": "5.82900", "2013-06-30": "-1.09000", "2013-03-31": "4.50200", "2012-12-31": "-12.41300", "2012-09-30": "-1.75800", "2012-06-30": "9.93500", "2012-03-31": "6.52100", "2011-12-31": "11.08300", "2011-09-30": "5.13700", "2011-06-30": "-0.48800", "2011-03-31": "6.98600", "2010-12-31": "3.84400", "2010-09-30": "2.03600", "2010-06-30": "-13.48800", "2010-03-31": "-1.08900", "2009-12-31": "20.58500", "2009-09-30": "0.98400", "2009-06-30": "-4.82200", "2009-03-31": "-32.56500", "2008-12-31": "-17.31500", "2008-09-30": "2.25400", "2008-06-30": "-0.36400", "2008-03-31": "1.36400", "2007-12-31": "-1.85700", "2007-09-30": "0.97100", "2007-06-30": "-13.83300", "2007-03-31": "-2.04500", "2006-12-31": "-13.16200", "2006-09-30": "-6.27000", "2006-06-30": "1.61800", "2006-03-31": "1.39300", "2005-12-31": "-4.41400", "2005-09-30": "0.22000", "2005-06-30": "0.57900", "2005-03-31": ""}, "Income After Taxes": {"2020-09-30": "-158.00000", "2020-06-30": "-8.00000", "2020-03-31": "11.00000", "2019-12-31": "29.00000", "2019-09-30": "2.00000", "2019-06-30": "6.00000", "2019-03-31": "64.00000", "2018-12-31": "-4.00000", "2018-09-30": "2.00000", "2018-06-30": "27.00000", "2018-03-31": "40.00000", "2017-12-31": "339.16400", "2017-09-30": "36.17300", "2017-06-30": "26.02500", "2017-03-31": "32.63800", "2016-12-31": "44.72700", "2016-09-30": "42.48100", "2016-06-30": "21.08100", "2016-03-31": "20.17600", "2015-12-31": "31.88300", "2015-09-30": "8.34200", "2015-06-30": "-63.51700", "2015-03-31": "-90.51500", "2014-12-31": "18.70500", "2014-09-30": "990.67400", "2014-06-30": "9.74400", "2014-03-31": "20.16000", "2013-12-31": "14.07300", "2013-09-30": "8.24900", "2013-06-30": "-0.95600", "2013-03-31": "6.71400", "2012-12-31": "-11.86600", "2012-09-30": "-0.12100", "2012-06-30": "12.02800", "2012-03-31": "14.21000", "2011-12-31": "12.44100", "2011-09-30": "9.50400", "2011-06-30": "-3.91500", "2011-03-31": "10.85800", "2010-12-31": "6.09500", "2010-09-30": "8.97600", "2010-06-30": "0.40000", "2010-03-31": "-5.46500", "2009-12-31": "-18.69500", "2009-09-30": "-16.71600", "2009-06-30": "-26.83800", "2009-03-31": "-46.43500", "2008-12-31": "-75.86700", "2008-09-30": "0.33100", "2008-06-30": "8.20900", "2008-03-31": "-2.26900", "2007-12-31": "-7.23000", "2007-09-30": "-18.07800", "2007-06-30": "-25.07500", "2007-03-31": "7.80800", "2006-12-31": "42.90100", "2006-09-30": "-10.15600", "2006-06-30": "9.58300", "2006-03-31": "7.56700", "2005-12-31": "6.93700", "2005-09-30": "2.55600", "2005-06-30": "5.96000", "2005-03-31": "-0.05400"}, "Other Income": {"2020-09-30": "", "2020-06-30": "", "2020-03-31": "", "2019-12-31": "", "2019-09-30": "", "2019-06-30": "", "2019-03-31": "", "2018-12-31": "", "2018-09-30": "", "2018-06-30": "", "2018-03-31": "", "2017-12-31": "", "2017-09-30": "", "2017-06-30": "", "2017-03-31": "", "2016-12-31": "", "2016-09-30": "", "2016-06-30": "", "2016-03-31": "", "2015-12-31": "", "2015-09-30": "", "2015-06-30": "", "2015-03-31": "", "2014-12-31": "", "2014-09-30": "", "2014-06-30": "", "2014-03-31": "", "2013-12-31": "", "2013-09-30": "", "2013-06-30": "", "2013-03-31": "", "2012-12-31": "", "2012-09-30": "", "2012-06-30": "", "2012-03-31": "", "2011-12-31": "", "2011-09-30": "", "2011-06-30": "", "2011-03-31": "", "2010-12-31": "", "2010-09-30": "", "2010-06-30": "", "2010-03-31": "", "2009-12-31": "", "2009-09-30": "", "2009-06-30": "", "2009-03-31": "", "2008-12-31": "", "2008-09-30": "", "2008-06-30": "", "2008-03-31": "", "2007-12-31": "", "2007-09-30": "", "2007-06-30": "", "2007-03-31": "", "2006-12-31": "", "2006-09-30": "", "2006-06-30": "", "2006-03-31": "", "2005-12-31": "", "2005-09-30": "", "2005-06-30": "", "2005-03-31": ""}, "Income From Continuous Operations": {"2020-09-30": "-158.00000", "2020-06-30": "-8.00000", "2020-03-31": "11.00000", "2019-12-31": "29.00000", "2019-09-30": "2.00000", "2019-06-30": "6.00000", "2019-03-31": "64.00000", "2018-12-31": "-4.00000", "2018-09-30": "2.00000", "2018-06-30": "27.00000", "2018-03-31": "40.00000", "2017-12-31": "339.16400", "2017-09-30": "36.17300", "2017-06-30": "26.02500", "2017-03-31": "32.63800", "2016-12-31": "44.72700", "2016-09-30": "42.48100", "2016-06-30": "21.08100", "2016-03-31": "20.17600", "2015-12-31": "31.88300", "2015-09-30": "8.34200", "2015-06-30": "-63.51700", "2015-03-31": "-90.51500", "2014-12-31": "18.70500", "2014-09-30": "990.67400", "2014-06-30": "9.74400", "2014-03-31": "20.16000", "2013-12-31": "14.07300", "2013-09-30": "8.24900", "2013-06-30": "-0.95600", "2013-03-31": "6.71400", "2012-12-31": "-11.86600", "2012-09-30": "-0.12100", "2012-06-30": "12.02800", "2012-03-31": "14.21000", "2011-12-31": "12.44100", "2011-09-30": "9.50400", "2011-06-30": "-3.91500", "2011-03-31": "10.85800", "2010-12-31": "6.09500", "2010-09-30": "8.97600", "2010-06-30": "0.40000", "2010-03-31": "-5.46500", "2009-12-31": "-18.69500", "2009-09-30": "-16.71600", "2009-06-30": "-26.83800", "2009-03-31": "-46.43500", "2008-12-31": "-75.86700", "2008-09-30": "0.33100", "2008-06-30": "8.20900", "2008-03-31": "-2.26900", "2007-12-31": "-7.96700", "2007-09-30": "-17.99200", "2007-06-30": "-25.04700", "2007-03-31": "7.87700", "2006-12-31": "42.93800", "2006-09-30": "-10.01800", "2006-06-30": "9.43700", "2006-03-31": "7.56100", "2005-12-31": "7.06800", "2005-09-30": "2.57500", "2005-06-30": "5.63600", "2005-03-31": "-0.08300"}, "Income From Discontinued Operations": {"2020-09-30": "-735.00000", "2020-06-30": "", "2020-03-31": "", "2019-12-31": "-15.00000", "2019-09-30": "59.00000", "2019-06-30": "3.00000", "2019-03-31": "5.00000", "2018-12-31": "-36.00000", "2018-09-30": "20.00000", "2018-06-30": "9.00000", "2018-03-31": "37.00000", "2017-12-31": "", "2017-09-30": "", "2017-06-30": "", "2017-03-31": "", "2016-12-31": "", "2016-09-30": "", "2016-06-30": "", "2016-03-31": "", "2015-12-31": "", "2015-09-30": "", "2015-06-30": "", "2015-03-31": "", "2014-12-31": "", "2014-09-30": "", "2014-06-30": "", "2014-03-31": "", "2013-12-31": "", "2013-09-30": "", "2013-06-30": "", "2013-03-31": "", "2012-12-31": "", "2012-09-30": "", "2012-06-30": "", "2012-03-31": "", "2011-12-31": "", "2011-09-30": "", "2011-06-30": "", "2011-03-31": "", "2010-12-31": "0.12400", "2010-09-30": "", "2010-06-30": "85.21200", "2010-03-31": "-4.01300", "2009-12-31": "-10.59700", "2009-09-30": "-1.68000", "2009-06-30": "-3.15900", "2009-03-31": "-6.42400", "2008-12-31": "", "2008-09-30": "", "2008-06-30": "", "2008-03-31": "", "2007-12-31": "", "2007-09-30": "", "2007-06-30": "", "2007-03-31": "", "2006-12-31": "", "2006-09-30": "", "2006-06-30": "", "2006-03-31": "", "2005-12-31": "", "2005-09-30": "", "2005-06-30": "", "2005-03-31": ""}, "Net Income": {"2020-09-30": "-893.00000", "2020-06-30": "-8.00000", "2020-03-31": "11.00000", "2019-12-31": "14.00000", "2019-09-30": "61.00000", "2019-06-30": "11.00000", "2019-03-31": "70.00000", "2018-12-31": "", "2018-09-30": "22.00000", "2018-06-30": "38.00000", "2018-03-31": "77.00000", "2017-12-31": "348.87000", "2017-09-30": "40.09500", "2017-06-30": "26.02000", "2017-03-31": "36.01500", "2016-12-31": "72.80800", "2016-09-30": "42.02600", "2016-06-30": "19.19200", "2016-03-31": "22.35500", "2015-12-31": "32.92300", "2015-09-30": "10.63800", "2015-06-30": "-63.09600", "2015-03-31": "-89.00200", "2014-12-31": "20.96900", "2014-09-30": "990.99300", "2014-06-30": "9.70000", "2014-03-31": "20.36600", "2013-12-31": "15.82400", "2013-09-30": "10.40700", "2013-06-30": "-0.84800", "2013-03-31": "5.87100", "2012-12-31": "-10.03000", "2012-09-30": "-1.87900", "2012-06-30": "11.13800", "2012-03-31": "14.09200", "2011-12-31": "12.29200", "2011-09-30": "6.37600", "2011-06-30": "-2.49000", "2011-03-31": "11.16500", "2010-12-31": "4.24300", "2010-09-30": "8.94200", "2010-06-30": "85.85000", "2010-03-31": "-8.36500", "2009-12-31": "-28.83500", "2009-09-30": "-18.34800", "2009-06-30": "-28.95800", "2009-03-31": "-53.02600", "2008-12-31": "-185.31900", "2008-09-30": "0.49800", "2008-06-30": "8.33800", "2008-03-31": "-1.99000", "2007-12-31": "-16.89200", "2007-09-30": "-17.99200", "2007-06-30": "-25.04700", "2007-03-31": "7.87700", "2006-12-31": "42.93800", "2006-09-30": "-10.01800", "2006-06-30": "9.43700", "2006-03-31": "7.56100", "2005-12-31": "7.06800", "2005-09-30": "2.57500", "2005-06-30": "5.63600", "2005-03-31": "-0.08300"}, "EBITDA": {"2020-09-30": "-16.00000", "2020-06-30": "84.00000", "2020-03-31": "129.00000", "2019-12-31": "249.00000", "2019-09-30": "-4.00000", "2019-06-30": "121.00000", "2019-03-31": "190.00000", "2018-12-31": "118.00000", "2018-09-30": "128.00000", "2018-06-30": "124.00000", "2018-03-31": "143.00000", "2017-12-31": "59.25900", "2017-09-30": "164.36700", "2017-06-30": "153.20200", "2017-03-31": "157.17200", "2016-12-31": "62.09510", "2016-09-30": "152.60400", "2016-06-30": "155.25200", "2016-03-31": "162.66300", "2015-12-31": "133.57710", "2015-09-30": "146.49300", "2015-06-30": "-2.64700", "2015-03-31": "-8.90200", "2014-12-31": "114.64500", "2014-09-30": "-23.65100", "2014-06-30": "45.45900", "2014-03-31": "51.28900", "2013-12-31": "41.64400", "2013-09-30": "41.67300", "2013-06-30": "17.84700", "2013-03-31": "28.87600", "2012-12-31": "-6.48500", "2012-09-30": "25.34500", "2012-06-30": "44.77600", "2012-03-31": "43.03600", "2011-12-31": "44.40100", "2011-09-30": "47.02700", "2011-06-30": "39.49700", "2011-03-31": "42.90200", "2010-12-31": "25.50110", "2010-09-30": "45.17900", "2010-06-30": "37.52400", "2010-03-31": "43.41800", "2009-12-31": "36.09000", "2009-09-30": "41.24900", "2009-06-30": "38.41800", "2009-03-31": "37.29700", "2008-12-31": "28.21510", "2008-09-30": "47.10300", "2008-06-30": "46.27500", "2008-03-31": "48.61800", "2007-12-31": "24.26190", "2007-09-30": "42.41400", "2007-06-30": "-7.82500", "2007-03-31": "34.53400", "2006-12-31": "33.66000", "2006-09-30": "28.79700", "2006-06-30": "22.53600", "2006-03-31": "12.47300", "2005-12-31": "19.90300", "2005-09-30": "13.76600", "2005-06-30": "14.44700", "2005-03-31": "12.43800"}, "EBIT": {"2020-09-30": "21.00000", "2020-06-30": "18.00000", "2020-03-31": "61.00000", "2019-12-31": "82.00000", "2019-09-30": "29.00000", "2019-06-30": "55.00000", "2019-03-31": "123.00000", "2018-12-31": "47.00000", "2018-09-30": "53.00000", "2018-06-30": "58.00000", "2018-03-31": "76.00000", "2017-12-31": "39.77300", "2017-09-30": "85.98400", "2017-06-30": "77.26600", "2017-03-31": "78.97700", "2016-12-31": "34.59900", "2016-09-30": "75.65800", "2016-06-30": "76.50700", "2016-03-31": "88.77600", "2015-12-31": "60.53010", "2015-09-30": "73.44900", "2015-06-30": "-75.30100", "2015-03-31": "-115.91000", "2014-12-31": "62.72900", "2014-09-30": "-74.26700", "2014-06-30": "20.76800", "2014-03-31": "27.62500", "2013-12-31": "19.75200", "2013-09-30": "20.40100", "2013-06-30": "-2.86200", "2013-03-31": "8.34800", "2012-12-31": "-26.71000", "2012-09-30": "5.91700", "2012-06-30": "26.03100", "2012-03-31": "24.28700", "2011-12-31": "25.10210", "2011-09-30": "25.64000", "2011-06-30": "12.14200", "2011-03-31": "24.29600", "2010-12-31": "6.24000", "2010-09-30": "26.78100", "2010-06-30": "20.60400", "2010-03-31": "22.47600", "2009-12-31": "17.02800", "2009-09-30": "22.09500", "2009-06-30": "-39.43300", "2009-03-31": "-26.74800", "2008-12-31": "-70.86800", "2008-09-30": "25.13900", "2008-06-30": "24.70100", "2008-03-31": "26.65000", "2007-12-31": "9.53300", "2007-09-30": "23.90800", "2007-06-30": "-22.93300", "2007-03-31": "19.79800", "2006-12-31": "-5.61900", "2006-09-30": "13.80800", "2006-06-30": "13.57800", "2006-03-31": "4.30900", "2005-12-31": "5.49200", "2005-09-30": "6.47900", "2005-06-30": "7.51300", "2005-03-31": "5.86700"}, "Basic Shares Outstanding": {"2020-09-30": "87.03100", "2020-06-30": "86.87200", "2020-03-31": "86.68700", "2019-12-31": "86.17800", "2019-09-30": "86.27600", "2019-06-30": "86.07300", "2019-03-31": "85.87200", "2018-12-31": "85.23400", "2018-09-30": "85.37800", "2018-06-30": "85.08200", "2018-03-31": "84.82100", "2017-12-31": "83.20400", "2017-09-30": "83.64500", "2017-06-30": "82.43000", "2017-03-31": "82.13800", "2016-12-31": "80.89300", "2016-09-30": "81.22100", "2016-06-30": "80.37000", "2016-03-31": "80.11300", "2015-12-31": "77.99800", "2015-09-30": "79.62500", "2015-06-30": "79.24600", "2015-03-31": "73.15000", "2014-12-31": "62.99000", "2014-09-30": "68.00500", "2014-06-30": "56.56000", "2014-03-31": "56.36900", "2013-12-31": "51.38100", "2013-09-30": "53.04300", "2013-06-30": "50.88900", "2013-03-31": "47.58500", "2012-12-31": "46.63500", "2012-09-30": "46.68500", "2012-06-30": "46.53200", "2012-03-31": "46.35600", "2011-12-31": "45.99500", "2011-09-30": "46.08900", "2011-06-30": "45.90100", "2011-03-31": "45.73100", "2010-12-31": "45.55000", "2010-09-30": "45.71500", "2010-06-30": "45.46700", "2010-03-31": "45.29400", "2009-12-31": "45.02000", "2009-09-30": "45.00700", "2009-06-30": "44.95100", "2009-03-31": "44.94900", "2008-12-31": "44.94400", "2008-09-30": "44.94900", "2008-06-30": "44.94100", "2008-03-31": "44.93800", "2007-12-31": "40.88200", "2007-09-30": "43.35700", "2007-06-30": "37.56200", "2007-03-31": "37.56200", "2006-12-31": "28.89600", "2006-09-30": "27.21200", "2006-06-30": "27.06200", "2006-03-31": "27.05100", "2005-12-31": "26.92000", "2005-09-30": "27.05100", "2005-06-30": "26.96100", "2005-03-31": "26.61000"}, "Shares Outstanding": {"2020-09-30": "87.03100", "2020-06-30": "86.87200", "2020-03-31": "86.71800", "2019-12-31": "86.20400", "2019-09-30": "86.30400", "2019-06-30": "86.09900", "2019-03-31": "93.91300", "2018-12-31": "85.25000", "2018-09-30": "85.39900", "2018-06-30": "85.09200", "2018-03-31": "84.83100", "2017-12-31": "91.07300", "2017-09-30": "87.91700", "2017-06-30": "82.44000", "2017-03-31": "82.14780", "2016-12-31": "82.21900", "2016-09-30": "85.75000", "2016-06-30": "81.32300", "2016-03-31": "81.17100", "2015-12-31": "77.99800", "2015-09-30": "80.34300", "2015-06-30": "79.24600", "2015-03-31": "73.15000", "2014-12-31": "64.92600", "2014-09-30": "71.51700", "2014-06-30": "56.57300", "2014-03-31": "56.38200", "2013-12-31": "51.39600", "2013-09-30": "53.05600", "2013-06-30": "50.88900", "2013-03-31": "47.60300", "2012-12-31": "46.65500", "2012-09-30": "46.68500", "2012-06-30": "46.55400", "2012-03-31": "46.37900", "2011-12-31": "46.02100", "2011-09-30": "46.11000", "2011-06-30": "45.90100", "2011-03-31": "45.76300", "2010-12-31": "45.63200", "2010-09-30": "45.74700", "2010-06-30": "45.60400", "2010-03-31": "45.29400", "2009-12-31": "45.02000", "2009-09-30": "45.00700", "2009-06-30": "44.95100", "2009-03-31": "44.94900", "2008-12-31": "44.94400", "2008-09-30": "44.96300", "2008-06-30": "44.95400", "2008-03-31": "44.93800", "2007-12-31": "40.88200", "2007-09-30": "43.35700", "2007-06-30": "37.56200", "2007-03-31": "37.57900", "2006-12-31": "28.91200", "2006-09-30": "27.21200", "2006-06-30": "27.07300", "2006-03-31": "27.06700", "2005-12-31": "26.92900", "2005-09-30": "27.10900", "2005-06-30": "26.98400", "2005-03-31": "26.61000"}, "Basic EPS": {"2020-09-30": "-10.26000", "2020-06-30": "-0.09000", "2020-03-31": "0.13000", "2019-12-31": "0.16000", "2019-09-30": "0.71000", "2019-06-30": "0.13000", "2019-03-31": "0.82000", "2018-12-31": "-0.01000", "2018-09-30": "0.25000", "2018-06-30": "0.45000", "2018-03-31": "0.91000", "2017-12-31": "4.18000", "2017-09-30": "0.48000", "2017-06-30": "0.32000", "2017-03-31": "0.44000", "2016-12-31": "0.89000", "2016-09-30": "0.52000", "2016-06-30": "0.24000", "2016-03-31": "0.28000", "2015-12-31": "0.50000", "2015-09-30": "0.13000", "2015-06-30": "-0.80000", "2015-03-31": "-1.22000", "2014-12-31": "1.44000", "2014-09-30": "14.57000", "2014-06-30": "0.17000", "2014-03-31": "0.36000", "2013-12-31": "0.31000", "2013-09-30": "0.20000", "2013-06-30": "-0.02000", "2013-03-31": "0.12000", "2012-12-31": "-0.21000", "2012-09-30": "-0.04000", "2012-06-30": "0.24000", "2012-03-31": "0.30000", "2011-12-31": "0.26000", "2011-09-30": "0.14000", "2011-06-30": "-0.05000", "2011-03-31": "0.24000", "2010-12-31": "0.08000", "2010-09-30": "0.20000", "2010-06-30": "1.89000", "2010-03-31": "-0.18000", "2009-12-31": "-0.64000", "2009-09-30": "-0.41000", "2009-06-30": "-0.64000", "2009-03-31": "-1.18000", "2008-12-31": "-4.13000", "2008-09-30": "0.01000", "2008-06-30": "0.19000", "2008-03-31": "-0.04000", "2007-12-31": "-0.40000", "2007-09-30": "-0.41000", "2007-06-30": "-0.67000", "2007-03-31": "0.21000", "2006-12-31": "1.47000", "2006-09-30": "-0.37000", "2006-06-30": "0.35000", "2006-03-31": "0.28000", "2005-12-31": "0.25300", "2005-09-30": "0.10000", "2005-06-30": "0.21000", "2005-03-31": "-0.00300"}, "EPS - Earnings Per Share": {"2020-09-30": "-10.26000", "2020-06-30": "-0.09000", "2020-03-31": "0.13000", "2019-12-31": "0.19000", "2019-09-30": "0.71000", "2019-06-30": "0.13000", "2019-03-31": "0.79000", "2018-12-31": "-0.01000", "2018-09-30": "0.25000", "2018-06-30": "0.45000", "2018-03-31": "0.91000", "2017-12-31": "3.89000", "2017-09-30": "0.48000", "2017-06-30": "0.32000", "2017-03-31": "0.44000", "2016-12-31": "0.82000", "2016-09-30": "0.51000", "2016-06-30": "0.24000", "2016-03-31": "0.28000", "2015-12-31": "0.50000", "2015-09-30": "0.13000", "2015-06-30": "-0.80000", "2015-03-31": "-1.22000", "2014-12-31": "1.70000", "2014-09-30": "13.87000", "2014-06-30": "0.17000", "2014-03-31": "0.36000", "2013-12-31": "0.31000", "2013-09-30": "0.20000", "2013-06-30": "-0.02000", "2013-03-31": "0.12000", "2012-12-31": "-0.21000", "2012-09-30": "-0.04000", "2012-06-30": "0.24000", "2012-03-31": "0.30000", "2011-12-31": "0.26000", "2011-09-30": "0.14000", "2011-06-30": "-0.05000", "2011-03-31": "0.24000", "2010-12-31": "0.09000", "2010-09-30": "0.20000", "2010-06-30": "1.88000", "2010-03-31": "-0.18000", "2009-12-31": "-0.64000", "2009-09-30": "-0.41000", "2009-06-30": "-0.64000", "2009-03-31": "-1.18000", "2008-12-31": "-4.13000", "2008-09-30": "0.01000", "2008-06-30": "0.19000", "2008-03-31": "-0.04000", "2007-12-31": "-0.40000", "2007-09-30": "-0.41000", "2007-06-30": "-0.67000", "2007-03-31": "0.21000", "2006-12-31": "1.47000", "2006-09-30": "-0.37000", "2006-06-30": "0.35000", "2006-03-31": "0.28000", "2005-12-31": "0.26300", "2005-09-30": "0.09000", "2005-06-30": "0.21000", "2005-03-31": "-0.00300"}}, "balance sheet": {"Cash On Hand": {"2019-12-31": "358.00000", "2018-12-31": "612.00000", "2017-12-31": "56.13900", "2016-12-31": "61.18700", "2015-12-31": "41.34000", "2014-12-31": "69.29600", "2013-12-31": "285.25700", "2012-12-31": "144.50900", "2011-12-31": "22.78600", "2010-12-31": "24.56300", "2009-12-31": "27.45500", "2008-12-31": "66.05400", "2007-12-31": "58.80800", "2006-12-31": "38.60400", "2005-12-31": "116.49500"}, "Receivables": {"2019-12-31": "97.00000", "2018-12-31": "95.00000", "2017-12-31": "146.62100", "2016-12-31": "124.84600", "2015-12-31": "95.59700", "2014-12-31": "96.88500", "2013-12-31": "60.82300", "2012-12-31": "61.00100", "2011-12-31": "56.45800", "2010-12-31": "47.84500", "2009-12-31": "47.25600", "2008-12-31": "68.36300", "2007-12-31": "101.98600", "2006-12-31": "154.67100", "2005-12-31": "27.00400"}, "Inventory": {"2019-12-31": "31.00000", "2018-12-31": "29.00000", "2017-12-31": "33.06000", "2016-12-31": "31.46100", "2015-12-31": "29.48900", "2014-12-31": "28.08000", "2013-12-31": "25.83400", "2012-12-31": "20.61700", "2011-12-31": "23.10600", "2010-12-31": "17.06300", "2009-12-31": "14.30500", "2008-12-31": "15.96800", "2007-12-31": "18.21900", "2006-12-31": "12.79300", "2005-12-31": "1.98100"}, "Pre-Paid Expenses": {"2019-12-31": "13.00000", "2018-12-31": "13.00000", "2017-12-31": "10.88500", "2016-12-31": "14.56100", "2015-12-31": "21.69000", "2014-12-31": "14.27600", "2013-12-31": "10.13200", "2012-12-31": "8.90800", "2011-12-31": "7.33800", "2010-12-31": "6.32100", "2009-12-31": "6.68800", "2008-12-31": "7.95400", "2007-12-31": "10.41800", "2006-12-31": "6.88700", "2005-12-31": "4.70100"}, "Other Current Assets": {"2019-12-31": "30.00000", "2018-12-31": "23.00000", "2017-12-31": "24.02600", "2016-12-31": "12.61300", "2015-12-31": "28.45300", "2014-12-31": "22.94100", "2013-12-31": "18.30700", "2012-12-31": "12.07200", "2011-12-31": "14.52300", "2010-12-31": "10.60500", "2009-12-31": "10.83900", "2008-12-31": "13.59100", "2007-12-31": "11.70600", "2006-12-31": "15.60000", "2005-12-31": "4.39400"}, "Total Current Assets": {"2019-12-31": "529.00000", "2018-12-31": "1420.00000", "2017-12-31": "307.64500", "2016-12-31": "244.66800", "2015-12-31": "216.56900", "2014-12-31": "256.89000", "2013-12-31": "406.55000", "2012-12-31": "253.91000", "2011-12-31": "143.31300", "2010-12-31": "125.42700", "2009-12-31": "216.56100", "2008-12-31": "299.61500", "2007-12-31": "210.46700", "2006-12-31": "230.96600", "2005-12-31": "156.67600"}, "Property, Plant, And Equipment": {"2019-12-31": "3202.00000", "2018-12-31": "3141.00000", "2017-12-31": "3197.40700", "2016-12-31": "4346.53600", "2015-12-31": "4116.16300", "2014-12-31": "3362.58500", "2013-12-31": "854.16900", "2012-12-31": "708.03100", "2011-12-31": "561.02200", "2010-12-31": "563.45100", "2009-12-31": "580.08700", "2008-12-31": "592.43500", "2007-12-31": "674.95200", "2006-12-31": "522.75900", "2005-12-31": "335.11900"}, "Long-Term Investments": {"2019-12-31": "9.00000", "2018-12-31": "8.00000", "2017-12-31": "9.11500", "2016-12-31": "8.83500", "2015-12-31": "8.27400", "2014-12-31": "9.77300", "2013-12-31": "83.70300", "2012-12-31": "75.20500", "2011-12-31": "230.40100", "2010-12-31": "223.79200", "2009-12-31": "207.49100", "2008-12-31": "184.93000", "2007-12-31": "211.60600", "2006-12-31": "239.63200", "2005-12-31": "173.53500"}, "Goodwill And Intangible Assets": {"2019-12-31": "2772.00000", "2018-12-31": "2832.00000", "2017-12-31": "2898.79100", "2016-12-31": "2913.38000", "2015-12-31": "2952.10300", "2014-12-31": "2955.89300", "2013-12-31": "1107.34400", "2012-12-31": "1141.54200", "2011-12-31": "1178.31000", "2010-12-31": "1220.11500", "2009-12-31": "1267.26300", "2008-12-31": "1398.22200", "2007-12-31": "1627.45300", "2006-12-31": "1012.74500", "2005-12-31": "581.26300"}, "Other Long-Term Assets": {"2019-12-31": "13.00000", "2018-12-31": "43.00000", "2017-12-31": "45.04500", "2016-12-31": "45.83400", "2015-12-31": "15.69500", "2014-12-31": "8.01000", "2013-12-31": "26.35900", "2012-12-31": "8.98400", "2011-12-31": "14.55300", "2010-12-31": "15.36700", "2009-12-31": "17.46500", "2008-12-31": "18.89800", "2007-12-31": "21.39900", "2006-12-31": "28.67200", "2005-12-31": "45.58300"}, "Total Long-Term Assets": {"2019-12-31": "6332.00000", "2018-12-31": "6024.00000", "2017-12-31": "7701.30600", "2016-12-31": "7314.58500", "2015-12-31": "7092.23500", "2014-12-31": "6368.29800", "2013-12-31": "2094.31500", "2012-12-31": "1969.78400", "2011-12-31": "2025.32000", "2010-12-31": "2071.31500", "2009-12-31": "2122.66000", "2008-12-31": "2252.82100", "2007-12-31": "2602.56200", "2006-12-31": "1866.56700", "2005-12-31": "1206.62200"}, "Total Assets": {"2019-12-31": "6861.00000", "2018-12-31": "7444.00000", "2017-12-31": "8008.95100", "2016-12-31": "7559.25300", "2015-12-31": "7308.80400", "2014-12-31": "6625.18800", "2013-12-31": "2500.86500", "2012-12-31": "2223.69400", "2011-12-31": "2168.63300", "2010-12-31": "2196.74200", "2009-12-31": "2339.22100", "2008-12-31": "2552.43600", "2007-12-31": "2813.02900", "2006-12-31": "2097.53300", "2005-12-31": "1363.29800"}, "Total Current Liabilities": {"2019-12-31": "230.00000", "2018-12-31": "838.00000", "2017-12-31": "255.96500", "2016-12-31": "251.00900", "2015-12-31": "308.79000", "2014-12-31": "224.33200", "2013-12-31": "271.45200", "2012-12-31": "245.33000", "2011-12-31": "148.90200", "2010-12-31": "171.28600", "2009-12-31": "395.19600", "2008-12-31": "360.19900", "2007-12-31": "133.51500", "2006-12-31": "72.13900", "2005-12-31": "34.59800"}, "Long Term Debt": {"2019-12-31": "2654.00000", "2018-12-31": "2653.00000", "2017-12-31": "2991.65400", "2016-12-31": "3039.96600", "2015-12-31": "2746.52500", "2014-12-31": "2364.86600", "2013-12-31": "832.24500", "2012-12-31": "1054.88700", "2011-12-31": "1088.07900", "2010-12-31": "1089.97900", "2009-12-31": "1167.87700", "2008-12-31": "1329.42200", "2007-12-31": "1429.45800", "2006-12-31": "963.04100", "2005-12-31": "631.95900"}, "Other Non-Current Liabilities": {"2019-12-31": "167.00000", "2018-12-31": "155.00000", "2017-12-31": "162.67800", "2016-12-31": "224.62800", "2015-12-31": "234.21100", "2014-12-31": "161.71400", "2013-12-31": "54.18100", "2012-12-31": "56.52000", "2011-12-31": "60.53000", "2010-12-31": "92.45400", "2009-12-31": "93.54000", "2008-12-31": "145.32600", "2007-12-31": "73.64900", "2006-12-31": "25.82400", "2005-12-31": "6.34200"}, "Total Long Term Liabilities": {"2019-12-31": "3820.00000", "2018-12-31": "3489.00000", "2017-12-31": "4402.28300", "2016-12-31": "4160.71000", "2015-12-31": "3797.57200", "2014-12-31": "3430.68800", "2013-12-31": "1076.14500", "2012-12-31": "1280.79900", "2011-12-31": "1325.87100", "2010-12-31": "1338.76100", "2009-12-31": "1369.25700", "2008-12-31": "1557.97600", "2007-12-31": "1712.96200", "2006-12-31": "1160.96900", "2005-12-31": "761.03500"}, "Total Liabilities": {"2019-12-31": "4050.00000", "2018-12-31": "4327.00000", "2017-12-31": "4658.24800", "2016-12-31": "4411.71900", "2015-12-31": "4106.36200", "2014-12-31": "3655.02000", "2013-12-31": "1347.59700", "2012-12-31": "1526.12900", "2011-12-31": "1474.77300", "2010-12-31": "1510.04700", "2009-12-31": "1764.45300", "2008-12-31": "1918.17500", "2007-12-31": "1846.47700", "2006-12-31": "1233.10800", "2005-12-31": "795.63300"}, "Common Stock Net": {"2019-12-31": "", "2018-12-31": "", "2017-12-31": "0.08500", "2016-12-31": "0.08200", "2015-12-31": "0.08000", "2014-12-31": "1942.74500", "2013-12-31": "1226.73300", "2012-12-31": "883.14300", "2011-12-31": "951.72900", "2010-12-31": "964.43000", "2009-12-31": "959.89700", "2008-12-31": "956.95600", "2007-12-31": "1052.06200", "2006-12-31": "864.23300", "2005-12-31": "583.02300"}, "Retained Earnings (Accumulated Deficit)": {"2019-12-31": "1641.00000", "2018-12-31": "1485.00000", "2017-12-31": "1343.56700", "2016-12-31": "892.36500", "2015-12-31": "735.98400", "2014-12-31": "844.52100", "2013-12-31": "-197.50700", "2012-12-31": "-228.76100", "2011-12-31": "-242.08200", "2010-12-31": "-269.42500", "2009-12-31": "-360.09500", "2008-12-31": "-230.92800", "2007-12-31": "-52.45500", "2006-12-31": "", "2005-12-31": "-2.39200"}, "Comprehensive Income": {"2019-12-31": "-37.00000", "2018-12-31": "-30.00000", "2017-12-31": "-29.99300", "2016-12-31": "-28.96000", "2015-12-31": "-23.29500", "2014-12-31": "-21.55000", "2013-12-31": "-8.44500", "2012-12-31": "-20.80100", "2011-12-31": "-27.41200", "2010-12-31": "-25.81200", "2009-12-31": "-43.23200", "2008-12-31": "-97.19000", "2007-12-31": "-33.05500", "2006-12-31": "0.19200", "2005-12-31": "-12.96600"}, "Other Share Holders Equity": {"2019-12-31": "", "2018-12-31": "", "2017-12-31": "", "2016-12-31": "", "2015-12-31": "", "2014-12-31": "", "2013-12-31": "", "2012-12-31": "", "2011-12-31": "", "2010-12-31": "", "2009-12-31": "", "2008-12-31": "", "2007-12-31": "", "2006-12-31": "", "2005-12-31": ""}, "Share Holder Equity": {"2019-12-31": "2811.00000", "2018-12-31": "3117.00000", "2017-12-31": "3350.70300", "2016-12-31": "3147.53400", "2015-12-31": "3202.44200", "2014-12-31": "2970.16800", "2013-12-31": "1153.26800", "2012-12-31": "697.56500", "2011-12-31": "693.86000", "2010-12-31": "686.69500", "2009-12-31": "574.76800", "2008-12-31": "634.26100", "2007-12-31": "966.55200", "2006-12-31": "864.42500", "2005-12-31": "567.66500"}, "Total Liabilities And Share Holders Equity": {"2019-12-31": "6861.00000", "2018-12-31": "7444.00000", "2017-12-31": "8008.95100", "2016-12-31": "7559.25300", "2015-12-31": "7308.80400", "2014-12-31": "6625.18800", "2013-12-31": "2500.86500", "2012-12-31": "2223.69400", "2011-12-31": "2168.63300", "2010-12-31": "2196.74200", "2009-12-31": "2339.22100", "2008-12-31": "2552.43600", "2007-12-31": "2813.02900", "2006-12-31": "2097.53300", "2005-12-31": "1363.29800"}}, "balance sheet, quarterly": {"Cash On Hand": {"2020-09-30": "443.00000", "2020-06-30": "888.00000", "2020-03-31": "1157.00000", "2019-12-31": "261.00000", "2019-09-30": "474.00000", "2019-06-30": "590.00000", "2019-03-31": "626.00000", "2018-12-31": "612.00000", "2018-09-30": "91.40000", "2018-06-30": "81.48500", "2018-03-31": "102.64300", "2017-12-31": "56.13900", "2017-09-30": "58.54600", "2017-06-30": "52.24100", "2017-03-31": "44.78700", "2016-12-31": "61.18700", "2016-09-30": "41.22000", "2016-06-30": "37.74300", "2016-03-31": "34.23400", "2015-12-31": "41.34000", "2015-09-30": "124.73000", "2015-06-30": "189.24400", "2015-03-31": "110.87700", "2014-12-31": "69.29600", "2014-09-30": "61.55300", "2014-06-30": "113.61900", "2014-03-31": "247.13100", "2013-12-31": "285.25700", "2013-09-30": "96.96300", "2013-06-30": "119.39100", "2013-03-31": "154.44700", "2012-12-31": "144.50900", "2012-09-30": "150.79700", "2012-06-30": "145.57400", "2012-03-31": "32.39000", "2011-12-31": "22.78600", "2011-09-30": "21.81700", "2011-06-30": "36.35400", "2011-03-31": "24.86400", "2010-12-31": "24.56300", "2010-09-30": "37.03700", "2010-06-30": "29.27400", "2010-03-31": "29.27700", "2009-12-31": "27.45500", "2009-09-30": "58.66900", "2009-06-30": "40.02400", "2009-03-31": "39.98400", "2008-12-31": "66.05400", "2008-09-30": "42.19500", "2008-06-30": "48.06100", "2008-03-31": "62.61600", "2007-12-31": "58.80800", "2007-09-30": "74.37200", "2007-06-30": "74.29000", "2007-03-31": "147.36100", "2006-12-31": "38.60400", "2006-09-30": "38.69100", "2006-06-30": "43.45200", "2006-03-31": "127.95400", "2005-12-31": "116.49500", "2005-09-30": "44.61000", "2005-06-30": "121.92400", "2005-03-31": "128.51200"}, "Receivables": {"2020-09-30": "52.00000", "2020-06-30": "74.00000", "2020-03-31": "83.00000", "2019-12-31": "77.00000", "2019-09-30": "89.00000", "2019-06-30": "97.00000", "2019-03-31": "106.00000", "2018-12-31": "95.00000", "2018-09-30": "130.77700", "2018-06-30": "128.62900", "2018-03-31": "153.41900", "2017-12-31": "146.62100", "2017-09-30": "145.50600", "2017-06-30": "133.56200", "2017-03-31": "123.84900", "2016-12-31": "124.84600", "2016-09-30": "126.48700", "2016-06-30": "96.79900", "2016-03-31": "92.10100", "2015-12-31": "95.59700", "2015-09-30": "107.27000", "2015-06-30": "115.01900", "2015-03-31": "96.92800", "2014-12-31": "96.88500", "2014-09-30": "98.04800", "2014-06-30": "80.31800", "2014-03-31": "75.68000", "2013-12-31": "60.82300", "2013-09-30": "78.26400", "2013-06-30": "76.39000", "2013-03-31": "62.86100", "2012-12-31": "61.00100", "2012-09-30": "64.98100", "2012-06-30": "64.69400", "2012-03-31": "64.48600", "2011-12-31": "56.45800", "2011-09-30": "59.51600", "2011-06-30": "57.94500", "2011-03-31": "54.42500", "2010-12-31": "47.84500", "2010-09-30": "52.06400", "2010-06-30": "50.50800", "2010-03-31": "45.38300", "2009-12-31": "47.25600", "2009-09-30": "54.51500", "2009-06-30": "55.19200", "2009-03-31": "55.54500", "2008-12-31": "68.36300", "2008-09-30": "97.76500", "2008-06-30": "111.37100", "2008-03-31": "114.14200", "2007-12-31": "101.98600", "2007-09-30": "97.73700", "2007-06-30": "73.41700", "2007-03-31": "70.67100", "2006-12-31": "154.67100", "2006-09-30": "71.75600", "2006-06-30": "56.56200", "2006-03-31": "27.45700", "2005-12-31": "27.00400", "2005-09-30": "21.22800", "2005-06-30": "19.68300", "2005-03-31": "19.66200"}, "Inventory": {"2020-09-30": "17.00000", "2020-06-30": "26.00000", "2020-03-31": "24.00000", "2019-12-31": "22.00000", "2019-09-30": "29.00000", "2019-06-30": "31.00000", "2019-03-31": "30.00000", "2018-12-31": "29.00000", "2018-09-30": "30.80700", "2018-06-30": "31.49500", "2018-03-31": "38.74300", "2017-12-31": "33.06000", "2017-09-30": "35.96000", "2017-06-30": "35.47400", "2017-03-31": "35.06300", "2016-12-31": "31.46100", "2016-09-30": "30.37600", "2016-06-30": "31.49200", "2016-03-31": "27.57000", "2015-12-31": "29.48900", "2015-09-30": "31.24900", "2015-06-30": "31.02500", "2015-03-31": "26.11400", "2014-12-31": "28.08000", "2014-09-30": "32.47600", "2014-06-30": "26.94200", "2014-03-31": "24.77900", "2013-12-31": "25.83400", "2013-09-30": "25.33000", "2013-06-30": "23.62300", "2013-03-31": "23.09100", "2012-12-31": "20.61700", "2012-09-30": "22.37000", "2012-06-30": "22.11700", "2012-03-31": "23.31800", "2011-12-31": "23.10600", "2011-09-30": "18.83600", "2011-06-30": "16.77700", "2011-03-31": "17.80500", "2010-12-31": "17.06300", "2010-09-30": "15.12500", "2010-06-30": "16.60600", "2010-03-31": "15.08100", "2009-12-31": "14.30500", "2009-09-30": "14.76200", "2009-06-30": "14.37000", "2009-03-31": "15.51500", "2008-12-31": "15.96800", "2008-09-30": "20.69400", "2008-06-30": "21.88800", "2008-03-31": "19.47000", "2007-12-31": "18.21900", "2007-09-30": "16.25500", "2007-06-30": "12.53900", "2007-03-31": "13.63400", "2006-12-31": "12.79300", "2006-09-30": "11.84000", "2006-06-30": "9.36500", "2006-03-31": "1.61100", "2005-12-31": "1.98100", "2005-09-30": "2.10400", "2005-06-30": "1.21100", "2005-03-31": "1.25600"}, "Pre-Paid Expenses": {"2020-09-30": "9.00000", "2020-06-30": "14.00000", "2020-03-31": "14.00000", "2019-12-31": "9.00000", "2019-09-30": "15.00000", "2019-06-30": "16.00000", "2019-03-31": "13.00000", "2018-12-31": "13.00000", "2018-09-30": "9.32900", "2018-06-30": "10.07300", "2018-03-31": "13.08600", "2017-12-31": "10.88500", "2017-09-30": "13.79900", "2017-06-30": "16.40600", "2017-03-31": "19.32800", "2016-12-31": "14.56100", "2016-09-30": "12.78300", "2016-06-30": "14.40700", "2016-03-31": "17.18800", "2015-12-31": "21.69000", "2015-09-30": "17.24100", "2015-06-30": "15.01900", "2015-03-31": "14.64200", "2014-12-31": "14.27600", "2014-09-30": "8.89500", "2014-06-30": "6.25100", "2014-03-31": "8.65400", "2013-12-31": "10.13200", "2013-09-30": "9.47300", "2013-06-30": "6.09100", "2013-03-31": "7.82900", "2012-12-31": "8.90800", "2012-09-30": "5.74300", "2012-06-30": "5.75400", "2012-03-31": "7.27900", "2011-12-31": "7.33800", "2011-09-30": "5.48000", "2011-06-30": "4.21100", "2011-03-31": "6.97300", "2010-12-31": "6.32100", "2010-09-30": "7.17100", "2010-06-30": "6.21800", "2010-03-31": "7.36000", "2009-12-31": "6.68800", "2009-09-30": "9.09600", "2009-06-30": "6.72000", "2009-03-31": "10.07600", "2008-12-31": "7.95400", "2008-09-30": "8.79300", "2008-06-30": "6.20900", "2008-03-31": "10.18000", "2007-12-31": "10.41800", "2007-09-30": "9.96500", "2007-06-30": "4.56400", "2007-03-31": "7.81300", "2006-12-31": "6.88700", "2006-09-30": "6.96800", "2006-06-30": "4.01500", "2006-03-31": "5.54500", "2005-12-31": "4.70100", "2005-09-30": "4.94600", "2005-06-30": "3.23300", "2005-03-31": "4.25600"}, "Other Current Assets": {"2020-09-30": "9.00000", "2020-06-30": "16.00000", "2020-03-31": "16.00000", "2019-12-31": "10.00000", "2019-09-30": "23.00000", "2019-06-30": "768.00000", "2019-03-31": "41.00000", "2018-12-31": "23.00000", "2018-09-30": "30.55000", "2018-06-30": "30.15400", "2018-03-31": "30.65200", "2017-12-31": "24.02600", "2017-09-30": "25.41700", "2017-06-30": "14.33500", "2017-03-31": "14.30900", "2016-12-31": "12.61300", "2016-09-30": "16.64800", "2016-06-30": "17.61400", "2016-03-31": "27.12900", "2015-12-31": "28.45300", "2015-09-30": "25.18000", "2015-06-30": "28.20900", "2015-03-31": "18.35500", "2014-12-31": "22.94100", "2014-09-30": "42.89800", "2014-06-30": "13.17900", "2014-03-31": "11.14000", "2013-12-31": "18.30700", "2013-09-30": "9.76600", "2013-06-30": "9.94200", "2013-03-31": "22.00900", "2012-12-31": "12.07200", "2012-09-30": "15.68400", "2012-06-30": "14.30600", "2012-03-31": "16.15100", "2011-12-31": "14.52300", "2011-09-30": "16.15200", "2011-06-30": "12.47400", "2011-03-31": "12.75200", "2010-12-31": "10.60500", "2010-09-30": "9.12000", "2010-06-30": "9.55900", "2010-03-31": "8.54100", "2009-12-31": "10.83900", "2009-09-30": "11.20300", "2009-06-30": "22.96600", "2009-03-31": "22.17500", "2008-12-31": "13.59100", "2008-09-30": "23.72100", "2008-06-30": "20.02600", "2008-03-31": "12.36400", "2007-12-31": "11.70600", "2007-09-30": "14.15800", "2007-06-30": "12.74700", "2007-03-31": "12.03400", "2006-12-31": "15.60000", "2006-09-30": "10.99000", "2006-06-30": "9.44600", "2006-03-31": "5.05700", "2005-12-31": "4.39400", "2005-09-30": "3.98100", "2005-06-30": "4.03600", "2005-03-31": ""}, "Total Current Assets": {"2020-09-30": "3930.00000", "2020-06-30": "1018.00000", "2020-03-31": "1294.00000", "2019-12-31": "4551.00000", "2019-09-30": "630.00000", "2019-06-30": "1502.00000", "2019-03-31": "1538.00000", "2018-12-31": "1420.00000", "2018-09-30": "1264.79700", "2018-06-30": "1233.81800", "2018-03-31": "338.54300", "2017-12-31": "307.64500", "2017-09-30": "279.22800", "2017-06-30": "252.01800", "2017-03-31": "237.33600", "2016-12-31": "244.66800", "2016-09-30": "227.51400", "2016-06-30": "198.05500", "2016-03-31": "198.22200", "2015-12-31": "216.56900", "2015-09-30": "331.08200", "2015-06-30": "403.92800", "2015-03-31": "292.32800", "2014-12-31": "256.89000", "2014-09-30": "257.30700", "2014-06-30": "244.87600", "2014-03-31": "372.70400", "2013-12-31": "406.55000", "2013-09-30": "226.25200", "2013-06-30": "241.88400", "2013-03-31": "276.68700", "2012-12-31": "253.91000", "2012-09-30": "276.41900", "2012-06-30": "271.73600", "2012-03-31": "269.36500", "2011-12-31": "143.31300", "2011-09-30": "140.33100", "2011-06-30": "147.32400", "2011-03-31": "136.58900", "2010-12-31": "125.42700", "2010-09-30": "142.11700", "2010-06-30": "134.07300", "2010-03-31": "215.73000", "2009-12-31": "216.56100", "2009-09-30": "152.01900", "2009-06-30": "143.04600", "2009-03-31": "147.06900", "2008-12-31": "299.61500", "2008-09-30": "202.49800", "2008-06-30": "216.88500", "2008-03-31": "228.10200", "2007-12-31": "210.46700", "2007-09-30": "215.32800", "2007-06-30": "179.96800", "2007-03-31": "253.92400", "2006-12-31": "230.96600", "2006-09-30": "142.64100", "2006-06-30": "124.95500", "2006-03-31": "169.73900", "2005-12-31": "156.67600", "2005-09-30": "78.49100", "2005-06-30": "151.68300", "2005-03-31": "155.28200"}, "Property, Plant, And Equipment": {"2020-09-30": "859.00000", "2020-06-30": "3231.00000", "2020-03-31": "3220.00000", "2019-12-31": "879.00000", "2019-09-30": "3153.00000", "2019-06-30": "3127.00000", "2019-03-31": "3115.00000", "2018-12-31": "3141.00000", "2018-09-30": "3753.29100", "2018-06-30": "3760.02300", "2018-03-31": "4644.35000", "2017-12-31": "3197.40700", "2017-09-30": "4611.63300", "2017-06-30": "4408.25400", "2017-03-31": "4346.59700", "2016-12-31": "4346.53600", "2016-09-30": "4164.74500", "2016-06-30": "4128.73600", "2016-03-31": "4128.51000", "2015-12-31": "4116.16300", "2015-09-30": "4028.26900", "2015-06-30": "4037.97700", "2015-03-31": "3331.53700", "2014-12-31": "3362.58500", "2014-09-30": "3216.06100", "2014-06-30": "894.66500", "2014-03-31": "854.68700", "2013-12-31": "854.16900", "2013-09-30": "777.06700", "2013-06-30": "728.84500", "2013-03-31": "718.63100", "2012-12-31": "708.03100", "2012-09-30": "559.09600", "2012-06-30": "559.42500", "2012-03-31": "558.09000", "2011-12-31": "561.02200", "2011-09-30": "556.91400", "2011-06-30": "553.34300", "2011-03-31": "559.67600", "2010-12-31": "563.45100", "2010-09-30": "565.76100", "2010-06-30": "569.19300", "2010-03-31": "574.88400", "2009-12-31": "580.08700", "2009-09-30": "663.55500", "2009-06-30": "653.44800", "2009-03-31": "659.89300", "2008-12-31": "592.43500", "2008-09-30": "703.84200", "2008-06-30": "699.82200", "2008-03-31": "690.22100", "2007-12-31": "674.95200", "2007-09-30": "661.03600", "2007-06-30": "550.16500", "2007-03-31": "526.26200", "2006-12-31": "522.75900", "2006-09-30": "518.29300", "2006-06-30": "461.31400", "2006-03-31": "334.09400", "2005-12-31": "335.11900", "2005-09-30": "311.29600", "2005-06-30": "294.63900", "2005-03-31": "295.50600"}, "Long-Term Investments": {"2020-09-30": "", "2020-06-30": "8.00000", "2020-03-31": "8.00000", "2019-12-31": "", "2019-09-30": "9.00000", "2019-06-30": "9.00000", "2019-03-31": "8.00000", "2018-12-31": "8.00000", "2018-09-30": "9.29600", "2018-06-30": "9.07300", "2018-03-31": "9.40800", "2017-12-31": "9.11500", "2017-09-30": "9.52600", "2017-06-30": "9.19200", "2017-03-31": "8.94400", "2016-12-31": "8.83500", "2016-09-30": "9.05800", "2016-06-30": "9.02500", "2016-03-31": "8.90800", "2015-12-31": "8.27400", "2015-09-30": "8.60900", "2015-06-30": "9.16600", "2015-03-31": "9.16600", "2014-12-31": "9.77300", "2014-09-30": "21.30600", "2014-06-30": "71.43400", "2014-03-31": "89.43400", "2013-12-31": "83.70300", "2013-09-30": "86.55400", "2013-06-30": "89.10900", "2013-03-31": "85.68200", "2012-12-31": "75.20500", "2012-09-30": "125.29900", "2012-06-30": "136.46300", "2012-03-31": "129.56700", "2011-12-31": "230.40100", "2011-09-30": "229.67900", "2011-06-30": "227.12200", "2011-03-31": "223.72700", "2010-12-31": "223.79200", "2010-09-30": "211.66200", "2010-06-30": "213.85800", "2010-03-31": "208.08400", "2009-12-31": "207.49100", "2009-09-30": "201.58500", "2009-06-30": "200.40800", "2009-03-31": "190.37900", "2008-12-31": "184.93000", "2008-09-30": "201.20900", "2008-06-30": "204.15900", "2008-03-31": "202.51800", "2007-12-31": "211.60600", "2007-09-30": "219.30000", "2007-06-30": "227.95800", "2007-03-31": "236.10300", "2006-12-31": "239.63200", "2006-09-30": "361.63900", "2006-06-30": "542.19700", "2006-03-31": "175.35800", "2005-12-31": "173.53500", "2005-09-30": "181.23900", "2005-06-30": "188.21700", "2005-03-31": "187.89400"}, "Goodwill And Intangible Assets": {"2020-09-30": "1078.00000", "2020-06-30": "2749.00000", "2020-03-31": "2761.00000", "2019-12-31": "1103.00000", "2019-09-30": "2788.00000", "2019-06-30": "2802.00000", "2019-03-31": "2817.00000", "2018-12-31": "2832.00000", "2018-09-30": "2857.14800", "2018-06-30": "2880.22100", "2018-03-31": "2971.73200", "2017-12-31": "2898.79100", "2017-09-30": "3007.39800", "2017-06-30": "2915.83200", "2017-03-31": "2895.76200", "2016-12-31": "2913.38000", "2016-09-30": "2928.16300", "2016-06-30": "2933.53300", "2016-03-31": "2938.82500", "2015-12-31": "2952.10300", "2015-09-30": "2963.45100", "2015-06-30": "2979.28000", "2015-03-31": "2909.25700", "2014-12-31": "2955.89300", "2014-09-30": "2819.33300", "2014-06-30": "1289.99300", "2014-03-31": "1098.42800", "2013-12-31": "1107.34400", "2013-09-30": "1114.28400", "2013-06-30": "1122.90200", "2013-03-31": "1132.91400", "2012-12-31": "1141.54200", "2012-09-30": "1150.25100", "2012-06-30": "1161.21800", "2012-03-31": "1169.76400", "2011-12-31": "1178.31000", "2011-09-30": "1186.56600", "2011-06-30": "1181.91100", "2011-03-31": "1210.97800", "2010-12-31": "1220.11500", "2010-09-30": "1241.10900", "2010-06-30": "1249.85200", "2010-03-31": "1258.59200", "2009-12-31": "1267.26300", "2009-09-30": "1276.23200", "2009-06-30": "1285.35800", "2009-03-31": "1351.08900", "2008-12-31": "1398.22200", "2008-09-30": "1635.02800", "2008-06-30": "1639.99600", "2008-03-31": "1649.28100", "2007-12-31": "1627.45300", "2007-09-30": "1632.24300", "2007-06-30": "1067.30800", "2007-03-31": "1006.32000", "2006-12-31": "1012.74500", "2006-09-30": "1060.42300", "2006-06-30": "710.60400", "2006-03-31": "577.85000", "2005-12-31": "581.26300", "2005-09-30": "545.44000", "2005-06-30": "501.72700", "2005-03-31": "505.60700"}, "Other Long-Term Assets": {"2020-09-30": "7.00000", "2020-06-30": "11.00000", "2020-03-31": "11.00000", "2019-12-31": "11.00000", "2019-09-30": "14.00000", "2019-06-30": "17.00000", "2019-03-31": "21.00000", "2018-12-31": "43.00000", "2018-09-30": "53.93800", "2018-06-30": "53.17900", "2018-03-31": "61.26400", "2017-12-31": "45.04500", "2017-09-30": "47.57800", "2017-06-30": "49.61500", "2017-03-31": "49.92300", "2016-12-31": "45.83400", "2016-09-30": "11.19500", "2016-06-30": "11.04000", "2016-03-31": "8.95100", "2015-12-31": "15.69500", "2015-09-30": "12.12600", "2015-06-30": "19.78000", "2015-03-31": "11.93600", "2014-12-31": "8.01000", "2014-09-30": "17.28700", "2014-06-30": "4.85400", "2014-03-31": "8.01000", "2013-12-31": "26.35900", "2013-09-30": "5.70200", "2013-06-30": "4.70700", "2013-03-31": "16.73000", "2012-12-31": "8.98400", "2012-09-30": "22.56800", "2012-06-30": "21.16200", "2012-03-31": "22.54600", "2011-12-31": "14.55300", "2011-09-30": "25.22500", "2011-06-30": "26.28000", "2011-03-31": "27.37300", "2010-12-31": "15.36700", "2010-09-30": "15.60000", "2010-06-30": "15.69500", "2010-03-31": "15.38800", "2009-12-31": "17.46500", "2009-09-30": "19.06800", "2009-06-30": "20.36100", "2009-03-31": "19.84700", "2008-12-31": "18.89800", "2008-09-30": "23.65200", "2008-06-30": "21.97800", "2008-03-31": "21.82800", "2007-12-31": "21.39900", "2007-09-30": "32.83600", "2007-06-30": "40.16500", "2007-03-31": "27.31100", "2006-12-31": "28.67200", "2006-09-30": "53.85300", "2006-06-30": "65.89100", "2006-03-31": "55.10000", "2005-12-31": "45.58300", "2005-09-30": "52.23000", "2005-06-30": "50.95900", "2005-03-31": "54.20900"}, "Total Long-Term Assets": {"2020-09-30": "2263.00000", "2020-06-30": "6329.00000", "2020-03-31": "6332.00000", "2019-12-31": "2310.00000", "2019-09-30": "6294.00000", "2019-06-30": "6281.00000", "2019-03-31": "6282.00000", "2018-12-31": "6024.00000", "2018-09-30": "6673.67300", "2018-06-30": "6702.49600", "2018-03-31": "7686.75400", "2017-12-31": "7701.30600", "2017-09-30": "7676.13500", "2017-06-30": "7382.89300", "2017-03-31": "7301.22600", "2016-12-31": "7314.58500", "2016-09-30": "7113.16100", "2016-06-30": "7082.33400", "2016-03-31": "7085.19400", "2015-12-31": "7092.23500", "2015-09-30": "7061.47000", "2015-06-30": "7088.74400", "2015-03-31": "6292.44400", "2014-12-31": "6368.29800", "2014-09-30": "6120.29200", "2014-06-30": "2297.62900", "2014-03-31": "2087.93400", "2013-12-31": "2094.31500", "2013-09-30": "2022.92200", "2013-06-30": "1986.44700", "2013-03-31": "1981.04700", "2012-12-31": "1969.78400", "2012-09-30": "1886.47200", "2012-06-30": "1908.53100", "2012-03-31": "1911.20700", "2011-12-31": "2025.32000", "2011-09-30": "2031.51400", "2011-06-30": "2022.64900", "2011-03-31": "2056.60300", "2010-12-31": "2071.31500", "2010-09-30": "2081.83600", "2010-06-30": "2098.10300", "2010-03-31": "2106.52400", "2009-12-31": "2122.66000", "2009-09-30": "2212.85600", "2009-06-30": "2214.31600", "2009-03-31": "2278.44300", "2008-12-31": "2252.82100", "2008-09-30": "2625.53900", "2008-06-30": "2629.99800", "2008-03-31": "2630.09100", "2007-12-31": "2602.56200", "2007-09-30": "2606.80500", "2007-06-30": "1947.32200", "2007-03-31": "1857.96500", "2006-12-31": "1866.56700", "2006-09-30": "2059.17500", "2006-06-30": "1841.65600", "2006-03-31": "1216.12100", "2005-12-31": "1206.62200", "2005-09-30": "1149.72600", "2005-06-30": "1080.14800", "2005-03-31": "1088.32600"}, "Total Assets": {"2020-09-30": "6193.00000", "2020-06-30": "7347.00000", "2020-03-31": "7626.00000", "2019-12-31": "6861.00000", "2019-09-30": "6924.00000", "2019-06-30": "7783.00000", "2019-03-31": "7820.00000", "2018-12-31": "7444.00000", "2018-09-30": "7938.47000", "2018-06-30": "7936.31400", "2018-03-31": "8025.29700", "2017-12-31": "8008.95100", "2017-09-30": "7955.36300", "2017-06-30": "7634.91100", "2017-03-31": "7538.56200", "2016-12-31": "7559.25300", "2016-09-30": "7340.67500", "2016-06-30": "7280.38900", "2016-03-31": "7283.41600", "2015-12-31": "7308.80400", "2015-09-30": "7392.55200", "2015-06-30": "7492.67200", "2015-03-31": "6584.77200", "2014-12-31": "6625.18800", "2014-09-30": "6377.59800", "2014-06-30": "2542.50500", "2014-03-31": "2460.63800", "2013-12-31": "2500.86500", "2013-09-30": "2249.17400", "2013-06-30": "2228.33100", "2013-03-31": "2257.73400", "2012-12-31": "2223.69400", "2012-09-30": "2162.89100", "2012-06-30": "2180.26700", "2012-03-31": "2180.57200", "2011-12-31": "2168.63300", "2011-09-30": "2171.84500", "2011-06-30": "2169.97300", "2011-03-31": "2193.19200", "2010-12-31": "2196.74200", "2010-09-30": "2223.95300", "2010-06-30": "2232.17600", "2010-03-31": "2322.25400", "2009-12-31": "2339.22100", "2009-09-30": "2364.87500", "2009-06-30": "2357.36200", "2009-03-31": "2425.51200", "2008-12-31": "2552.43600", "2008-09-30": "2828.03700", "2008-06-30": "2846.88300", "2008-03-31": "2858.19300", "2007-12-31": "2813.02900", "2007-09-30": "2822.13300", "2007-06-30": "2127.29000", "2007-03-31": "2111.88900", "2006-12-31": "2097.53300", "2006-09-30": "2201.81600", "2006-06-30": "1966.61100", "2006-03-31": "1385.86000", "2005-12-31": "1363.29800", "2005-09-30": "1228.21700", "2005-06-30": "1231.83100", "2005-03-31": "1243.60800"}, "Total Current Liabilities": {"2020-09-30": "1978.00000", "2020-06-30": "180.00000", "2020-03-31": "463.00000", "2019-12-31": "2009.00000", "2019-09-30": "249.00000", "2019-06-30": "941.00000", "2019-03-31": "920.00000", "2018-12-31": "838.00000", "2018-09-30": "887.71100", "2018-06-30": "511.17900", "2018-03-31": "251.22200", "2017-12-31": "255.96500", "2017-09-30": "260.20100", "2017-06-30": "248.64400", "2017-03-31": "237.10700", "2016-12-31": "251.00900", "2016-09-30": "249.28300", "2016-06-30": "314.20600", "2016-03-31": "298.52000", "2015-12-31": "308.79000", "2015-09-30": "299.65900", "2015-06-30": "354.80400", "2015-03-31": "342.59900", "2014-12-31": "224.33200", "2014-09-30": "337.73300", "2014-06-30": "266.44300", "2014-03-31": "251.87500", "2013-12-31": "271.45200", "2013-09-30": "284.84200", "2013-06-30": "140.62200", "2013-03-31": "229.12800", "2012-12-31": "245.33000", "2012-09-30": "214.62100", "2012-06-30": "355.06300", "2012-03-31": "165.26400", "2011-12-31": "148.90200", "2011-09-30": "161.58700", "2011-06-30": "169.23500", "2011-03-31": "180.50400", "2010-12-31": "171.28600", "2010-09-30": "175.03000", "2010-06-30": "174.56200", "2010-03-31": "400.19000", "2009-12-31": "395.19600", "2009-09-30": "469.03600", "2009-06-30": "456.82700", "2009-03-31": "453.20700", "2008-12-31": "360.19900", "2008-09-30": "340.22200", "2008-06-30": "159.00000", "2008-03-31": "166.81000", "2007-12-31": "133.51500", "2007-09-30": "219.36800", "2007-06-30": "139.60900", "2007-03-31": "102.94300", "2006-12-31": "72.13900", "2006-09-30": "62.24400", "2006-06-30": "61.22600", "2006-03-31": "57.70400", "2005-12-31": "34.59800", "2005-09-30": "35.67700", "2005-06-30": "26.23900", "2005-03-31": "38.49300"}, "Long Term Debt": {"2020-09-30": "1705.00000", "2020-06-30": "3254.00000", "2020-03-31": "3253.00000", "2019-12-31": "1554.00000", "2019-09-30": "2654.00000", "2019-06-30": "2653.00000", "2019-03-31": "2653.00000", "2018-12-31": "2653.00000", "2018-09-30": "3009.00800", "2018-06-30": "3342.26000", "2018-03-31": "3608.81200", "2017-12-31": "2991.65400", "2017-09-30": "3424.77600", "2017-06-30": "3205.73300", "2017-03-31": "3070.88300", "2016-12-31": "3039.96600", "2016-09-30": "2836.10000", "2016-06-30": "2763.54500", "2016-03-31": "2761.37600", "2015-12-31": "2746.52500", "2015-09-30": "2793.13600", "2015-06-30": "2782.73700", "2015-03-31": "1940.40600", "2014-12-31": "2364.86600", "2014-09-30": "2060.81700", "2014-06-30": "923.58100", "2014-03-31": "827.72900", "2013-12-31": "832.24500", "2013-09-30": "754.68500", "2013-06-30": "876.47500", "2013-03-31": "1042.95400", "2012-12-31": "1054.88700", "2012-09-30": "1010.72600", "2012-06-30": "858.82700", "2012-03-31": "1069.89100", "2011-12-31": "1088.07900", "2011-09-30": "1079.10100", "2011-06-30": "1072.68000", "2011-03-31": "1074.51400", "2010-12-31": "1089.97900", "2010-09-30": "1104.43100", "2010-06-30": "1128.65800", "2010-03-31": "1138.74900", "2009-12-31": "1167.87700", "2009-09-30": "1154.97500", "2009-06-30": "1158.50200", "2009-03-31": "1174.05300", "2008-12-31": "1329.42200", "2008-09-30": "1323.38400", "2008-06-30": "1500.47300", "2008-03-31": "1493.83400", "2007-12-31": "1429.45800", "2007-09-30": "1308.62300", "2007-06-30": "993.64600", "2007-03-31": "963.59400", "2006-12-31": "963.04100", "2006-09-30": "1363.49000", "2006-06-30": "1068.22400", "2006-03-31": "633.13200", "2005-12-31": "631.95900", "2005-09-30": "469.88100", "2005-06-30": "467.87900", "2005-03-31": "468.26400"}, "Other Non-Current Liabilities": {"2020-09-30": "68.00000", "2020-06-30": "176.00000", "2020-03-31": "169.00000", "2019-12-31": "64.00000", "2019-09-30": "159.00000", "2019-06-30": "154.00000", "2019-03-31": "151.00000", "2018-12-31": "155.00000", "2018-09-30": "189.13100", "2018-06-30": "187.72500", "2018-03-31": "237.44400", "2017-12-31": "162.67800", "2017-09-30": "218.65500", "2017-06-30": "218.45300", "2017-03-31": "224.61800", "2016-12-31": "224.62800", "2016-09-30": "253.27800", "2016-06-30": "259.29900", "2016-03-31": "250.97200", "2015-12-31": "234.21100", "2015-09-30": "237.17300", "2015-06-30": "239.30100", "2015-03-31": "172.44800", "2014-12-31": "161.71400", "2014-09-30": "120.05100", "2014-06-30": "58.01400", "2014-03-31": "55.64800", "2013-12-31": "54.18100", "2013-09-30": "53.73300", "2013-06-30": "54.71700", "2013-03-31": "57.52000", "2012-12-31": "56.52000", "2012-09-30": "54.56200", "2012-06-30": "56.82600", "2012-03-31": "60.21600", "2011-12-31": "60.53000", "2011-09-30": "66.41400", "2011-06-30": "74.22500", "2011-03-31": "78.94000", "2010-12-31": "92.45400", "2010-09-30": "110.48400", "2010-06-30": "112.89000", "2010-03-31": "101.52100", "2009-12-31": "93.54000", "2009-09-30": "111.37600", "2009-06-30": "107.78700", "2009-03-31": "142.55500", "2008-12-31": "145.32600", "2008-09-30": "67.09900", "2008-06-30": "57.18900", "2008-03-31": "103.64200", "2007-12-31": "73.64900", "2007-09-30": "42.10800", "2007-06-30": "27.95900", "2007-03-31": "29.95900", "2006-12-31": "25.82400", "2006-09-30": "22.32500", "2006-06-30": "26.19100", "2006-03-31": "10.22300", "2005-12-31": "6.34200", "2005-09-30": "6.94100", "2005-06-30": "5.08500", "2005-03-31": "5.06300"}, "Total Long Term Liabilities": {"2020-09-30": "2359.00000", "2020-06-30": "4425.00000", "2020-03-31": "4419.00000", "2019-12-31": "2041.00000", "2019-09-30": "3792.00000", "2019-06-30": "3804.00000", "2019-03-31": "3794.00000", "2018-12-31": "3489.00000", "2018-09-30": "3854.84700", "2018-06-30": "4181.06500", "2018-03-31": "4490.39900", "2017-12-31": "4402.28300", "2017-09-30": "4598.97300", "2017-06-30": "4354.75100", "2017-03-31": "4209.96200", "2016-12-31": "4160.71000", "2016-09-30": "3967.33300", "2016-06-30": "3872.87800", "2016-03-31": "3847.83400", "2015-12-31": "3797.57200", "2015-09-30": "3851.46700", "2015-06-30": "3834.35000", "2015-03-31": "2958.34000", "2014-12-31": "3430.68800", "2014-09-30": "3097.75700", "2014-06-30": "1179.92600", "2014-03-31": "1078.60300", "2013-12-31": "1076.14500", "2013-09-30": "984.51000", "2013-06-30": "1102.10300", "2013-03-31": "1272.74700", "2012-12-31": "1280.79900", "2012-09-30": "1257.38900", "2012-06-30": "1110.72600", "2012-03-31": "1311.02900", "2011-12-31": "1325.87100", "2011-09-30": "1314.09900", "2011-06-30": "1311.06700", "2011-03-31": "1316.13000", "2010-12-31": "1338.76100", "2010-09-30": "1369.07800", "2010-06-30": "1390.62600", "2010-03-31": "1349.03700", "2009-12-31": "1369.25700", "2009-09-30": "1318.34900", "2009-06-30": "1312.83400", "2009-03-31": "1363.56300", "2008-12-31": "1557.97600", "2008-09-30": "1601.03100", "2008-06-30": "1768.96700", "2008-03-31": "1786.67800", "2007-12-31": "1712.96200", "2007-09-30": "1608.54500", "2007-06-30": "1178.50800", "2007-03-31": "1160.08200", "2006-12-31": "1160.96900", "2006-09-30": "1590.46800", "2006-06-30": "1335.09500", "2006-03-31": "766.94800", "2005-12-31": "761.03500", "2005-09-30": "609.13300", "2005-06-30": "604.79100", "2005-03-31": "606.84600"}, "Total Liabilities": {"2020-09-30": "4337.00000", "2020-06-30": "4605.00000", "2020-03-31": "4882.00000", "2019-12-31": "4050.00000", "2019-09-30": "4041.00000", "2019-06-30": "4745.00000", "2019-03-31": "4714.00000", "2018-12-31": "4327.00000", "2018-09-30": "4742.55800", "2018-06-30": "4692.24400", "2018-03-31": "4741.62100", "2017-12-31": "4658.24800", "2017-09-30": "4859.17400", "2017-06-30": "4603.39500", "2017-03-31": "4447.06900", "2016-12-31": "4411.71900", "2016-09-30": "4216.61600", "2016-06-30": "4187.08400", "2016-03-31": "4146.35400", "2015-12-31": "4106.36200", "2015-09-30": "4151.12600", "2015-06-30": "4189.15400", "2015-03-31": "3300.93900", "2014-12-31": "3655.02000", "2014-09-30": "3435.49000", "2014-06-30": "1446.36900", "2014-03-31": "1330.47800", "2013-12-31": "1347.59700", "2013-09-30": "1269.35200", "2013-06-30": "1242.72500", "2013-03-31": "1501.87500", "2012-12-31": "1526.12900", "2012-09-30": "1472.01000", "2012-06-30": "1465.78900", "2012-03-31": "1476.29300", "2011-12-31": "1474.77300", "2011-09-30": "1475.68600", "2011-06-30": "1480.30200", "2011-03-31": "1496.63400", "2010-12-31": "1510.04700", "2010-09-30": "1544.10800", "2010-06-30": "1565.18800", "2010-03-31": "1749.22700", "2009-12-31": "1764.45300", "2009-09-30": "1787.38500", "2009-06-30": "1769.66100", "2009-03-31": "1816.77000", "2008-12-31": "1918.17500", "2008-09-30": "1941.25300", "2008-06-30": "1927.96700", "2008-03-31": "1953.48800", "2007-12-31": "1846.47700", "2007-09-30": "1827.91300", "2007-06-30": "1318.11700", "2007-03-31": "1263.02500", "2006-12-31": "1233.10800", "2006-09-30": "1652.71200", "2006-06-30": "1396.32100", "2006-03-31": "824.65200", "2005-12-31": "795.63300", "2005-09-30": "644.81000", "2005-06-30": "631.03000", "2005-03-31": "645.33900"}, "Common Stock Net": {"2020-09-30": "", "2020-06-30": "", "2020-03-31": "", "2019-12-31": "", "2019-09-30": "", "2019-06-30": "", "2019-03-31": "", "2018-12-31": "", "2018-09-30": "0.08600", "2018-06-30": "0.08500", "2018-03-31": "0.08500", "2017-12-31": "0.08500", "2017-09-30": "0.08400", "2017-06-30": "0.08300", "2017-03-31": "0.08200", "2016-12-31": "0.08200", "2016-09-30": "0.08200", "2016-06-30": "0.08100", "2016-03-31": "0.08000", "2015-12-31": "0.08000", "2015-09-30": "0.08000", "2015-06-30": "0.07900", "2015-03-31": "2351.61200", "2014-12-31": "1942.74500", "2014-09-30": "1946.33100", "2014-06-30": "1140.90900", "2014-03-31": "1184.10800", "2013-12-31": "1226.73300", "2013-09-30": "1129.95000", "2013-06-30": "1143.73800", "2013-03-31": "932.93400", "2012-12-31": "883.14300", "2012-09-30": "918.56200", "2012-06-30": "942.95500", "2012-03-31": "946.68300", "2011-12-31": "951.72900", "2011-09-30": "957.50600", "2011-06-30": "962.55500", "2011-03-31": "967.64400", "2010-12-31": "964.43000", "2010-09-30": "964.43000", "2010-06-30": "964.42600", "2010-03-31": "961.79100", "2009-12-31": "959.89700", "2009-09-30": "958.25800", "2009-06-30": "957.40600", "2009-03-31": "956.95600", "2008-12-31": "956.95600", "2008-09-30": "965.94600", "2008-06-30": "994.93800", "2008-03-31": "1023.48000", "2007-12-31": "1052.06200", "2007-09-30": "1036.97800", "2007-06-30": "820.70000", "2007-03-31": "850.33800", "2006-12-31": "864.23300", "2006-09-30": "546.26200", "2006-06-30": "560.54900", "2006-03-31": "569.49700", "2005-12-31": "583.02300", "2005-09-30": "596.54800", "2005-06-30": "610.07400", "2005-03-31": "613.52900"}, "Retained Earnings (Accumulated Deficit)": {"2020-09-30": "751.00000", "2020-06-30": "1644.00000", "2020-03-31": "1652.00000", "2019-12-31": "1641.00000", "2019-09-30": "1627.00000", "2019-06-30": "1566.00000", "2019-03-31": "1555.00000", "2018-12-31": "1485.00000", "2018-09-30": "1480.47100", "2018-06-30": "1458.76700", "2018-03-31": "1420.40100", "2017-12-31": "1343.56700", "2017-09-30": "994.49500", "2017-06-30": "954.40000", "2017-03-31": "928.38000", "2016-12-31": "892.36500", "2016-09-30": "819.55700", "2016-06-30": "777.53100", "2016-03-31": "758.33900", "2015-12-31": "735.98400", "2015-09-30": "703.06100", "2015-06-30": "692.42300", "2015-03-31": "755.51900", "2014-12-31": "844.52100", "2014-09-30": "823.55200", "2014-06-30": "-167.44100", "2014-03-31": "-177.14100", "2013-12-31": "-197.50700", "2013-09-30": "-213.33100", "2013-06-30": "-223.73800", "2013-03-31": "-222.89000", "2012-12-31": "-228.76100", "2012-09-30": "-218.73100", "2012-06-30": "-216.85200", "2012-03-31": "-227.99000", "2011-12-31": "-242.08200", "2011-09-30": "-254.37400", "2011-06-30": "-260.75000", "2011-03-31": "-258.26000", "2010-12-31": "-269.42500", "2010-09-30": "-273.66800", "2010-06-30": "-282.61000", "2010-03-31": "-368.46000", "2009-12-31": "-360.09500", "2009-09-30": "-331.26000", "2009-06-30": "-312.91200", "2009-03-31": "-283.95400", "2008-12-31": "-230.92800", "2008-09-30": "-45.60900", "2008-06-30": "-46.10900", "2008-03-31": "-54.44500", "2007-12-31": "-52.45500", "2007-09-30": "-35.56300", "2007-06-30": "-17.57100", "2007-03-31": "", "2006-12-31": "", "2006-09-30": "4.58800", "2006-06-30": "0.77700", "2006-03-31": "-3.73000", "2005-12-31": "-2.39200", "2005-09-30": "-10.72900", "2005-06-30": "-12.03500", "2005-03-31": "-17.67100"}, "Comprehensive Income": {"2020-09-30": "-37.00000", "2020-06-30": "-38.00000", "2020-03-31": "-40.00000", "2019-12-31": "-37.00000", "2019-09-30": "-29.00000", "2019-06-30": "-28.00000", "2019-03-31": "-30.00000", "2018-12-31": "-30.00000", "2018-09-30": "-32.08500", "2018-06-30": "-33.46600", "2018-03-31": "-31.35700", "2017-12-31": "-29.99300", "2017-09-30": "-26.22200", "2017-06-30": "-27.86300", "2017-03-31": "-28.96000", "2016-12-31": "-28.96000", "2016-09-30": "-25.74300", "2016-06-30": "-25.75700", "2016-03-31": "-25.75500", "2015-12-31": "-23.29500", "2015-09-30": "-26.08400", "2015-06-30": "-23.97500", "2015-03-31": "-23.97500", "2014-12-31": "-21.55000", "2014-09-30": "-4.47500", "2014-06-30": "-8.27300", "2014-03-31": "-8.65200", "2013-12-31": "-8.44500", "2013-09-30": "-20.41900", "2013-06-30": "-20.53200", "2013-03-31": "-20.67100", "2012-12-31": "-20.80100", "2012-09-30": "-19.65400", "2012-06-30": "-22.54900", "2012-03-31": "-24.84500", "2011-12-31": "-27.41200", "2011-09-30": "-21.67700", "2011-06-30": "-24.61400", "2011-03-31": "-27.87100", "2010-12-31": "-25.81200", "2010-09-30": "-29.42200", "2010-06-30": "-33.49400", "2010-03-31": "-37.88400", "2009-12-31": "-43.23200", "2009-09-30": "-53.63000", "2009-06-30": "-61.02900", "2009-03-31": "-69.70200", "2008-12-31": "-97.19000", "2008-09-30": "-33.55300", "2008-06-30": "-29.91300", "2008-03-31": "-64.33000", "2007-12-31": "-33.05500", "2007-09-30": "-7.19500", "2007-06-30": "6.04400", "2007-03-31": "-1.47400", "2006-12-31": "0.19200", "2006-09-30": "-1.74600", "2006-06-30": "8.96400", "2006-03-31": "-4.55900", "2005-12-31": "-12.96600", "2005-09-30": "-2.41200", "2005-06-30": "2.76200", "2005-03-31": "2.41100"}, "Other Share Holders Equity": {"2020-09-30": "", "2020-06-30": "", "2020-03-31": "", "2019-12-31": "", "2019-09-30": "", "2019-06-30": "", "2019-03-31": "", "2018-12-31": "", "2018-09-30": "", "2018-06-30": "", "2018-03-31": "", "2017-12-31": "", "2017-09-30": "", "2017-06-30": "", "2017-03-31": "", "2016-12-31": "", "2016-09-30": "", "2016-06-30": "", "2016-03-31": "", "2015-12-31": "", "2015-09-30": "", "2015-06-30": "", "2015-03-31": "", "2014-12-31": "", "2014-09-30": "", "2014-06-30": "", "2014-03-31": "", "2013-12-31": "", "2013-09-30": "", "2013-06-30": "", "2013-03-31": "", "2012-12-31": "", "2012-09-30": "", "2012-06-30": "", "2012-03-31": "", "2011-12-31": "", "2011-09-30": "", "2011-06-30": "", "2011-03-31": "", "2010-12-31": "", "2010-09-30": "", "2010-06-30": "", "2010-03-31": "", "2009-12-31": "", "2009-09-30": "", "2009-06-30": "", "2009-03-31": "", "2008-12-31": "", "2008-09-30": "", "2008-06-30": "", "2008-03-31": "", "2007-12-31": "", "2007-09-30": "", "2007-06-30": "", "2007-03-31": "", "2006-12-31": "", "2006-09-30": "", "2006-06-30": "", "2006-03-31": "", "2005-12-31": "", "2005-09-30": "", "2005-06-30": "", "2005-03-31": ""}, "Share Holder Equity": {"2020-09-30": "1856.00000", "2020-06-30": "2742.00000", "2020-03-31": "2744.00000", "2019-12-31": "2811.00000", "2019-09-30": "2883.00000", "2019-06-30": "3038.00000", "2019-03-31": "3106.00000", "2018-12-31": "3117.00000", "2018-09-30": "3195.91200", "2018-06-30": "3244.07000", "2018-03-31": "3283.67600", "2017-12-31": "3350.70300", "2017-09-30": "3096.18900", "2017-06-30": "3031.51600", "2017-03-31": "3091.49300", "2016-12-31": "3147.53400", "2016-09-30": "3124.05900", "2016-06-30": "3093.30500", "2016-03-31": "3137.06200", "2015-12-31": "3202.44200", "2015-09-30": "3241.42600", "2015-06-30": "3303.51800", "2015-03-31": "3283.83300", "2014-12-31": "2970.16800", "2014-09-30": "2942.10800", "2014-06-30": "1096.13600", "2014-03-31": "1130.16000", "2013-12-31": "1153.26800", "2013-09-30": "979.82200", "2013-06-30": "985.60600", "2013-03-31": "755.85900", "2012-12-31": "697.56500", "2012-09-30": "690.88100", "2012-06-30": "714.47800", "2012-03-31": "704.27900", "2011-12-31": "693.86000", "2011-09-30": "696.15900", "2011-06-30": "689.67100", "2011-03-31": "696.55800", "2010-12-31": "686.69500", "2010-09-30": "679.84500", "2010-06-30": "666.98800", "2010-03-31": "573.02700", "2009-12-31": "574.76800", "2009-09-30": "577.49000", "2009-06-30": "587.70100", "2009-03-31": "608.74200", "2008-12-31": "634.26100", "2008-09-30": "886.78400", "2008-06-30": "918.91600", "2008-03-31": "904.70500", "2007-12-31": "966.55200", "2007-09-30": "994.22000", "2007-06-30": "809.17300", "2007-03-31": "848.86400", "2006-12-31": "864.42500", "2006-09-30": "549.10400", "2006-06-30": "570.29000", "2006-03-31": "561.20800", "2005-12-31": "567.66500", "2005-09-30": "583.40700", "2005-06-30": "600.80100", "2005-03-31": "598.26900"}, "Total Liabilities And Share Holders Equity": {"2020-09-30": "6193.00000", "2020-06-30": "7347.00000", "2020-03-31": "7626.00000", "2019-12-31": "6861.00000", "2019-09-30": "6924.00000", "2019-06-30": "7783.00000", "2019-03-31": "7820.00000", "2018-12-31": "7444.00000", "2018-09-30": "7938.47000", "2018-06-30": "7936.31400", "2018-03-31": "8025.29700", "2017-12-31": "8008.95100", "2017-09-30": "7955.36300", "2017-06-30": "7634.91100", "2017-03-31": "7538.56200", "2016-12-31": "7559.25300", "2016-09-30": "7340.67500", "2016-06-30": "7280.38900", "2016-03-31": "7283.41600", "2015-12-31": "7308.80400", "2015-09-30": "7392.55200", "2015-06-30": "7492.67200", "2015-03-31": "6584.77200", "2014-12-31": "6625.18800", "2014-09-30": "6377.59800", "2014-06-30": "2542.50500", "2014-03-31": "2460.63800", "2013-12-31": "2500.86500", "2013-09-30": "2249.17400", "2013-06-30": "2228.33100", "2013-03-31": "2257.73400", "2012-12-31": "2223.69400", "2012-09-30": "2162.89100", "2012-06-30": "2180.26700", "2012-03-31": "2180.57200", "2011-12-31": "2168.63300", "2011-09-30": "2171.84500", "2011-06-30": "2169.97300", "2011-03-31": "2193.19200", "2010-12-31": "2196.74200", "2010-09-30": "2223.95300", "2010-06-30": "2232.17600", "2010-03-31": "2322.25400", "2009-12-31": "2339.22100", "2009-09-30": "2364.87500", "2009-06-30": "2357.36200", "2009-03-31": "2425.51200", "2008-12-31": "2552.43600", "2008-09-30": "2828.03700", "2008-06-30": "2846.88300", "2008-03-31": "2858.19300", "2007-12-31": "2813.02900", "2007-09-30": "2822.13300", "2007-06-30": "2127.29000", "2007-03-31": "2111.88900", "2006-12-31": "2097.53300", "2006-09-30": "2201.81600", "2006-06-30": "1966.61100", "2006-03-31": "1385.86000", "2005-12-31": "1363.29800", "2005-09-30": "1228.21700", "2005-06-30": "1231.83100", "2005-03-31": "1243.60800"}}, "cash flow statement": {"Net Income/Loss": {"2019-12-31": "101.00000", "2018-12-31": "65.00000", "2017-12-31": "434.00000", "2016-12-31": "128.46500", "2015-12-31": "-113.80700", "2014-12-31": "1039.28300", "2013-12-31": "28.08000", "2012-12-31": "14.25100", "2011-12-31": "28.88800", "2010-12-31": "91.32900", "2009-12-31": "-130.54400", "2008-12-31": "-179.64100", "2007-12-31": "-52.05400", "2006-12-31": "49.91800", "2005-12-31": "15.19600"}, "Total Depreciation And Amortization - Cash Flow": {"2019-12-31": "267.00000", "2018-12-31": "279.00000", "2017-12-31": "252.00000", "2016-12-31": "257.07400", "2015-12-31": "325.75300", "2014-12-31": "150.88700", "2013-12-31": "84.40100", "2012-12-31": "77.14700", "2011-12-31": "86.64700", "2010-12-31": "75.52100", "2009-12-31": "180.11200", "2008-12-31": "164.58900", "2007-12-31": "63.07900", "2006-12-31": "71.39000", "2005-12-31": "35.20300"}, "Other Non-Cash Items": {"2019-12-31": "106.00000", "2018-12-31": "124.00000", "2017-12-31": "-159.00000", "2016-12-31": "91.48600", "2015-12-31": "187.45000", "2014-12-31": "-968.16500", "2013-12-31": "102.95800", "2012-12-31": "115.61600", "2011-12-31": "0.14700", "2010-12-31": "-58.09300", "2009-12-31": "27.16700", "2008-12-31": "103.42600", "2007-12-31": "65.41300", "2006-12-31": "-64.73700", "2005-12-31": "-6.51800"}, "Total Non-Cash Items": {"2019-12-31": "373.00000", "2018-12-31": "403.00000", "2017-12-31": "93.00000", "2016-12-31": "348.56000", "2015-12-31": "513.20300", "2014-12-31": "-817.27800", "2013-12-31": "187.35900", "2012-12-31": "192.76300", "2011-12-31": "86.79400", "2010-12-31": "17.42800", "2009-12-31": "207.27900", "2008-12-31": "268.01500", "2007-12-31": "128.49200", "2006-12-31": "6.65300", "2005-12-31": "28.68500"}, "Change In Accounts Receivable": {"2019-12-31": "-2.00000", "2018-12-31": "14.00000", "2017-12-31": "-32.00000", "2016-12-31": "-7.48800", "2015-12-31": "5.41800", "2014-12-31": "1.64500", "2013-12-31": "-4.23900", "2012-12-31": "-0.93300", "2011-12-31": "-4.63300", "2010-12-31": "-2.42400", "2009-12-31": "13.02000", "2008-12-31": "16.39200", "2007-12-31": "-12.24400", "2006-12-31": "-2.97400", "2005-12-31": "-8.33400"}, "Change In Inventories": {"2019-12-31": "-3.00000", "2018-12-31": "-2.00000", "2017-12-31": "-6.00000", "2016-12-31": "-2.36300", "2015-12-31": "-0.08400", "2014-12-31": "4.77900", "2013-12-31": "-4.66200", "2012-12-31": "3.08700", "2011-12-31": "-5.06100", "2010-12-31": "-2.83300", "2009-12-31": "1.23300", "2008-12-31": "2.69800", "2007-12-31": "-3.29100", "2006-12-31": "0.35200", "2005-12-31": "-0.17800"}, "Change In Accounts Payable": {"2019-12-31": "", "2018-12-31": "", "2017-12-31": "", "2016-12-31": "", "2015-12-31": "", "2014-12-31": "", "2013-12-31": "", "2012-12-31": "", "2011-12-31": "", "2010-12-31": "", "2009-12-31": "", "2008-12-31": "", "2007-12-31": "", "2006-12-31": "", "2005-12-31": ""}, "Change In Assets/Liabilities": {"2019-12-31": "-5.00000", "2018-12-31": "-8.00000", "2017-12-31": "-18.00000", "2016-12-31": "8.21000", "2015-12-31": "-9.64600", "2014-12-31": "35.34400", "2013-12-31": "-28.66200", "2012-12-31": "2.67800", "2011-12-31": "-5.91800", "2010-12-31": "-1.17500", "2009-12-31": "-3.87700", "2008-12-31": "6.35500", "2007-12-31": "4.69200", "2006-12-31": "5.58300", "2005-12-31": "4.49300"}, "Total Change In Assets/Liabilities": {"2019-12-31": "-6.00000", "2018-12-31": "5.00000", "2017-12-31": "-63.00000", "2016-12-31": "11.10200", "2015-12-31": "-18.24000", "2014-12-31": "29.61000", "2013-12-31": "-60.32200", "2012-12-31": "10.89700", "2011-12-31": "-24.64000", "2010-12-31": "-10.20200", "2009-12-31": "6.24100", "2008-12-31": "7.20500", "2007-12-31": "17.06100", "2006-12-31": "-10.20600", "2005-12-31": "-2.13700"}, "Cash Flow From Operating Activities": {"2019-12-31": "468.00000", "2018-12-31": "473.00000", "2017-12-31": "464.00000", "2016-12-31": "488.12700", "2015-12-31": "381.15600", "2014-12-31": "251.61500", "2013-12-31": "155.11700", "2012-12-31": "217.91100", "2011-12-31": "91.04200", "2010-12-31": "98.55500", "2009-12-31": "82.97600", "2008-12-31": "95.57900", "2007-12-31": "93.49900", "2006-12-31": "46.36500", "2005-12-31": "41.74400"}, "Net Change In Property, Plant, And Equipment": {"2019-12-31": "-260.00000", "2018-12-31": "-177.00000", "2017-12-31": "-214.00000", "2016-12-31": "-257.19800", "2015-12-31": "-194.14800", "2014-12-31": "-123.94600", "2013-12-31": "-111.20800", "2012-12-31": "-39.28800", "2011-12-31": "-16.78200", "2010-12-31": "-25.66600", "2009-12-31": "-30.32000", "2008-12-31": "-49.56000", "2007-12-31": "-45.72100", "2006-12-31": "-18.40900", "2005-12-31": "-6.74300"}, "Net Change In Intangible Assets": {"2019-12-31": "", "2018-12-31": "", "2017-12-31": "", "2016-12-31": "", "2015-12-31": "", "2014-12-31": "", "2013-12-31": "", "2012-12-31": "", "2011-12-31": "", "2010-12-31": "", "2009-12-31": "", "2008-12-31": "", "2007-12-31": "", "2006-12-31": "", "2005-12-31": "0.69400"}, "Net Acquisitions/Divestitures": {"2019-12-31": "", "2018-12-31": "23.00000", "2017-12-31": "-201.00000", "2016-12-31": "-37.09100", "2015-12-31": "-266.89500", "2014-12-31": "-944.65200", "2013-12-31": "-28.58200", "2012-12-31": "41.91800", "2011-12-31": "-23.14900", "2010-12-31": "", "2009-12-31": "", "2008-12-31": "-15.12800", "2007-12-31": "-676.17100", "2006-12-31": "-834.89300", "2005-12-31": "-195.37000"}, "Net Change In Short-term Investments": {"2019-12-31": "", "2018-12-31": "", "2017-12-31": "", "2016-12-31": "", "2015-12-31": "", "2014-12-31": "", "2013-12-31": "", "2012-12-31": "", "2011-12-31": "", "2010-12-31": "", "2009-12-31": "", "2008-12-31": "", "2007-12-31": "-2.53000", "2006-12-31": "", "2005-12-31": ""}, "Net Change In Long-Term Investments": {"2019-12-31": "", "2018-12-31": "", "2017-12-31": "", "2016-12-31": "", "2015-12-31": "", "2014-12-31": "", "2013-12-31": "", "2012-12-31": "", "2011-12-31": "", "2010-12-31": "", "2009-12-31": "29.50000", "2008-12-31": "7.55700", "2007-12-31": "85.06400", "2006-12-31": "166.25600", "2005-12-31": ""}, "Net Change In Investments - Total": {"2019-12-31": "", "2018-12-31": "", "2017-12-31": "", "2016-12-31": "", "2015-12-31": "", "2014-12-31": "", "2013-12-31": "", "2012-12-31": "", "2011-12-31": "", "2010-12-31": "", "2009-12-31": "29.50000", "2008-12-31": "7.55700", "2007-12-31": "82.53400", "2006-12-31": "166.25600", "2005-12-31": ""}, "Investing Activities - Other": {"2019-12-31": "12.00000", "2018-12-31": "-2.00000", "2017-12-31": "-6.00000", "2016-12-31": "6.76300", "2015-12-31": "12.22700", "2014-12-31": "-0.20800", "2013-12-31": "0.15400", "2012-12-31": "-0.15300", "2011-12-31": "0.24900", "2010-12-31": "0.89200", "2009-12-31": "0.30400", "2008-12-31": "0.41500", "2007-12-31": "0.50500", "2006-12-31": "0.85000", "2005-12-31": "1.27200"}, "Cash Flow From Investing Activities": {"2019-12-31": "-248.00000", "2018-12-31": "-156.00000", "2017-12-31": "-421.00000", "2016-12-31": "-287.52600", "2015-12-31": "-448.81600", "2014-12-31": "-1068.80600", "2013-12-31": "-139.63600", "2012-12-31": "2.47700", "2011-12-31": "-39.68200", "2010-12-31": "-24.77400", "2009-12-31": "-0.51600", "2008-12-31": "-56.71600", "2007-12-31": "-638.85300", "2006-12-31": "-686.19600", "2005-12-31": "-200.14700"}, "Net Long-Term Debt": {"2019-12-31": "-361.00000", "2018-12-31": "22.00000", "2017-12-31": "518.00000", "2016-12-31": "258.41890", "2015-12-31": "-70.32890", "2014-12-31": "212.18400", "2013-12-31": "-189.44800", "2012-12-31": "-45.72400", "2011-12-31": "-23.04800", "2010-12-31": "-74.03200", "2009-12-31": "-71.80200", "2008-12-31": "4.34700", "2007-12-31": "436.88600", "2006-12-31": "-103.54900", "2005-12-31": "191.96700"}, "Net Current Debt": {"2019-12-31": "", "2018-12-31": "", "2017-12-31": "", "2016-12-31": "", "2015-12-31": "", "2014-12-31": "", "2013-12-31": "", "2012-12-31": "", "2011-12-31": "4.60000", "2010-12-31": "0.50000", "2009-12-31": "-45.40000", "2008-12-31": "96.15000", "2007-12-31": "11.56000", "2006-12-31": "455.95700", "2005-12-31": "0.85000"}, "Debt Issuance/Retirement Net - Total": {"2019-12-31": "-361.00000", "2018-12-31": "22.00000", "2017-12-31": "518.00000", "2016-12-31": "258.41890", "2015-12-31": "-70.32890", "2014-12-31": "212.18400", "2013-12-31": "-189.44800", "2012-12-31": "-45.72400", "2011-12-31": "-18.44800", "2010-12-31": "-73.53200", "2009-12-31": "-117.20200", "2008-12-31": "100.49700", "2007-12-31": "448.44600", "2006-12-31": "352.40800", "2005-12-31": "192.81700"}, "Net Common Equity Issued/Repurchased": {"2019-12-31": "", "2018-12-31": "", "2017-12-31": "6.00000", "2016-12-31": "12.62300", "2015-12-31": "492.43300", "2014-12-31": "765.05200", "2013-12-31": "355.89000", "2012-12-31": "", "2011-12-31": "", "2010-12-31": "", "2009-12-31": "", "2008-12-31": "", "2007-12-31": "", "2006-12-31": "", "2005-12-31": ""}, "Net Total Equity Issued/Repurchased": {"2019-12-31": "", "2018-12-31": "", "2017-12-31": "6.00000", "2016-12-31": "12.62300", "2015-12-31": "492.43300", "2014-12-31": "765.05200", "2013-12-31": "355.89000", "2012-12-31": "", "2011-12-31": "", "2010-12-31": "", "2009-12-31": "", "2008-12-31": "", "2007-12-31": "", "2006-12-31": "", "2005-12-31": ""}, "Total Common And Preferred Stock Dividends Paid": {"2019-12-31": "-344.00000", "2018-12-31": "-379.00000", "2017-12-31": "-453.00000", "2016-12-31": "-396.09300", "2015-12-31": "-341.56000", "2014-12-31": "-240.53500", "2013-12-31": "-128.97000", "2012-12-31": "-112.48700", "2011-12-31": "-27.61800", "2010-12-31": "", "2009-12-31": "", "2008-12-31": "-95.50900", "2007-12-31": "252.73900", "2006-12-31": "305.32500", "2005-12-31": "-42.94800"}, "Financial Activities - Other": {"2019-12-31": "-1.00000", "2018-12-31": "-33.00000", "2017-12-31": "-1.00000", "2016-12-31": "-13.36400", "2015-12-31": "-37.64800", "2014-12-31": "-104.27900", "2013-12-31": "39.04400", "2012-12-31": "56.41300", "2011-12-31": "-7.07100", "2010-12-31": "-2.99600", "2009-12-31": "-0.61600", "2008-12-31": "-3.29000", "2007-12-31": "-130.56700", "2006-12-31": "-95.40500", "2005-12-31": "-16.02200"}, "Cash Flow From Financial Activities": {"2019-12-31": "-706.00000", "2018-12-31": "-390.00000", "2017-12-31": "70.00000", "2016-12-31": "-138.41500", "2015-12-31": "42.89600", "2014-12-31": "632.42200", "2013-12-31": "76.51600", "2012-12-31": "-101.79800", "2011-12-31": "-53.13700", "2010-12-31": "-76.52800", "2009-12-31": "-117.81800", "2008-12-31": "1.69800", "2007-12-31": "570.61800", "2006-12-31": "562.32800", "2005-12-31": "133.84700"}, "Net Cash Flow": {"2019-12-31": "-271.00000", "2018-12-31": "557.00000", "2017-12-31": "11.00000", "2016-12-31": "19.84700", "2015-12-31": "-25.62000", "2014-12-31": "-185.35900", "2013-12-31": "91.99700", "2012-12-31": "118.59000", "2011-12-31": "-1.77700", "2010-12-31": "-2.89200", "2009-12-31": "-38.59900", "2008-12-31": "13.21700", "2007-12-31": "25.98700", "2006-12-31": "-77.77500", "2005-12-31": "-24.88700"}, "Stock-Based Compensation": {"2019-12-31": "", "2018-12-31": "", "2017-12-31": "", "2016-12-31": "", "2015-12-31": "", "2014-12-31": "", "2013-12-31": "", "2012-12-31": "", "2011-12-31": "", "2010-12-31": "", "2009-12-31": "", "2008-12-31": "", "2007-12-31": "", "2006-12-31": "", "2005-12-31": ""}, "Common Stock Dividends Paid": {"2019-12-31": "-344.00000", "2018-12-31": "-379.00000", "2017-12-31": "-453.00000", "2016-12-31": "-396.09300", "2015-12-31": "-341.56000", "2014-12-31": "-240.53500", "2013-12-31": "-128.97000", "2012-12-31": "-112.48700", "2011-12-31": "-27.61800", "2010-12-31": "", "2009-12-31": "", "2008-12-31": "-95.50900", "2007-12-31": "252.73900", "2006-12-31": "305.32500", "2005-12-31": "-42.94800"}}, "cash flow statement, quarterly": {"Net Income/Loss": {"2020-09-30": -193, "2020-06-30": -8, "2020-03-31": "11.00000", "2019-12-31": 81, "2019-09-30": -50, "2019-06-30": 6, "2019-03-31": "64.00000", "2018-12-31": -4, "2018-09-30": 2, "2018-06-30": 27, "2018-03-31": "40.00000", "2017-12-31": 339.164, "2017-09-30": 36.173, "2017-06-30": 26.025, "2017-03-31": "32.63800", "2016-12-31": 44.727, "2016-09-30": 42.481, "2016-06-30": 21.081, "2016-03-31": "20.17600", "2015-12-31": 31.883, "2015-09-30": 8.342, "2015-06-30": -63.517, "2015-03-31": "-90.51500", "2014-12-31": 18.705, "2014-09-30": 990.674, "2014-06-30": 9.744, "2014-03-31": "20.16000", "2013-12-31": 14.073, "2013-09-30": 8.249, "2013-06-30": -0.956, "2013-03-31": "6.71400", "2012-12-31": -11.866, "2012-09-30": -0.121, "2012-06-30": 12.028, "2012-03-31": "14.21000", "2011-12-31": 12.441, "2011-09-30": 9.504, "2011-06-30": -3.915, "2011-03-31": "10.85800", "2010-12-31": 6.219, "2010-09-30": 8.976, "2010-06-30": 85.612, "2010-03-31": "-9.47800", "2009-12-31": -29.292, "2009-09-30": -18.396, "2009-06-30": -29.997, "2009-03-31": "-52.85900", "2008-12-31": -185.912, "2008-09-30": 0.331, "2008-06-30": 7.93, "2008-03-31": "-1.99000", "2007-12-31": -16.892, "2007-09-30": -17.992, "2007-06-30": -25.047, "2007-03-31": "7.87700", "2006-12-31": 42.938, "2006-09-30": -10.018, "2006-06-30": 9.437, "2006-03-31": "7.56100", "2005-12-31": 5.034, "2005-09-30": 4.609, "2005-06-30": 5.636, "2005-03-31": "-0.08300"}, "Total Depreciation And Amortization - Cash Flow": {"2020-09-30": -37, "2020-06-30": 66, "2020-03-31": "68.00000", "2019-12-31": 167, "2019-09-30": -33, "2019-06-30": 66, "2019-03-31": "67.00000", "2018-12-31": 71, "2018-09-30": 75, "2018-06-30": 66, "2018-03-31": "67.00000", "2017-12-31": 19.486, "2017-09-30": 78.383, "2017-06-30": 75.936, "2017-03-31": "78.19500", "2016-12-31": 27.496, "2016-09-30": 76.946, "2016-06-30": 78.745, "2016-03-31": "73.88700", "2015-12-31": 73.047, "2015-09-30": 73.044, "2015-06-30": 72.654, "2015-03-31": "107.00800", "2014-12-31": 51.916, "2014-09-30": 50.616, "2014-06-30": 24.691, "2014-03-31": "23.66400", "2013-12-31": 21.892, "2013-09-30": 21.272, "2013-06-30": 20.709, "2013-03-31": "20.52800", "2012-12-31": 20.225, "2012-09-30": 19.428, "2012-06-30": 18.745, "2012-03-31": "18.74900", "2011-12-31": 19.299, "2011-09-30": 21.387, "2011-06-30": 27.355, "2011-03-31": "18.60600", "2010-12-31": 19.261, "2010-09-30": 18.398, "2010-06-30": 16.92, "2010-03-31": "20.94200", "2009-12-31": 19.062, "2009-09-30": 19.154, "2009-06-30": 77.851, "2009-03-31": "64.04500", "2008-12-31": 99.083, "2008-09-30": 21.964, "2008-06-30": 21.574, "2008-03-31": "21.96800", "2007-12-31": 14.729, "2007-09-30": 18.506, "2007-06-30": 15.108, "2007-03-31": "14.73600", "2006-12-31": 39.279, "2006-09-30": 14.989, "2006-06-30": 8.958, "2006-03-31": "8.16400", "2005-12-31": 14.411, "2005-09-30": 7.287, "2005-06-30": 6.934, "2005-03-31": "6.57100"}, "Other Non-Cash Items": {"2020-09-30": 147, "2020-06-30": 2, "2020-03-31": "26.00000", "2019-12-31": 40, "2019-09-30": 3, "2019-06-30": 27, "2019-03-31": "36.00000", "2018-12-31": 50, "2018-09-30": 28, "2018-06-30": 19, "2018-03-31": "27.00000", "2017-12-31": -277.645, "2017-09-30": 38.823, "2017-06-30": 39.935, "2017-03-31": "39.88700", "2016-12-31": -37.489, "2016-09-30": 38.892, "2016-06-30": 38.055, "2016-03-31": "52.02800", "2015-12-31": 28.13, "2015-09-30": 33.695, "2015-06-30": 12.226, "2015-03-31": "113.39900", "2014-12-31": 35.127, "2014-09-30": -1043.568, "2014-06-30": 28.531, "2014-03-31": "11.74500", "2013-12-31": 27.26, "2013-09-30": 26.402, "2013-06-30": 29.626, "2013-03-31": "19.67000", "2012-12-31": 31.972, "2012-09-30": 14.959, "2012-06-30": 71.656, "2012-03-31": "-2.97100", "2011-12-31": -1.67, "2011-09-30": 1.392, "2011-06-30": 3.208, "2011-03-31": "-2.78300", "2010-12-31": -1.834, "2010-09-30": 9.927, "2010-06-30": -82.369, "2010-03-31": "16.18300", "2009-12-31": 27.826, "2009-09-30": 22.285, "2009-06-30": -28.716, "2009-03-31": "5.77200", "2008-12-31": 97.346, "2008-09-30": 3.613, "2008-06-30": 2.005, "2008-03-31": "0.46200", "2007-12-31": 17.964, "2007-09-30": 17.547, "2007-06-30": 29.461, "2007-03-31": "0.44100", "2006-12-31": -59.959, "2006-09-30": 10.056, "2006-06-30": -9.306, "2006-03-31": "-5.52800", "2005-12-31": -9.54, "2005-09-30": -0.097, "2005-06-30": 2.119, "2005-03-31": "1.00000"}, "Total Non-Cash Items": {"2020-09-30": 110, "2020-06-30": 68, "2020-03-31": "94.00000", "2019-12-31": 207, "2019-09-30": -30, "2019-06-30": 93, "2019-03-31": "103.00000", "2018-12-31": 121, "2018-09-30": 103, "2018-06-30": 85, "2018-03-31": "94.00000", "2017-12-31": -258.159, "2017-09-30": 117.206, "2017-06-30": 115.871, "2017-03-31": "118.08200", "2016-12-31": -9.993, "2016-09-30": 115.838, "2016-06-30": 116.8, "2016-03-31": "125.91500", "2015-12-31": 101.177, "2015-09-30": 106.739, "2015-06-30": 84.88, "2015-03-31": "220.40700", "2014-12-31": 87.0429, "2014-09-30": -992.9519, "2014-06-30": 53.222, "2014-03-31": "35.40900", "2013-12-31": 49.152, "2013-09-30": 47.674, "2013-06-30": 50.335, "2013-03-31": "40.19800", "2012-12-31": 52.197, "2012-09-30": 34.387, "2012-06-30": 90.401, "2012-03-31": "15.77800", "2011-12-31": 17.629, "2011-09-30": 22.779, "2011-06-30": 30.563, "2011-03-31": "15.82300", "2010-12-31": 17.427, "2010-09-30": 28.325, "2010-06-30": -65.449, "2010-03-31": "37.12500", "2009-12-31": 46.888, "2009-09-30": 41.439, "2009-06-30": 49.135, "2009-03-31": "69.81700", "2008-12-31": 196.429, "2008-09-30": 25.577, "2008-06-30": 23.579, "2008-03-31": "22.43000", "2007-12-31": 32.693, "2007-09-30": 36.053, "2007-06-30": 44.569, "2007-03-31": "15.17700", "2006-12-31": -20.68, "2006-09-30": 25.045, "2006-06-30": -0.348, "2006-03-31": "2.63600", "2005-12-31": 4.871, "2005-09-30": 7.19, "2005-06-30": 9.053, "2005-03-31": "7.57100"}, "Change In Accounts Receivable": {"2020-09-30": -7, "2020-06-30": 9, "2020-03-31": "23.00000", "2019-12-31": -6, "2019-09-30": 6, "2019-06-30": 9, "2019-03-31": "-11.00000", "2018-12-31": 1, "2018-09-30": -2, "2018-06-30": 10, "2018-03-31": "5.00000", "2017-12-31": -13.062, "2017-09-30": -11.067, "2017-06-30": -8.93, "2017-03-31": "1.05900", "2016-12-31": 2.606, "2016-09-30": -8.306, "2016-06-30": -5.698, "2016-03-31": "3.91000", "2015-12-31": 10.876, "2015-09-30": 7.623, "2015-06-30": -13.303, "2015-03-31": "0.22200", "2014-12-31": 5.827, "2014-09-30": 6.669, "2014-06-30": -4.42, "2014-03-31": "-6.43100", "2013-12-31": 4.285, "2013-09-30": -1.659, "2013-06-30": -0.627, "2013-03-31": "-6.23800", "2012-12-31": 7.949, "2012-09-30": -0.226, "2012-06-30": -0.429, "2012-03-31": "-8.22700", "2011-12-31": 6.747, "2011-09-30": -0.746, "2011-06-30": -3.888, "2011-03-31": "-6.74600", "2010-12-31": 2.83, "2010-09-30": -0.536, "2010-06-30": -5.222, "2010-03-31": "0.50400", "2009-12-31": 6.107, "2009-09-30": 0.032, "2009-06-30": 0.275, "2009-03-31": "6.60600", "2008-12-31": 19.828, "2008-09-30": 6.225, "2008-06-30": 2.53, "2008-03-31": "-12.19100", "2007-12-31": -2.688, "2007-09-30": -2.543, "2007-06-30": -2.998, "2007-03-31": "-4.01500", "2006-12-31": 0.485, "2006-09-30": -1.382, "2006-06-30": -1.546, "2006-03-31": "-0.53100", "2005-12-31": -1.621, "2005-09-30": -2.167, "2005-06-30": -5.159, "2005-03-31": "0.61300"}, "Change In Inventories": {"2020-09-30": -1, "2020-06-30": -1, "2020-03-31": "7.00000", "2019-12-31": -3, "2019-09-30": 1, "2019-06-30": -1, "2019-03-31": "", "2018-12-31": 0, "2018-09-30": 0, "2018-06-30": 0, "2018-03-31": "-2.00000", "2017-12-31": -1.437, "2017-09-30": -0.307, "2017-06-30": -0.538, "2017-03-31": "-3.71800", "2016-12-31": -1.316, "2016-09-30": 1.057, "2016-06-30": -3.983, "2016-03-31": "1.87900", "2015-12-31": 0.759, "2015-09-30": -0.691, "2015-06-30": -2.239, "2015-03-31": "2.08700", "2014-12-31": 3.773, "2014-09-30": 2.233, "2014-06-30": -3.2, "2014-03-31": "1.97300", "2013-12-31": -1.127, "2013-09-30": -1.197, "2013-06-30": 0.056, "2013-03-31": "-2.39400", "2012-12-31": 0.855, "2012-09-30": 0.498, "2012-06-30": 0.224, "2012-03-31": "1.51000", "2011-12-31": -4.27, "2011-09-30": -0.746, "2011-06-30": 0.8, "2011-03-31": "-0.84500", "2010-12-31": -1.938, "2010-09-30": 1.481, "2010-06-30": -1.6, "2010-03-31": "-0.77600", "2009-12-31": 0.457, "2009-09-30": -0.822, "2009-06-30": 1.145, "2009-03-31": "0.45300", "2008-12-31": 4.725, "2008-09-30": 1.195, "2008-06-30": -2.422, "2008-03-31": "-0.80000", "2007-12-31": -2.943, "2007-09-30": -0.757, "2007-06-30": 1.25, "2007-03-31": "-0.84100", "2006-12-31": -0.996, "2006-09-30": -0.005, "2006-06-30": 0.982, "2006-03-31": "0.37100", "2005-12-31": 0.124, "2005-09-30": -0.798, "2005-06-30": 0.045, "2005-03-31": "0.45100"}, "Change In Accounts Payable": {"2020-09-30": 0, "2020-06-30": 0, "2020-03-31": "", "2019-12-31": 0, "2019-09-30": 0, "2019-06-30": 0, "2019-03-31": "", "2018-12-31": 0, "2018-09-30": 0, "2018-06-30": 0, "2018-03-31": "", "2017-12-31": 0, "2017-09-30": 0, "2017-06-30": 0, "2017-03-31": "", "2016-12-31": 0, "2016-09-30": 0, "2016-06-30": 0, "2016-03-31": "", "2015-12-31": 0, "2015-09-30": 0, "2015-06-30": 0, "2015-03-31": "", "2014-12-31": 0, "2014-09-30": 0, "2014-06-30": 0, "2014-03-31": "", "2013-12-31": 0, "2013-09-30": 0, "2013-06-30": 0, "2013-03-31": "", "2012-12-31": 0, "2012-09-30": 0, "2012-06-30": 0, "2012-03-31": "", "2011-12-31": 0, "2011-09-30": 0, "2011-06-30": 0, "2011-03-31": "", "2010-12-31": 0, "2010-09-30": 0, "2010-06-30": 0, "2010-03-31": "", "2009-12-31": 0, "2009-09-30": 0, "2009-06-30": 0, "2009-03-31": "", "2008-12-31": 0, "2008-09-30": 0, "2008-06-30": 0, "2008-03-31": "", "2007-12-31": 0, "2007-09-30": 0, "2007-06-30": 0, "2007-03-31": "", "2006-12-31": 0, "2006-09-30": 0, "2006-06-30": 0, "2006-03-31": "", "2005-12-31": 0, "2005-09-30": 0, "2005-06-30": 0, "2005-03-31": ""}, "Change In Assets/Liabilities": {"2020-09-30": 12, "2020-06-30": 12, "2020-03-31": "-13.00000", "2019-12-31": 3, "2019-09-30": 0, "2019-06-30": 2, "2019-03-31": "-10.00000", "2018-12-31": -5, "2018-09-30": -3, "2018-06-30": 4, "2018-03-31": "-4.00000", "2017-12-31": 0.467, "2017-09-30": -3.903, "2017-06-30": -5.138, "2017-03-31": "-9.42600", "2016-12-31": 2.855, "2016-09-30": -4.879, "2016-06-30": 3.008, "2016-03-31": "7.22600", "2015-12-31": -13.419, "2015-09-30": -68.099, "2015-06-30": 68.051, "2015-03-31": "3.82100", "2014-12-31": -47.369, "2014-09-30": 57.792, "2014-06-30": 12.72, "2014-03-31": "12.20100", "2013-12-31": -29.254, "2013-09-30": 8.404, "2013-06-30": -5.108, "2013-03-31": "-2.70400", "2012-12-31": 3.477, "2012-09-30": -0.673, "2012-06-30": 2.382, "2012-03-31": "-2.50800", "2011-12-31": -0.549, "2011-09-30": -5.693, "2011-06-30": 2.945, "2011-03-31": "-2.62100", "2010-12-31": -3.697, "2010-09-30": -0.095, "2010-06-30": 0.956, "2010-03-31": "1.66100", "2009-12-31": -1.442, "2009-09-30": -2.795, "2009-06-30": 1.405, "2009-03-31": "-1.04500", "2008-12-31": 1.982, "2008-09-30": 1.056, "2008-06-30": 2.69, "2008-03-31": "0.62700", "2007-12-31": -0.847, "2007-09-30": -2.564, "2007-06-30": 4.923, "2007-03-31": "3.18000", "2006-12-31": -1.99, "2006-09-30": 2.813, "2006-06-30": 4.431, "2006-03-31": "0.32900", "2005-12-31": -1.753, "2005-09-30": 0.453, "2005-06-30": 2.859, "2005-03-31": "2.93400"}, "Total Change In Assets/Liabilities": {"2020-09-30": 25, "2020-06-30": 13, "2020-03-31": "-6.00000", "2019-12-31": -40, "2019-09-30": 41, "2019-06-30": 9, "2019-03-31": "-16.00000", "2018-12-31": -10, "2018-09-30": 16, "2018-06-30": 3, "2018-03-31": "-4.00000", "2017-12-31": -15.365, "2017-09-30": -3.656, "2017-06-30": -20.853, "2017-03-31": "-23.12600", "2016-12-31": 16.405, "2016-09-30": 0.751, "2016-06-30": -8.529, "2016-03-31": "2.47500", "2015-12-31": -6.823, "2015-09-30": -54.106, "2015-06-30": 55.565, "2015-03-31": "-12.87600", "2014-12-31": -47.227, "2014-09-30": 64.037, "2014-06-30": 9.292, "2014-03-31": "3.50800", "2013-12-31": -34.242, "2013-09-30": -5.26, "2013-06-30": -7.577, "2013-03-31": "-13.24300", "2012-12-31": 12.997, "2012-09-30": 5.486, "2012-06-30": -1.328, "2012-03-31": "-6.25800", "2011-12-31": -6.193, "2011-09-30": -6.405, "2011-06-30": -6.903, "2011-03-31": "-5.13900", "2010-12-31": -5.073, "2010-09-30": 1.035, "2010-06-30": -9.323, "2010-03-31": "3.15900", "2009-12-31": 1.236, "2009-09-30": 1.339, "2009-06-30": 2.513, "2009-03-31": "1.15300", "2008-12-31": 9.935, "2008-09-30": 0.629, "2008-06-30": 2.984, "2008-03-31": "-6.34300", "2007-12-31": -1.945, "2007-09-30": 9.044, "2007-06-30": 5.445, "2007-03-31": "4.51700", "2006-12-31": -6.993, "2006-09-30": -7.328, "2006-06-30": 2.502, "2006-03-31": "1.61300", "2005-12-31": -4.854, "2005-09-30": 4.15, "2005-06-30": -3.705, "2005-03-31": "2.27200"}, "Cash Flow From Operating Activities": {"2020-09-30": -58, "2020-06-30": 73, "2020-03-31": "99.00000", "2019-12-31": 248, "2019-09-30": -39, "2019-06-30": 108, "2019-03-31": "151.00000", "2018-12-31": 107, "2018-09-30": 121, "2018-06-30": 115, "2018-03-31": "130.00000", "2017-12-31": 65.64, "2017-09-30": 149.723, "2017-06-30": 121.043, "2017-03-31": "127.59400", "2016-12-31": 51.139, "2016-09-30": 159.07, "2016-06-30": 129.352, "2016-03-31": "148.56600", "2015-12-31": 126.237, "2015-09-30": 60.975, "2015-06-30": 76.928, "2015-03-31": "117.01600", "2014-12-31": 57.252, "2014-09-30": 63.028, "2014-06-30": 72.258, "2014-03-31": "59.07700", "2013-12-31": 27.357, "2013-09-30": 50.663, "2013-06-30": 43.428, "2013-03-31": "33.66900", "2012-12-31": 53.328, "2012-09-30": 39.752, "2012-06-30": 101.101, "2012-03-31": "23.73000", "2011-12-31": 23.877, "2011-09-30": 25.878, "2011-06-30": 19.745, "2011-03-31": "21.54200", "2010-12-31": 18.573, "2010-09-30": 38.336, "2010-06-30": 10.84, "2010-03-31": "30.80600", "2009-12-31": 18.832, "2009-09-30": 24.382, "2009-06-30": 21.651, "2009-03-31": "18.11100", "2008-12-31": 20.452, "2008-09-30": 26.537, "2008-06-30": 34.493, "2008-03-31": "14.09700", "2007-12-31": 13.856, "2007-09-30": 27.105, "2007-06-30": 24.967, "2007-03-31": "27.57100", "2006-12-31": 15.265, "2006-09-30": 7.699, "2006-06-30": 11.591, "2006-03-31": "11.81000", "2005-12-31": 5.051, "2005-09-30": 15.949, "2005-06-30": 10.984, "2005-03-31": "9.76000"}, "Net Change In Property, Plant, And Equipment": {"2020-09-30": 95, "2020-06-30": -64, "2020-03-31": "-71.00000", "2019-12-31": -199, "2019-09-30": 41, "2019-06-30": -58, "2019-03-31": "-44.00000", "2018-12-31": -46, "2018-09-30": -45, "2018-06-30": -46, "2018-03-31": "-40.00000", "2017-12-31": 20.833, "2017-09-30": -104.482, "2017-06-30": -70.482, "2017-03-31": "-59.86900", "2016-12-31": -59.047, "2016-09-30": -79.417, "2016-06-30": -56.141, "2016-03-31": "-62.59300", "2015-12-31": -97.082, "2015-09-30": -47.041, "2015-06-30": -24.544, "2015-03-31": "-25.48100", "2014-12-31": -42.034, "2014-09-30": -45.859, "2014-06-30": -14.44, "2014-03-31": "-21.61300", "2013-12-31": -59.773, "2013-09-30": -12.985, "2013-06-30": -23.616, "2013-03-31": "-14.83400", "2012-12-31": -19.47, "2012-09-30": -4.86, "2012-06-30": -8.279, "2012-03-31": "-6.67900", "2011-12-31": -10.261, "2011-09-30": -7.826, "2011-06-30": 8.467, "2011-03-31": "-7.16200", "2010-12-31": -10.804, "2010-09-30": -5.147, "2010-06-30": -3.302, "2010-03-31": "-6.41300", "2009-12-31": -10.712, "2009-09-30": -7.744, "2009-06-30": -5.135, "2009-03-31": "-6.72900", "2008-12-31": 3.027, "2008-09-30": -12.612, "2008-06-30": -26.267, "2008-03-31": "-13.70800", "2007-12-31": -12.624, "2007-09-30": -14.851, "2007-06-30": -10.688, "2007-03-31": "-7.55800", "2006-12-31": -6.982, "2006-09-30": -6.515, "2006-06-30": -3.422, "2006-03-31": "-1.49000", "2005-12-31": 0.759, "2005-09-30": -4.138, "2005-06-30": -2.485, "2005-03-31": "-0.87900"}, "Net Change In Intangible Assets": {"2020-09-30": 0, "2020-06-30": 0, "2020-03-31": "", "2019-12-31": 0, "2019-09-30": 0, "2019-06-30": 0, "2019-03-31": "", "2018-12-31": 0, "2018-09-30": 0, "2018-06-30": 0, "2018-03-31": "", "2017-12-31": 0, "2017-09-30": 0, "2017-06-30": 0, "2017-03-31": "", "2016-12-31": 0, "2016-09-30": 0, "2016-06-30": 0, "2016-03-31": "", "2015-12-31": 0, "2015-09-30": 0, "2015-06-30": 0, "2015-03-31": "", "2014-12-31": 0, "2014-09-30": 0, "2014-06-30": 0, "2014-03-31": "", "2013-12-31": 0, "2013-09-30": 0, "2013-06-30": 0, "2013-03-31": "", "2012-12-31": 0, "2012-09-30": 0, "2012-06-30": 0, "2012-03-31": "", "2011-12-31": 0, "2011-09-30": 0, "2011-06-30": 0, "2011-03-31": "", "2010-12-31": 0, "2010-09-30": 0, "2010-06-30": 0, "2010-03-31": "", "2009-12-31": 0, "2009-09-30": 0, "2009-06-30": 0, "2009-03-31": "", "2008-12-31": 0, "2008-09-30": 0, "2008-06-30": 0, "2008-03-31": "", "2007-12-31": 0, "2007-09-30": 0, "2007-06-30": 0, "2007-03-31": "", "2006-12-31": 0, "2006-09-30": 0, "2006-06-30": 0, "2006-03-31": "", "2005-12-31": 0, "2005-09-30": 0, "2005-06-30": 0.694, "2005-03-31": ""}, "Net Acquisitions/Divestitures": {"2020-09-30": 0, "2020-06-30": 0, "2020-03-31": "-13.00000", "2019-12-31": 0, "2019-09-30": 0, "2019-06-30": 0, "2019-03-31": "", "2018-12-31": 36, "2018-09-30": -42, "2018-06-30": 40, "2018-03-31": "-11.00000", "2017-12-31": 7.377, "2017-09-30": -142.056, "2017-06-30": -66.321, "2017-03-31": "", "2016-12-31": 1.898, "2016-09-30": -22.376, "2016-06-30": -13.46, "2016-03-31": "-3.15300", "2015-12-31": -29.939, "2015-09-30": 0, "2015-06-30": -218.819, "2015-03-31": "-18.13700", "2014-12-31": -81.205, "2014-09-30": -642.797, "2014-06-30": -219.598, "2014-03-31": "-1.05200", "2013-12-31": -13.916, "2013-09-30": -14.666, "2013-06-30": 0, "2013-03-31": "", "2012-12-31": -8.981, "2012-09-30": 11.251, "2012-06-30": 39.648, "2012-03-31": "", "2011-12-31": -0.081, "2011-09-30": -23.068, "2011-06-30": 0, "2011-03-31": "", "2010-12-31": 0, "2010-09-30": 0, "2010-06-30": 0, "2010-03-31": "", "2009-12-31": 0, "2009-09-30": 0, "2009-06-30": -1.551, "2009-03-31": "1.55100", "2008-12-31": 27.813, "2008-09-30": -8.474, "2008-06-30": 0.397, "2008-03-31": "-34.86400", "2007-12-31": -37.571, "2007-09-30": -563.38, "2007-06-30": -78.612, "2007-03-31": "3.39200", "2006-12-31": 8.187, "2006-09-30": -340.836, "2006-06-30": -502.1, "2006-03-31": "-0.14400", "2005-12-31": -70.195, "2005-09-30": -75.509, "2005-06-30": -0.004, "2005-03-31": "-49.66200"}, "Net Change In Short-term Investments": {"2020-09-30": 0, "2020-06-30": 0, "2020-03-31": "", "2019-12-31": 0, "2019-09-30": 0, "2019-06-30": 0, "2019-03-31": "", "2018-12-31": 0, "2018-09-30": 0, "2018-06-30": 0, "2018-03-31": "", "2017-12-31": 0, "2017-09-30": 0, "2017-06-30": 0, "2017-03-31": "", "2016-12-31": 0, "2016-09-30": 0, "2016-06-30": 0, "2016-03-31": "", "2015-12-31": 0, "2015-09-30": 0, "2015-06-30": 0, "2015-03-31": "", "2014-12-31": 0, "2014-09-30": 0, "2014-06-30": 0, "2014-03-31": "", "2013-12-31": 0, "2013-09-30": 0, "2013-06-30": 0, "2013-03-31": "", "2012-12-31": 0, "2012-09-30": 0, "2012-06-30": 0, "2012-03-31": "", "2011-12-31": 0, "2011-09-30": 0, "2011-06-30": 0, "2011-03-31": "", "2010-12-31": 0, "2010-09-30": 0, "2010-06-30": 0, "2010-03-31": "", "2009-12-31": 0, "2009-09-30": 0, "2009-06-30": 0, "2009-03-31": "", "2008-12-31": 0, "2008-09-30": 0, "2008-06-30": 0, "2008-03-31": "", "2007-12-31": -0.517, "2007-09-30": -0.048, "2007-06-30": -0.334, "2007-03-31": "-1.63100", "2006-12-31": 0, "2006-09-30": 0, "2006-06-30": -0.011, "2006-03-31": "0.01100", "2005-12-31": 0, "2005-09-30": 0, "2005-06-30": 0, "2005-03-31": ""}, "Net Change In Long-Term Investments": {"2020-09-30": 0, "2020-06-30": 0, "2020-03-31": "", "2019-12-31": 0, "2019-09-30": 0, "2019-06-30": 0, "2019-03-31": "", "2018-12-31": -41, "2018-09-30": 41, "2018-06-30": 0, "2018-03-31": "", "2017-12-31": 0, "2017-09-30": 0, "2017-06-30": 0, "2017-03-31": "", "2016-12-31": 0, "2016-09-30": 0, "2016-06-30": 0, "2016-03-31": "", "2015-12-31": 0, "2015-09-30": 0, "2015-06-30": 0, "2015-03-31": "", "2014-12-31": 0, "2014-09-30": 0, "2014-06-30": 0, "2014-03-31": "", "2013-12-31": 0, "2013-09-30": 0, "2013-06-30": 0, "2013-03-31": "", "2012-12-31": 0, "2012-09-30": 0, "2012-06-30": 0, "2012-03-31": "", "2011-12-31": 0, "2011-09-30": 0, "2011-06-30": 0, "2011-03-31": "", "2010-12-31": 0, "2010-09-30": 0, "2010-06-30": 0, "2010-03-31": "", "2009-12-31": 29.5, "2009-09-30": 0, "2009-06-30": 0, "2009-03-31": "", "2008-12-31": 5.696, "2008-09-30": 1.861, "2008-06-30": 0, "2008-03-31": "", "2007-12-31": 0.087, "2007-09-30": 0, "2007-06-30": 0, "2007-03-31": "84.97700", "2006-12-31": 89.26, "2006-09-30": 76.996, "2006-06-30": 0, "2006-03-31": "", "2005-12-31": 0, "2005-09-30": 0, "2005-06-30": 0, "2005-03-31": ""}, "Net Change In Investments - Total": {"2020-09-30": 0, "2020-06-30": 0, "2020-03-31": "", "2019-12-31": 0, "2019-09-30": 0, "2019-06-30": 0, "2019-03-31": "", "2018-12-31": -41, "2018-09-30": 41, "2018-06-30": 0, "2018-03-31": "", "2017-12-31": 0, "2017-09-30": 0, "2017-06-30": 0, "2017-03-31": "", "2016-12-31": 0, "2016-09-30": 0, "2016-06-30": 0, "2016-03-31": "", "2015-12-31": 0, "2015-09-30": 0, "2015-06-30": 0, "2015-03-31": "", "2014-12-31": 0, "2014-09-30": 0, "2014-06-30": 0, "2014-03-31": "", "2013-12-31": 0, "2013-09-30": 0, "2013-06-30": 0, "2013-03-31": "", "2012-12-31": 0, "2012-09-30": 0, "2012-06-30": 0, "2012-03-31": "", "2011-12-31": 0, "2011-09-30": 0, "2011-06-30": 0, "2011-03-31": "", "2010-12-31": 0, "2010-09-30": 0, "2010-06-30": 0, "2010-03-31": "", "2009-12-31": 29.5, "2009-09-30": 0, "2009-06-30": 0, "2009-03-31": "", "2008-12-31": 5.696, "2008-09-30": 1.861, "2008-06-30": 0, "2008-03-31": "", "2007-12-31": -0.43, "2007-09-30": -0.048, "2007-06-30": -0.334, "2007-03-31": "83.34600", "2006-12-31": 89.26, "2006-09-30": 76.996, "2006-06-30": -0.011, "2006-03-31": "0.01100", "2005-12-31": 0, "2005-09-30": 0, "2005-06-30": 0, "2005-03-31": ""}, "Investing Activities - Other": {"2020-09-30": 0, "2020-06-30": 0, "2020-03-31": "", "2019-12-31": -3, "2019-09-30": 16, "2019-06-30": 0, "2019-03-31": "-1.00000", "2018-12-31": -1, "2018-09-30": 0, "2018-06-30": 5, "2018-03-31": "-6.00000", "2017-12-31": 5.892, "2017-09-30": 1.326, "2017-06-30": -5.268, "2017-03-31": "-7.95000", "2016-12-31": -4.1, "2016-09-30": 3.115, "2016-06-30": 7.7, "2016-03-31": "0.04800", "2015-12-31": 0.561, "2015-09-30": 11.144, "2015-06-30": -0.022, "2015-03-31": "0.54400", "2014-12-31": 0.123, "2014-09-30": -0.377, "2014-06-30": -0.006, "2014-03-31": "0.05200", "2013-12-31": 0.09, "2013-09-30": 0.074, "2013-06-30": 0.031, "2013-03-31": "-0.04100", "2012-12-31": -0.225, "2012-09-30": -0.074, "2012-06-30": 0.12, "2012-03-31": "0.02600", "2011-12-31": 0.197, "2011-09-30": 0.045, "2011-06-30": 0.021, "2011-03-31": "-0.01400", "2010-12-31": 0.262, "2010-09-30": -0.028, "2010-06-30": 0.652, "2010-03-31": "0.00600", "2009-12-31": 0.19, "2009-09-30": 0.022, "2009-06-30": 0.132, "2009-03-31": "-0.04000", "2008-12-31": 0.192, "2008-09-30": -0.006, "2008-06-30": 0.092, "2008-03-31": "0.13700", "2007-12-31": 0.827, "2007-09-30": 0, "2007-06-30": 0, "2007-03-31": "-0.32200", "2006-12-31": 0, "2006-09-30": 0.239, "2006-06-30": 0, "2006-03-31": "0.61100", "2005-12-31": 0.358, "2005-09-30": 0.228, "2005-06-30": -0.024, "2005-03-31": "0.71000"}, "Cash Flow From Investing Activities": {"2020-09-30": 95, "2020-06-30": -64, "2020-03-31": "-84.00000", "2019-12-31": -202, "2019-09-30": 57, "2019-06-30": -58, "2019-03-31": "-45.00000", "2018-12-31": -52, "2018-09-30": -46, "2018-06-30": -1, "2018-03-31": "-57.00000", "2017-12-31": 34.102, "2017-09-30": -245.212, "2017-06-30": -142.071, "2017-03-31": "-67.81900", "2016-12-31": -61.249, "2016-09-30": -98.678, "2016-06-30": -61.901, "2016-03-31": "-65.69800", "2015-12-31": -126.46, "2015-09-30": -35.897, "2015-06-30": -243.385, "2015-03-31": "-43.07400", "2014-12-31": -123.116, "2014-09-30": -689.033, "2014-06-30": -234.044, "2014-03-31": "-22.61300", "2013-12-31": -73.599, "2013-09-30": -27.577, "2013-06-30": -23.585, "2013-03-31": "-14.87500", "2012-12-31": -28.676, "2012-09-30": 6.317, "2012-06-30": 31.489, "2012-03-31": "-6.65300", "2011-12-31": -10.145, "2011-09-30": -30.849, "2011-06-30": 8.488, "2011-03-31": "-7.17600", "2010-12-31": -10.542, "2010-09-30": -5.175, "2010-06-30": -2.65, "2010-03-31": "-6.40700", "2009-12-31": 18.978, "2009-09-30": -7.722, "2009-06-30": -6.554, "2009-03-31": "-5.21800", "2008-12-31": 36.728, "2008-09-30": -19.231, "2008-06-30": -25.778, "2008-03-31": "-48.43500", "2007-12-31": -49.798, "2007-09-30": -578.279, "2007-06-30": -89.634, "2007-03-31": "78.85800", "2006-12-31": 90.465, "2006-09-30": -270.116, "2006-06-30": -505.533, "2006-03-31": "-1.01200", "2005-12-31": -69.078, "2005-09-30": -79.419, "2005-06-30": -1.819, "2005-03-31": "-49.83100"}, "Net Long-Term Debt": {"2020-09-30": -452, "2020-06-30": -278, "2020-03-31": "871.00000", "2019-12-31": -3, "2019-09-30": -355, "2019-06-30": 0, "2019-03-31": "-3.00000", "2018-12-31": -50, "2018-09-30": 19, "2018-06-30": -31, "2018-03-31": "84.00000", "2017-12-31": 133.588, "2017-09-30": 218.507, "2017-06-30": 134.56, "2017-03-31": "31.34500", "2016-12-31": 185.5199, "2016-09-30": 39.269, "2016-06-30": 17.793, "2016-03-31": "15.83700", "2015-12-31": 6.5171, "2015-09-30": 14.7651, "2015-06-30": 332.7749, "2015-03-31": "-424.38600", "2014-12-31": 147.644, "2014-09-30": -22.703, "2014-06-30": 93.897, "2014-03-31": "-6.65400", "2013-12-31": 70.759, "2013-09-30": 0.985, "2013-06-30": -253.849, "2013-03-31": "-7.34300", "2012-12-31": -32.816, "2012-09-30": -6.79, "2012-06-30": -9.438, "2012-03-31": "3.32000", "2011-12-31": -1.777, "2011-09-30": 0.816, "2011-06-30": -8.517, "2011-03-31": "-13.57000", "2010-12-31": -17.594, "2010-09-30": -24.538, "2010-06-30": -7.131, "2010-03-31": "-24.76900", "2009-12-31": -9.055, "2009-09-30": -2.033, "2009-06-30": -16.041, "2009-03-31": "-44.67300", "2008-12-31": 1.096, "2008-09-30": -0.794, "2008-06-30": 2.553, "2008-03-31": "1.49200", "2007-12-31": 116.863, "2007-09-30": 286.749, "2007-06-30": 32.909, "2007-03-31": "0.36500", "2006-12-31": -376.369, "2006-09-30": 113.882, "2006-06-30": 159.461, "2006-03-31": "-0.52300", "2005-12-31": 161.153, "2005-09-30": -0.461, "2005-06-30": -0.35, "2005-03-31": "31.62500"}, "Net Current Debt": {"2020-09-30": 0, "2020-06-30": 0, "2020-03-31": "", "2019-12-31": 0, "2019-09-30": 0, "2019-06-30": 0, "2019-03-31": "", "2018-12-31": 0, "2018-09-30": 0, "2018-06-30": 0, "2018-03-31": "", "2017-12-31": 0, "2017-09-30": 0, "2017-06-30": 0, "2017-03-31": "", "2016-12-31": 0, "2016-09-30": 0, "2016-06-30": 0, "2016-03-31": "", "2015-12-31": 0, "2015-09-30": 0, "2015-06-30": 0, "2015-03-31": "", "2014-12-31": 0, "2014-09-30": 0, "2014-06-30": 0, "2014-03-31": "", "2013-12-31": 0, "2013-09-30": 0, "2013-06-30": 0, "2013-03-31": "", "2012-12-31": 0, "2012-09-30": 0, "2012-06-30": 0, "2012-03-31": "", "2011-12-31": 0.2, "2011-09-30": 0, "2011-06-30": 2.4, "2011-03-31": "2.00000", "2010-12-31": 0.5, "2010-09-30": 0, "2010-06-30": 0, "2010-03-31": "", "2009-12-31": -54.65, "2009-09-30": 5.65, "2009-06-30": 3.2, "2009-03-31": "0.40000", "2008-12-31": 8.35, "2008-09-30": 17.15, "2008-06-30": 2.8, "2008-03-31": "67.85000", "2007-12-31": -53.043, "2007-09-30": 57.473, "2007-06-30": 5.38, "2007-03-31": "1.75000", "2006-12-31": 0.191, "2006-09-30": 177.865, "2006-06-30": 276.626, "2006-03-31": "1.27500", "2005-12-31": 0.15, "2005-09-30": 0.157, "2005-06-30": 0.543, "2005-03-31": ""}, "Debt Issuance/Retirement Net - Total": {"2020-09-30": -452, "2020-06-30": -278, "2020-03-31": "871.00000", "2019-12-31": -3, "2019-09-30": -355, "2019-06-30": 0, "2019-03-31": "-3.00000", "2018-12-31": -50, "2018-09-30": 19, "2018-06-30": -31, "2018-03-31": "84.00000", "2017-12-31": 133.588, "2017-09-30": 218.507, "2017-06-30": 134.56, "2017-03-31": "31.34500", "2016-12-31": 185.5199, "2016-09-30": 39.269, "2016-06-30": 17.793, "2016-03-31": "15.83700", "2015-12-31": 6.5171, "2015-09-30": 14.7651, "2015-06-30": 332.7749, "2015-03-31": "-424.38600", "2014-12-31": 147.644, "2014-09-30": -22.703, "2014-06-30": 93.897, "2014-03-31": "-6.65400", "2013-12-31": 70.759, "2013-09-30": 0.985, "2013-06-30": -253.849, "2013-03-31": "-7.34300", "2012-12-31": -32.816, "2012-09-30": -6.79, "2012-06-30": -9.438, "2012-03-31": "3.32000", "2011-12-31": -1.577, "2011-09-30": 0.816, "2011-06-30": -6.117, "2011-03-31": "-11.57000", "2010-12-31": -17.094, "2010-09-30": -24.538, "2010-06-30": -7.131, "2010-03-31": "-24.76900", "2009-12-31": -63.705, "2009-09-30": 3.617, "2009-06-30": -12.841, "2009-03-31": "-44.27300", "2008-12-31": 9.446, "2008-09-30": 16.356, "2008-06-30": 5.353, "2008-03-31": "69.34200", "2007-12-31": 63.82, "2007-09-30": 344.222, "2007-06-30": 38.289, "2007-03-31": "2.11500", "2006-12-31": -376.178, "2006-09-30": 291.747, "2006-06-30": 436.087, "2006-03-31": "0.75200", "2005-12-31": 161.303, "2005-09-30": -0.304, "2005-06-30": 0.193, "2005-03-31": "31.62500"}, "Net Common Equity Issued/Repurchased": {"2020-09-30": 0, "2020-06-30": 0, "2020-03-31": "", "2019-12-31": 0, "2019-09-30": 0, "2019-06-30": 0, "2019-03-31": "", "2018-12-31": 0, "2018-09-30": 0, "2018-06-30": 0, "2018-03-31": "", "2017-12-31": 0.301, "2017-09-30": 0.378, "2017-06-30": 3.272, "2017-03-31": "2.04900", "2016-12-31": 4.972, "2016-09-30": 6.328, "2016-06-30": 0.23, "2016-03-31": "1.09300", "2015-12-31": 0.185, "2015-09-30": 4.123, "2015-06-30": 0.093, "2015-03-31": "488.03200", "2014-12-31": 0.115, "2014-09-30": 764.807, "2014-06-30": 0.058, "2014-03-31": "0.07200", "2013-12-31": 128.332, "2013-09-30": 0, "2013-06-30": 227.558, "2013-03-31": "", "2012-12-31": 0, "2012-09-30": 0, "2012-06-30": 0, "2012-03-31": "", "2011-12-31": 0, "2011-09-30": 0, "2011-06-30": 0, "2011-03-31": "", "2010-12-31": 0, "2010-09-30": 0, "2010-06-30": 0, "2010-03-31": "", "2009-12-31": 0, "2009-09-30": 0, "2009-06-30": 0, "2009-03-31": "", "2008-12-31": 0, "2008-09-30": 0, "2008-06-30": 0, "2008-03-31": "", "2007-12-31": -252.739, "2007-09-30": 252.739, "2007-06-30": 0, "2007-03-31": "", "2006-12-31": 0, "2006-09-30": 0, "2006-06-30": 0, "2006-03-31": "", "2005-12-31": 0, "2005-09-30": 0, "2005-06-30": 0, "2005-03-31": ""}, "Net Total Equity Issued/Repurchased": {"2020-09-30": 0, "2020-06-30": 0, "2020-03-31": "", "2019-12-31": 0, "2019-09-30": 0, "2019-06-30": 0, "2019-03-31": "", "2018-12-31": 0, "2018-09-30": 0, "2018-06-30": 0, "2018-03-31": "", "2017-12-31": 0.301, "2017-09-30": 0.378, "2017-06-30": 3.272, "2017-03-31": "2.04900", "2016-12-31": 4.972, "2016-09-30": 6.328, "2016-06-30": 0.23, "2016-03-31": "1.09300", "2015-12-31": 0.185, "2015-09-30": 4.123, "2015-06-30": 0.093, "2015-03-31": "488.03200", "2014-12-31": 0.115, "2014-09-30": 764.807, "2014-06-30": 0.058, "2014-03-31": "0.07200", "2013-12-31": 128.332, "2013-09-30": 0, "2013-06-30": 227.558, "2013-03-31": "", "2012-12-31": 0, "2012-09-30": 0, "2012-06-30": 0, "2012-03-31": "", "2011-12-31": 0, "2011-09-30": 0, "2011-06-30": 0, "2011-03-31": "", "2010-12-31": 0, "2010-09-30": 0, "2010-06-30": 0, "2010-03-31": "", "2009-12-31": 0, "2009-09-30": 0, "2009-06-30": 0, "2009-03-31": "", "2008-12-31": 0, "2008-09-30": 0, "2008-06-30": 0, "2008-03-31": "", "2007-12-31": -252.739, "2007-09-30": 252.739, "2007-06-30": 0, "2007-03-31": "", "2006-12-31": 0, "2006-09-30": 0, "2006-06-30": 0, "2006-03-31": "", "2005-12-31": 0, "2005-09-30": 0, "2005-06-30": 0, "2005-03-31": ""}, "Total Common And Preferred Stock Dividends Paid": {"2020-09-30": 0, "2020-06-30": 0, "2020-03-31": "-87.00000", "2019-12-31": -86, "2019-09-30": -86, "2019-06-30": -86, "2019-03-31": "-86.00000", "2018-12-31": -86, "2018-09-30": -86, "2018-06-30": -85, "2018-03-31": "-122.00000", "2017-12-31": -120.133, "2017-09-30": -116.359, "2017-06-30": -108.794, "2017-03-31": "-107.71400", "2016-12-31": -105.566, "2016-09-30": -101.919, "2016-06-30": -96.405, "2016-03-31": "-92.20300", "2015-12-31": -90.234, "2015-09-30": -88.359, "2015-06-30": -84.892, "2015-03-31": "-78.07500", "2014-12-31": -69.532, "2014-09-30": -66.501, "2014-06-30": -53.033, "2014-03-31": "-51.46900", "2013-12-31": -46.831, "2013-09-30": -46.258, "2013-06-30": -35.881, "2013-03-31": "", "2012-12-31": -64.771, "2012-09-30": -29.154, "2012-06-30": -9.294, "2012-03-31": "-9.26800", "2011-12-31": -9.242, "2011-09-30": -9.206, "2011-06-30": -9.17, "2011-03-31": "", "2010-12-31": 0, "2010-09-30": 0, "2010-06-30": 0, "2010-03-31": "", "2009-12-31": 0, "2009-09-30": 0, "2009-06-30": 0, "2009-03-31": "", "2008-12-31": -8.989, "2008-09-30": -28.992, "2008-06-30": -28.992, "2008-03-31": "-28.53600", "2007-12-31": 252.739, "2007-09-30": 43.572, "2007-06-30": -43.572, "2007-03-31": "", "2006-12-31": 305.325, "2006-09-30": 0, "2006-06-30": 0, "2006-03-31": "", "2005-12-31": -42.948, "2005-09-30": 0, "2005-06-30": 0, "2005-03-31": ""}, "Financial Activities - Other": {"2020-09-30": 0, "2020-06-30": 0, "2020-03-31": "", "2019-12-31": 0, "2019-09-30": 0, "2019-06-30": 0, "2019-03-31": "-1.00000", "2018-12-31": -31, "2018-09-30": 1, "2018-06-30": 0, "2018-03-31": "-3.00000", "2017-12-31": 2.662, "2017-09-30": -0.993, "2017-06-30": -0.814, "2017-03-31": "-1.85500", "2016-12-31": -18.121, "2016-09-30": 0.996, "2016-06-30": 11.705, "2016-03-31": "-7.94400", "2015-12-31": -4.021, "2015-09-30": -13.063, "2015-06-30": -14.647, "2015-03-31": "-5.91700", "2014-12-31": -1.179, "2014-09-30": -96.761, "2014-06-30": -3.122, "2014-03-31": "-3.21700", "2013-12-31": 44.312, "2013-09-30": -1.538, "2013-06-30": -5.35, "2013-03-31": "1.62000", "2012-12-31": 63.514, "2012-09-30": -4.902, "2012-06-30": -0.674, "2012-03-31": "-1.52500", "2011-12-31": -1.944, "2011-09-30": -1.176, "2011-06-30": -1.456, "2011-03-31": "-2.49500", "2010-12-31": -3.411, "2010-09-30": -0.86, "2010-06-30": -0.919, "2010-03-31": "2.19400", "2009-12-31": -0.202, "2009-09-30": -0.067, "2009-06-30": -0.17, "2009-03-31": "-0.17700", "2008-12-31": -0.487, "2008-09-30": -0.246, "2008-06-30": 0.08, "2008-03-31": "-2.63700", "2007-12-31": -37.982, "2007-09-30": -89.604, "2007-06-30": -3.454, "2007-03-31": "0.47300", "2006-12-31": -34.625, "2006-09-30": -29.398, "2006-06-30": -31.182, "2006-03-31": "-0.20000", "2005-12-31": 17.296, "2005-09-30": -12.735, "2005-06-30": -15.997, "2005-03-31": "-4.58600"}, "Cash Flow From Financial Activities": {"2020-09-30": -452, "2020-06-30": -278, "2020-03-31": "784.00000", "2019-12-31": -89, "2019-09-30": -441, "2019-06-30": -86, "2019-03-31": "-90.00000", "2018-12-31": -167, "2018-09-30": -66, "2018-06-30": -116, "2018-03-31": "-41.00000", "2017-12-31": 16.418, "2017-09-30": 101.533, "2017-06-30": 28.224, "2017-03-31": "-76.17500", "2016-12-31": 66.805, "2016-09-30": -55.326, "2016-06-30": -66.677, "2016-03-31": "-83.21700", "2015-12-31": -87.553, "2015-09-30": -82.534, "2015-06-30": 233.329, "2015-03-31": "-20.34600", "2014-12-31": 77.048, "2014-09-30": 578.842, "2014-06-30": 37.8, "2014-03-31": "-61.26800", "2013-12-31": 196.572, "2013-09-30": -46.811, "2013-06-30": -67.522, "2013-03-31": "-5.72300", "2012-12-31": -34.073, "2012-09-30": -40.846, "2012-06-30": -19.406, "2012-03-31": "-7.47300", "2011-12-31": -12.763, "2011-09-30": -9.566, "2011-06-30": -16.743, "2011-03-31": "-14.06500", "2010-12-31": -20.505, "2010-09-30": -25.398, "2010-06-30": -8.05, "2010-03-31": "-22.57500", "2009-12-31": -63.907, "2009-09-30": 3.55, "2009-06-30": -13.011, "2009-03-31": "-44.45000", "2008-12-31": -0.03, "2008-09-30": -12.882, "2008-06-30": -23.559, "2008-03-31": "38.16900", "2007-12-31": 25.838, "2007-09-30": 550.929, "2007-06-30": -8.737, "2007-03-31": "2.58800", "2006-12-31": -105.478, "2006-09-30": 262.349, "2006-06-30": 404.905, "2006-03-31": "0.55200", "2005-12-31": 135.651, "2005-09-30": -13.039, "2005-06-30": -15.804, "2005-03-31": "27.03900"}, "Net Cash Flow": {"2020-09-30": -397, "2020-06-30": -269, "2020-03-31": "799.00000", "2019-12-31": -116, "2019-09-30": -135, "2019-06-30": -38, "2019-03-31": "18.00000", "2018-12-31": 522, "2018-09-30": 23, "2018-06-30": -19, "2018-03-31": "31.00000", "2017-12-31": 13.711, "2017-09-30": 6.305, "2017-06-30": 7.384, "2017-03-31": "-16.40000", "2016-12-31": 13.862, "2016-09-30": 5.118, "2016-06-30": 0.759, "2016-03-31": "0.10800", "2015-12-31": -87.945, "2015-09-30": -57.845, "2015-06-30": 66.872, "2015-03-31": "53.29800", "2014-12-31": 10.67, "2014-09-30": -47.239, "2014-06-30": -123.986, "2014-03-31": "-24.80400", "2013-12-31": 150.33, "2013-09-30": -23.725, "2013-06-30": -47.679, "2013-03-31": "13.07100", "2012-12-31": -9.421, "2012-09-30": 5.223, "2012-06-30": 113.184, "2012-03-31": "9.60400", "2011-12-31": 0.969, "2011-09-30": -14.537, "2011-06-30": 11.49, "2011-03-31": "0.30100", "2010-12-31": -12.474, "2010-09-30": 7.763, "2010-06-30": -0.003, "2010-03-31": "1.82200", "2009-12-31": -25.881, "2009-09-30": 18.406, "2009-06-30": 0.466, "2009-03-31": "-31.59000", "2008-12-31": 29.806, "2008-09-30": -5.576, "2008-06-30": -14.844, "2008-03-31": "3.83100", "2007-12-31": -9.381, "2007-09-30": -0.244, "2007-06-30": -73.404, "2007-03-31": "109.01600", "2006-12-31": -0.576, "2006-09-30": 0.121, "2006-06-30": -88.64, "2006-03-31": "11.32000", "2005-12-31": 71.666, "2005-09-30": -76.804, "2005-06-30": -6.728, "2005-03-31": "-13.02100"}, "Stock-Based Compensation": {"2020-09-30": 0, "2020-06-30": 0, "2020-03-31": "", "2019-12-31": 0, "2019-09-30": 0, "2019-06-30": 0, "2019-03-31": "", "2018-12-31": 0, "2018-09-30": 0, "2018-06-30": 0, "2018-03-31": "", "2017-12-31": 0, "2017-09-30": 0, "2017-06-30": 0, "2017-03-31": "", "2016-12-31": 0, "2016-09-30": 0, "2016-06-30": 0, "2016-03-31": "", "2015-12-31": 0, "2015-09-30": 0, "2015-06-30": 0, "2015-03-31": "", "2014-12-31": 0, "2014-09-30": 0, "2014-06-30": 0, "2014-03-31": "", "2013-12-31": 0, "2013-09-30": 0, "2013-06-30": 0, "2013-03-31": "", "2012-12-31": 0, "2012-09-30": 0, "2012-06-30": 0, "2012-03-31": "", "2011-12-31": 0, "2011-09-30": 0, "2011-06-30": 0, "2011-03-31": "", "2010-12-31": 0, "2010-09-30": 0, "2010-06-30": 0, "2010-03-31": "", "2009-12-31": 0, "2009-09-30": 0, "2009-06-30": 0, "2009-03-31": "", "2008-12-31": 0, "2008-09-30": 0, "2008-06-30": 0, "2008-03-31": "", "2007-12-31": 0, "2007-09-30": 0, "2007-06-30": 0, "2007-03-31": "", "2006-12-31": 0, "2006-09-30": 0, "2006-06-30": 0, "2006-03-31": "", "2005-12-31": 0, "2005-09-30": 0, "2005-06-30": 0, "2005-03-31": ""}, "Common Stock Dividends Paid": {"2020-09-30": 0, "2020-06-30": 0, "2020-03-31": "-87.00000", "2019-12-31": -86, "2019-09-30": -86, "2019-06-30": -86, "2019-03-31": "-86.00000", "2018-12-31": -86, "2018-09-30": -86, "2018-06-30": -85, "2018-03-31": "-122.00000", "2017-12-31": -120.133, "2017-09-30": -116.359, "2017-06-30": -108.794, "2017-03-31": "-107.71400", "2016-12-31": -105.566, "2016-09-30": -101.919, "2016-06-30": -96.405, "2016-03-31": "-92.20300", "2015-12-31": -90.234, "2015-09-30": -88.359, "2015-06-30": -84.892, "2015-03-31": "-78.07500", "2014-12-31": -69.532, "2014-09-30": -66.501, "2014-06-30": -53.033, "2014-03-31": "-51.46900", "2013-12-31": -46.831, "2013-09-30": -46.258, "2013-06-30": -35.881, "2013-03-31": "", "2012-12-31": -64.771, "2012-09-30": -29.154, "2012-06-30": -9.294, "2012-03-31": "-9.26800", "2011-12-31": -9.242, "2011-09-30": -9.206, "2011-06-30": -9.17, "2011-03-31": "", "2010-12-31": 0, "2010-09-30": 0, "2010-06-30": 0, "2010-03-31": "", "2009-12-31": 0, "2009-09-30": 0, "2009-06-30": 0, "2009-03-31": "", "2008-12-31": -8.989, "2008-09-30": -28.992, "2008-06-30": -28.992, "2008-03-31": "-28.53600", "2007-12-31": 252.739, "2007-09-30": 43.572, "2007-06-30": -43.572, "2007-03-31": "", "2006-12-31": 305.325, "2006-09-30": 0, "2006-06-30": 0, "2006-03-31": "", "2005-12-31": -42.948, "2005-09-30": 0, "2005-06-30": 0, "2005-03-31": ""}}, "financial ratios": {"Current Ratio": {"2019-12-31": "2.30000", "2018-12-31": "1.69450", "2017-12-31": "1.20190", "2016-12-31": "0.97470", "2015-12-31": "0.70130", "2014-12-31": "1.14510", "2013-12-31": "1.49770", "2012-12-31": "1.03500", "2011-12-31": "0.96250", "2010-12-31": "0.73230", "2009-12-31": "0.54800", "2008-12-31": "0.83180", "2007-12-31": "1.57640", "2006-12-31": "3.20170", "2005-12-31": "4.52850"}, "Long-term Debt / Capital": {"2019-12-31": "0.48560", "2018-12-31": "0.45980", "2017-12-31": "0.47170", "2016-12-31": "0.49130", "2015-12-31": "0.46170", "2014-12-31": "0.44330", "2013-12-31": "0.41920", "2012-12-31": "0.60190", "2011-12-31": "0.61060", "2010-12-31": "0.61350", "2009-12-31": "0.67020", "2008-12-31": "0.67700", "2007-12-31": "0.59660", "2006-12-31": "0.52700", "2005-12-31": "0.52680"}, "Debt/Equity Ratio": {"2019-12-31": "0.94840", "2018-12-31": "0.96700", "2017-12-31": "0.89930", "2016-12-31": "0.97850", "2015-12-31": "0.87020", "2014-12-31": "0.80550", "2013-12-31": "0.86470", "2012-12-31": "1.66740", "2011-12-31": "1.62070", "2010-12-31": "1.66070", "2009-12-31": "2.11220", "2008-12-31": "2.09900", "2007-12-31": "1.48440", "2006-12-31": "1.12380", "2005-12-31": "1.11820"}, "Gross Margin": {"2019-12-31": "52.63460", "2018-12-31": "49.40380", "2017-12-31": "53.98440", "2016-12-31": "57.13390", "2015-12-31": "56.07850", "2014-12-31": "45.26020", "2013-12-31": "40.44110", "2012-12-31": "38.38840", "2011-12-31": "38.69220", "2010-12-31": "44.05700", "2009-12-31": "50.20250", "2008-12-31": "40.87460", "2007-12-31": "44.30750", "2006-12-31": "42.46160", "2005-12-31": "45.31790"}, "Operating Margin": {"2019-12-31": "16.73420", "2018-12-31": "13.28790", "2017-12-31": "16.89640", "2016-12-31": "18.34450", "2015-12-31": "-3.49130", "2014-12-31": "2.72810", "2013-12-31": "4.38410", "2012-12-31": "2.85530", "2011-12-31": "8.81680", "2010-12-31": "9.05110", "2009-12-31": "-3.81060", "2008-12-31": "0.57520", "2007-12-31": "4.01820", "2006-12-31": "5.01220", "2005-12-31": "8.31880"}, "EBIT Margin": {"2019-12-31": "16.73420", "2018-12-31": "13.28790", "2017-12-31": "16.89640", "2016-12-31": "18.34450", "2015-12-31": "-3.49130", "2014-12-31": "2.72810", "2013-12-31": "4.38410", "2012-12-31": "2.85530", "2011-12-31": "8.81680", "2010-12-31": "9.05110", "2009-12-31": "-3.81060", "2008-12-31": "0.57520", "2007-12-31": "4.01820", "2006-12-31": "5.01220", "2005-12-31": "8.31880"}, "EBITDA Margin": {"2019-12-31": "32.19460", "2018-12-31": "29.13120", "2017-12-31": "31.99520", "2016-12-31": "35.45960", "2015-12-31": "16.38070", "2014-12-31": "13.89740", "2013-12-31": "12.49160", "2012-12-31": "10.31600", "2011-12-31": "17.57980", "2010-12-31": "18.03330", "2009-12-31": "21.55460", "2008-12-31": "17.41540", "2007-12-31": "12.38180", "2006-12-31": "18.73440", "2005-12-31": "19.87050"}, "Pre-Tax Profit Margin": {"2019-12-31": "8.10650", "2018-12-31": "6.53040", "2017-12-31": "12.22290", "2016-12-31": "13.16740", "2015-12-31": "-10.91770", "2014-12-31": "75.12740", "2013-12-31": "4.43060", "2012-12-31": "1.59920", "2011-12-31": "5.21910", "2010-12-31": "0.15570", "2009-12-31": "-17.53360", "2008-12-31": "-8.55950", "2007-12-31": "-7.86770", "2006-12-31": "6.43420", "2005-12-31": "3.86690"}, "Net Profit Margin": {"2019-12-31": "9.03300", "2018-12-31": "7.77970", "2017-12-31": "27.02220", "2016-12-31": "10.41130", "2015-12-31": "-6.62110", "2014-12-31": "77.13480", "2013-12-31": "3.00230", "2012-12-31": "1.28820", "2011-12-31": "2.76530", "2010-12-31": "10.78390", "2009-12-31": "-18.19060", "2008-12-31": "-18.26070", "2007-12-31": "-6.90180", "2006-12-31": "9.59500", "2005-12-31": "4.98650"}, "Asset Turnover": {"2019-12-31": "0.25170", "2018-12-31": "0.23660", "2017-12-31": "0.20840", "2016-12-31": "0.19870", "2015-12-31": "0.22430", "2014-12-31": "0.20390", "2013-12-31": "0.41630", "2012-12-31": "0.46500", "2011-12-31": "0.45600", "2010-12-31": "0.38270", "2009-12-31": "0.30360", "2008-12-31": "0.38290", "2007-12-31": "0.26810", "2006-12-31": "0.24800", "2005-12-31": "0.22350"}, "Inventory Turnover Ratio": {"2019-12-31": "26.38710", "2018-12-31": "30.72410", "2017-12-31": "23.23050", "2016-12-31": "20.46540", "2015-12-31": "24.41530", "2014-12-31": "26.33510", "2013-12-31": "24.00020", "2012-12-31": "30.90130", "2011-12-31": "26.23590", "2010-12-31": "27.56630", "2009-12-31": "24.71860", "2008-12-31": "36.18920", "2007-12-31": "23.05510", "2006-12-31": "23.39910", "2005-12-31": "84.11910"}, "Receiveable Turnover": {"2019-12-31": "17.80410", "2018-12-31": "18.53680", "2017-12-31": "11.38310", "2016-12-31": "12.03110", "2015-12-31": "17.14750", "2014-12-31": "13.94350", "2013-12-31": "17.11560", "2012-12-31": "16.95130", "2011-12-31": "17.51370", "2010-12-31": "17.57320", "2009-12-31": "15.02620", "2008-12-31": "14.29660", "2007-12-31": "7.39530", "2006-12-31": "3.36360", "2005-12-31": "11.28510"}, "Days Sales In Receivables": {"2019-12-31": "20.50090", "2018-12-31": "19.69050", "2017-12-31": "32.06510", "2016-12-31": "30.33810", "2015-12-31": "21.28590", "2014-12-31": "26.17700", "2013-12-31": "21.32560", "2012-12-31": "21.53230", "2011-12-31": "20.84080", "2010-12-31": "20.77020", "2009-12-31": "24.29100", "2008-12-31": "25.53050", "2007-12-31": "49.35590", "2006-12-31": "108.51480", "2005-12-31": "32.34350"}, "ROE - Return On Equity": {"2019-12-31": "3.59300", "2018-12-31": "2.08530", "2017-12-31": "12.95250", "2016-12-31": "4.08150", "2015-12-31": "-3.55380", "2014-12-31": "34.99070", "2013-12-31": "2.43480", "2012-12-31": "2.04300", "2011-12-31": "4.16340", "2010-12-31": "1.45710", "2009-12-31": "-18.90920", "2008-12-31": "-10.97280", "2007-12-31": "-4.46220", "2006-12-31": "5.77470", "2005-12-31": "2.67690"}, "Return On Tangible Equity": {"2019-12-31": "258.97440", "2018-12-31": "22.80700", "2017-12-31": "96.03640", "2016-12-31": "54.86360", "2015-12-31": "-45.46110", "2014-12-31": "7280.49100", "2013-12-31": "61.14460", "2012-12-31": "-3.20990", "2011-12-31": "-5.96310", "2010-12-31": "-1.87580", "2009-12-31": "15.69460", "2008-12-31": "9.10990", "2007-12-31": "6.52580", "2006-12-31": "-33.65560", "2005-12-31": "-111.75150"}, "ROA - Return On Assets": {"2019-12-31": "1.47210", "2018-12-31": "0.87320", "2017-12-31": "5.41890", "2016-12-31": "1.69940", "2015-12-31": "-1.55710", "2014-12-31": "15.68680", "2013-12-31": "1.12280", "2012-12-31": "0.64090", "2011-12-31": "1.33210", "2010-12-31": "0.45550", "2009-12-31": "-4.64620", "2008-12-31": "-2.72670", "2007-12-31": "-1.53320", "2006-12-31": "2.37980", "2005-12-31": "1.11470"}, "ROI - Return On Investment": {"2019-12-31": "1.84810", "2018-12-31": "1.12650", "2017-12-31": "6.84290", "2016-12-31": "2.07620", "2015-12-31": "-1.91310", "2014-12-31": "19.48030", "2013-12-31": "1.41420", "2012-12-31": "0.81320", "2011-12-31": "1.62120", "2010-12-31": "0.56320", "2009-12-31": "-6.23670", "2008-12-31": "-3.54420", "2007-12-31": "-1.80000", "2006-12-31": "2.73150", "2005-12-31": "1.26670"}, "Book Value Per Share": {"2019-12-31": "32.45960", "2018-12-31": "36.32870", "2017-12-31": "39.54380", "2016-12-31": "38.36210", "2015-12-31": "40.02700", "2014-12-31": "41.78040", "2013-12-31": "20.48580", "2012-12-31": "14.69980", "2011-12-31": "14.97390", "2010-12-31": "15.02120", "2009-12-31": "12.69030", "2008-12-31": "14.11070", "2007-12-31": "21.50860", "2006-12-31": "23.01330", "2005-12-31": "20.98500"}, "Operating Cash Flow Per Share": {"2019-12-31": -0.1194, "2018-12-31": 0.4536, "2017-12-31": -0.8421, "2016-12-31": 1.0502, "2015-12-31": 1.0113, "2014-12-31": 0.8573, "2013-12-31": -1.6526, "2012-12-31": 2.6924, "2011-12-31": -0.1815, "2010-12-31": 0.3167, "2009-12-31": -0.2835, "2008-12-31": -0.1604, "2007-12-31": 0.6833, "2006-12-31": 0.0535, "2005-12-31": 1.5502}, "Free Cash Flow Per Share": {"2019-12-31": -1.0592, "2018-12-31": 0.727, "2017-12-31": -0.0636, "2016-12-31": 0.4111, "2015-12-31": 0.4312, "2014-12-31": 1.1121, "2013-12-31": -2.9743, "2012-12-31": 2.215, "2011-12-31": 0.0163, "2010-12-31": 0.4277, "2009-12-31": 0.1457, "2008-12-31": -0.1448, "2007-12-31": 0.2018, "2006-12-31": -0.3329, "2005-12-31": 1.2998}}, "financial ratios, quarterly": {"Current Ratio": {"2020-09-30": "1.98690", "2020-06-30": "5.65560", "2020-03-31": "2.79480", "2019-12-31": "2.26530", "2019-09-30": "2.53010", "2019-06-30": "1.59620", "2019-03-31": "1.67170", "2018-12-31": "1.69450", "2018-09-30": "1.42480", "2018-06-30": "2.41370", "2018-03-31": "1.34760", "2017-12-31": "1.20190", "2017-09-30": "1.07310", "2017-06-30": "1.01360", "2017-03-31": "1.00100", "2016-12-31": "0.97470", "2016-09-30": "0.91270", "2016-06-30": "0.63030", "2016-03-31": "0.66400", "2015-12-31": "0.70130", "2015-09-30": "1.10490", "2015-06-30": "1.13850", "2015-03-31": "0.85330", "2014-12-31": "1.14510", "2014-09-30": "0.76190", "2014-06-30": "0.91910", "2014-03-31": "1.47970", "2013-12-31": "1.49770", "2013-09-30": "0.79430", "2013-06-30": "1.72010", "2013-03-31": "1.20760", "2012-12-31": "1.03500", "2012-09-30": "1.28790", "2012-06-30": "0.76530", "2012-03-31": "1.62990", "2011-12-31": "0.96250", "2011-09-30": "0.86850", "2011-06-30": "0.87050", "2011-03-31": "0.75670", "2010-12-31": "0.73230", "2010-09-30": "0.81200", "2010-06-30": "0.76810", "2010-03-31": "0.53910", "2009-12-31": "0.54800", "2009-09-30": "0.32410", "2009-06-30": "0.31310", "2009-03-31": "0.32450", "2008-12-31": "0.83180", "2008-09-30": "0.59520", "2008-06-30": "1.36410", "2008-03-31": "1.36740", "2007-12-31": "1.57640", "2007-09-30": "0.98160", "2007-06-30": "1.28910", "2007-03-31": "2.46660", "2006-12-31": "3.20170", "2006-09-30": "2.29160", "2006-06-30": "2.04090", "2006-03-31": "2.94150", "2005-12-31": "4.52850", "2005-09-30": "2.20000", "2005-06-30": "5.78080", "2005-03-31": "4.03400"}, "Long-term Debt / Capital": {"2020-09-30": "0.47880", "2020-06-30": "0.54270", "2020-03-31": "0.54240", "2019-12-31": "0.35600", "2019-09-30": "0.47930", "2019-06-30": "0.46620", "2019-03-31": "0.46070", "2018-12-31": "0.45980", "2018-09-30": "0.48490", "2018-06-30": "0.50750", "2018-03-31": "0.52360", "2017-12-31": "0.47170", "2017-09-30": "0.52520", "2017-06-30": "0.51400", "2017-03-31": "0.49830", "2016-12-31": "0.49130", "2016-09-30": "0.47580", "2016-06-30": "0.47180", "2016-03-31": "0.46820", "2015-12-31": "0.46170", "2015-09-30": "0.46290", "2015-06-30": "0.45720", "2015-03-31": "0.37140", "2014-12-31": "0.44330", "2014-09-30": "0.41190", "2014-06-30": "0.45730", "2014-03-31": "0.42280", "2013-12-31": "0.41920", "2013-09-30": "0.43510", "2013-06-30": "0.47070", "2013-03-31": "0.57980", "2012-12-31": "0.60190", "2012-09-30": "0.59400", "2012-06-30": "0.54590", "2012-03-31": "0.60300", "2011-12-31": "0.61060", "2011-09-30": "0.60790", "2011-06-30": "0.60870", "2011-03-31": "0.60670", "2010-12-31": "0.61350", "2010-09-30": "0.61900", "2010-06-30": "0.62860", "2010-03-31": "0.66520", "2009-12-31": "0.67020", "2009-09-30": "0.66670", "2009-06-30": "0.66340", "2009-03-31": "0.65850", "2008-12-31": "0.67700", "2008-09-30": "0.59880", "2008-06-30": "0.62020", "2008-03-31": "0.62280", "2007-12-31": "0.59660", "2007-09-30": "0.56830", "2007-06-30": "0.55120", "2007-03-31": "0.53170", "2006-12-31": "0.52700", "2006-09-30": "0.71290", "2006-06-30": "0.65190", "2006-03-31": "0.53010", "2005-12-31": "0.52680", "2005-09-30": "0.44610", "2005-06-30": "0.43780", "2005-03-31": "0.43910"}, "Debt/Equity Ratio": {"2020-09-30": "0.92460", "2020-06-30": "1.19070", "2020-03-31": "1.28970", "2019-12-31": "0.55710", "2019-09-30": "0.92440", "2019-06-30": "0.99310", "2019-03-31": "0.97040", "2018-12-31": "0.96700", "2018-09-30": "1.06450", "2018-06-30": "1.04340", "2018-03-31": "1.11460", "2017-12-31": "0.89930", "2017-09-30": "1.12170", "2017-06-30": "1.07250", "2017-03-31": "1.00720", "2016-12-31": "0.97850", "2016-09-30": "0.91900", "2016-06-30": "0.91310", "2016-03-31": "0.89400", "2015-12-31": "0.87020", "2015-09-30": "0.87190", "2015-06-30": "0.85090", "2015-03-31": "0.59950", "2014-12-31": "0.80550", "2014-09-30": "0.70720", "2014-06-30": "0.98730", "2014-03-31": "0.87410", "2013-12-31": "0.86470", "2013-09-30": "0.94170", "2013-06-30": "0.91200", "2013-03-31": "1.37980", "2012-12-31": "1.66740", "2012-09-30": "1.60420", "2012-06-30": "1.56020", "2012-03-31": "1.59600", "2011-12-31": "1.62070", "2011-09-30": "1.61190", "2011-06-30": "1.62590", "2011-03-31": "1.61850", "2010-12-31": "1.66070", "2010-09-30": "1.70250", "2010-06-30": "1.77220", "2010-03-31": "2.07530", "2009-12-31": "2.11220", "2009-09-30": "2.56300", "2009-06-30": "2.51310", "2009-03-31": "2.44840", "2008-12-31": "2.09900", "2008-09-30": "1.72140", "2008-06-30": "1.64360", "2008-03-31": "1.66320", "2007-12-31": "1.48440", "2007-09-30": "1.38070", "2007-06-30": "1.25110", "2007-03-31": "1.14800", "2006-12-31": "1.12380", "2006-09-30": "2.49250", "2006-06-30": "1.88710", "2006-03-31": "1.13910", "2005-12-31": "1.11820", "2005-09-30": "0.80910", "2005-06-30": "0.78220", "2005-03-31": "0.78470"}, "Gross Margin": {"2020-09-30": "60.89110", "2020-06-30": "64.36780", "2020-03-31": "55.04810", "2019-12-31": "52.76750", "2019-09-30": "48.78050", "2019-06-30": "50.24040", "2019-03-31": "56.84650", "2018-12-31": "47.59730", "2018-09-30": "51.06890", "2018-06-30": "49.31190", "2018-03-31": "49.67880", "2017-12-31": "41.68240", "2017-09-30": "58.30870", "2017-06-30": "57.31950", "2017-03-31": "55.27130", "2016-12-31": "42.92730", "2016-09-30": "58.53820", "2016-06-30": "60.79400", "2016-03-31": "62.27850", "2015-12-31": "56.55030", "2015-09-30": "56.84770", "2015-06-30": "54.29100", "2015-03-31": "56.70140", "2014-12-31": "49.66900", "2014-09-30": "46.91950", "2014-06-30": "40.87980", "2014-03-31": "40.91390", "2013-12-31": "40.97620", "2013-09-30": "40.95990", "2013-06-30": "40.16200", "2013-03-31": "39.66220", "2012-12-31": "38.61770", "2012-09-30": "39.16290", "2012-06-30": "37.78800", "2012-03-31": "37.99880", "2011-12-31": "38.98420", "2011-09-30": "39.36670", "2011-06-30": "36.61160", "2011-03-31": "39.82430", "2010-12-31": "42.86110", "2010-09-30": "44.70880", "2010-06-30": "43.15560", "2010-03-31": "45.59870", "2009-12-31": "46.46870", "2009-09-30": "48.55040", "2009-06-30": "52.10580", "2009-03-31": "54.49210", "2008-12-31": "56.14170", "2008-09-30": "37.17210", "2008-06-30": "37.71650", "2008-03-31": "40.39960", "2007-12-31": "47.73430", "2007-09-30": "42.53720", "2007-06-30": "42.75330", "2007-03-31": "44.47570", "2006-12-31": "42.65940", "2006-09-30": "38.82950", "2006-06-30": "44.64240", "2006-03-31": "46.28280", "2005-12-31": "43.73920", "2005-09-30": "44.46490", "2005-06-30": "45.94380", "2005-03-31": "47.74320"}, "Operating Margin": {"2020-09-30": "10.39600", "2020-06-30": "6.89660", "2020-03-31": "14.66350", "2019-12-31": "15.12920", "2019-09-30": "10.10450", "2019-06-30": "13.22120", "2019-03-31": "25.51870", "2018-12-31": "10.75520", "2018-09-30": "12.58910", "2018-06-30": "13.30280", "2018-03-31": "16.27410", "2017-12-31": "12.21930", "2017-09-30": "18.97850", "2017-06-30": "17.60090", "2017-03-31": "17.49380", "2016-12-31": "12.03270", "2016-09-30": "17.99140", "2016-06-30": "19.24320", "2016-03-31": "22.39630", "2015-12-31": "15.08150", "2015-09-30": "17.66840", "2015-06-30": "-17.77270", "2015-03-31": "-29.08670", "2014-12-31": "15.48320", "2014-09-30": "-19.10960", "2014-06-30": "7.39220", "2014-03-31": "10.00200", "2013-12-31": "7.58150", "2013-09-30": "7.73590", "2013-06-30": "-1.13320", "2013-03-31": "3.15970", "2012-12-31": "-10.62360", "2012-09-30": "2.28230", "2012-06-30": "10.06940", "2012-03-31": "9.16990", "2011-12-31": "10.03460", "2011-09-30": "10.19170", "2011-06-30": "4.91210", "2011-03-31": "10.12880", "2010-12-31": "2.81720", "2010-09-30": "12.55570", "2010-06-30": "10.06590", "2010-03-31": "11.16520", "2009-12-31": "8.79500", "2009-09-30": "11.90710", "2009-06-30": "-24.13160", "2009-03-31": "-15.96940", "2008-12-31": "-52.44930", "2008-09-30": "9.07550", "2008-06-30": "8.62030", "2008-03-31": "9.56210", "2007-12-31": "5.11150", "2007-09-30": "10.79240", "2007-06-30": "-12.94150", "2007-03-31": "11.71600", "2006-12-31": "-3.40830", "2006-09-30": "8.45770", "2006-06-30": "12.81750", "2006-03-31": "4.99920", "2005-12-31": "6.34520", "2005-09-30": "8.10530", "2005-06-30": "10.36010", "2005-03-31": "8.92520"}, "EBIT Margin": {"2020-09-30": "10.39600", "2020-06-30": "6.89660", "2020-03-31": "14.66350", "2019-12-31": "15.12920", "2019-09-30": "10.10450", "2019-06-30": "13.22120", "2019-03-31": "25.51870", "2018-12-31": "10.75520", "2018-09-30": "12.58910", "2018-06-30": "13.30280", "2018-03-31": "16.27410", "2017-12-31": "12.21930", "2017-09-30": "18.97850", "2017-06-30": "17.60090", "2017-03-31": "17.49380", "2016-12-31": "12.03270", "2016-09-30": "17.99140", "2016-06-30": "19.24320", "2016-03-31": "22.39630", "2015-12-31": "15.08150", "2015-09-30": "17.66840", "2015-06-30": "-17.77270", "2015-03-31": "-29.08670", "2014-12-31": "15.48320", "2014-09-30": "-19.10960", "2014-06-30": "7.39220", "2014-03-31": "10.00200", "2013-12-31": "7.58150", "2013-09-30": "7.73590", "2013-06-30": "-1.13320", "2013-03-31": "3.15970", "2012-12-31": "-10.62360", "2012-09-30": "2.28230", "2012-06-30": "10.06940", "2012-03-31": "9.16990", "2011-12-31": "10.03460", "2011-09-30": "10.19170", "2011-06-30": "4.91210", "2011-03-31": "10.12880", "2010-12-31": "2.81720", "2010-09-30": "12.55570", "2010-06-30": "10.06590", "2010-03-31": "11.16520", "2009-12-31": "8.79500", "2009-09-30": "11.90710", "2009-06-30": "-24.13160", "2009-03-31": "-15.96940", "2008-12-31": "-52.44930", "2008-09-30": "9.07550", "2008-06-30": "8.62030", "2008-03-31": "9.56210", "2007-12-31": "5.11150", "2007-09-30": "10.79240", "2007-06-30": "-12.94150", "2007-03-31": "11.71600", "2006-12-31": "-3.40830", "2006-09-30": "8.45770", "2006-06-30": "12.81750", "2006-03-31": "4.99920", "2005-12-31": "6.34520", "2005-09-30": "8.10530", "2005-06-30": "10.36010", "2005-03-31": "8.92520"}, "EBITDA Margin": {"2020-09-30": "", "2020-06-30": "", "2020-03-31": "", "2019-12-31": "", "2019-09-30": "", "2019-06-30": "", "2019-03-31": "", "2018-12-31": "", "2018-09-30": "", "2018-06-30": "", "2018-03-31": "", "2017-12-31": "", "2017-09-30": "", "2017-06-30": "", "2017-03-31": "", "2016-12-31": "", "2016-09-30": "", "2016-06-30": "", "2016-03-31": "", "2015-12-31": "", "2015-09-30": "", "2015-06-30": "", "2015-03-31": "", "2014-12-31": "", "2014-09-30": "", "2014-06-30": "", "2014-03-31": "", "2013-12-31": "", "2013-09-30": "", "2013-06-30": "", "2013-03-31": "", "2012-12-31": "", "2012-09-30": "", "2012-06-30": "", "2012-03-31": "", "2011-12-31": "", "2011-09-30": "", "2011-06-30": "", "2011-03-31": "", "2010-12-31": "", "2010-09-30": "", "2010-06-30": "", "2010-03-31": "", "2009-12-31": "", "2009-09-30": "", "2009-06-30": "", "2009-03-31": "", "2008-12-31": "", "2008-09-30": "", "2008-06-30": "", "2008-03-31": "", "2007-12-31": "", "2007-09-30": "", "2007-06-30": "", "2007-03-31": "", "2006-12-31": "", "2006-09-30": "", "2006-06-30": "", "2006-03-31": "", "2005-12-31": "", "2005-09-30": "", "2005-06-30": "", "2005-03-31": ""}, "Pre-Tax Profit Margin": {"2020-09-30": "0.49500", "2020-06-30": "-4.98080", "2020-03-31": "4.80770", "2019-12-31": "7.19560", "2019-09-30": "1.74220", "2019-06-30": "1.92310", "2019-03-31": "18.25730", "2018-12-31": "3.20370", "2018-09-30": "0.95010", "2018-06-30": "8.94500", "2018-03-31": "12.41970", "2017-12-31": "13.48110", "2017-09-30": "13.62290", "2017-06-30": "9.95220", "2017-03-31": "12.11880", "2016-12-31": "18.65150", "2016-09-30": "17.00330", "2016-06-30": "9.38200", "2016-03-31": "8.91630", "2015-12-31": "11.07430", "2015-09-30": "4.68620", "2015-06-30": "-22.90550", "2015-03-31": "-36.59940", "2014-12-31": "8.10140", "2014-09-30": "241.41020", "2014-06-30": "5.42070", "2014-03-31": "10.37170", "2013-12-31": "8.78030", "2013-09-30": "5.33830", "2013-06-30": "-0.81010", "2013-03-31": "4.24520", "2012-12-31": "-9.65670", "2012-09-30": "-0.72480", "2012-06-30": "8.49580", "2012-03-31": "7.82730", "2011-12-31": "9.40380", "2011-09-30": "5.81970", "2011-06-30": "-1.78120", "2011-03-31": "7.43900", "2010-12-31": "4.48720", "2010-09-30": "5.16270", "2010-06-30": "-6.39400", "2010-03-31": "-3.25580", "2009-12-31": "0.97620", "2009-09-30": "-8.47800", "2009-06-30": "-19.37480", "2009-03-31": "-47.16530", "2008-12-31": "-68.96390", "2008-09-30": "0.93320", "2008-06-30": "2.73780", "2008-03-31": "-0.32470", "2007-12-31": "-4.87240", "2007-09-30": "-7.72230", "2007-06-30": "-21.95650", "2007-03-31": "3.41040", "2006-12-31": "18.03850", "2006-09-30": "-10.06130", "2006-06-30": "10.57370", "2006-03-31": "10.39520", "2005-12-31": "2.91490", "2005-09-30": "3.47280", "2005-06-30": "9.01690", "2005-03-31": "-0.08210"}, "Net Profit Margin": {"2020-09-30": "-442.07920", "2020-06-30": "-3.06510", "2020-03-31": "2.64420", "2019-12-31": "2.58300", "2019-09-30": "21.25440", "2019-06-30": "2.64420", "2019-03-31": "14.52280", "2018-12-31": "", "2018-09-30": "5.22570", "2018-06-30": "8.71560", "2018-03-31": "16.48820", "2017-12-31": "107.18240", "2017-09-30": "8.84980", "2017-06-30": "5.92720", "2017-03-31": "7.97750", "2016-12-31": "25.32080", "2016-09-30": "9.99370", "2016-06-30": "4.82720", "2016-03-31": "5.63970", "2015-12-31": "8.20300", "2015-09-30": "2.55900", "2015-06-30": "-14.89210", "2015-03-31": "-22.33440", "2014-12-31": "5.17570", "2014-09-30": "254.99130", "2014-06-30": "3.45270", "2014-03-31": "7.37380", "2013-12-31": "6.07380", "2013-09-30": "3.94620", "2013-06-30": "-0.33580", "2013-03-31": "2.22210", "2012-12-31": "-3.98930", "2012-09-30": "-0.72480", "2012-06-30": "4.30840", "2012-03-31": "5.32060", "2011-12-31": "4.91380", "2011-09-30": "2.53440", "2011-06-30": "-1.00730", "2011-03-31": "4.65460", "2010-12-31": "1.91560", "2010-09-30": "4.19230", "2010-06-30": "41.94110", "2010-03-31": "-4.15540", "2009-12-31": "-14.89340", "2009-09-30": "-9.88780", "2009-06-30": "-17.72130", "2009-03-31": "-31.65810", "2008-12-31": "-137.15440", "2008-09-30": "0.17980", "2008-06-30": "2.90990", "2008-03-31": "-0.71400", "2007-12-31": "-9.05730", "2007-09-30": "-8.12180", "2007-06-30": "-14.13450", "2007-03-31": "4.66140", "2006-12-31": "26.04450", "2006-09-30": "-6.13620", "2006-06-30": "8.90850", "2006-03-31": "8.77210", "2005-12-31": "8.16600", "2005-09-30": "3.22140", "2005-06-30": "7.77180", "2005-03-31": "-0.12630"}, "Asset Turnover": {"2020-09-30": "0.03260", "2020-06-30": "0.03550", "2020-03-31": "0.05460", "2019-12-31": "0.07900", "2019-09-30": "0.04150", "2019-06-30": "0.05340", "2019-03-31": "0.06160", "2018-12-31": "0.05870", "2018-09-30": "0.05300", "2018-06-30": "0.05490", "2018-03-31": "0.05820", "2017-12-31": "0.04060", "2017-09-30": "0.05700", "2017-06-30": "0.05750", "2017-03-31": "0.05990", "2016-12-31": "0.03800", "2016-09-30": "0.05730", "2016-06-30": "0.05460", "2016-03-31": "0.05440", "2015-12-31": "0.05490", "2015-09-30": "0.05620", "2015-06-30": "0.05650", "2015-03-31": "0.06050", "2014-12-31": "0.06120", "2014-09-30": "0.06090", "2014-06-30": "0.11050", "2014-03-31": "0.11220", "2013-12-31": "0.10420", "2013-09-30": "0.11730", "2013-06-30": "0.11330", "2013-03-31": "0.11700", "2012-12-31": "0.11310", "2012-09-30": "0.11990", "2012-06-30": "0.11860", "2012-03-31": "0.12150", "2011-12-31": "0.11540", "2011-09-30": "0.11580", "2011-06-30": "0.11390", "2011-03-31": "0.10940", "2010-12-31": "0.10080", "2010-09-30": "0.09590", "2010-06-30": "0.09170", "2010-03-31": "0.08670", "2009-12-31": "0.08280", "2009-09-30": "0.07850", "2009-06-30": "0.06930", "2009-03-31": "0.06910", "2008-12-31": "0.05290", "2008-09-30": "0.09790", "2008-06-30": "0.10070", "2008-03-31": "0.09750", "2007-12-31": "0.06630", "2007-09-30": "0.07850", "2007-06-30": "0.08330", "2007-03-31": "0.08000", "2006-12-31": "0.07860", "2006-09-30": "0.07410", "2006-06-30": "0.05390", "2006-03-31": "0.06220", "2005-12-31": "0.06350", "2005-09-30": "0.06510", "2005-06-30": "0.05890", "2005-03-31": "0.05290"}, "Inventory Turnover Ratio": {"2020-09-30": "4.64710", "2020-06-30": "3.57690", "2020-03-31": "7.79170", "2019-12-31": "11.63640", "2019-09-30": "5.06900", "2019-06-30": "6.67740", "2019-03-31": "6.93330", "2018-12-31": "7.89660", "2018-09-30": "6.68680", "2018-06-30": "7.01700", "2018-03-31": "6.06560", "2017-12-31": "5.74170", "2017-09-30": "5.25270", "2017-06-30": "5.28170", "2017-03-31": "5.75910", "2016-12-31": "5.21620", "2016-09-30": "5.74000", "2016-06-30": "4.94970", "2016-03-31": "5.42340", "2015-12-31": "5.91360", "2015-09-30": "5.74060", "2015-06-30": "6.24220", "2015-03-31": "6.60730", "2014-12-31": "7.26180", "2014-09-30": "6.35210", "2014-06-30": "6.16490", "2014-03-31": "6.58590", "2013-12-31": "5.95240", "2013-09-30": "6.14690", "2013-06-30": "6.39760", "2013-03-31": "6.90380", "2012-12-31": "7.48550", "2012-09-30": "7.05060", "2012-06-30": "7.27170", "2012-03-31": "7.04240", "2011-12-31": "6.60580", "2011-09-30": "8.09830", "2011-06-30": "9.33950", "2011-03-31": "8.10690", "2010-12-31": "7.41730", "2010-09-30": "7.79740", "2010-06-30": "7.00690", "2010-03-31": "7.26160", "2009-12-31": "7.24520", "2009-09-30": "6.46730", "2009-06-30": "5.44630", "2009-03-31": "4.91290", "2008-12-31": "3.71120", "2008-09-30": "8.40980", "2008-06-30": "8.15370", "2008-03-31": "8.53150", "2007-12-31": "5.35020", "2007-09-30": "7.83110", "2007-06-30": "8.09030", "2007-03-31": "6.88180", "2006-12-31": "7.38950", "2006-09-30": "8.43470", "2006-06-30": "6.26180", "2006-03-31": "28.74050", "2005-12-31": "24.58150", "2005-09-30": "21.09890", "2005-06-30": "32.37080", "2005-03-31": "27.34950"}, "Receiveable Turnover": {"2020-09-30": "3.88460", "2020-06-30": "3.52700", "2020-03-31": "5.01200", "2019-12-31": "7.03900", "2019-09-30": "3.22470", "2019-06-30": "4.28870", "2019-03-31": "4.54720", "2018-12-31": "4.60000", "2018-09-30": "3.21920", "2018-06-30": "3.38960", "2018-03-31": "3.04400", "2017-12-31": "2.22000", "2017-09-30": "3.11370", "2017-06-30": "3.28680", "2017-03-31": "3.64520", "2016-12-31": "2.30320", "2016-09-30": "3.32460", "2016-06-30": "4.10730", "2016-03-31": "4.30380", "2015-12-31": "4.19840", "2015-09-30": "3.87540", "2015-06-30": "3.68360", "2015-03-31": "4.11130", "2014-12-31": "4.18170", "2014-09-30": "3.96380", "2014-06-30": "3.49790", "2014-03-31": "3.64950", "2013-12-31": "4.28340", "2013-09-30": "3.36960", "2013-06-30": "3.30630", "2013-03-31": "4.20300", "2012-12-31": "4.12160", "2012-09-30": "3.98970", "2012-06-30": "3.99600", "2012-03-31": "4.10720", "2011-12-31": "4.43080", "2011-09-30": "4.22710", "2011-06-30": "4.26590", "2011-03-31": "4.40740", "2010-12-31": "4.62950", "2010-09-30": "4.09680", "2010-06-30": "4.05270", "2010-03-31": "4.43570", "2009-12-31": "4.09700", "2009-09-30": "3.40390", "2009-06-30": "2.96070", "2009-03-31": "3.01550", "2008-12-31": "1.97650", "2008-09-30": "2.83330", "2008-06-30": "2.57290", "2008-03-31": "2.44170", "2007-12-31": "1.82870", "2007-09-30": "2.26660", "2007-06-30": "2.41370", "2007-03-31": "2.39110", "2006-12-31": "1.06590", "2006-09-30": "2.27520", "2006-06-30": "1.87290", "2006-03-31": "3.13920", "2005-12-31": "3.20520", "2005-09-30": "3.76550", "2005-06-30": "3.68430", "2005-03-31": "3.34330"}, "Days Sales In Receivables": {"2020-09-30": "23.16830", "2020-06-30": "25.51720", "2020-03-31": "17.95670", "2019-12-31": "12.78600", "2019-09-30": "27.90940", "2019-06-30": "20.98560", "2019-03-31": "19.79250", "2018-12-31": "19.56520", "2018-09-30": "27.95710", "2018-06-30": "26.55190", "2018-03-31": "29.56680", "2017-12-31": "40.54140", "2017-09-30": "28.90460", "2017-06-30": "27.38240", "2017-03-31": "24.68990", "2016-12-31": "39.07650", "2016-09-30": "27.07060", "2016-06-30": "21.91240", "2016-03-31": "20.91160", "2015-12-31": "21.43680", "2015-09-30": "23.22370", "2015-06-30": "24.43230", "2015-03-31": "21.89100", "2014-12-31": "21.52250", "2014-09-30": "22.70580", "2014-06-30": "25.72990", "2014-03-31": "24.66080", "2013-12-31": "21.01150", "2013-09-30": "26.70930", "2013-06-30": "27.22090", "2013-03-31": "21.41320", "2012-12-31": "21.83620", "2012-09-30": "22.55820", "2012-06-30": "22.52260", "2012-03-31": "21.91280", "2011-12-31": "20.31230", "2011-09-30": "21.29140", "2011-06-30": "21.09760", "2011-03-31": "20.42040", "2010-12-31": "19.44070", "2010-09-30": "21.96810", "2010-06-30": "22.20760", "2010-03-31": "20.29010", "2009-12-31": "21.96710", "2009-09-30": "26.44050", "2009-06-30": "30.39800", "2009-03-31": "29.84580", "2008-12-31": "45.53590", "2008-09-30": "31.76500", "2008-06-30": "34.98040", "2008-03-31": "36.85920", "2007-12-31": "49.21550", "2007-09-30": "39.70790", "2007-06-30": "37.28750", "2007-03-31": "37.63950", "2006-12-31": "84.43560", "2006-09-30": "39.55680", "2006-06-30": "48.05470", "2006-03-31": "28.66940", "2005-12-31": "28.07910", "2005-09-30": "23.90090", "2005-06-30": "24.42770", "2005-03-31": "26.91990"}, "ROE - Return On Equity": {"2020-09-30": "-8.51290", "2020-06-30": "-0.29180", "2020-03-31": "0.40090", "2019-12-31": "1.03170", "2019-09-30": "0.06940", "2019-06-30": "0.19750", "2019-03-31": "2.06050", "2018-12-31": "-0.12830", "2018-09-30": "0.06260", "2018-06-30": "0.83230", "2018-03-31": "1.21810", "2017-12-31": "10.12220", "2017-09-30": "1.16830", "2017-06-30": "0.85850", "2017-03-31": "1.05570", "2016-12-31": "1.42100", "2016-09-30": "1.35980", "2016-06-30": "0.68150", "2016-03-31": "0.64310", "2015-12-31": "0.99560", "2015-09-30": "0.25740", "2015-06-30": "-1.92270", "2015-03-31": "-2.75640", "2014-12-31": "0.62980", "2014-09-30": "33.67230", "2014-06-30": "0.88890", "2014-03-31": "1.78380", "2013-12-31": "1.22030", "2013-09-30": "0.84190", "2013-06-30": "-0.09700", "2013-03-31": "0.88830", "2012-12-31": "-1.70110", "2012-09-30": "-0.01750", "2012-06-30": "1.68350", "2012-03-31": "2.01770", "2011-12-31": "1.79300", "2011-09-30": "1.36520", "2011-06-30": "-0.56770", "2011-03-31": "1.55880", "2010-12-31": "0.88760", "2010-09-30": "1.32030", "2010-06-30": "0.06000", "2010-03-31": "-0.95370", "2009-12-31": "-3.25260", "2009-09-30": "-2.89460", "2009-06-30": "-4.56660", "2009-03-31": "-7.62800", "2008-12-31": "-11.96150", "2008-09-30": "0.03730", "2008-06-30": "0.89330", "2008-03-31": "-0.25080", "2007-12-31": "-0.82430", "2007-09-30": "-1.80970", "2007-06-30": "-3.09540", "2007-03-31": "0.92790", "2006-12-31": "4.96720", "2006-09-30": "-1.82440", "2006-06-30": "1.65480", "2006-03-31": "1.34730", "2005-12-31": "1.24510", "2005-09-30": "0.44140", "2005-06-30": "0.93810", "2005-03-31": "-0.01390"}, "Return On Tangible Equity": {"2020-09-30": "-20.30850", "2020-06-30": "114.28570", "2020-03-31": "-64.70590", "2019-12-31": "1.69790", "2019-09-30": "2.10530", "2019-06-30": "2.54240", "2019-03-31": "22.14530", "2018-12-31": "-1.40350", "2018-09-30": "0.59040", "2018-06-30": "7.42070", "2018-03-31": "12.82280", "2017-12-31": "75.05090", "2017-09-30": "40.73950", "2017-06-30": "22.49660", "2017-03-31": "16.67490", "2016-12-31": "19.10160", "2016-09-30": "21.68550", "2016-06-30": "13.19440", "2016-03-31": "10.17770", "2015-12-31": "12.73590", "2015-09-30": "3.00100", "2015-06-30": "-19.58960", "2015-03-31": "-24.16470", "2014-12-31": "131.03420", "2014-09-30": "806.90110", "2014-06-30": "-5.02640", "2014-03-31": "63.53220", "2013-12-31": "30.64410", "2013-09-30": "-6.13480", "2013-06-30": "0.69630", "2013-03-31": "-1.78060", "2012-12-31": "2.67270", "2012-09-30": "0.02630", "2012-06-30": "-2.69240", "2012-03-31": "-3.05270", "2011-12-31": "-2.56810", "2011-09-30": "-1.93800", "2011-06-30": "0.79530", "2011-03-31": "-2.11070", "2010-12-31": "-1.14260", "2010-09-30": "-1.59920", "2010-06-30": "-0.06860", "2010-03-31": "0.79720", "2009-12-31": "2.69970", "2009-09-30": "2.39230", "2009-06-30": "3.84690", "2009-03-31": "6.25520", "2008-12-31": "9.93070", "2008-09-30": "-0.04420", "2008-06-30": "-1.13840", "2008-03-31": "0.30470", "2007-12-31": "1.20550", "2007-09-30": "2.82000", "2007-06-30": "9.70310", "2007-03-31": "-5.00270", "2006-12-31": "-28.94960", "2006-09-30": "1.95920", "2006-06-30": "-6.72560", "2006-03-31": "-45.43330", "2005-12-31": "-51.97820", "2005-09-30": "6.78220", "2005-06-30": "5.68870", "2005-03-31": "-0.08960"}, "ROA - Return On Assets": {"2020-09-30": "-2.55130", "2020-06-30": "-0.10890", "2020-03-31": "0.14420", "2019-12-31": "0.42270", "2019-09-30": "0.02890", "2019-06-30": "0.07710", "2019-03-31": "0.81840", "2018-12-31": "-0.05370", "2018-09-30": "0.02520", "2018-06-30": "0.34020", "2018-03-31": "0.49840", "2017-12-31": "4.23480", "2017-09-30": "0.45470", "2017-06-30": "0.34090", "2017-03-31": "0.43290", "2016-12-31": "0.59170", "2016-09-30": "0.57870", "2016-06-30": "0.28960", "2016-03-31": "0.27700", "2015-12-31": "0.43620", "2015-09-30": "0.11280", "2015-06-30": "-0.84770", "2015-03-31": "-1.37460", "2014-12-31": "0.28230", "2014-09-30": "15.53370", "2014-06-30": "0.38320", "2014-03-31": "0.81930", "2013-12-31": "0.56270", "2013-09-30": "0.36680", "2013-06-30": "-0.04290", "2013-03-31": "0.29740", "2012-12-31": "-0.53360", "2012-09-30": "-0.00560", "2012-06-30": "0.55170", "2012-03-31": "0.65170", "2011-12-31": "0.57370", "2011-09-30": "0.43760", "2011-06-30": "-0.18040", "2011-03-31": "0.49510", "2010-12-31": "0.27750", "2010-09-30": "0.40360", "2010-06-30": "0.01790", "2010-03-31": "-0.23530", "2009-12-31": "-0.79920", "2009-09-30": "-0.70680", "2009-06-30": "-1.13850", "2009-03-31": "-1.91440", "2008-12-31": "-2.97230", "2008-09-30": "0.01170", "2008-06-30": "0.28840", "2008-03-31": "-0.07940", "2007-12-31": "-0.28320", "2007-09-30": "-0.63750", "2007-06-30": "-1.17740", "2007-03-31": "0.37300", "2006-12-31": "2.04710", "2006-09-30": "-0.45500", "2006-06-30": "0.47990", "2006-03-31": "0.54560", "2005-12-31": "0.51840", "2005-09-30": "0.20970", "2005-06-30": "0.45750", "2005-03-31": "-0.00670"}, "ROI - Return On Investment": {"2020-09-30": "-4.43700", "2020-06-30": "-0.13340", "2020-03-31": "0.18340", "2019-12-31": "0.66440", "2019-09-30": "0.03610", "2019-06-30": "0.10540", "2019-03-31": "1.11130", "2018-12-31": "-0.06930", "2018-09-30": "0.03220", "2018-06-30": "0.40990", "2018-03-31": "0.58030", "2017-12-31": "5.34760", "2017-09-30": "0.55470", "2017-06-30": "0.41730", "2017-03-31": "0.52960", "2016-12-31": "0.72290", "2016-09-30": "0.71270", "2016-06-30": "0.35990", "2016-03-31": "0.34210", "2015-12-31": "0.53590", "2015-09-30": "0.13820", "2015-06-30": "-1.04360", "2015-03-31": "-1.73260", "2014-12-31": "0.35060", "2014-09-30": "19.80190", "2014-06-30": "0.48240", "2014-03-31": "1.02970", "2013-12-31": "0.70880", "2013-09-30": "0.47560", "2013-06-30": "-0.05130", "2013-03-31": "0.37320", "2012-12-31": "-0.67710", "2012-09-30": "-0.00710", "2012-06-30": "0.76450", "2012-03-31": "0.80090", "2011-12-31": "0.69820", "2011-09-30": "0.53540", "2011-06-30": "-0.22210", "2011-03-31": "0.61310", "2010-12-31": "0.34310", "2010-09-30": "0.50310", "2010-06-30": "0.02230", "2010-03-31": "-0.31930", "2009-12-31": "-1.07280", "2009-09-30": "-0.96490", "2009-06-30": "-1.53690", "2009-03-31": "-2.60460", "2008-12-31": "-3.86350", "2008-09-30": "0.01500", "2008-06-30": "0.33930", "2008-03-31": "-0.09460", "2007-12-31": "-0.33250", "2007-09-30": "-0.78130", "2007-06-30": "-1.38930", "2007-03-31": "0.43460", "2006-12-31": "2.34960", "2006-09-30": "-0.52380", "2006-06-30": "0.57590", "2006-03-31": "0.63310", "2005-12-31": "0.58920", "2005-09-30": "0.24450", "2005-06-30": "0.52740", "2005-03-31": "-0.00780"}, "Book Value Per Share": {"2020-09-30": "21.30030", "2020-06-30": "31.50930", "2020-03-31": "31.60780", "2019-12-31": "32.45960", "2019-09-30": "33.37000", "2019-06-30": "35.24530", "2019-03-31": "36.12380", "2018-12-31": "36.32870", "2018-09-30": "37.35680", "2018-06-30": "38.08220", "2018-03-31": "38.67560", "2017-12-31": "39.54380", "2017-09-30": "36.64910", "2017-06-30": "36.70560", "2017-03-31": "37.56100", "2016-12-31": "38.36210", "2016-09-30": "38.21200", "2016-06-30": "38.42470", "2016-03-31": "39.08720", "2015-12-31": "40.02700", "2015-09-30": "40.63010", "2015-06-30": "41.55260", "2015-03-31": "42.42020", "2014-12-31": "41.78040", "2014-09-30": "41.95040", "2014-06-30": "19.35410", "2014-03-31": "20.01740", "2013-12-31": "20.48580", "2013-09-30": "18.32470", "2013-06-30": "18.64350", "2013-03-31": "15.60600", "2012-12-31": "14.69980", "2012-09-30": "14.77540", "2012-06-30": "15.31740", "2012-03-31": "15.15430", "2011-12-31": "14.97390", "2011-09-30": "15.06580", "2011-06-30": "14.98370", "2011-03-31": "15.19140", "2010-12-31": "15.02120", "2010-09-30": "14.87140", "2010-06-30": "14.59050", "2010-03-31": "12.61290", "2009-12-31": "12.69030", "2009-09-30": "12.80100", "2009-06-30": "13.07080", "2009-03-31": "13.54300", "2008-12-31": "14.11070", "2008-09-30": "19.72870", "2008-06-30": "20.44350", "2008-03-31": "20.13230", "2007-12-31": "21.50860", "2007-09-30": "22.71620", "2007-06-30": "21.54230", "2007-03-31": "22.59900", "2006-12-31": "23.01330", "2006-09-30": "20.17880", "2006-06-30": "20.95730", "2006-03-31": "20.74630", "2005-12-31": "20.98500", "2005-09-30": "21.56690", "2005-06-30": "22.20990", "2005-03-31": "22.48290"}, "Operating Cash Flow Per Share": {"2020-09-30": -0.67, "2020-06-30": 0.8383, "2020-03-31": "1.14160", "2019-12-31": 2.8799, "2019-09-30": -0.4591, "2019-06-30": 1.4003, "2019-03-31": "1.60790", "2018-12-31": 1.2626, "2018-09-30": 1.4066, "2018-06-30": 1.3467, "2018-03-31": "1.53250", "2017-12-31": 0.5637, "2017-09-30": 1.5151, "2017-06-30": 1.4628, "2017-03-31": "1.55320", "2016-12-31": 0.8408, "2016-09-30": 1.6786, "2016-06-30": 1.5872, "2016-03-31": "1.83030", "2015-12-31": 1.7138, "2015-09-30": 0.7255, "2015-06-30": 0.8477, "2015-03-31": "1.59970", "2014-12-31": 1.1577, "2014-09-30": 0.3962, "2014-06-30": 1.2737, "2014-03-31": "1.04780", "2013-12-31": 0.6101, "2013-09-30": 0.893, "2013-06-30": 0.8077, "2013-03-31": "0.70730", "2012-12-31": 1.1453, "2012-09-30": 0.844, "2012-06-30": 2.1697, "2012-03-31": "0.51170", "2011-12-31": 0.5217, "2011-09-30": 0.5571, "2011-06-30": 0.4288, "2011-03-31": "0.47070", "2010-12-31": 0.4114, "2010-09-30": 0.8352, "2010-06-30": 0.2331, "2010-03-31": "0.68010", "2009-12-31": 0.4179, "2009-09-30": 0.5406, "2009-06-30": 0.4817, "2009-03-31": "0.40290", "2008-12-31": 0.4557, "2008-09-30": 0.59, "2008-06-30": 0.7672, "2008-03-31": "0.31370", "2007-12-31": 0.4501, "2007-09-30": 0.4382, "2007-06-30": 0.665, "2007-03-31": "0.73370", "2006-12-31": 0.4608, "2006-09-30": 0.2785, "2006-06-30": 0.4281, "2006-03-31": "0.43630", "2005-12-31": 0.1967, "2005-09-30": 0.5847, "2005-06-30": 0.402, "2005-03-31": "0.36680"}, "Free Cash Flow Per Share": {"2020-09-30": 0.4244, "2020-06-30": 0.103, "2020-03-31": "0.32290", "2019-12-31": 0.5706, "2019-09-30": 0.0188, "2019-06-30": 0.6841, "2019-03-31": "1.13940", "2018-12-31": 0.7203, "2018-09-30": 0.8832, "2018-06-30": 0.8077, "2018-03-31": "1.06090", "2017-12-31": 0.8851, "2017-09-30": 0.4252, "2017-06-30": 0.6104, "2017-03-31": "0.82440", "2016-12-31": 0.0234, "2016-09-30": 0.8279, "2016-06-30": 0.8982, "2016-03-31": "1.05920", "2015-12-31": 0.4329, "2015-09-30": 0.1486, "2015-06-30": 0.5648, "2015-03-31": "1.25130", "2014-12-31": 0.394, "2014-09-30": -0.1118, "2014-06-30": 1.0197, "2014-03-31": "0.66450", "2013-12-31": -0.5843, "2013-09-30": 0.6792, "2013-06-30": 0.3637, "2013-03-31": "0.39570", "2012-12-31": 0.7277, "2012-09-30": 0.7408, "2012-06-30": 1.9925, "2012-03-31": "0.36760", "2011-12-31": 0.2984, "2011-09-30": 0.3873, "2011-06-30": 0.6137, "2011-03-31": "0.31420", "2010-12-31": 0.1738, "2010-09-30": 0.7233, "2010-06-30": 0.1617, "2010-03-31": "0.53850", "2009-12-31": 0.1801, "2009-09-30": 0.3689, "2009-06-30": 0.3674, "2009-03-31": "0.25320", "2008-12-31": 0.5226, "2008-09-30": 0.3097, "2008-06-30": 0.1829, "2008-03-31": "0.00870", "2007-12-31": 0.0951, "2007-09-30": 0.1607, "2007-06-30": 0.3803, "2007-03-31": "0.53260", "2006-12-31": 0.2439, "2006-09-30": 0.0401, "2006-06-30": 0.3016, "2006-03-31": "0.38130", "2005-12-31": 0.223, "2005-09-30": 0.4327, "2005-06-30": 0.3104, "2005-03-31": "0.33370"}}, "revenue": {"Macquarie Infrastructure Annual Revenue (Millions of US $)": {"2019": "$1,727", "2018": "$1,761", "2017": "$1,669", "2016": "$1,502", "2015": "$1,639", "2014": "$1,351", "2013": "$1,041", "2012": "$1,034", "2011": "$989", "2010": "$841", "2009": "$710", "2008": "$977", "2007": "$754", "2006": "$520", "2005": "$305"}, "Macquarie Infrastructure Quarterly Revenue (Millions of US $)": {"2020-09-30": "$202", "2020-06-30": "$261", "2020-03-31": "$416", "2019-12-31": "$542", "2019-09-30": "$287", "2019-06-30": "$416", "2019-03-31": "$482", "2018-12-31": "$437", "2018-09-30": "$421", "2018-06-30": "$436", "2018-03-31": "$467", "2017-12-31": "$325", "2017-09-30": "$453", "2017-06-30": "$439", "2017-03-31": "$451", "2016-12-31": "$288", "2016-09-30": "$421", "2016-06-30": "$398", "2016-03-31": "$396", "2015-12-31": "$401", "2015-09-30": "$416", "2015-06-30": "$424", "2015-03-31": "$398", "2014-12-31": "$405", "2014-09-30": "$389", "2014-06-30": "$281", "2014-03-31": "$276", "2013-12-31": "$261", "2013-09-30": "$264", "2013-06-30": "$253", "2013-03-31": "$264", "2012-12-31": "$251", "2012-09-30": "$259", "2012-06-30": "$259", "2012-03-31": "$265", "2011-12-31": "$250", "2011-09-30": "$252", "2011-06-30": "$247", "2011-03-31": "$240", "2010-12-31": "$221", "2010-09-30": "$213", "2010-06-30": "$205", "2010-03-31": "$201", "2009-12-31": "$194", "2009-09-30": "$186", "2009-06-30": "$163", "2009-03-31": "$167", "2008-12-31": "$135", "2008-09-30": "$277", "2008-06-30": "$287", "2008-03-31": "$279", "2007-12-31": "$187", "2007-09-30": "$222", "2007-06-30": "$177", "2007-03-31": "$169", "2006-12-31": "$165", "2006-09-30": "$163", "2006-06-30": "$106", "2006-03-31": "$86", "2005-12-31": "$87", "2005-09-30": "$80", "2005-06-30": "$73", "2005-03-31": "$66"}}, "gross-profit": {"Macquarie Infrastructure Annual Gross Profit (Millions of US $)": {"2019": "$909", "2018": "$870", "2017": "$901", "2016": "$858", "2015": "$919", "2014": "$611", "2013": "$421", "2012": "$397", "2011": "$383", "2010": "$370", "2009": "$356", "2008": "$399", "2007": "$334", "2006": "$221", "2005": "$138"}, "Macquarie Infrastructure Quarterly Gross Profit (Millions of US $)": {"2020-09-30": "$123", "2020-06-30": "$168", "2020-03-31": "$229", "2019-12-31": "$286", "2019-09-30": "$140", "2019-06-30": "$209", "2019-03-31": "$274", "2018-12-31": "$208", "2018-09-30": "$215", "2018-06-30": "$215", "2018-03-31": "$232", "2017-12-31": "$136", "2017-09-30": "$264", "2017-06-30": "$252", "2017-03-31": "$250", "2016-12-31": "$123", "2016-09-30": "$246", "2016-06-30": "$242", "2016-03-31": "$247", "2015-12-31": "$227", "2015-09-30": "$236", "2015-06-30": "$230", "2015-03-31": "$226", "2014-12-31": "$201", "2014-09-30": "$182", "2014-06-30": "$115", "2014-03-31": "$113", "2013-12-31": "$107", "2013-09-30": "$108", "2013-06-30": "$101", "2013-03-31": "$105", "2012-12-31": "$97", "2012-09-30": "$102", "2012-06-30": "$98", "2012-03-31": "$101", "2011-12-31": "$98", "2011-09-30": "$99", "2011-06-30": "$90", "2011-03-31": "$96", "2010-12-31": "$95", "2010-09-30": "$95", "2010-06-30": "$88", "2010-03-31": "$92", "2009-12-31": "$90", "2009-09-30": "$90", "2009-06-30": "$85", "2009-03-31": "$91", "2008-12-31": "$76", "2008-09-30": "$103", "2008-06-30": "$108", "2008-03-31": "$113", "2007-12-31": "$89", "2007-09-30": "$94", "2007-06-30": "$76", "2007-03-31": "$75", "2006-12-31": "$70", "2006-09-30": "$63", "2006-06-30": "$47", "2006-03-31": "$40", "2005-12-31": "$38", "2005-09-30": "$36", "2005-06-30": "$33", "2005-03-31": "$31"}}, "operating-income": {"Macquarie Infrastructure Annual Operating Income (Millions of US $)": {"2019": "$289", "2018": "$234", "2017": "$282", "2016": "$276", "2015": "$-57", "2014": "$37", "2013": "$46", "2012": "$30", "2011": "$87", "2010": "$76", "2009": "$-27", "2008": "$6", "2007": "$30", "2006": "$26", "2005": "$25"}, "Macquarie Infrastructure Quarterly Operating Income (Millions of US $)": {"2020-09-30": "$21", "2020-06-30": "$18", "2020-03-31": "$61", "2019-12-31": "$82", "2019-09-30": "$29", "2019-06-30": "$55", "2019-03-31": "$123", "2018-12-31": "$47", "2018-09-30": "$53", "2018-06-30": "$58", "2018-03-31": "$76", "2017-12-31": "$40", "2017-09-30": "$86", "2017-06-30": "$77", "2017-03-31": "$79", "2016-12-31": "$35", "2016-09-30": "$76", "2016-06-30": "$77", "2016-03-31": "$89", "2015-12-31": "$61", "2015-09-30": "$73", "2015-06-30": "$-75", "2015-03-31": "$-116", "2014-12-31": "$63", "2014-09-30": "$-74", "2014-06-30": "$21", "2014-03-31": "$28", "2013-12-31": "$20", "2013-09-30": "$20", "2013-06-30": "$-3", "2013-03-31": "$8", "2012-12-31": "$-27", "2012-09-30": "$6", "2012-06-30": "$26", "2012-03-31": "$24", "2011-12-31": "$25", "2011-09-30": "$26", "2011-06-30": "$12", "2011-03-31": "$24", "2010-12-31": "$6", "2010-09-30": "$27", "2010-06-30": "$21", "2010-03-31": "$22", "2009-12-31": "$17", "2009-09-30": "$22", "2009-06-30": "$-39", "2009-03-31": "$-27", "2008-12-31": "$-71", "2008-09-30": "$25", "2008-06-30": "$25", "2008-03-31": "$27", "2007-12-31": "$10", "2007-09-30": "$24", "2007-06-30": "$-23", "2007-03-31": "$20", "2006-12-31": "$-6", "2006-09-30": "$14", "2006-06-30": "$14", "2006-03-31": "$4", "2005-12-31": "$5", "2005-09-30": "$6", "2005-06-30": "$8", "2005-03-31": "$6"}}, "ebitda": {"Macquarie Infrastructure Annual EBITDA (Millions of US $)": {"2019": "$556", "2018": "$513", "2017": "$534", "2016": "$533", "2015": "$269", "2014": "$188", "2013": "$130", "2012": "$107", "2011": "$174", "2010": "$152", "2009": "$153", "2008": "$170", "2007": "$93", "2006": "$97", "2005": "$61"}, "Macquarie Infrastructure Quarterly EBITDA (Millions of US $)": {"2020-09-30": "$-16", "2020-06-30": "$84", "2020-03-31": "$129", "2019-12-31": "$249", "2019-09-30": "$-4", "2019-06-30": "$121", "2019-03-31": "$190", "2018-12-31": "$118", "2018-09-30": "$128", "2018-06-30": "$124", "2018-03-31": "$143", "2017-12-31": "$59", "2017-09-30": "$164", "2017-06-30": "$153", "2017-03-31": "$157", "2016-12-31": "$62", "2016-09-30": "$153", "2016-06-30": "$155", "2016-03-31": "$163", "2015-12-31": "$134", "2015-09-30": "$146", "2015-06-30": "$-3", "2015-03-31": "$-9", "2014-12-31": "$115", "2014-09-30": "$-24", "2014-06-30": "$45", "2014-03-31": "$51", "2013-12-31": "$42", "2013-09-30": "$42", "2013-06-30": "$18", "2013-03-31": "$29", "2012-12-31": "$-6", "2012-09-30": "$25", "2012-06-30": "$45", "2012-03-31": "$43", "2011-12-31": "$44", "2011-09-30": "$47", "2011-06-30": "$39", "2011-03-31": "$43", "2010-12-31": "$26", "2010-09-30": "$45", "2010-06-30": "$38", "2010-03-31": "$43", "2009-12-31": "$36", "2009-09-30": "$41", "2009-06-30": "$38", "2009-03-31": "$37", "2008-12-31": "$28", "2008-09-30": "$47", "2008-06-30": "$46", "2008-03-31": "$49", "2007-12-31": "$24", "2007-09-30": "$42", "2007-06-30": "$-8", "2007-03-31": "$35", "2006-12-31": "$34", "2006-09-30": "$29", "2006-06-30": "$23", "2006-03-31": "$12", "2005-12-31": "$20", "2005-09-30": "$14", "2005-06-30": "$14", "2005-03-31": "$12"}}, "net-income": {"Macquarie Infrastructure Annual Net Income (Millions of US $)": {"2019": "$156", "2018": "$137", "2017": "$451", "2016": "$156", "2015": "$-109", "2014": "$1,042", "2013": "$31", "2012": "$13", "2011": "$27", "2010": "$91", "2009": "$-129", "2008": "$-178", "2007": "$-52", "2006": "$50", "2005": "$15"}, "Macquarie Infrastructure Quarterly Net Income (Millions of US $)": {"2020-09-30": "$-893", "2020-06-30": "$-8", "2020-03-31": "$11", "2019-12-31": "$14", "2019-09-30": "$61", "2019-06-30": "$11", "2019-03-31": "$70", "2018-12-31": "", "2018-09-30": "$22", "2018-06-30": "$38", "2018-03-31": "$77", "2017-12-31": "$349", "2017-09-30": "$40", "2017-06-30": "$26", "2017-03-31": "$36", "2016-12-31": "$73", "2016-09-30": "$42", "2016-06-30": "$19", "2016-03-31": "$22", "2015-12-31": "$33", "2015-09-30": "$11", "2015-06-30": "$-63", "2015-03-31": "$-89", "2014-12-31": "$21", "2014-09-30": "$991", "2014-06-30": "$10", "2014-03-31": "$20", "2013-12-31": "$16", "2013-09-30": "$10", "2013-06-30": "$-1", "2013-03-31": "$6", "2012-12-31": "$-10", "2012-09-30": "$-2", "2012-06-30": "$11", "2012-03-31": "$14", "2011-12-31": "$12", "2011-09-30": "$6", "2011-06-30": "$-2", "2011-03-31": "$11", "2010-12-31": "$4", "2010-09-30": "$9", "2010-06-30": "$86", "2010-03-31": "$-8", "2009-12-31": "$-29", "2009-09-30": "$-18", "2009-06-30": "$-29", "2009-03-31": "$-53", "2008-12-31": "$-185", "2008-09-30": "$0", "2008-06-30": "$8", "2008-03-31": "$-2", "2007-12-31": "$-17", "2007-09-30": "$-18", "2007-06-30": "$-25", "2007-03-31": "$8", "2006-12-31": "$43", "2006-09-30": "$-10", "2006-06-30": "$9", "2006-03-31": "$8", "2005-12-31": "$7", "2005-09-30": "$3", "2005-06-30": "$6", "2005-03-31": "$-0"}}, "eps-earnings-per-share-diluted": {"Macquarie Infrastructure Annual EPS": {"2019": "$1.82", "2018": "$1.60", "2017": "$5.13", "2016": "$1.85", "2015": "$-1.39", "2014": "$16.10", "2013": "$0.61", "2012": "$0.29", "2011": "$0.59", "2010": "$1.99", "2009": "$-2.87", "2008": "$-3.97", "2007": "$-1.27", "2006": "$1.73", "2005": "$0.56"}, "Macquarie Infrastructure Quarterly EPS": {"2020-09-30": "$-10.26", "2020-06-30": "$-0.09", "2020-03-31": "$0.13", "2019-12-31": "$0.19", "2019-09-30": "$0.71", "2019-06-30": "$0.13", "2019-03-31": "$0.79", "2018-12-31": "$-0.01", "2018-09-30": "$0.25", "2018-06-30": "$0.45", "2018-03-31": "$0.91", "2017-12-31": "$3.89", "2017-09-30": "$0.48", "2017-06-30": "$0.32", "2017-03-31": "$0.44", "2016-12-31": "$0.82", "2016-09-30": "$0.51", "2016-06-30": "$0.24", "2016-03-31": "$0.28", "2015-12-31": "$0.50", "2015-09-30": "$0.13", "2015-06-30": "$-0.80", "2015-03-31": "$-1.22", "2014-12-31": "$1.70", "2014-09-30": "$13.87", "2014-06-30": "$0.17", "2014-03-31": "$0.36", "2013-12-31": "$0.31", "2013-09-30": "$0.20", "2013-06-30": "$-0.02", "2013-03-31": "$0.12", "2012-12-31": "$-0.21", "2012-09-30": "$-0.04", "2012-06-30": "$0.24", "2012-03-31": "$0.30", "2011-12-31": "$0.26", "2011-09-30": "$0.14", "2011-06-30": "$-0.05", "2011-03-31": "$0.24", "2010-12-31": "$0.09", "2010-09-30": "$0.20", "2010-06-30": "$1.88", "2010-03-31": "$-0.18", "2009-12-31": "$-0.64", "2009-09-30": "$-0.41", "2009-06-30": "$-0.64", "2009-03-31": "$-1.18", "2008-12-31": "$-4.13", "2008-09-30": "$0.01", "2008-06-30": "$0.19", "2008-03-31": "$-0.04", "2007-12-31": "$-0.40", "2007-09-30": "$-0.41", "2007-06-30": "$-0.67", "2007-03-31": "$0.21", "2006-12-31": "$1.47", "2006-09-30": "$-0.37", "2006-06-30": "$0.35", "2006-03-31": "$0.28", "2005-12-31": "$0.26", "2005-09-30": "$0.09", "2005-06-30": "$0.21", "2005-03-31": "$-0.00"}}, "shares-outstanding": {"Macquarie Infrastructure Annual Shares Outstanding (Millions of Shares)": {"2019": "86", "2018": "85", "2017": "91", "2016": "82", "2015": "78", "2014": "65", "2013": "51", "2012": "47", "2011": "46", "2010": "46", "2009": "45", "2008": "45", "2007": "41", "2006": "29", "2005": "27"}, "Macquarie Infrastructure Quarterly Shares Outstanding (Millions of Shares)": {"2020-09-30": "87", "2020-06-30": "87", "2020-03-31": "87", "2019-12-31": "86", "2019-09-30": "86", "2019-06-30": "86", "2019-03-31": "94", "2018-12-31": "85", "2018-09-30": "85", "2018-06-30": "85", "2018-03-31": "85", "2017-12-31": "91", "2017-09-30": "88", "2017-06-30": "82", "2017-03-31": "82", "2016-12-31": "82", "2016-09-30": "86", "2016-06-30": "81", "2016-03-31": "81", "2015-12-31": "78", "2015-09-30": "80", "2015-06-30": "79", "2015-03-31": "73", "2014-12-31": "65", "2014-09-30": "72", "2014-06-30": "57", "2014-03-31": "56", "2013-12-31": "51", "2013-09-30": "53", "2013-06-30": "51", "2013-03-31": "48", "2012-12-31": "47", "2012-09-30": "47", "2012-06-30": "47", "2012-03-31": "46", "2011-12-31": "46", "2011-09-30": "46", "2011-06-30": "46", "2011-03-31": "46", "2010-12-31": "46", "2010-09-30": "46", "2010-06-30": "46", "2010-03-31": "45", "2009-12-31": "45", "2009-09-30": "45", "2009-06-30": "45", "2009-03-31": "45", "2008-12-31": "45", "2008-09-30": "45", "2008-06-30": "45", "2008-03-31": "45", "2007-12-31": "41", "2007-09-30": "43", "2007-06-30": "38", "2007-03-31": "38", "2006-12-31": "29", "2006-09-30": "27", "2006-06-30": "27", "2006-03-31": "27", "2005-12-31": "27", "2005-09-30": "27", "2005-06-30": "27", "2005-03-31": "27"}}, "total-assets": {"Macquarie Infrastructure Annual Total Assets (Millions of US $)": {"2019": "$6,861", "2018": "$7,444", "2017": "$8,009", "2016": "$7,559", "2015": "$7,309", "2014": "$6,625", "2013": "$2,501", "2012": "$2,224", "2011": "$2,169", "2010": "$2,197", "2009": "$2,339", "2008": "$2,552", "2007": "$2,813", "2006": "$2,098", "2005": "$1,363"}, "Macquarie Infrastructure Quarterly Total Assets (Millions of US $)": {"2020-09-30": "$6,193", "2020-06-30": "$7,347", "2020-03-31": "$7,626", "2019-12-31": "$6,861", "2019-09-30": "$6,924", "2019-06-30": "$7,783", "2019-03-31": "$7,820", "2018-12-31": "$7,444", "2018-09-30": "$7,938", "2018-06-30": "$7,936", "2018-03-31": "$8,025", "2017-12-31": "$8,009", "2017-09-30": "$7,955", "2017-06-30": "$7,635", "2017-03-31": "$7,539", "2016-12-31": "$7,559", "2016-09-30": "$7,341", "2016-06-30": "$7,280", "2016-03-31": "$7,283", "2015-12-31": "$7,309", "2015-09-30": "$7,393", "2015-06-30": "$7,493", "2015-03-31": "$6,585", "2014-12-31": "$6,625", "2014-09-30": "$6,378", "2014-06-30": "$2,543", "2014-03-31": "$2,461", "2013-12-31": "$2,501", "2013-09-30": "$2,249", "2013-06-30": "$2,228", "2013-03-31": "$2,258", "2012-12-31": "$2,224", "2012-09-30": "$2,163", "2012-06-30": "$2,180", "2012-03-31": "$2,181", "2011-12-31": "$2,169", "2011-09-30": "$2,172", "2011-06-30": "$2,170", "2011-03-31": "$2,193", "2010-12-31": "$2,197", "2010-09-30": "$2,224", "2010-06-30": "$2,232", "2010-03-31": "$2,322", "2009-12-31": "$2,339", "2009-09-30": "$2,365", "2009-06-30": "$2,357", "2009-03-31": "$2,426", "2008-12-31": "$2,552", "2008-09-30": "$2,828", "2008-06-30": "$2,847", "2008-03-31": "$2,858", "2007-12-31": "$2,813", "2007-09-30": "$2,822", "2007-06-30": "$2,127", "2007-03-31": "$2,112", "2006-12-31": "$2,098", "2006-09-30": "$2,202", "2006-06-30": "$1,967", "2006-03-31": "$1,386", "2005-12-31": "$1,363", "2005-09-30": "$1,228", "2005-06-30": "$1,232", "2005-03-31": "$1,244"}}, "cash-on-hand": {"Macquarie Infrastructure Annual Cash on Hand (Millions of US $)": {"2019": "$358", "2018": "$612", "2017": "$56", "2016": "$61", "2015": "$41", "2014": "$69", "2013": "$285", "2012": "$145", "2011": "$23", "2010": "$25", "2009": "$27", "2008": "$66", "2007": "$59", "2006": "$39", "2005": "$116"}, "Macquarie Infrastructure Quarterly Cash on Hand (Millions of US $)": {"2020-09-30": "$443", "2020-06-30": "$888", "2020-03-31": "$1,157", "2019-12-31": "$261", "2019-09-30": "$474", "2019-06-30": "$590", "2019-03-31": "$626", "2018-12-31": "$612", "2018-09-30": "$91", "2018-06-30": "$81", "2018-03-31": "$103", "2017-12-31": "$56", "2017-09-30": "$59", "2017-06-30": "$52", "2017-03-31": "$45", "2016-12-31": "$61", "2016-09-30": "$41", "2016-06-30": "$38", "2016-03-31": "$34", "2015-12-31": "$41", "2015-09-30": "$125", "2015-06-30": "$189", "2015-03-31": "$111", "2014-12-31": "$69", "2014-09-30": "$62", "2014-06-30": "$114", "2014-03-31": "$247", "2013-12-31": "$285", "2013-09-30": "$97", "2013-06-30": "$119", "2013-03-31": "$154", "2012-12-31": "$145", "2012-09-30": "$151", "2012-06-30": "$146", "2012-03-31": "$32", "2011-12-31": "$23", "2011-09-30": "$22", "2011-06-30": "$36", "2011-03-31": "$25", "2010-12-31": "$25", "2010-09-30": "$37", "2010-06-30": "$29", "2010-03-31": "$29", "2009-12-31": "$27", "2009-09-30": "$59", "2009-06-30": "$40", "2009-03-31": "$40", "2008-12-31": "$66", "2008-09-30": "$42", "2008-06-30": "$48", "2008-03-31": "$63", "2007-12-31": "$59", "2007-09-30": "$74", "2007-06-30": "$74", "2007-03-31": "$147", "2006-12-31": "$39", "2006-09-30": "$39", "2006-06-30": "$43", "2006-03-31": "$128", "2005-12-31": "$116", "2005-09-30": "$45", "2005-06-30": "$122", "2005-03-31": "$129"}}, "long-term-debt": {"Macquarie Infrastructure Annual Long Term Debt (Millions of US $)": {"2019": "$2,654", "2018": "$2,653", "2017": "$2,992", "2016": "$3,040", "2015": "$2,747", "2014": "$2,365", "2013": "$832", "2012": "$1,055", "2011": "$1,088", "2010": "$1,090", "2009": "$1,168", "2008": "$1,329", "2007": "$1,429", "2006": "$963", "2005": "$632"}, "Macquarie Infrastructure Quarterly Long Term Debt (Millions of US $)": {"2020-09-30": "$1,705", "2020-06-30": "$3,254", "2020-03-31": "$3,253", "2019-12-31": "$1,554", "2019-09-30": "$2,654", "2019-06-30": "$2,653", "2019-03-31": "$2,653", "2018-12-31": "$2,653", "2018-09-30": "$3,009", "2018-06-30": "$3,342", "2018-03-31": "$3,609", "2017-12-31": "$2,992", "2017-09-30": "$3,425", "2017-06-30": "$3,206", "2017-03-31": "$3,071", "2016-12-31": "$3,040", "2016-09-30": "$2,836", "2016-06-30": "$2,764", "2016-03-31": "$2,761", "2015-12-31": "$2,747", "2015-09-30": "$2,793", "2015-06-30": "$2,783", "2015-03-31": "$1,940", "2014-12-31": "$2,365", "2014-09-30": "$2,061", "2014-06-30": "$924", "2014-03-31": "$828", "2013-12-31": "$832", "2013-09-30": "$755", "2013-06-30": "$876", "2013-03-31": "$1,043", "2012-12-31": "$1,055", "2012-09-30": "$1,011", "2012-06-30": "$859", "2012-03-31": "$1,070", "2011-12-31": "$1,088", "2011-09-30": "$1,079", "2011-06-30": "$1,073", "2011-03-31": "$1,075", "2010-12-31": "$1,090", "2010-09-30": "$1,104", "2010-06-30": "$1,129", "2010-03-31": "$1,139", "2009-12-31": "$1,168", "2009-09-30": "$1,155", "2009-06-30": "$1,159", "2009-03-31": "$1,174", "2008-12-31": "$1,329", "2008-09-30": "$1,323", "2008-06-30": "$1,500", "2008-03-31": "$1,494", "2007-12-31": "$1,429", "2007-09-30": "$1,309", "2007-06-30": "$994", "2007-03-31": "$964", "2006-12-31": "$963", "2006-09-30": "$1,363", "2006-06-30": "$1,068", "2006-03-31": "$633", "2005-12-31": "$632", "2005-09-30": "$470", "2005-06-30": "$468", "2005-03-31": "$468"}}, "total-liabilities": {"Macquarie Infrastructure Annual Total Liabilities (Millions of US $)": {"2019": "$4,050", "2018": "$4,327", "2017": "$4,658", "2016": "$4,412", "2015": "$4,106", "2014": "$3,655", "2013": "$1,348", "2012": "$1,526", "2011": "$1,475", "2010": "$1,510", "2009": "$1,764", "2008": "$1,918", "2007": "$1,846", "2006": "$1,233", "2005": "$796"}, "Macquarie Infrastructure Quarterly Total Liabilities (Millions of US $)": {"2020-09-30": "$4,337", "2020-06-30": "$4,605", "2020-03-31": "$4,882", "2019-12-31": "$4,050", "2019-09-30": "$4,041", "2019-06-30": "$4,745", "2019-03-31": "$4,714", "2018-12-31": "$4,327", "2018-09-30": "$4,743", "2018-06-30": "$4,692", "2018-03-31": "$4,742", "2017-12-31": "$4,658", "2017-09-30": "$4,859", "2017-06-30": "$4,603", "2017-03-31": "$4,447", "2016-12-31": "$4,412", "2016-09-30": "$4,217", "2016-06-30": "$4,187", "2016-03-31": "$4,146", "2015-12-31": "$4,106", "2015-09-30": "$4,151", "2015-06-30": "$4,189", "2015-03-31": "$3,301", "2014-12-31": "$3,655", "2014-09-30": "$3,435", "2014-06-30": "$1,446", "2014-03-31": "$1,330", "2013-12-31": "$1,348", "2013-09-30": "$1,269", "2013-06-30": "$1,243", "2013-03-31": "$1,502", "2012-12-31": "$1,526", "2012-09-30": "$1,472", "2012-06-30": "$1,466", "2012-03-31": "$1,476", "2011-12-31": "$1,475", "2011-09-30": "$1,476", "2011-06-30": "$1,480", "2011-03-31": "$1,497", "2010-12-31": "$1,510", "2010-09-30": "$1,544", "2010-06-30": "$1,565", "2010-03-31": "$1,749", "2009-12-31": "$1,764", "2009-09-30": "$1,787", "2009-06-30": "$1,770", "2009-03-31": "$1,817", "2008-12-31": "$1,918", "2008-09-30": "$1,941", "2008-06-30": "$1,928", "2008-03-31": "$1,953", "2007-12-31": "$1,846", "2007-09-30": "$1,828", "2007-06-30": "$1,318", "2007-03-31": "$1,263", "2006-12-31": "$1,233", "2006-09-30": "$1,653", "2006-06-30": "$1,396", "2006-03-31": "$825", "2005-12-31": "$796", "2005-09-30": "$645", "2005-06-30": "$631", "2005-03-31": "$645"}}, "total-share-holder-equity": {"Macquarie Infrastructure Annual Share Holder Equity (Millions of US $)": {"2019": "$2,811", "2018": "$3,117", "2017": "$3,351", "2016": "$3,148", "2015": "$3,202", "2014": "$2,970", "2013": "$1,153", "2012": "$698", "2011": "$694", "2010": "$687", "2009": "$575", "2008": "$634", "2007": "$967", "2006": "$864", "2005": "$568"}, "Macquarie Infrastructure Quarterly Share Holder Equity (Millions of US $)": {"2020-09-30": "$1,856", "2020-06-30": "$2,742", "2020-03-31": "$2,744", "2019-12-31": "$2,811", "2019-09-30": "$2,883", "2019-06-30": "$3,038", "2019-03-31": "$3,106", "2018-12-31": "$3,117", "2018-09-30": "$3,196", "2018-06-30": "$3,244", "2018-03-31": "$3,284", "2017-12-31": "$3,351", "2017-09-30": "$3,096", "2017-06-30": "$3,032", "2017-03-31": "$3,091", "2016-12-31": "$3,148", "2016-09-30": "$3,124", "2016-06-30": "$3,093", "2016-03-31": "$3,137", "2015-12-31": "$3,202", "2015-09-30": "$3,241", "2015-06-30": "$3,304", "2015-03-31": "$3,284", "2014-12-31": "$2,970", "2014-09-30": "$2,942", "2014-06-30": "$1,096", "2014-03-31": "$1,130", "2013-12-31": "$1,153", "2013-09-30": "$980", "2013-06-30": "$986", "2013-03-31": "$756", "2012-12-31": "$698", "2012-09-30": "$691", "2012-06-30": "$714", "2012-03-31": "$704", "2011-12-31": "$694", "2011-09-30": "$696", "2011-06-30": "$690", "2011-03-31": "$697", "2010-12-31": "$687", "2010-09-30": "$680", "2010-06-30": "$667", "2010-03-31": "$573", "2009-12-31": "$575", "2009-09-30": "$577", "2009-06-30": "$588", "2009-03-31": "$609", "2008-12-31": "$634", "2008-09-30": "$887", "2008-06-30": "$919", "2008-03-31": "$905", "2007-12-31": "$967", "2007-09-30": "$994", "2007-06-30": "$809", "2007-03-31": "$849", "2006-12-31": "$864", "2006-09-30": "$549", "2006-06-30": "$570", "2006-03-31": "$561", "2005-12-31": "$568", "2005-09-30": "$583", "2005-06-30": "$601", "2005-03-31": "$598"}}, "profit-margins": {"current": "-67.23%"}, "gross margin": {"2020-09-30": "56.72%", "2020-06-30": "54.65%", "2020-03-31": "52.02%", "2019-12-31": "52.63%", "2019-09-30": "51.23%", "2019-06-30": "51.59%", "2019-03-31": "51.35%", "2018-12-31": "49.40%", "2018-09-30": "48.39%", "2018-06-30": "50.39%", "2018-03-31": "52.49%", "2017-12-31": "54.08%", "2017-09-30": "54.51%", "2017-06-30": "54.47%", "2017-03-31": "55.26%", "2016-12-31": "57.09%", "2016-09-30": "59.53%", "2016-06-30": "59.09%", "2016-03-31": "57.42%", "2015-12-31": "56.07%", "2015-09-30": "54.35%", "2015-06-30": "51.92%", "2015-03-31": "49.15%", "2014-12-31": "45.23%", "2014-09-30": "42.83%", "2014-06-30": "40.94%", "2014-03-31": "40.70%", "2013-12-31": "40.40%", "2013-09-30": "39.83%", "2013-06-30": "39.44%", "2013-03-31": "38.92%", "2012-12-31": "38.49%", "2012-09-30": "38.63%", "2012-06-30": "38.60%", "2012-03-31": "38.26%", "2011-12-31": "38.73%", "2011-09-30": "39.58%", "2011-06-30": "40.83%", "2011-03-31": "42.55%", "2010-12-31": "44.05%", "2010-09-30": "44.90%", "2010-06-30": "45.80%", "2010-03-31": "47.98%", "2009-12-31": "50.14%", "2009-09-30": "52.53%", "2009-06-30": "47.84%", "2009-03-31": "43.65%", "2008-12-31": "40.90%", "2008-09-30": "40.10%", "2008-06-30": "41.44%", "2008-03-31": "43.01%", "2007-12-31": "44.24%", "2007-09-30": "42.97%", "2007-06-30": "42.14%", "2007-03-31": "42.29%", "2006-12-31": "42.31%", "2006-09-30": "42.53%", "2006-06-30": "44.85%", "2006-03-31": "45.09%", "2005-12-31": "45.10%"}, "operating margin": {"2020-09-30": "12.81%", "2020-06-30": "12.62%", "2020-03-31": "13.67%", "2019-12-31": "16.73%", "2019-09-30": "15.66%", "2019-06-30": "15.83%", "2019-03-31": "15.82%", "2018-12-31": "13.29%", "2018-09-30": "13.77%", "2018-06-30": "15.47%", "2018-03-31": "16.57%", "2017-12-31": "16.91%", "2017-09-30": "16.98%", "2017-06-30": "16.70%", "2017-03-31": "17.14%", "2016-12-31": "18.43%", "2016-09-30": "18.75%", "2016-06-30": "18.62%", "2016-03-31": "9.04%", "2015-12-31": "-3.48%", "2015-09-30": "-3.35%", "2015-06-30": "-12.50%", "2015-03-31": "-7.20%", "2014-12-31": "2.81%", "2014-09-30": "-0.41%", "2014-06-30": "8.23%", "2014-03-31": "6.17%", "2013-12-31": "4.32%", "2013-09-30": "-0.19%", "2013-06-30": "-1.56%", "2013-03-31": "1.26%", "2012-12-31": "2.80%", "2012-09-30": "7.84%", "2012-06-30": "9.84%", "2012-03-31": "8.58%", "2011-12-31": "8.80%", "2011-09-30": "7.08%", "2011-06-30": "7.49%", "2011-03-31": "8.87%", "2010-12-31": "9.05%", "2010-09-30": "10.70%", "2010-06-30": "10.43%", "2010-03-31": "2.96%", "2009-12-31": "-3.80%", "2009-09-30": "-17.67%", "2009-06-30": "-15.09%", "2009-03-31": "-5.54%", "2008-12-31": "0.61%", "2008-09-30": "8.45%", "2008-06-30": "8.82%", "2008-03-31": "4.39%", "2007-12-31": "4.11%", "2007-09-30": "2.05%", "2007-06-30": "0.74%", "2007-03-31": "6.97%", "2006-12-31": "5.00%", "2006-09-30": "8.37%", "2006-06-30": "8.08%", "2006-03-31": "7.06%", "2005-12-31": "8.17%"}, "ebitda margin": {"2020-09-30": "31.39%", "2020-06-30": "30.41%", "2020-03-31": "29.80%", "2019-12-31": "32.19%", "2019-09-30": "26.20%", "2019-06-30": "31.72%", "2019-03-31": "31.53%", "2018-12-31": "29.13%", "2018-09-30": "27.53%", "2018-06-30": "29.15%", "2018-03-31": "30.82%", "2017-12-31": "31.95%", "2017-09-30": "32.86%", "2017-06-30": "32.83%", "2017-03-31": "33.83%", "2016-12-31": "35.46%", "2016-09-30": "37.44%", "2016-06-30": "37.12%", "2016-03-31": "26.88%", "2015-12-31": "16.35%", "2015-09-30": "15.16%", "2015-06-30": "4.89%", "2015-03-31": "8.62%", "2014-12-31": "13.84%", "2014-09-30": "9.44%", "2014-06-30": "16.64%", "2014-03-31": "14.52%", "2013-12-31": "12.57%", "2013-09-30": "8.04%", "2013-06-30": "6.43%", "2013-03-31": "9.00%", "2012-12-31": "10.35%", "2012-09-30": "15.20%", "2012-06-30": "17.45%", "2012-03-31": "17.06%", "2011-12-31": "17.49%", "2011-09-30": "16.15%", "2011-06-30": "16.61%", "2011-03-31": "17.29%", "2010-12-31": "18.10%", "2010-09-30": "19.93%", "2010-06-30": "20.10%", "2010-03-31": "21.24%", "2009-12-31": "21.41%", "2009-09-30": "22.12%", "2009-06-30": "20.22%", "2009-03-31": "18.24%", "2008-12-31": "17.38%", "2008-09-30": "16.12%", "2008-06-30": "16.51%", "2008-03-31": "12.37%", "2007-12-31": "12.32%", "2007-09-30": "14.05%", "2007-06-30": "13.35%", "2007-03-31": "20.07%", "2006-12-31": "18.85%", "2006-09-30": "19.00%", "2006-06-30": "19.22%", "2006-03-31": "18.40%", "2005-12-31": "19.61%"}, "pre tax profit margin": {"2020-09-30": "3.31%", "2020-06-30": "3.39%", "2020-03-31": "4.33%", "2019-12-31": "8.11%", "2019-09-30": "7.09%", "2019-06-30": "6.49%", "2019-03-31": "8.16%", "2018-12-31": "6.53%", "2018-09-30": "8.79%", "2018-06-30": "12.08%", "2018-03-31": "12.35%", "2017-12-31": "12.29%", "2017-09-30": "13.18%", "2017-06-30": "14.07%", "2017-03-31": "13.99%", "2016-12-31": "13.17%", "2016-09-30": "11.63%", "2016-06-30": "8.38%", "2016-03-31": "0.06%", "2015-12-31": "-10.98%", "2015-09-30": "-11.63%", "2015-06-30": "45.05%", "2015-03-31": "57.03%", "2014-12-31": "75.13%", "2014-09-30": "83.26%", "2014-06-30": "7.49%", "2014-03-31": "6.07%", "2013-12-31": "4.41%", "2013-09-30": "-0.10%", "2013-06-30": "-1.66%", "2013-03-31": "0.68%", "2012-12-31": "1.64%", "2012-09-30": "6.29%", "2012-06-30": "7.99%", "2012-03-31": "5.52%", "2011-12-31": "5.36%", "2011-09-30": "4.06%", "2011-06-30": "3.80%", "2011-03-31": "2.96%", "2010-12-31": "0.12%", "2010-09-30": "-0.86%", "2010-06-30": "-4.33%", "2010-03-31": "-7.12%", "2009-12-31": "-17.61%", "2009-09-30": "-33.79%", "2009-06-30": "-27.09%", "2009-03-31": "-18.59%", "2008-12-31": "-8.49%", "2008-09-30": "0.10%", "2008-06-30": "-1.95%", "2008-03-31": "-7.63%", "2007-12-31": "-7.81%", "2007-09-30": "-2.73%", "2007-06-30": "-2.82%", "2007-03-31": "5.14%", "2006-12-31": "6.54%", "2006-09-30": "1.58%", "2006-06-30": "7.24%", "2006-03-31": "6.75%", "2005-12-31": "4.25%"}, "net profit margin": {"2020-09-30": "-61.65%", "2020-06-30": "5.18%", "2020-03-31": "5.84%", "2019-12-31": "9.03%", "2019-09-30": "8.75%", "2019-06-30": "5.87%", "2019-03-31": "7.32%", "2018-12-31": "7.78%", "2018-09-30": "29.47%", "2018-06-30": "29.98%", "2018-03-31": "29.22%", "2017-12-31": "27.04%", "2017-09-30": "10.73%", "2017-06-30": "11.07%", "2017-03-31": "10.91%", "2016-12-31": "10.38%", "2016-09-30": "7.18%", "2016-06-30": "5.28%", "2016-03-31": "0.18%", "2015-12-31": "-6.59%", "2015-09-30": "-7.30%", "2015-06-30": "53.22%", "2015-03-31": "63.34%", "2014-12-31": "77.13%", "2014-09-30": "85.92%", "2014-06-30": "5.18%", "2014-03-31": "4.27%", "2013-12-31": "2.98%", "2013-09-30": "0.48%", "2013-06-30": "-0.68%", "2013-03-31": "0.48%", "2012-12-31": "1.26%", "2012-09-30": "3.39%", "2012-06-30": "4.19%", "2012-03-31": "2.96%", "2011-12-31": "2.73%", "2011-09-30": "1.98%", "2011-06-30": "2.39%", "2011-03-31": "12.51%", "2010-12-31": "10.83%", "2010-09-30": "7.13%", "2010-06-30": "3.94%", "2010-03-31": "-11.29%", "2009-12-31": "-18.17%", "2009-09-30": "-43.78%", "2009-06-30": "-35.98%", "2009-03-31": "-26.56%", "2008-12-31": "-18.30%", "2008-09-30": "-1.07%", "2008-06-30": "-2.97%", "2008-03-31": "-7.17%", "2007-12-31": "-6.89%", "2007-09-30": "1.09%", "2007-06-30": "2.37%", "2007-03-31": "8.29%", "2006-12-31": "9.62%", "2006-09-30": "3.17%", "2006-06-30": "7.52%", "2006-03-31": "7.36%", "2005-12-31": "5.23%"}, "pe ratio": {"current": "10.25", "2021-02-05": "0.00", "2020-09-30": "0.00", "2020-06-30": "24.64", "2020-03-31": "16.33", "2019-12-31": "17.06", "2019-09-30": "16.95", "2019-06-30": "23.69", "2019-03-31": "18.44", "2018-12-31": "15.04", "2018-09-30": "5.09", "2018-06-30": "4.38", "2018-03-31": "3.82", "2017-12-31": "6.92", "2017-09-30": "19.20", "2017-06-30": "20.18", "2017-03-31": "21.18", "2016-12-31": "22.88", "2016-09-30": "29.96", "2016-06-30": "35.39", "2016-03-31": "690.70", "2015-12-31": "0.00", "2015-09-30": "0.00", "2015-06-30": "3.32", "2015-03-31": "3.07", "2014-12-31": "2.36", "2014-09-30": "2.22", "2014-06-30": "29.57", "2014-03-31": "33.29", "2013-12-31": "44.30", "2013-09-30": "285.84", "2013-06-30": "0.00", "2013-03-31": "229.63", "2012-12-31": "73.43", "2012-09-30": "24.74", "2012-06-30": "15.81", "2012-03-31": "22.53", "2011-12-31": "20.89", "2011-09-30": "23.39", "2011-06-30": "24.96", "2011-03-31": "4.26", "2010-12-31": "4.58", "2010-09-30": "5.30", "2010-06-30": "8.47", "2010-03-31": "0.00", "2009-12-31": "0.00", "2009-09-30": "0.00", "2009-06-30": "0.00", "2009-03-31": "0.00", "2008-12-31": "0.00", "2008-09-30": "0.00", "2008-06-30": "0.00", "2008-03-31": "0.00", "2007-12-31": "0.00", "2007-09-30": "23.89", "2007-06-30": "23.70", "2007-03-31": "9.44", "2006-12-31": "10.34"}, "price sales": {"2021-02-05": "1.84", "2020-09-30": "1.20", "2020-06-30": "1.29", "2020-03-31": "0.96", "2019-12-31": "1.56", "2019-09-30": "1.49", "2019-06-30": "1.37", "2019-03-31": "1.34", "2018-12-31": "1.14", "2018-09-30": "1.52", "2018-06-30": "1.34", "2018-03-31": "1.13", "2017-12-31": "1.90", "2017-09-30": "2.10", "2017-06-30": "2.27", "2017-03-31": "2.35", "2016-12-31": "2.42", "2016-09-30": "2.22", "2016-06-30": "1.92", "2016-03-31": "1.68", "2015-12-31": "1.73", "2015-09-30": "1.67", "2015-06-30": "1.80", "2015-03-31": "1.82", "2014-12-31": "1.61", "2014-09-30": "1.60", "2014-06-30": "1.53", "2014-03-31": "1.41", "2013-12-31": "1.29", "2013-09-30": "1.23", "2013-06-30": "1.18", "2013-03-31": "1.15", "2012-12-31": "0.96", "2012-09-30": "0.84", "2012-06-30": "0.67", "2012-03-31": "0.67", "2011-12-31": "0.57", "2011-09-30": "0.47", "2011-06-30": "0.59", "2011-03-31": "0.53", "2010-12-31": "0.49", "2010-09-30": "0.37", "2010-06-30": "0.32", "2010-03-31": "0.36", "2009-12-31": "0.34", "2009-09-30": "0.27", "2009-06-30": "0.11", "2009-03-31": "0.03", "2008-12-31": "0.07", "2008-09-30": "0.23", "2008-06-30": "0.45", "2008-03-31": "0.54", "2007-12-31": "0.81", "2007-09-30": "0.72", "2007-06-30": "0.73", "2007-03-31": "0.69", "2006-12-31": "0.67"}, "price book": {"current": "1.41", "2021-02-05": "1.42", "2020-09-30": "0.92", "2020-06-30": "0.71", "2020-03-31": "0.58", "2019-12-31": "0.94", "2019-09-30": "0.82", "2019-06-30": "0.78", "2019-03-31": "0.76", "2018-12-31": "0.65", "2018-09-30": "0.78", "2018-06-30": "0.68", "2018-03-31": "0.57", "2017-12-31": "0.94", "2017-09-30": "1.12", "2017-06-30": "1.19", "2017-03-31": "1.17", "2016-12-31": "1.14", "2016-09-30": "1.15", "2016-06-30": "1.00", "2016-03-31": "0.88", "2015-12-31": "0.91", "2015-09-30": "0.91", "2015-06-30": "0.97", "2015-03-31": "0.95", "2014-12-31": "0.83", "2014-09-30": "0.78", "2014-06-30": "1.57", "2014-03-31": "1.40", "2013-12-31": "1.30", "2013-09-30": "1.40", "2013-06-30": "1.36", "2013-03-31": "1.62", "2012-12-31": "1.45", "2012-09-30": "1.27", "2012-06-30": "0.97", "2012-03-31": "0.97", "2011-12-31": "0.82", "2011-09-30": "0.65", "2011-06-30": "0.80", "2011-03-31": "0.68", "2010-12-31": "0.61", "2010-09-30": "0.45", "2010-06-30": "0.38", "2010-03-31": "0.47", "2009-12-31": "0.42", "2009-09-30": "0.30", "2009-06-30": "0.14", "2009-03-31": "0.04", "2008-12-31": "0.12", "2008-09-30": "0.27", "2008-06-30": "0.49", "2008-03-31": "0.56", "2007-12-31": "0.71", "2007-09-30": "0.63", "2007-06-30": "0.70", "2007-03-31": "0.62", "2006-12-31": "0.55", "2006-09-30": "0.54", "2006-06-30": "0.45", "2006-03-31": "0.52"}, "price fcf": {"2021-02-05": "", "2020-09-30": "$1.42", "2020-06-30": "$1.02", "2020-03-31": "$1.60", "2019-12-31": "$2.41", "2019-09-30": "$2.56", "2019-06-30": "$3.43", "2019-03-31": "$3.55", "2018-12-31": "$3.47", "2018-09-30": "$3.64", "2018-06-30": "$3.18", "2018-03-31": "$2.98", "2017-12-31": "$2.75", "2017-09-30": "$1.88", "2017-06-30": "$2.29", "2017-03-31": "$2.57", "2016-12-31": "$2.81", "2016-09-30": "$3.22", "2016-06-30": "$2.54", "2016-03-31": "$2.21", "2015-12-31": "$2.40", "2015-09-30": "$2.36", "2015-06-30": "$2.10", "2015-03-31": "$2.55", "2014-12-31": "$1.97", "2014-09-30": "$0.99", "2014-06-30": "$1.78", "2014-03-31": "$1.12", "2013-12-31": "$0.85", "2013-09-30": "$2.17", "2013-06-30": "$2.23", "2013-03-31": "$3.86", "2012-12-31": "$3.83", "2012-09-30": "$3.40", "2012-06-30": "$3.05", "2012-03-31": "$1.67", "2011-12-31": "$1.61", "2011-09-30": "$1.49", "2011-06-30": "$1.83", "2011-03-31": "$1.37", "2010-12-31": "$1.60", "2010-09-30": "$1.60", "2010-06-30": "$1.25", "2010-03-31": "$1.45", "2009-12-31": "$1.17", "2009-09-30": "$1.51", "2009-06-30": "$1.45", "2009-03-31": "$1.27", "2008-12-31": "$1.02", "2008-09-30": "$0.60", "2008-06-30": "$0.45", "2008-03-31": "$0.64", "2007-12-31": "$1.17", "2007-09-30": "$1.32", "2007-06-30": "$1.20", "2007-03-31": "$1.12", "2006-12-31": "$0.97"}, "net worth": {"value": "$2.63B"}, "current ratio": {"2020-09-30": "1.99", "2020-06-30": "5.66", "2020-03-31": "2.80", "2019-12-31": "2.27", "2019-09-30": "2.53", "2019-06-30": "1.60", "2019-03-31": "1.67", "2018-12-31": "1.70", "2018-09-30": "1.43", "2018-06-30": "2.41", "2018-03-31": "1.35", "2017-12-31": "1.20", "2017-09-30": "1.07", "2017-06-30": "1.01", "2017-03-31": "1.00", "2016-12-31": "0.98", "2016-09-30": "0.91", "2016-06-30": "0.63", "2016-03-31": "0.66", "2015-12-31": "0.70", "2015-09-30": "1.11", "2015-06-30": "1.14", "2015-03-31": "0.85", "2014-12-31": "1.15", "2014-09-30": "0.76", "2014-06-30": "0.92", "2014-03-31": "1.48", "2013-12-31": "1.50", "2013-09-30": "0.79", "2013-06-30": "1.72", "2013-03-31": "1.21", "2012-12-31": "1.04", "2012-09-30": "1.29", "2012-06-30": "0.77", "2012-03-31": "1.63", "2011-12-31": "0.96", "2011-09-30": "0.87", "2011-06-30": "0.87", "2011-03-31": "0.76", "2010-12-31": "0.73", "2010-09-30": "0.81", "2010-06-30": "0.77", "2010-03-31": "0.54", "2009-12-31": "0.55", "2009-09-30": "0.32", "2009-06-30": "0.31", "2009-03-31": "0.33", "2008-12-31": "0.83", "2008-09-30": "0.60", "2008-06-30": "1.36", "2008-03-31": "1.37", "2007-12-31": "1.58", "2007-09-30": "0.98", "2007-06-30": "1.29", "2007-03-31": "2.47", "2006-12-31": "3.20", "2006-09-30": "2.29", "2006-06-30": "2.04", "2006-03-31": "2.94", "2005-12-31": "4.53", "2005-09-30": "2.20", "2005-06-30": "5.78", "2005-03-31": "4.03"}, "quick ratio": {"2020-09-30": "1.98", "2020-06-30": "5.51", "2020-03-31": "2.74", "2019-12-31": "2.25", "2019-09-30": "2.41", "2019-06-30": "1.56", "2019-03-31": "1.64", "2018-12-31": "1.66", "2018-09-30": "1.39", "2018-06-30": "2.35", "2018-03-31": "1.19", "2017-12-31": "1.07", "2017-09-30": "0.94", "2017-06-30": "0.87", "2017-03-31": "0.85", "2016-12-31": "0.85", "2016-09-30": "0.79", "2016-06-30": "0.53", "2016-03-31": "0.57", "2015-12-31": "0.61", "2015-09-30": "1.00", "2015-06-30": "1.05", "2015-03-31": "0.78", "2014-12-31": "1.02", "2014-09-30": "0.67", "2014-06-30": "0.82", "2014-03-31": "1.38", "2013-12-31": "1.40", "2013-09-30": "0.71", "2013-06-30": "1.55", "2013-03-31": "1.11", "2012-12-31": "0.95", "2012-09-30": "1.18", "2012-06-30": "0.70", "2012-03-31": "1.49", "2011-12-31": "0.81", "2011-09-30": "0.75", "2011-06-30": "0.77", "2011-03-31": "0.66", "2010-12-31": "0.63", "2010-09-30": "0.73", "2010-06-30": "0.67", "2010-03-31": "0.50", "2009-12-31": "0.51", "2009-09-30": "0.29", "2009-06-30": "0.28", "2009-03-31": "0.29", "2008-12-31": "0.79", "2008-09-30": "0.53", "2008-06-30": "1.23", "2008-03-31": "1.25", "2007-12-31": "1.44", "2007-09-30": "0.91", "2007-06-30": "1.20", "2007-03-31": "2.33", "2006-12-31": "3.02", "2006-09-30": "2.10", "2006-06-30": "1.89", "2006-03-31": "2.91", "2005-12-31": "4.47", "2005-09-30": "2.14", "2005-06-30": "5.74", "2005-03-31": "4.00"}, "debt equity ratio": {"current": "0.92", "2020-09-30": "2.34", "2020-06-30": "1.68", "2020-03-31": "1.78", "2019-12-31": "1.44", "2019-09-30": "1.40", "2019-06-30": "1.56", "2019-03-31": "1.52", "2018-12-31": "1.39", "2018-09-30": "1.48", "2018-06-30": "1.45", "2018-03-31": "1.44", "2017-12-31": "1.39", "2017-09-30": "1.57", "2017-06-30": "1.52", "2017-03-31": "1.44", "2016-12-31": "1.40", "2016-09-30": "1.35", "2016-06-30": "1.35", "2016-03-31": "1.32", "2015-12-31": "1.28", "2015-09-30": "1.28", "2015-06-30": "1.27", "2015-03-31": "1.01", "2014-12-31": "1.23", "2014-09-30": "1.17", "2014-06-30": "1.32", "2014-03-31": "1.18", "2013-12-31": "1.17", "2013-09-30": "1.30", "2013-06-30": "1.26", "2013-03-31": "1.99", "2012-12-31": "2.19", "2012-09-30": "2.13", "2012-06-30": "2.05", "2012-03-31": "2.10", "2011-12-31": "2.13", "2011-09-30": "2.12", "2011-06-30": "2.15", "2011-03-31": "2.15", "2010-12-31": "2.20", "2010-09-30": "2.27", "2010-06-30": "2.35", "2010-03-31": "3.05", "2009-12-31": "3.07", "2009-09-30": "3.10", "2009-06-30": "3.01", "2009-03-31": "2.98", "2008-12-31": "3.02", "2008-09-30": "2.19", "2008-06-30": "2.10", "2008-03-31": "2.16", "2007-12-31": "1.91", "2007-09-30": "1.84", "2007-06-30": "1.63", "2007-03-31": "1.49", "2006-12-31": "1.43", "2006-09-30": "3.01", "2006-06-30": "2.45", "2006-03-31": "1.47", "2005-12-31": "1.40", "2005-09-30": "1.11", "2005-06-30": "1.05", "2005-03-31": "1.08"}, "return on equity": {"2020-09-30": "-34.51%", "2020-06-30": "2.79%", "2020-03-31": "3.38%", "2019-12-31": "5.27%", "2019-06-30": "3.31%", "2019-03-31": "4.11%", "2018-09-30": "14.87%", "2018-06-30": "15.54%", "2018-03-31": "15.42%", "2017-12-31": "14.35%", "2017-09-30": "5.66%", "2017-06-30": "5.71%", "2017-03-31": "5.46%", "2016-12-31": "4.99%", "2016-09-30": "3.70%", "2016-06-30": "2.68%", "2016-03-31": "0.09%", "2015-12-31": "-3.32%", "2015-09-30": "-3.75%", "2015-06-30": "27.52%", "2015-03-31": "36.26%", "2014-12-31": "51.22%", "2014-09-30": "65.62%", "2014-06-30": "5.14%", "2014-03-31": "4.24%", "2013-12-31": "3.20%", "2013-09-30": "0.58%", "2013-06-30": "-0.89%", "2013-03-31": "0.70%", "2012-12-31": "1.85%", "2012-09-30": "4.99%", "2012-06-30": "6.13%", "2012-03-31": "4.31%", "2011-12-31": "3.89%", "2011-09-30": "2.74%", "2011-06-30": "3.20%", "2011-03-31": "16.11%", "2010-12-31": "13.96%", "2010-09-30": "9.30%", "2010-06-30": "5.18%", "2010-03-31": "-14.53%", "2009-12-31": "-21.97%", "2009-09-30": "-47.34%", "2009-06-30": "-39.29%", "2009-03-31": "-30.17%", "2008-12-31": "-21.41%", "2008-09-30": "-1.20%", "2008-06-30": "-3.06%", "2008-03-31": "-6.75%", "2007-12-31": "-5.75%", "2007-09-30": "0.91%", "2007-06-30": "2.08%", "2007-03-31": "7.06%", "2006-12-31": "7.86%", "2006-09-30": "2.49%", "2006-06-30": "4.73%", "2006-03-31": "4.15%", "2005-12-31": "2.72%"}, "return on assets": {"2020-09-30": "-12.50%", "2020-06-30": "1.08%", "2020-03-31": "1.33%", "2019-12-31": "2.12%", "2019-06-30": "1.33%", "2019-03-31": "1.67%", "2018-09-30": "6.09%", "2018-06-30": "6.31%", "2018-03-31": "6.22%", "2017-12-31": "5.79%", "2017-09-30": "2.28%", "2017-06-30": "2.35%", "2017-03-31": "2.29%", "2016-12-31": "2.12%", "2016-09-30": "1.59%", "2016-06-30": "1.16%", "2016-03-31": "0.04%", "2015-12-31": "-1.50%", "2015-09-30": "-1.71%", "2015-06-30": "12.70%", "2015-03-31": "16.86%", "2014-12-31": "23.15%", "2014-09-30": "29.88%", "2014-06-30": "2.30%", "2014-03-31": "1.91%", "2013-12-31": "1.34%", "2013-09-30": "0.22%", "2013-06-30": "-0.32%", "2013-03-31": "0.23%", "2012-12-31": "0.59%", "2012-09-30": "1.61%", "2012-06-30": "1.98%", "2012-03-31": "1.38%", "2011-12-31": "1.24%", "2011-09-30": "0.87%", "2011-06-30": "1.00%", "2011-03-31": "4.97%", "2010-12-31": "4.06%", "2010-09-30": "2.54%", "2010-06-30": "1.34%", "2010-03-31": "-3.58%", "2009-12-31": "-5.44%", "2009-09-30": "-11.75%", "2009-06-30": "-10.51%", "2009-03-31": "-8.64%", "2008-12-31": "-6.46%", "2008-09-30": "-0.39%", "2008-06-30": "-1.02%", "2008-03-31": "-2.34%", "2007-12-31": "-2.11%", "2007-09-30": "0.35%", "2007-06-30": "0.75%", "2007-03-31": "2.39%", "2006-12-31": "2.61%", "2006-09-30": "0.81%", "2006-06-30": "1.82%", "2006-03-31": "1.84%", "2005-12-31": "1.26%"}, "return on investments": {"2020-09-30": "3.65%", "2020-06-30": "3.47%", "2020-03-31": "4.21%", "2019-12-31": "5.41%", "2019-09-30": "4.46%", "2019-06-30": "4.75%", "2019-03-31": "4.62%", "2018-12-31": "3.68%", "2018-09-30": "3.49%", "2018-06-30": "3.95%", "2018-03-31": "4.29%", "2017-12-31": "4.47%", "2017-09-30": "4.41%", "2017-06-30": "4.35%", "2017-03-31": "4.42%", "2016-12-31": "4.64%", "2016-09-30": "5.12%", "2016-06-30": "5.05%", "2016-03-31": "2.47%", "2015-12-31": "-0.98%", "2015-09-30": "-0.97%", "2015-06-30": "-3.73%", "2015-03-31": "-2.41%", "2014-12-31": "1.06%", "2014-09-30": "-0.18%", "2014-06-30": "4.62%", "2014-03-31": "3.45%", "2013-12-31": "2.44%", "2013-09-30": "-0.11%", "2013-06-30": "-0.90%", "2013-03-31": "0.76%", "2012-12-31": "1.71%", "2012-09-30": "4.74%", "2012-06-30": "5.85%", "2012-03-31": "4.91%", "2011-12-31": "4.91%", "2011-09-30": "3.84%", "2011-06-30": "3.89%", "2011-03-31": "4.38%", "2010-12-31": "4.30%", "2010-09-30": "4.95%", "2010-06-30": "4.70%", "2010-03-31": "1.27%", "2009-12-31": "-1.54%", "2009-09-30": "-6.37%", "2009-06-30": "-5.82%", "2009-03-31": "-2.29%", "2008-12-31": "0.27%", "2008-09-30": "3.69%", "2008-06-30": "3.61%", "2008-03-31": "1.71%", "2007-12-31": "1.49%", "2007-09-30": "0.77%", "2007-06-30": "0.27%", "2007-03-31": "2.34%", "2006-12-31": "1.58%", "2006-09-30": "2.49%", "2006-06-30": "2.28%", "2006-03-31": "2.04%", "2005-12-31": "2.28%"}, "return on tangible equity": {"2020-09-30": "-142.32%", "2020-06-30": "17.54%", "2020-03-31": "19.19%", "2019-12-31": "26.80%", "2019-06-30": "35.86%", "2019-03-31": "40.72%", "2018-09-30": "132.52%", "2018-06-30": "165.65%", "2018-03-31": "203.10%", "2017-12-31": "211.49%", "2017-09-30": "110.24%", "2017-06-30": "95.42%", "2017-03-31": "86.51%", "2016-12-31": "79.19%", "2016-09-30": "57.71%", "2016-06-30": "38.37%", "2016-03-31": "1.14%", "2015-12-31": "-35.21%", "2015-09-30": "-48.44%", "2015-06-30": "411.48%", "2015-03-31": "1173.58%", "2014-12-31": "-16672.00%", "2014-09-30": "59257.14%", "2014-06-30": "-89.60%", "2014-03-31": "-93.26%", "2013-12-31": "-20.60%", "2013-09-30": "-1.83%", "2013-06-30": "1.98%", "2013-03-31": "-1.16%", "2012-12-31": "-2.87%", "2012-09-30": "-7.55%", "2012-06-30": "-9.12%", "2012-03-31": "-6.21%", "2011-12-31": "-5.45%", "2011-09-30": "-3.75%", "2011-06-30": "-4.19%", "2011-03-31": "-20.08%", "2010-12-31": "-15.40%", "2010-09-30": "-9.20%", "2010-06-30": "-4.66%", "2010-03-31": "12.11%", "2009-12-31": "18.23%", "2009-09-30": "39.27%", "2009-06-30": "36.18%", "2009-03-31": "30.92%", "2008-12-31": "24.04%", "2008-09-30": "1.53%", "2008-06-30": "4.20%", "2008-03-31": "10.77%", "2007-12-31": "12.14%", "2007-09-30": "-2.66%", "2007-06-30": "-5.96%", "2007-03-31": "-20.92%", "2006-12-31": "-24.51%", "2006-09-30": "-8.21%", "2006-06-30": "-81.20%", "2006-03-31": "90.57%", "2005-12-31": "29.63%"}, "dividend yield history": {"last payout": "$1.00", "last yield": "3.32%"}}