{"ticker": "M", "price": {"title": "Macy's Historical Annual Stock Price Data", "value": 15.07, "historical": {"2021": {"Average Stock Price": "13.6329", "Year Open": "11.2200", "Year High": "17.7300", "Year Low": "11.2200", "Year Close": "15.0700", "Annual % Change": "33.96%"}, "2020": {"Average Stock Price": "8.7060", "Year Open": "16.5200", "Year High": "18.1000", "Year Low": "4.4300", "Year Close": "11.2500", "Annual % Change": "-33.82%"}, "2019": {"Average Stock Price": "20.4727", "Year Open": "30.7600", "Year High": "31.7200", "Year Low": "14.3000", "Year Close": "17.0000", "Annual % Change": "-42.91%"}, "2018": {"Average Stock Price": "32.7158", "Year Open": "26.3100", "Year High": "41.8200", "Year Low": "23.4700", "Year Close": "29.7800", "Annual % Change": "18.22%"}, "2017": {"Average Stock Price": "25.0884", "Year Open": "35.2300", "Year High": "35.8400", "Year Low": "17.5300", "Year Close": "25.1900", "Annual % Change": "-29.66%"}, "2016": {"Average Stock Price": "38.0256", "Year Open": "35.7900", "Year High": "44.9100", "Year Low": "30.0700", "Year Close": "35.8100", "Annual % Change": "2.37%"}, "2015": {"Average Stock Price": "59.4091", "Year Open": "65.6900", "Year High": "72.8000", "Year Low": "34.5000", "Year Close": "34.9800", "Annual % Change": "-46.80%"}, "2014": {"Average Stock Price": "58.3863", "Year Open": "53.3900", "Year High": "65.7500", "Year Low": "50.9100", "Year Close": "65.7500", "Annual % Change": "23.13%"}, "2013": {"Average Stock Price": "45.4578", "Year Open": "38.3100", "Year High": "53.6700", "Year Low": "36.6900", "Year Close": "53.4000", "Annual % Change": "36.85%"}, "2012": {"Average Stock Price": "37.8412", "Year Open": "32.6800", "Year High": "41.7300", "Year Low": "32.6500", "Year Close": "39.0200", "Annual % Change": "21.26%"}, "2011": {"Average Stock Price": "26.9917", "Year Open": "25.4400", "Year High": "33.1400", "Year Low": "22.0100", "Year Close": "32.1800", "Annual % Change": "27.19%"}, "2010": {"Average Stock Price": "21.3577", "Year Open": "17.0600", "Year High": "26.0000", "Year Low": "15.5300", "Year Close": "25.3000", "Annual % Change": "50.95%"}, "2009": {"Average Stock Price": "13.4422", "Year Open": "10.9800", "Year High": "20.7200", "Year Low": "6.5800", "Year Close": "16.7600", "Annual % Change": "61.93%"}, "2008": {"Average Stock Price": "19.0394", "Year Open": "24.9900", "Year High": "28.0000", "Year Low": "5.6800", "Year Close": "10.3500", "Annual % Change": "-59.99%"}, "2007": {"Average Stock Price": "37.2220", "Year Open": "37.5100", "Year High": "46.5100", "Year Low": "25.0400", "Year Close": "25.8700", "Annual % Change": "-32.15%"}, "2006": {"Average Stock Price": "37.8842", "Year Open": "34.1100", "Year High": "44.9500", "Year Low": "33.2500", "Year Close": "38.1300", "Annual % Change": "14.97%"}, "2005": {"Average Stock Price": "32.7899", "Year Open": "28.7700", "Year High": "38.6500", "Year Low": "27.3000", "Year Close": "33.1650", "Annual % Change": "14.78%"}, "2004": {"Average Stock Price": "24.7312", "Year Open": "23.0650", "Year High": "28.8950", "Year Low": "21.5550", "Year Close": "28.8950", "Annual % Change": "22.62%"}, "2003": {"Average Stock Price": "18.4457", "Year Open": "14.9750", "Year High": "25.0850", "Year Low": "11.9550", "Year Close": "23.5650", "Annual % Change": "63.87%"}, "2002": {"Average Stock Price": "18.4536", "Year Open": "20.2300", "Year High": "22.0000", "Year Low": "13.2000", "Year Close": "14.3800", "Annual % Change": "-29.68%"}, "2001": {"Average Stock Price": "19.6286", "Year Open": "17.1900", "Year High": "24.6300", "Year Low": "13.3000", "Year Close": "20.4500", "Annual % Change": "16.86%"}, "2000": {"Average Stock Price": "16.9866", "Year Open": "25.1900", "Year High": "26.1900", "Year Low": "11.7500", "Year Close": "17.5000", "Annual % Change": "-30.78%"}, "1999": {"Average Stock Price": "22.9599", "Year Open": "22.3750", "Year High": "28.4400", "Year Low": "18.2800", "Year Close": "25.2800", "Annual % Change": "16.07%"}, "1998": {"Average Stock Price": "23.3121", "Year Open": "21.1550", "Year High": "27.8750", "Year Low": "16.8450", "Year Close": "21.7800", "Annual % Change": "1.16%"}, "1997": {"Average Stock Price": "19.4540", "Year Open": "16.8150", "Year High": "24.0650", "Year Low": "15.1250", "Year Close": "21.5300", "Annual % Change": "26.20%"}, "1996": {"Average Stock Price": "16.2597", "Year Open": "14.3750", "Year High": "18.1250", "Year Low": "13.0000", "Year Close": "17.0600", "Annual % Change": "25.21%"}, "1995": {"Average Stock Price": "12.4086", "Year Open": "9.4400", "Year High": "14.9400", "Year Low": "9.0650", "Year Close": "13.6250", "Annual % Change": "41.56%"}, "1994": {"Average Stock Price": "10.7150", "Year Open": "11.3750", "Year High": "12.4400", "Year Low": "9.1900", "Year Close": "9.6250", "Annual % Change": "-7.23%"}, "1993": {"Average Stock Price": "10.4676", "Year Open": "9.5650", "Year High": "12.5000", "Year Low": "8.9400", "Year Close": "10.3750", "Annual % Change": "5.06%"}}}, "market cap": {"value": "$4.68B"}, "income statement": {"Revenue": {"2020-01-31": "25331.00000", "2019-01-31": "25739.00000", "2018-01-31": "25641.00000", "2017-01-31": "26564.00000", "2016-01-31": "27079.00000", "2015-01-31": "28105.00000", "2014-01-31": "27931.00000", "2013-01-31": "27686.00000", "2012-01-31": "26405.00000", "2011-01-31": "25003.00000", "2010-01-31": "23489.00000", "2009-01-31": "24892.00000", "2008-01-31": "26313.00000", "2007-01-31": "26970.00000", "2006-01-31": "22390.00000", "2005-01-31": "15776.00000"}, "Cost Of Goods Sold": {"2020-01-31": "15171.00000", "2019-01-31": "15215.00000", "2018-01-31": "15181.00000", "2017-01-31": "15666.00000", "2016-01-31": "16496.00000", "2015-01-31": "16863.00000", "2014-01-31": "16725.00000", "2013-01-31": "16538.00000", "2012-01-31": "15738.00000", "2011-01-31": "14824.00000", "2010-01-31": "13973.00000", "2009-01-31": "15009.00000", "2008-01-31": "15677.00000", "2007-01-31": "16197.00000", "2006-01-31": "13297.00000", "2005-01-31": "9382.00000"}, "Gross Profit": {"2020-01-31": "10160.00000", "2019-01-31": "10524.00000", "2018-01-31": "10460.00000", "2017-01-31": "10898.00000", "2016-01-31": "10583.00000", "2015-01-31": "11242.00000", "2014-01-31": "11206.00000", "2013-01-31": "11148.00000", "2012-01-31": "10667.00000", "2011-01-31": "10179.00000", "2010-01-31": "9516.00000", "2009-01-31": "9883.00000", "2008-01-31": "10636.00000", "2007-01-31": "10773.00000", "2006-01-31": "9093.00000", "2005-01-31": "6394.00000"}, "Research And Development Expenses": {"2020-01-31": "", "2019-01-31": "", "2018-01-31": "", "2017-01-31": "", "2016-01-31": "", "2015-01-31": "", "2014-01-31": "", "2013-01-31": "", "2012-01-31": "", "2011-01-31": "", "2010-01-31": "", "2009-01-31": "", "2008-01-31": "", "2007-01-31": "", "2006-01-31": "", "2005-01-31": ""}, "SG&A Expenses": {"2020-01-31": "8998.00000", "2019-01-31": "9039.00000", "2018-01-31": "8954.00000", "2017-01-31": "9257.00000", "2016-01-31": "8468.00000", "2015-01-31": "8355.00000", "2014-01-31": "8440.00000", "2013-01-31": "8482.00000", "2012-01-31": "8281.00000", "2011-01-31": "8260.00000", "2010-01-31": "8062.00000", "2009-01-31": "8481.00000", "2008-01-31": "8554.00000", "2007-01-31": "8678.00000", "2006-01-31": "6980.00000", "2005-01-31": "4994.00000"}, "Other Operating Income Or Expenses": {"2020-01-31": "162.00000", "2019-01-31": "389.00000", "2018-01-31": "544.00000", "2017-01-31": "209.00000", "2016-01-31": "212.00000", "2015-01-31": "-87.00000", "2014-01-31": "-88.00000", "2013-01-31": "-5.00000", "2012-01-31": "25.00000", "2011-01-31": "-25.00000", "2010-01-31": "-391.00000", "2009-01-31": "-398.00000", "2008-01-31": "-219.00000", "2007-01-31": "-259.00000", "2006-01-31": "311.00000", "2005-01-31": ""}, "Operating Expenses": {"2020-01-31": "24361.00000", "2019-01-31": "24001.00000", "2018-01-31": "23777.00000", "2017-01-31": "25193.00000", "2016-01-31": "25040.00000", "2015-01-31": "25305.00000", "2014-01-31": "25253.00000", "2013-01-31": "25025.00000", "2012-01-31": "23994.00000", "2011-01-31": "23109.00000", "2010-01-31": "22426.00000", "2009-01-31": "29270.00000", "2008-01-31": "24450.00000", "2007-01-31": "25134.00000", "2006-01-31": "19966.00000", "2005-01-31": "14376.00000"}, "Operating Income": {"2020-01-31": "970.00000", "2019-01-31": "1738.00000", "2018-01-31": "1864.00000", "2017-01-31": "1371.00000", "2016-01-31": "2039.00000", "2015-01-31": "2800.00000", "2014-01-31": "2678.00000", "2013-01-31": "2661.00000", "2012-01-31": "2411.00000", "2011-01-31": "1894.00000", "2010-01-31": "1063.00000", "2009-01-31": "-4378.00000", "2008-01-31": "1863.00000", "2007-01-31": "1836.00000", "2006-01-31": "2424.00000", "2005-01-31": "1400.00000"}, "Total Non-Operating Income/Expense": {"2020-01-31": "-242.00000", "2019-01-31": "-318.00000", "2018-01-31": "-348.00000", "2017-01-31": "-406.00000", "2016-01-31": "-361.00000", "2015-01-31": "-410.00000", "2014-01-31": "-388.00000", "2013-01-31": "-559.00000", "2012-01-31": "-443.00000", "2011-01-31": "-574.00000", "2010-01-31": "-556.00000", "2009-01-31": "-560.00000", "2008-01-31": "-543.00000", "2007-01-31": "-390.00000", "2006-01-31": "-380.00000", "2005-01-31": "-284.00000"}, "Pre-Tax Income": {"2020-01-31": "728.00000", "2019-01-31": "1420.00000", "2018-01-31": "1516.00000", "2017-01-31": "965.00000", "2016-01-31": "1678.00000", "2015-01-31": "2390.00000", "2014-01-31": "2290.00000", "2013-01-31": "2102.00000", "2012-01-31": "1968.00000", "2011-01-31": "1320.00000", "2010-01-31": "507.00000", "2009-01-31": "-4938.00000", "2008-01-31": "1320.00000", "2007-01-31": "1446.00000", "2006-01-31": "2044.00000", "2005-01-31": "1116.00000"}, "Income Taxes": {"2020-01-31": "164.00000", "2019-01-31": "322.00000", "2018-01-31": "-39.00000", "2017-01-31": "346.00000", "2016-01-31": "608.00000", "2015-01-31": "864.00000", "2014-01-31": "804.00000", "2013-01-31": "767.00000", "2012-01-31": "712.00000", "2011-01-31": "473.00000", "2010-01-31": "178.00000", "2009-01-31": "-163.00000", "2008-01-31": "411.00000", "2007-01-31": "458.00000", "2006-01-31": "671.00000", "2005-01-31": "427.00000"}, "Income After Taxes": {"2020-01-31": "564.00000", "2019-01-31": "1098.00000", "2018-01-31": "1555.00000", "2017-01-31": "619.00000", "2016-01-31": "1070.00000", "2015-01-31": "1526.00000", "2014-01-31": "1486.00000", "2013-01-31": "1335.00000", "2012-01-31": "1256.00000", "2011-01-31": "847.00000", "2010-01-31": "329.00000", "2009-01-31": "-4775.00000", "2008-01-31": "909.00000", "2007-01-31": "988.00000", "2006-01-31": "1373.00000", "2005-01-31": "689.00000"}, "Other Income": {"2020-01-31": "", "2019-01-31": "", "2018-01-31": "", "2017-01-31": "", "2016-01-31": "", "2015-01-31": "", "2014-01-31": "", "2013-01-31": "", "2012-01-31": "", "2011-01-31": "", "2010-01-31": "", "2009-01-31": "", "2008-01-31": "", "2007-01-31": "", "2006-01-31": "", "2005-01-31": ""}, "Income From Continuous Operations": {"2020-01-31": "564.00000", "2019-01-31": "1098.00000", "2018-01-31": "1555.00000", "2017-01-31": "619.00000", "2016-01-31": "1070.00000", "2015-01-31": "1526.00000", "2014-01-31": "1486.00000", "2013-01-31": "1335.00000", "2012-01-31": "1256.00000", "2011-01-31": "847.00000", "2010-01-31": "329.00000", "2009-01-31": "-4775.00000", "2008-01-31": "909.00000", "2007-01-31": "988.00000", "2006-01-31": "1373.00000", "2005-01-31": "689.00000"}, "Income From Discontinued Operations": {"2020-01-31": "", "2019-01-31": "", "2018-01-31": "", "2017-01-31": "", "2016-01-31": "", "2015-01-31": "", "2014-01-31": "", "2013-01-31": "", "2012-01-31": "", "2011-01-31": "", "2010-01-31": "", "2009-01-31": "", "2008-01-31": "-16.00000", "2007-01-31": "7.00000", "2006-01-31": "33.00000", "2005-01-31": ""}, "Net Income": {"2020-01-31": "564.00000", "2019-01-31": "1108.00000", "2018-01-31": "1566.00000", "2017-01-31": "627.00000", "2016-01-31": "1072.00000", "2015-01-31": "1526.00000", "2014-01-31": "1486.00000", "2013-01-31": "1335.00000", "2012-01-31": "1256.00000", "2011-01-31": "847.00000", "2010-01-31": "329.00000", "2009-01-31": "-4775.00000", "2008-01-31": "893.00000", "2007-01-31": "995.00000", "2006-01-31": "1406.00000", "2005-01-31": "689.00000"}, "EBITDA": {"2020-01-31": "1955.00000", "2019-01-31": "2685.00000", "2018-01-31": "2810.00000", "2017-01-31": "2415.00000", "2016-01-31": "3086.00000", "2015-01-31": "3831.00000", "2014-01-31": "3690.00000", "2013-01-31": "3694.00000", "2012-01-31": "3481.00000", "2011-01-31": "3019.00000", "2010-01-31": "2250.00000", "2009-01-31": "2255.00000", "2008-01-31": "3136.00000", "2007-01-31": "3052.00000", "2006-01-31": "3380.00000", "2005-01-31": "2140.00000"}, "EBIT": {"2020-01-31": "970.00000", "2019-01-31": "1738.00000", "2018-01-31": "1864.00000", "2017-01-31": "1371.00000", "2016-01-31": "2039.00000", "2015-01-31": "2800.00000", "2014-01-31": "2678.00000", "2013-01-31": "2661.00000", "2012-01-31": "2411.00000", "2011-01-31": "1894.00000", "2010-01-31": "1063.00000", "2009-01-31": "-4378.00000", "2008-01-31": "1863.00000", "2007-01-31": "1836.00000", "2006-01-31": "2424.00000", "2005-01-31": "1400.00000"}, "Basic Shares Outstanding": {"2020-01-31": "309.70000", "2019-01-31": "307.70000", "2018-01-31": "305.40000", "2017-01-31": "308.50000", "2016-01-31": "328.40000", "2015-01-31": "355.20000", "2014-01-31": "378.30000", "2013-01-31": "405.50000", "2012-01-31": "424.50000", "2011-01-31": "423.30000", "2010-01-31": "421.70000", "2009-01-31": "421.20000", "2008-01-31": "446.60000", "2007-01-31": "540.00000", "2006-01-31": "426.00000", "2005-01-31": "350.20000"}, "Shares Outstanding": {"2020-01-31": "311.40000", "2019-01-31": "311.40000", "2018-01-31": "306.80000", "2017-01-31": "310.80000", "2016-01-31": "333.00000", "2015-01-31": "361.70000", "2014-01-31": "384.80000", "2013-01-31": "412.20000", "2012-01-31": "430.40000", "2011-01-31": "427.30000", "2010-01-31": "423.20000", "2009-01-31": "421.20000", "2008-01-31": "451.80000", "2007-01-31": "547.70000", "2006-01-31": "434.60000", "2005-01-31": "356.40000"}, "Basic EPS": {"2020-01-31": "1.82000", "2019-01-31": "3.60000", "2018-01-31": "5.13000", "2017-01-31": "2.03000", "2016-01-31": "3.26000", "2015-01-31": "4.30000", "2014-01-31": "3.93000", "2013-01-31": "3.29000", "2012-01-31": "2.96000", "2011-01-31": "2.00000", "2010-01-31": "0.78000", "2009-01-31": "-11.34000", "2008-01-31": "2.00000", "2007-01-31": "1.84000", "2006-01-31": "3.30000", "2005-01-31": "1.97000"}, "EPS - Earnings Per Share": {"2020-01-31": "1.81000", "2019-01-31": "3.56000", "2018-01-31": "5.10000", "2017-01-31": "2.02000", "2016-01-31": "3.22000", "2015-01-31": "4.22000", "2014-01-31": "3.86000", "2013-01-31": "3.24000", "2012-01-31": "2.92000", "2011-01-31": "1.98000", "2010-01-31": "0.78000", "2009-01-31": "-11.34000", "2008-01-31": "1.97000", "2007-01-31": "1.81000", "2006-01-31": "3.24000", "2005-01-31": "1.93000"}}, "income statement, quarterly": {"Revenue": {"2020-10-31": "4185.00000", "2020-07-31": "3727.00000", "2020-04-30": "3148.00000", "2020-01-31": "8577.00000", "2019-10-31": "5356.00000", "2019-07-31": "5722.00000", "2019-04-30": "5676.00000", "2019-01-31": "8694.00000", "2018-10-31": "5589.00000", "2018-07-31": "5758.00000", "2018-04-30": "5698.00000", "2018-01-31": "8901.00000", "2017-10-31": "5426.00000", "2017-07-31": "5803.00000", "2017-04-30": "5511.00000", "2017-01-31": "9301.00000", "2016-10-31": "5626.00000", "2016-07-31": "5866.00000", "2016-04-30": "5771.00000", "2016-01-31": "8869.00000", "2015-10-31": "5874.00000", "2015-07-31": "6104.00000", "2015-04-30": "6232.00000", "2015-01-31": "9364.00000", "2014-10-31": "6195.00000", "2014-07-31": "6267.00000", "2014-04-30": "6279.00000", "2014-01-31": "9202.00000", "2013-10-31": "6276.00000", "2013-07-31": "6066.00000", "2013-04-30": "6387.00000", "2013-01-31": "9350.00000", "2012-10-31": "6075.00000", "2012-07-31": "6118.00000", "2012-04-30": "6143.00000", "2012-01-31": "8724.00000", "2011-10-31": "5853.00000", "2011-07-31": "5939.00000", "2011-04-30": "5889.00000", "2011-01-31": "8269.00000", "2010-10-31": "5623.00000", "2010-07-31": "5537.00000", "2010-04-30": "5574.00000", "2010-01-31": "7849.00000", "2009-10-31": "5277.00000", "2009-07-31": "5164.00000", "2009-04-30": "5199.00000", "2009-01-31": "7934.00000", "2008-10-31": "5493.00000", "2008-07-31": "5718.00000", "2008-04-30": "5747.00000", "2008-01-31": "8594.00000", "2007-10-31": "5906.00000", "2007-07-31": "5892.00000", "2007-04-30": "5921.00000", "2007-01-31": "9159.00000", "2006-10-31": "5886.00000", "2006-07-31": "5995.00000", "2006-04-30": "5930.00000", "2006-01-31": "9571.00000", "2005-10-31": "5555.00000", "2005-07-31": "3623.00000", "2005-04-30": "3641.00000", "2005-01-31": "5120.00000"}, "Cost Of Goods Sold": {"2020-10-31": "2569.00000", "2020-07-31": "2718.00000", "2020-04-30": "2501.00000", "2020-01-31": "5267.00000", "2019-10-31": "3106.00000", "2019-07-31": "3395.00000", "2019-04-30": "3403.00000", "2019-01-31": "5287.00000", "2018-10-31": "3226.00000", "2018-07-31": "3320.00000", "2018-04-30": "3382.00000", "2018-01-31": "5323.00000", "2017-10-31": "3152.00000", "2017-07-31": "3403.00000", "2017-04-30": "3303.00000", "2017-01-31": "5296.00000", "2016-10-31": "3386.00000", "2016-07-31": "3468.00000", "2016-04-30": "3516.00000", "2016-01-31": "5549.00000", "2015-10-31": "3537.00000", "2015-07-31": "3610.00000", "2015-04-30": "3800.00000", "2015-01-31": "5589.00000", "2014-10-31": "3766.00000", "2014-07-31": "3672.00000", "2014-04-30": "3836.00000", "2014-01-31": "5464.00000", "2013-10-31": "3817.00000", "2013-07-31": "3533.00000", "2013-04-30": "3911.00000", "2013-01-31": "5554.00000", "2012-10-31": "3672.00000", "2012-07-31": "3555.00000", "2012-04-30": "3757.00000", "2012-01-31": "5151.00000", "2011-10-31": "3544.00000", "2011-07-31": "3457.00000", "2011-04-30": "3586.00000", "2011-01-31": "4855.00000", "2010-10-31": "3377.00000", "2010-07-31": "3214.00000", "2010-04-30": "3378.00000", "2010-01-31": "4577.00000", "2009-10-31": "3156.00000", "2009-07-31": "3021.00000", "2009-04-30": "3219.00000", "2009-01-31": "4812.00000", "2008-10-31": "3324.00000", "2008-07-31": "3346.00000", "2008-04-30": "3527.00000", "2008-01-31": "5021.00000", "2007-10-31": "3585.00000", "2007-07-31": "3507.00000", "2007-04-30": "3564.00000", "2007-01-31": "5419.00000", "2006-10-31": "3541.00000", "2006-07-31": "3604.00000", "2006-04-30": "3633.00000", "2006-01-31": "5683.00000", "2005-10-31": "3312.00000", "2005-07-31": "2126.00000", "2005-04-30": "2176.00000", "2005-01-31": "3027.00000"}, "Gross Profit": {"2020-10-31": "1616.00000", "2020-07-31": "1009.00000", "2020-04-30": "647.00000", "2020-01-31": "3310.00000", "2019-10-31": "2250.00000", "2019-07-31": "2327.00000", "2019-04-30": "2273.00000", "2019-01-31": "3407.00000", "2018-10-31": "2363.00000", "2018-07-31": "2438.00000", "2018-04-30": "2316.00000", "2018-01-31": "3578.00000", "2017-10-31": "2274.00000", "2017-07-31": "2400.00000", "2017-04-30": "2208.00000", "2017-01-31": "4005.00000", "2016-10-31": "2240.00000", "2016-07-31": "2398.00000", "2016-04-30": "2255.00000", "2016-01-31": "3320.00000", "2015-10-31": "2337.00000", "2015-07-31": "2494.00000", "2015-04-30": "2432.00000", "2015-01-31": "3775.00000", "2014-10-31": "2429.00000", "2014-07-31": "2595.00000", "2014-04-30": "2443.00000", "2014-01-31": "3738.00000", "2013-10-31": "2459.00000", "2013-07-31": "2533.00000", "2013-04-30": "2476.00000", "2013-01-31": "3796.00000", "2012-10-31": "2403.00000", "2012-07-31": "2563.00000", "2012-04-30": "2386.00000", "2012-01-31": "3573.00000", "2011-10-31": "2309.00000", "2011-07-31": "2482.00000", "2011-04-30": "2303.00000", "2011-01-31": "3414.00000", "2010-10-31": "2246.00000", "2010-07-31": "2323.00000", "2010-04-30": "2196.00000", "2010-01-31": "3272.00000", "2009-10-31": "2121.00000", "2009-07-31": "2143.00000", "2009-04-30": "1980.00000", "2009-01-31": "3122.00000", "2008-10-31": "2169.00000", "2008-07-31": "2372.00000", "2008-04-30": "2220.00000", "2008-01-31": "3573.00000", "2007-10-31": "2321.00000", "2007-07-31": "2385.00000", "2007-04-30": "2357.00000", "2007-01-31": "3740.00000", "2006-10-31": "2345.00000", "2006-07-31": "2391.00000", "2006-04-30": "2297.00000", "2006-01-31": "3888.00000", "2005-10-31": "2243.00000", "2005-07-31": "1497.00000", "2005-04-30": "1465.00000", "2005-01-31": "2093.00000"}, "Research And Development Expenses": {"2020-10-31": "", "2020-07-31": "", "2020-04-30": "", "2020-01-31": "", "2019-10-31": "", "2019-07-31": "", "2019-04-30": "", "2019-01-31": "", "2018-10-31": "", "2018-07-31": "", "2018-04-30": "", "2018-01-31": "", "2017-10-31": "", "2017-07-31": "", "2017-04-30": "", "2017-01-31": "", "2016-10-31": "", "2016-07-31": "", "2016-04-30": "", "2016-01-31": "", "2015-10-31": "", "2015-07-31": "", "2015-04-30": "", "2015-01-31": "", "2014-10-31": "", "2014-07-31": "", "2014-04-30": "", "2014-01-31": "", "2013-10-31": "", "2013-07-31": "", "2013-04-30": "", "2013-01-31": "", "2012-10-31": "", "2012-07-31": "", "2012-04-30": "", "2012-01-31": "", "2011-10-31": "", "2011-07-31": "", "2011-04-30": "", "2011-01-31": "", "2010-10-31": "", "2010-07-31": "", "2010-04-30": "", "2010-01-31": "", "2009-10-31": "", "2009-07-31": "", "2009-04-30": "", "2009-01-31": "", "2008-10-31": "", "2008-07-31": "", "2008-04-30": "", "2008-01-31": "", "2007-10-31": "", "2007-07-31": "", "2007-04-30": "", "2007-01-31": "", "2006-10-31": "", "2006-07-31": "", "2006-04-30": "", "2006-01-31": "", "2005-10-31": "", "2005-07-31": "", "2005-04-30": "", "2005-01-31": ""}, "SG&A Expenses": {"2020-10-31": "1726.00000", "2020-07-31": "1398.00000", "2020-04-30": "1598.00000", "2020-01-31": "2507.00000", "2019-10-31": "2202.00000", "2019-07-31": "2177.00000", "2019-04-30": "2112.00000", "2019-01-31": "2537.00000", "2018-10-31": "2255.00000", "2018-07-31": "2164.00000", "2018-04-30": "2083.00000", "2018-01-31": "2548.00000", "2017-10-31": "2188.00000", "2017-07-31": "2161.00000", "2017-04-30": "2057.00000", "2017-01-31": "3132.00000", "2016-10-31": "2112.00000", "2016-07-31": "2047.00000", "2016-04-30": "1966.00000", "2016-01-31": "2419.00000", "2015-10-31": "1968.00000", "2015-07-31": "2058.00000", "2015-04-30": "2023.00000", "2015-01-31": "2324.00000", "2014-10-31": "2007.00000", "2014-07-31": "2024.00000", "2014-04-30": "2000.00000", "2014-01-31": "2301.00000", "2013-10-31": "2099.00000", "2013-07-31": "1999.00000", "2013-04-30": "2041.00000", "2013-01-31": "2400.00000", "2012-10-31": "2078.00000", "2012-07-31": "2009.00000", "2012-04-30": "1995.00000", "2012-01-31": "2314.00000", "2011-10-31": "2018.00000", "2011-07-31": "1976.00000", "2011-04-30": "1973.00000", "2011-01-31": "2245.00000", "2010-10-31": "2069.00000", "2010-07-31": "1953.00000", "2010-04-30": "1993.00000", "2010-01-31": "2212.00000", "2009-10-31": "2033.00000", "2009-07-31": "1861.00000", "2009-04-30": "1956.00000", "2009-01-31": "2256.00000", "2008-10-31": "2085.00000", "2008-07-31": "2037.00000", "2008-04-30": "2103.00000", "2008-01-31": "2282.00000", "2007-10-31": "2121.00000", "2007-07-31": "2038.00000", "2007-04-30": "2113.00000", "2007-01-31": "2313.00000", "2006-10-31": "2094.00000", "2006-07-31": "2117.00000", "2006-04-30": "2154.00000", "2006-01-31": "2588.00000", "2005-10-31": "1973.00000", "2005-07-31": "1206.00000", "2005-04-30": "1213.00000", "2005-01-31": "1330.00000"}, "Other Operating Income Or Expenses": {"2020-10-31": "-17.00000", "2020-07-31": "-242.00000", "2020-04-30": "-3168.00000", "2020-01-31": "111.00000", "2019-10-31": "4.00000", "2019-07-31": "5.00000", "2019-04-30": "42.00000", "2019-01-31": "316.00000", "2018-10-31": "39.00000", "2018-07-31": "29.00000", "2018-04-30": "5.00000", "2018-01-31": "401.00000", "2017-10-31": "32.00000", "2017-07-31": "43.00000", "2017-04-30": "68.00000", "2017-01-31": "477.00000", "2016-10-31": "-21.00000", "2016-07-31": "-234.00000", "2016-04-30": "-13.00000", "2016-01-31": "323.00000", "2015-10-31": "-111.00000", "2015-07-31": "", "2015-04-30": "", "2015-01-31": "", "2014-10-31": "", "2014-07-31": "", "2014-04-30": "", "2014-01-31": "", "2013-10-31": "", "2013-07-31": "", "2013-04-30": "", "2013-01-31": "", "2012-10-31": "", "2012-07-31": "", "2012-04-30": "", "2012-01-31": "", "2011-10-31": "", "2011-07-31": "", "2011-04-30": "", "2011-01-31": "", "2010-10-31": "", "2010-07-31": "", "2010-04-30": "", "2010-01-31": "-186.00000", "2009-10-31": "-33.00000", "2009-07-31": "-34.00000", "2009-04-30": "-138.00000", "2009-01-31": "-219.00000", "2008-10-31": "-16.00000", "2008-07-31": "-76.00000", "2008-04-30": "-87.00000", "2008-01-31": "-69.00000", "2007-10-31": "-17.00000", "2007-07-31": "-97.00000", "2007-04-30": "-36.00000", "2007-01-31": "-167.00000", "2006-10-31": "-117.00000", "2006-07-31": "148.00000", "2006-04-30": "-123.00000", "2006-01-31": "-106.00000", "2005-10-31": "417.00000", "2005-07-31": "", "2005-04-30": "", "2005-01-31": ""}, "Operating Expenses": {"2020-10-31": "4312.00000", "2020-07-31": "4358.00000", "2020-04-30": "7267.00000", "2020-01-31": "8017.00000", "2019-10-31": "5304.00000", "2019-07-31": "5567.00000", "2019-04-30": "5473.00000", "2019-01-31": "7644.00000", "2018-10-31": "5442.00000", "2018-07-31": "5455.00000", "2018-04-30": "5460.00000", "2018-01-31": "7656.00000", "2017-10-31": "5308.00000", "2017-07-31": "5521.00000", "2017-04-30": "5292.00000", "2017-01-31": "8430.00000", "2016-10-31": "5519.00000", "2016-07-31": "5749.00000", "2016-04-30": "5495.00000", "2016-01-31": "7933.00000", "2015-10-31": "5616.00000", "2015-07-31": "5668.00000", "2015-04-30": "5823.00000", "2015-01-31": "8000.00000", "2014-10-31": "5773.00000", "2014-07-31": "5696.00000", "2014-04-30": "5836.00000", "2014-01-31": "7853.00000", "2013-10-31": "5916.00000", "2013-07-31": "5532.00000", "2013-04-30": "5952.00000", "2013-01-31": "7959.00000", "2012-10-31": "5750.00000", "2012-07-31": "5564.00000", "2012-04-30": "5752.00000", "2012-01-31": "7440.00000", "2011-10-31": "5562.00000", "2011-07-31": "5433.00000", "2011-04-30": "5559.00000", "2011-01-31": "7125.00000", "2010-10-31": "5446.00000", "2010-07-31": "5167.00000", "2010-04-30": "5371.00000", "2010-01-31": "6975.00000", "2009-10-31": "5222.00000", "2009-07-31": "4916.00000", "2009-04-30": "5313.00000", "2009-01-31": "12669.00000", "2008-10-31": "5425.00000", "2008-07-31": "5459.00000", "2008-04-30": "5717.00000", "2008-01-31": "7372.00000", "2007-10-31": "5723.00000", "2007-07-31": "5642.00000", "2007-04-30": "5713.00000", "2007-01-31": "7899.00000", "2006-10-31": "5752.00000", "2006-07-31": "5573.00000", "2006-04-30": "5910.00000", "2006-01-31": "8377.00000", "2005-10-31": "4868.00000", "2005-07-31": "3332.00000", "2005-04-30": "3389.00000", "2005-01-31": "4357.00000"}, "Operating Income": {"2020-10-31": "-127.00000", "2020-07-31": "-631.00000", "2020-04-30": "-4119.00000", "2020-01-31": "560.00000", "2019-10-31": "52.00000", "2019-07-31": "155.00000", "2019-04-30": "203.00000", "2019-01-31": "1050.00000", "2018-10-31": "147.00000", "2018-07-31": "303.00000", "2018-04-30": "238.00000", "2018-01-31": "1245.00000", "2017-10-31": "118.00000", "2017-07-31": "282.00000", "2017-04-30": "219.00000", "2017-01-31": "871.00000", "2016-10-31": "107.00000", "2016-07-31": "117.00000", "2016-04-30": "276.00000", "2016-01-31": "936.00000", "2015-10-31": "258.00000", "2015-07-31": "436.00000", "2015-04-30": "409.00000", "2015-01-31": "1364.00000", "2014-10-31": "422.00000", "2014-07-31": "571.00000", "2014-04-30": "443.00000", "2014-01-31": "1349.00000", "2013-10-31": "360.00000", "2013-07-31": "534.00000", "2013-04-30": "435.00000", "2013-01-31": "1391.00000", "2012-10-31": "325.00000", "2012-07-31": "554.00000", "2012-04-30": "391.00000", "2012-01-31": "1284.00000", "2011-10-31": "291.00000", "2011-07-31": "506.00000", "2011-04-30": "330.00000", "2011-01-31": "1144.00000", "2010-10-31": "177.00000", "2010-07-31": "370.00000", "2010-04-30": "203.00000", "2010-01-31": "874.00000", "2009-10-31": "55.00000", "2009-07-31": "248.00000", "2009-04-30": "-114.00000", "2009-01-31": "-4735.00000", "2008-10-31": "68.00000", "2008-07-31": "259.00000", "2008-04-30": "30.00000", "2008-01-31": "1222.00000", "2007-10-31": "183.00000", "2007-07-31": "250.00000", "2007-04-30": "208.00000", "2007-01-31": "1260.00000", "2006-10-31": "134.00000", "2006-07-31": "422.00000", "2006-04-30": "20.00000", "2006-01-31": "1194.00000", "2005-10-31": "687.00000", "2005-07-31": "291.00000", "2005-04-30": "252.00000", "2005-01-31": "763.00000"}, "Total Non-Operating Income/Expense": {"2020-10-31": "-90.00000", "2020-07-31": "-98.00000", "2020-04-30": "-38.00000", "2020-01-31": "-111.00000", "2019-10-31": "-52.00000", "2019-07-31": "-39.00000", "2019-04-30": "-40.00000", "2019-01-31": "-84.00000", "2018-10-31": "-73.00000", "2018-07-31": "-106.00000", "2018-04-30": "-55.00000", "2018-01-31": "-79.00000", "2017-10-31": "-81.00000", "2017-07-31": "-114.00000", "2017-04-30": "-74.00000", "2017-01-31": "-130.00000", "2016-10-31": "-81.00000", "2016-07-31": "-97.00000", "2016-04-30": "-98.00000", "2016-01-31": "-93.00000", "2015-10-31": "-80.00000", "2015-07-31": "-93.00000", "2015-04-30": "-95.00000", "2015-01-31": "-114.00000", "2014-10-31": "-96.00000", "2014-07-31": "-100.00000", "2014-04-30": "-100.00000", "2014-01-31": "-99.00000", "2013-10-31": "-96.00000", "2013-07-31": "-96.00000", "2013-04-30": "-97.00000", "2013-01-31": "-239.00000", "2012-10-31": "-103.00000", "2012-07-31": "-105.00000", "2012-04-30": "-112.00000", "2012-01-31": "-108.00000", "2011-10-31": "-108.00000", "2011-07-31": "-111.00000", "2011-04-30": "-116.00000", "2011-01-31": "-118.00000", "2010-10-31": "-164.00000", "2010-07-31": "-130.00000", "2010-04-30": "-162.00000", "2010-01-31": "-139.00000", "2009-10-31": "-137.00000", "2009-07-31": "-139.00000", "2009-04-30": "-141.00000", "2009-01-31": "-143.00000", "2008-10-31": "-143.00000", "2008-07-31": "-138.00000", "2008-04-30": "-136.00000", "2008-01-31": "-136.00000", "2007-10-31": "-145.00000", "2007-07-31": "-137.00000", "2007-04-30": "-125.00000", "2007-01-31": "-49.00000", "2006-10-31": "-104.00000", "2006-07-31": "-99.00000", "2006-04-30": "-138.00000", "2006-01-31": "-127.00000", "2005-10-31": "-145.00000", "2005-07-31": "-54.00000", "2005-04-30": "-54.00000", "2005-01-31": "-50.00000"}, "Pre-Tax Income": {"2020-10-31": "-217.00000", "2020-07-31": "-729.00000", "2020-04-30": "-4157.00000", "2020-01-31": "449.00000", "2019-10-31": "", "2019-07-31": "116.00000", "2019-04-30": "163.00000", "2019-01-31": "966.00000", "2018-10-31": "74.00000", "2018-07-31": "197.00000", "2018-04-30": "183.00000", "2018-01-31": "1166.00000", "2017-10-31": "37.00000", "2017-07-31": "168.00000", "2017-04-30": "145.00000", "2017-01-31": "741.00000", "2016-10-31": "26.00000", "2016-07-31": "20.00000", "2016-04-30": "178.00000", "2016-01-31": "843.00000", "2015-10-31": "178.00000", "2015-07-31": "343.00000", "2015-04-30": "314.00000", "2015-01-31": "1250.00000", "2014-10-31": "326.00000", "2014-07-31": "471.00000", "2014-04-30": "343.00000", "2014-01-31": "1250.00000", "2013-10-31": "264.00000", "2013-07-31": "438.00000", "2013-04-30": "338.00000", "2013-01-31": "1152.00000", "2012-10-31": "222.00000", "2012-07-31": "449.00000", "2012-04-30": "279.00000", "2012-01-31": "1176.00000", "2011-10-31": "183.00000", "2011-07-31": "395.00000", "2011-04-30": "214.00000", "2011-01-31": "1026.00000", "2010-10-31": "13.00000", "2010-07-31": "240.00000", "2010-04-30": "41.00000", "2010-01-31": "735.00000", "2009-10-31": "-82.00000", "2009-07-31": "109.00000", "2009-04-30": "-255.00000", "2009-01-31": "-4878.00000", "2008-10-31": "-75.00000", "2008-07-31": "121.00000", "2008-04-30": "-106.00000", "2008-01-31": "1086.00000", "2007-10-31": "38.00000", "2007-07-31": "113.00000", "2007-04-30": "83.00000", "2007-01-31": "1211.00000", "2006-10-31": "30.00000", "2006-07-31": "323.00000", "2006-04-30": "-118.00000", "2006-01-31": "1067.00000", "2005-10-31": "542.00000", "2005-07-31": "237.00000", "2005-04-30": "198.00000", "2005-01-31": "713.00000"}, "Income Taxes": {"2020-10-31": "-126.00000", "2020-07-31": "-298.00000", "2020-04-30": "-576.00000", "2020-01-31": "109.00000", "2019-10-31": "-2.00000", "2019-07-31": "30.00000", "2019-04-30": "27.00000", "2019-01-31": "225.00000", "2018-10-31": "12.00000", "2018-07-31": "33.00000", "2018-04-30": "52.00000", "2018-01-31": "-177.00000", "2017-10-31": "10.00000", "2017-07-31": "60.00000", "2017-04-30": "68.00000", "2017-01-31": "261.00000", "2016-10-31": "11.00000", "2016-07-31": "11.00000", "2016-04-30": "63.00000", "2016-01-31": "300.00000", "2015-10-31": "61.00000", "2015-07-31": "126.00000", "2015-04-30": "121.00000", "2015-01-31": "457.00000", "2014-10-31": "109.00000", "2014-07-31": "179.00000", "2014-04-30": "119.00000", "2014-01-31": "439.00000", "2013-10-31": "87.00000", "2013-07-31": "157.00000", "2013-04-30": "121.00000", "2013-01-31": "422.00000", "2012-10-31": "77.00000", "2012-07-31": "170.00000", "2012-04-30": "98.00000", "2012-01-31": "431.00000", "2011-10-31": "44.00000", "2011-07-31": "154.00000", "2011-04-30": "83.00000", "2011-01-31": "359.00000", "2010-10-31": "3.00000", "2010-07-31": "93.00000", "2010-04-30": "18.00000", "2010-01-31": "290.00000", "2009-10-31": "-47.00000", "2009-07-31": "102.00000", "2009-04-30": "-167.00000", "2009-01-31": "-133.00000", "2008-10-31": "-31.00000", "2008-07-31": "48.00000", "2008-04-30": "-47.00000", "2008-01-31": "336.00000", "2007-10-31": "5.00000", "2007-07-31": "39.00000", "2007-04-30": "31.00000", "2007-01-31": "451.00000", "2006-10-31": "10.00000", "2006-07-31": "41.00000", "2006-04-30": "-44.00000", "2006-01-31": "389.00000", "2005-10-31": "118.00000", "2005-07-31": "89.00000", "2005-04-30": "75.00000", "2005-01-31": "273.00000"}, "Income After Taxes": {"2020-10-31": "-91.00000", "2020-07-31": "-431.00000", "2020-04-30": "-3581.00000", "2020-01-31": "340.00000", "2019-10-31": "2.00000", "2019-07-31": "86.00000", "2019-04-30": "136.00000", "2019-01-31": "741.00000", "2018-10-31": "62.00000", "2018-07-31": "164.00000", "2018-04-30": "131.00000", "2018-01-31": "1343.00000", "2017-10-31": "27.00000", "2017-07-31": "108.00000", "2017-04-30": "77.00000", "2017-01-31": "480.00000", "2016-10-31": "15.00000", "2016-07-31": "9.00000", "2016-04-30": "115.00000", "2016-01-31": "543.00000", "2015-10-31": "117.00000", "2015-07-31": "217.00000", "2015-04-30": "193.00000", "2015-01-31": "793.00000", "2014-10-31": "217.00000", "2014-07-31": "292.00000", "2014-04-30": "224.00000", "2014-01-31": "811.00000", "2013-10-31": "177.00000", "2013-07-31": "281.00000", "2013-04-30": "217.00000", "2013-01-31": "730.00000", "2012-10-31": "145.00000", "2012-07-31": "279.00000", "2012-04-30": "181.00000", "2012-01-31": "745.00000", "2011-10-31": "139.00000", "2011-07-31": "241.00000", "2011-04-30": "131.00000", "2011-01-31": "667.00000", "2010-10-31": "10.00000", "2010-07-31": "147.00000", "2010-04-30": "23.00000", "2010-01-31": "445.00000", "2009-10-31": "-35.00000", "2009-07-31": "7.00000", "2009-04-30": "-88.00000", "2009-01-31": "-4745.00000", "2008-10-31": "-44.00000", "2008-07-31": "73.00000", "2008-04-30": "-59.00000", "2008-01-31": "750.00000", "2007-10-31": "33.00000", "2007-07-31": "74.00000", "2007-04-30": "52.00000", "2007-01-31": "760.00000", "2006-10-31": "20.00000", "2006-07-31": "282.00000", "2006-04-30": "-74.00000", "2006-01-31": "678.00000", "2005-10-31": "424.00000", "2005-07-31": "148.00000", "2005-04-30": "123.00000", "2005-01-31": "440.00000"}, "Other Income": {"2020-10-31": "", "2020-07-31": "", "2020-04-30": "", "2020-01-31": "", "2019-10-31": "", "2019-07-31": "", "2019-04-30": "", "2019-01-31": "", "2018-10-31": "", "2018-07-31": "", "2018-04-30": "", "2018-01-31": "", "2017-10-31": "", "2017-07-31": "", "2017-04-30": "", "2017-01-31": "", "2016-10-31": "", "2016-07-31": "", "2016-04-30": "", "2016-01-31": "", "2015-10-31": "", "2015-07-31": "", "2015-04-30": "", "2015-01-31": "", "2014-10-31": "", "2014-07-31": "", "2014-04-30": "", "2014-01-31": "", "2013-10-31": "", "2013-07-31": "", "2013-04-30": "", "2013-01-31": "", "2012-10-31": "", "2012-07-31": "", "2012-04-30": "", "2012-01-31": "", "2011-10-31": "", "2011-07-31": "", "2011-04-30": "", "2011-01-31": "", "2010-10-31": "", "2010-07-31": "", "2010-04-30": "", "2010-01-31": "", "2009-10-31": "", "2009-07-31": "", "2009-04-30": "", "2009-01-31": "", "2008-10-31": "", "2008-07-31": "", "2008-04-30": "", "2008-01-31": "", "2007-10-31": "", "2007-07-31": "", "2007-04-30": "", "2007-01-31": "", "2006-10-31": "", "2006-07-31": "", "2006-04-30": "", "2006-01-31": "", "2005-10-31": "", "2005-07-31": "", "2005-04-30": "", "2005-01-31": ""}, "Income From Continuous Operations": {"2020-10-31": "-91.00000", "2020-07-31": "-431.00000", "2020-04-30": "-3581.00000", "2020-01-31": "340.00000", "2019-10-31": "2.00000", "2019-07-31": "86.00000", "2019-04-30": "136.00000", "2019-01-31": "741.00000", "2018-10-31": "62.00000", "2018-07-31": "164.00000", "2018-04-30": "131.00000", "2018-01-31": "1343.00000", "2017-10-31": "27.00000", "2017-07-31": "108.00000", "2017-04-30": "77.00000", "2017-01-31": "480.00000", "2016-10-31": "15.00000", "2016-07-31": "9.00000", "2016-04-30": "115.00000", "2016-01-31": "543.00000", "2015-10-31": "117.00000", "2015-07-31": "217.00000", "2015-04-30": "193.00000", "2015-01-31": "793.00000", "2014-10-31": "217.00000", "2014-07-31": "292.00000", "2014-04-30": "224.00000", "2014-01-31": "811.00000", "2013-10-31": "177.00000", "2013-07-31": "281.00000", "2013-04-30": "217.00000", "2013-01-31": "730.00000", "2012-10-31": "145.00000", "2012-07-31": "279.00000", "2012-04-30": "181.00000", "2012-01-31": "745.00000", "2011-10-31": "139.00000", "2011-07-31": "241.00000", "2011-04-30": "131.00000", "2011-01-31": "667.00000", "2010-10-31": "10.00000", "2010-07-31": "147.00000", "2010-04-30": "23.00000", "2010-01-31": "445.00000", "2009-10-31": "-35.00000", "2009-07-31": "7.00000", "2009-04-30": "-88.00000", "2009-01-31": "-4745.00000", "2008-10-31": "-44.00000", "2008-07-31": "73.00000", "2008-04-30": "-59.00000", "2008-01-31": "750.00000", "2007-10-31": "33.00000", "2007-07-31": "74.00000", "2007-04-30": "52.00000", "2007-01-31": "760.00000", "2006-10-31": "20.00000", "2006-07-31": "282.00000", "2006-04-30": "-74.00000", "2006-01-31": "678.00000", "2005-10-31": "424.00000", "2005-07-31": "148.00000", "2005-04-30": "123.00000", "2005-01-31": "440.00000"}, "Income From Discontinued Operations": {"2020-10-31": "", "2020-07-31": "", "2020-04-30": "", "2020-01-31": "", "2019-10-31": "", "2019-07-31": "", "2019-04-30": "", "2019-01-31": "", "2018-10-31": "", "2018-07-31": "", "2018-04-30": "", "2018-01-31": "", "2017-10-31": "", "2017-07-31": "", "2017-04-30": "", "2017-01-31": "", "2016-10-31": "", "2016-07-31": "", "2016-04-30": "", "2016-01-31": "", "2015-10-31": "", "2015-07-31": "", "2015-04-30": "", "2015-01-31": "", "2014-10-31": "", "2014-07-31": "", "2014-04-30": "", "2014-01-31": "", "2013-10-31": "", "2013-07-31": "", "2013-04-30": "", "2013-01-31": "", "2012-10-31": "", "2012-07-31": "", "2012-04-30": "", "2012-01-31": "", "2011-10-31": "", "2011-07-31": "", "2011-04-30": "", "2011-01-31": "", "2010-10-31": "", "2010-07-31": "", "2010-04-30": "", "2010-01-31": "", "2009-10-31": "", "2009-07-31": "", "2009-04-30": "", "2009-01-31": "", "2008-10-31": "", "2008-07-31": "", "2008-04-30": "", "2008-01-31": "", "2007-10-31": "", "2007-07-31": "", "2007-04-30": "-16.00000", "2007-01-31": "-27.00000", "2006-10-31": "-23.00000", "2006-07-31": "35.00000", "2006-04-30": "22.00000", "2006-01-31": "21.00000", "2005-10-31": "12.00000", "2005-07-31": "", "2005-04-30": "", "2005-01-31": ""}, "Net Income": {"2020-10-31": "-91.00000", "2020-07-31": "-431.00000", "2020-04-30": "-3581.00000", "2020-01-31": "340.00000", "2019-10-31": "2.00000", "2019-07-31": "86.00000", "2019-04-30": "136.00000", "2019-01-31": "741.00000", "2018-10-31": "62.00000", "2018-07-31": "166.00000", "2018-04-30": "139.00000", "2018-01-31": "1347.00000", "2017-10-31": "30.00000", "2017-07-31": "111.00000", "2017-04-30": "78.00000", "2017-01-31": "483.00000", "2016-10-31": "17.00000", "2016-07-31": "11.00000", "2016-04-30": "116.00000", "2016-01-31": "544.00000", "2015-10-31": "118.00000", "2015-07-31": "217.00000", "2015-04-30": "193.00000", "2015-01-31": "793.00000", "2014-10-31": "217.00000", "2014-07-31": "292.00000", "2014-04-30": "224.00000", "2014-01-31": "811.00000", "2013-10-31": "177.00000", "2013-07-31": "281.00000", "2013-04-30": "217.00000", "2013-01-31": "730.00000", "2012-10-31": "145.00000", "2012-07-31": "279.00000", "2012-04-30": "181.00000", "2012-01-31": "745.00000", "2011-10-31": "139.00000", "2011-07-31": "241.00000", "2011-04-30": "131.00000", "2011-01-31": "667.00000", "2010-10-31": "10.00000", "2010-07-31": "147.00000", "2010-04-30": "23.00000", "2010-01-31": "445.00000", "2009-10-31": "-35.00000", "2009-07-31": "7.00000", "2009-04-30": "-88.00000", "2009-01-31": "-4745.00000", "2008-10-31": "-44.00000", "2008-07-31": "73.00000", "2008-04-30": "-59.00000", "2008-01-31": "750.00000", "2007-10-31": "33.00000", "2007-07-31": "74.00000", "2007-04-30": "36.00000", "2007-01-31": "733.00000", "2006-10-31": "-3.00000", "2006-07-31": "317.00000", "2006-04-30": "-52.00000", "2006-01-31": "699.00000", "2005-10-31": "436.00000", "2005-07-31": "148.00000", "2005-04-30": "123.00000", "2005-01-31": "440.00000"}, "EBITDA": {"2020-10-31": "130.00000", "2020-07-31": "-392.00000", "2020-04-30": "-3882.00000", "2020-01-31": "819.00000", "2019-10-31": "305.00000", "2019-07-31": "392.00000", "2019-04-30": "439.00000", "2019-01-31": "1284.00000", "2018-10-31": "395.00000", "2018-07-31": "533.00000", "2018-04-30": "473.00000", "2018-01-31": "1460.00000", "2017-10-31": "372.00000", "2017-07-31": "516.00000", "2017-04-30": "462.00000", "2017-01-31": "1142.00000", "2016-10-31": "361.00000", "2016-07-31": "377.00000", "2016-04-30": "535.00000", "2016-01-31": "1206.00000", "2015-10-31": "517.00000", "2015-07-31": "696.00000", "2015-04-30": "667.00000", "2015-01-31": "1629.00000", "2014-10-31": "684.00000", "2014-07-31": "824.00000", "2014-04-30": "694.00000", "2014-01-31": "1607.00000", "2013-10-31": "615.00000", "2013-07-31": "784.00000", "2013-04-30": "684.00000", "2013-01-31": "1652.00000", "2012-10-31": "591.00000", "2012-07-31": "809.00000", "2012-04-30": "642.00000", "2012-01-31": "1548.00000", "2011-10-31": "569.00000", "2011-07-31": "770.00000", "2011-04-30": "594.00000", "2011-01-31": "1425.00000", "2010-10-31": "458.00000", "2010-07-31": "652.00000", "2010-04-30": "484.00000", "2010-01-31": "1173.00000", "2009-10-31": "351.00000", "2009-07-31": "543.00000", "2009-04-30": "183.00000", "2009-01-31": "968.00000", "2008-10-31": "382.00000", "2008-07-31": "567.00000", "2008-04-30": "338.00000", "2008-01-31": "1542.00000", "2007-10-31": "497.00000", "2007-07-31": "569.00000", "2007-04-30": "528.00000", "2007-01-31": "1579.00000", "2006-10-31": "438.00000", "2006-07-31": "711.00000", "2006-04-30": "324.00000", "2006-01-31": "1518.00000", "2005-10-31": "962.00000", "2005-07-31": "470.00000", "2005-04-30": "430.00000", "2005-01-31": "965.00000"}, "EBIT": {"2020-10-31": "-127.00000", "2020-07-31": "-631.00000", "2020-04-30": "-4119.00000", "2020-01-31": "560.00000", "2019-10-31": "52.00000", "2019-07-31": "155.00000", "2019-04-30": "203.00000", "2019-01-31": "1050.00000", "2018-10-31": "147.00000", "2018-07-31": "303.00000", "2018-04-30": "238.00000", "2018-01-31": "1245.00000", "2017-10-31": "118.00000", "2017-07-31": "282.00000", "2017-04-30": "219.00000", "2017-01-31": "871.00000", "2016-10-31": "107.00000", "2016-07-31": "117.00000", "2016-04-30": "276.00000", "2016-01-31": "936.00000", "2015-10-31": "258.00000", "2015-07-31": "436.00000", "2015-04-30": "409.00000", "2015-01-31": "1364.00000", "2014-10-31": "422.00000", "2014-07-31": "571.00000", "2014-04-30": "443.00000", "2014-01-31": "1349.00000", "2013-10-31": "360.00000", "2013-07-31": "534.00000", "2013-04-30": "435.00000", "2013-01-31": "1391.00000", "2012-10-31": "325.00000", "2012-07-31": "554.00000", "2012-04-30": "391.00000", "2012-01-31": "1284.00000", "2011-10-31": "291.00000", "2011-07-31": "506.00000", "2011-04-30": "330.00000", "2011-01-31": "1144.00000", "2010-10-31": "177.00000", "2010-07-31": "370.00000", "2010-04-30": "203.00000", "2010-01-31": "874.00000", "2009-10-31": "55.00000", "2009-07-31": "248.00000", "2009-04-30": "-114.00000", "2009-01-31": "-4735.00000", "2008-10-31": "68.00000", "2008-07-31": "259.00000", "2008-04-30": "30.00000", "2008-01-31": "1222.00000", "2007-10-31": "183.00000", "2007-07-31": "250.00000", "2007-04-30": "208.00000", "2007-01-31": "1260.00000", "2006-10-31": "134.00000", "2006-07-31": "422.00000", "2006-04-30": "20.00000", "2006-01-31": "1194.00000", "2005-10-31": "687.00000", "2005-07-31": "291.00000", "2005-04-30": "252.00000", "2005-01-31": "763.00000"}, "Basic Shares Outstanding": {"2020-10-31": "311.20000", "2020-07-31": "311.20000", "2020-04-30": "310.60000", "2020-01-31": "309.70000", "2019-10-31": "309.90000", "2019-07-31": "309.80000", "2019-04-30": "309.10000", "2019-01-31": "307.70000", "2018-10-31": "308.10000", "2018-07-31": "307.70000", "2018-04-30": "306.60000", "2018-01-31": "305.40000", "2017-10-31": "305.50000", "2017-07-31": "305.50000", "2017-04-30": "305.00000", "2017-01-31": "308.50000", "2016-10-31": "308.40000", "2016-07-31": "309.40000", "2016-04-30": "310.60000", "2016-01-31": "328.40000", "2015-10-31": "325.30000", "2015-07-31": "335.70000", "2015-04-30": "340.70000", "2015-01-31": "355.20000", "2014-10-31": "351.60000", "2014-07-31": "359.20000", "2014-04-30": "365.90000", "2014-01-31": "378.30000", "2013-10-31": "374.80000", "2013-07-31": "382.50000", "2013-04-30": "388.20000", "2013-01-31": "405.50000", "2012-10-31": "401.30000", "2012-07-31": "411.20000", "2012-04-30": "417.10000", "2012-01-31": "424.50000", "2011-10-31": "425.30000", "2011-07-31": "427.50000", "2011-04-30": "425.10000", "2011-01-31": "423.30000", "2010-10-31": "423.50000", "2010-07-31": "423.00000", "2010-04-30": "422.60000", "2010-01-31": "421.70000", "2009-10-31": "421.80000", "2009-07-31": "421.50000", "2009-04-30": "421.40000", "2009-01-31": "421.20000", "2008-10-31": "421.30000", "2008-07-31": "421.10000", "2008-04-30": "420.90000", "2008-01-31": "446.60000", "2007-10-31": "434.20000", "2007-07-31": "451.90000", "2007-04-30": "468.20000", "2007-01-31": "540.00000", "2006-10-31": "541.70000", "2006-07-31": "552.20000", "2006-04-30": "550.20000", "2006-01-31": "426.00000", "2005-10-31": "478.50000", "2005-07-31": "342.40000", "2005-04-30": "675.20000", "2005-01-31": "350.20000"}, "Shares Outstanding": {"2020-10-31": "311.20000", "2020-07-31": "311.20000", "2020-04-30": "310.60000", "2020-01-31": "311.40000", "2019-10-31": "311.00000", "2019-07-31": "311.60000", "2019-04-30": "311.40000", "2019-01-31": "311.40000", "2018-10-31": "312.20000", "2018-07-31": "312.00000", "2018-04-30": "309.40000", "2018-01-31": "306.80000", "2017-10-31": "306.50000", "2017-07-31": "306.50000", "2017-04-30": "306.90000", "2017-01-31": "310.80000", "2016-10-31": "310.60000", "2016-07-31": "311.30000", "2016-04-30": "313.50000", "2016-01-31": "333.00000", "2015-10-31": "329.70000", "2015-07-31": "341.00000", "2015-04-30": "346.50000", "2015-01-31": "361.70000", "2014-10-31": "357.70000", "2014-07-31": "365.40000", "2014-04-30": "372.60000", "2014-01-31": "384.80000", "2013-10-31": "380.20000", "2013-07-31": "389.30000", "2013-04-30": "394.50000", "2013-01-31": "412.20000", "2012-10-31": "407.90000", "2012-07-31": "417.10000", "2012-04-30": "424.30000", "2012-01-31": "430.40000", "2011-10-31": "431.80000", "2011-07-31": "434.60000", "2011-04-30": "430.00000", "2011-01-31": "427.30000", "2010-10-31": "427.60000", "2010-07-31": "426.50000", "2010-04-30": "426.20000", "2010-01-31": "423.20000", "2009-10-31": "421.80000", "2009-07-31": "422.10000", "2009-04-30": "421.40000", "2009-01-31": "421.20000", "2008-10-31": "421.30000", "2008-07-31": "422.10000", "2008-04-30": "420.90000", "2008-01-31": "451.80000", "2007-10-31": "438.10000", "2007-07-31": "457.80000", "2007-04-30": "476.40000", "2007-01-31": "547.70000", "2006-10-31": "549.90000", "2006-07-31": "559.20000", "2006-04-30": "550.20000", "2006-01-31": "434.60000", "2005-10-31": "486.90000", "2005-07-31": "351.40000", "2005-04-30": "691.20000", "2005-01-31": "356.40000"}, "Basic EPS": {"2020-10-31": "-0.29000", "2020-07-31": "-1.39000", "2020-04-30": "-11.53000", "2020-01-31": "1.09000", "2019-10-31": "0.01000", "2019-07-31": "0.28000", "2019-04-30": "0.44000", "2019-01-31": "2.41000", "2018-10-31": "0.20000", "2018-07-31": "0.54000", "2018-04-30": "0.45000", "2018-01-31": "4.41000", "2017-10-31": "0.10000", "2017-07-31": "0.36000", "2017-04-30": "0.26000", "2017-01-31": "1.58000", "2016-10-31": "0.05000", "2016-07-31": "0.03000", "2016-04-30": "0.37000", "2016-01-31": "1.68000", "2015-10-31": "0.36000", "2015-07-31": "0.65000", "2015-04-30": "0.57000", "2015-01-31": "2.26000", "2014-10-31": "0.62000", "2014-07-31": "0.81000", "2014-04-30": "0.61000", "2014-01-31": "2.17000", "2013-10-31": "0.47000", "2013-07-31": "0.73000", "2013-04-30": "0.56000", "2013-01-31": "1.82000", "2012-10-31": "0.36000", "2012-07-31": "0.68000", "2012-04-30": "0.43000", "2012-01-31": "1.76000", "2011-10-31": "0.33000", "2011-07-31": "0.56000", "2011-04-30": "0.31000", "2011-01-31": "1.58000", "2010-10-31": "0.02000", "2010-07-31": "0.35000", "2010-04-30": "0.05000", "2010-01-31": "1.05000", "2009-10-31": "-0.08000", "2009-07-31": "0.02000", "2009-04-30": "-0.21000", "2009-01-31": "-11.27000", "2008-10-31": "-0.10000", "2008-07-31": "0.17000", "2008-04-30": "-0.14000", "2008-01-31": "1.68000", "2007-10-31": "0.08000", "2007-07-31": "0.16000", "2007-04-30": "0.08000", "2007-01-31": "1.37000", "2006-10-31": "-0.01000", "2006-07-31": "0.57000", "2006-04-30": "-0.09000", "2006-01-31": "1.78000", "2005-10-31": "0.91000", "2005-07-31": "0.43000", "2005-04-30": "0.18000", "2005-01-31": "1.26500"}, "EPS - Earnings Per Share": {"2020-10-31": "-0.29000", "2020-07-31": "-1.39000", "2020-04-30": "-11.53000", "2020-01-31": "1.08000", "2019-10-31": "0.01000", "2019-07-31": "0.28000", "2019-04-30": "0.44000", "2019-01-31": "2.38000", "2018-10-31": "0.20000", "2018-07-31": "0.53000", "2018-04-30": "0.45000", "2018-01-31": "4.38000", "2017-10-31": "0.10000", "2017-07-31": "0.36000", "2017-04-30": "0.26000", "2017-01-31": "1.57000", "2016-10-31": "0.05000", "2016-07-31": "0.03000", "2016-04-30": "0.37000", "2016-01-31": "1.66000", "2015-10-31": "0.36000", "2015-07-31": "0.64000", "2015-04-30": "0.56000", "2015-01-31": "2.21000", "2014-10-31": "0.61000", "2014-07-31": "0.80000", "2014-04-30": "0.60000", "2014-01-31": "2.12000", "2013-10-31": "0.47000", "2013-07-31": "0.72000", "2013-04-30": "0.55000", "2013-01-31": "1.78000", "2012-10-31": "0.36000", "2012-07-31": "0.67000", "2012-04-30": "0.43000", "2012-01-31": "1.75000", "2011-10-31": "0.32000", "2011-07-31": "0.55000", "2011-04-30": "0.30000", "2011-01-31": "1.56000", "2010-10-31": "0.02000", "2010-07-31": "0.35000", "2010-04-30": "0.05000", "2010-01-31": "1.05000", "2009-10-31": "-0.08000", "2009-07-31": "0.02000", "2009-04-30": "-0.21000", "2009-01-31": "-11.27000", "2008-10-31": "-0.10000", "2008-07-31": "0.17000", "2008-04-30": "-0.14000", "2008-01-31": "1.65000", "2007-10-31": "0.08000", "2007-07-31": "0.16000", "2007-04-30": "0.08000", "2007-01-31": "1.34000", "2006-10-31": "-0.01000", "2006-07-31": "0.57000", "2006-04-30": "-0.09000", "2006-01-31": "1.74000", "2005-10-31": "0.90000", "2005-07-31": "0.42000", "2005-04-30": "0.18000", "2005-01-31": "1.24000"}}, "balance sheet": {"Cash On Hand": {"2020-01-31": "685.00000", "2019-01-31": "1162.00000", "2018-01-31": "1455.00000", "2017-01-31": "1297.00000", "2016-01-31": "1109.00000", "2015-01-31": "2246.00000", "2014-01-31": "2273.00000", "2013-01-31": "1836.00000", "2012-01-31": "2827.00000", "2011-01-31": "1464.00000", "2010-01-31": "1686.00000", "2009-01-31": "1385.00000", "2008-01-31": "583.00000", "2007-01-31": "1211.00000", "2006-01-31": "248.00000", "2005-01-31": "868.00000"}, "Receivables": {"2020-01-31": "409.00000", "2019-01-31": "400.00000", "2018-01-31": "363.00000", "2017-01-31": "522.00000", "2016-01-31": "558.00000", "2015-01-31": "424.00000", "2014-01-31": "438.00000", "2013-01-31": "371.00000", "2012-01-31": "368.00000", "2011-01-31": "338.00000", "2010-01-31": "358.00000", "2009-01-31": "360.00000", "2008-01-31": "463.00000", "2007-01-31": "517.00000", "2006-01-31": "2522.00000", "2005-01-31": "3418.00000"}, "Inventory": {"2020-01-31": "5188.00000", "2019-01-31": "5263.00000", "2018-01-31": "5178.00000", "2017-01-31": "5399.00000", "2016-01-31": "5506.00000", "2015-01-31": "5417.00000", "2014-01-31": "5557.00000", "2013-01-31": "5308.00000", "2012-01-31": "5117.00000", "2011-01-31": "4758.00000", "2010-01-31": "4615.00000", "2009-01-31": "4769.00000", "2008-01-31": "5060.00000", "2007-01-31": "5317.00000", "2006-01-31": "5459.00000", "2005-01-31": "3120.00000"}, "Pre-Paid Expenses": {"2020-01-31": "528.00000", "2019-01-31": "620.00000", "2018-01-31": "650.00000", "2017-01-31": "408.00000", "2016-01-31": "479.00000", "2015-01-31": "493.00000", "2014-01-31": "420.00000", "2013-01-31": "361.00000", "2012-01-31": "465.00000", "2011-01-31": "339.00000", "2010-01-31": "", "2009-01-31": "", "2008-01-31": "", "2007-01-31": "", "2006-01-31": "", "2005-01-31": ""}, "Other Current Assets": {"2020-01-31": "", "2019-01-31": "", "2018-01-31": "", "2017-01-31": "", "2016-01-31": "", "2015-01-31": "", "2014-01-31": "", "2013-01-31": "", "2012-01-31": "", "2011-01-31": "", "2010-01-31": "223.00000", "2009-01-31": "226.00000", "2008-01-31": "218.00000", "2007-01-31": "251.00000", "2006-01-31": "203.00000", "2005-01-31": "104.00000"}, "Total Current Assets": {"2020-01-31": "6810.00000", "2019-01-31": "7445.00000", "2018-01-31": "7646.00000", "2017-01-31": "7626.00000", "2016-01-31": "7652.00000", "2015-01-31": "8580.00000", "2014-01-31": "8688.00000", "2013-01-31": "7876.00000", "2012-01-31": "8777.00000", "2011-01-31": "6899.00000", "2010-01-31": "6882.00000", "2009-01-31": "6740.00000", "2008-01-31": "6324.00000", "2007-01-31": "7422.00000", "2006-01-31": "10145.00000", "2005-01-31": "7510.00000"}, "Property, Plant, And Equipment": {"2020-01-31": "6633.00000", "2019-01-31": "6637.00000", "2018-01-31": "6672.00000", "2017-01-31": "7017.00000", "2016-01-31": "7616.00000", "2015-01-31": "7800.00000", "2014-01-31": "7930.00000", "2013-01-31": "8196.00000", "2012-01-31": "8420.00000", "2011-01-31": "8813.00000", "2010-01-31": "9507.00000", "2009-01-31": "10442.00000", "2008-01-31": "10991.00000", "2007-01-31": "11473.00000", "2006-01-31": "12034.00000", "2005-01-31": "6018.00000"}, "Long-Term Investments": {"2020-01-31": "", "2019-01-31": "", "2018-01-31": "", "2017-01-31": "", "2016-01-31": "", "2015-01-31": "", "2014-01-31": "", "2013-01-31": "", "2012-01-31": "", "2011-01-31": "", "2010-01-31": "", "2009-01-31": "", "2008-01-31": "", "2007-01-31": "", "2006-01-31": "", "2005-01-31": ""}, "Goodwill And Intangible Assets": {"2020-01-31": "4347.00000", "2019-01-31": "4386.00000", "2018-01-31": "4385.00000", "2017-01-31": "4395.00000", "2016-01-31": "4411.00000", "2015-01-31": "4239.00000", "2014-01-31": "4270.00000", "2013-01-31": "4304.00000", "2012-01-31": "4341.00000", "2011-01-31": "4380.00000", "2010-01-31": "4421.00000", "2009-01-31": "4462.00000", "2008-01-31": "9964.00000", "2007-01-31": "10087.00000", "2006-01-31": "10600.00000", "2005-01-31": "638.00000"}, "Other Long-Term Assets": {"2020-01-31": "714.00000", "2019-01-31": "726.00000", "2018-01-31": "880.00000", "2017-01-31": "813.00000", "2016-01-31": "897.00000", "2015-01-31": "711.00000", "2014-01-31": "732.00000", "2013-01-31": "615.00000", "2012-01-31": "557.00000", "2011-01-31": "539.00000", "2010-01-31": "490.00000", "2009-01-31": "501.00000", "2008-01-31": "510.00000", "2007-01-31": "568.00000", "2006-01-31": "389.00000", "2005-01-31": "719.00000"}, "Total Long-Term Assets": {"2020-01-31": "14362.00000", "2019-01-31": "11749.00000", "2018-01-31": "11937.00000", "2017-01-31": "12225.00000", "2016-01-31": "12924.00000", "2015-01-31": "12750.00000", "2014-01-31": "12932.00000", "2013-01-31": "13115.00000", "2012-01-31": "13318.00000", "2011-01-31": "13732.00000", "2010-01-31": "14418.00000", "2009-01-31": "15405.00000", "2008-01-31": "21465.00000", "2007-01-31": "22128.00000", "2006-01-31": "23023.00000", "2005-01-31": "7375.00000"}, "Total Assets": {"2020-01-31": "21172.00000", "2019-01-31": "19194.00000", "2018-01-31": "19583.00000", "2017-01-31": "19851.00000", "2016-01-31": "20576.00000", "2015-01-31": "21330.00000", "2014-01-31": "21620.00000", "2013-01-31": "20991.00000", "2012-01-31": "22095.00000", "2011-01-31": "20631.00000", "2010-01-31": "21300.00000", "2009-01-31": "22145.00000", "2008-01-31": "27789.00000", "2007-01-31": "29550.00000", "2006-01-31": "33168.00000", "2005-01-31": "14885.00000"}, "Total Current Liabilities": {"2020-01-31": "5750.00000", "2019-01-31": "5232.00000", "2018-01-31": "5179.00000", "2017-01-31": "5647.00000", "2016-01-31": "5728.00000", "2015-01-31": "5075.00000", "2014-01-31": "5726.00000", "2013-01-31": "5075.00000", "2012-01-31": "6263.00000", "2011-01-31": "4991.00000", "2010-01-31": "4462.00000", "2009-01-31": "5126.00000", "2008-01-31": "5360.00000", "2007-01-31": "6095.00000", "2006-01-31": "7590.00000", "2005-01-31": "4301.00000"}, "Long Term Debt": {"2020-01-31": "3621.00000", "2019-01-31": "4708.00000", "2018-01-31": "5861.00000", "2017-01-31": "6562.00000", "2016-01-31": "6995.00000", "2015-01-31": "7233.00000", "2014-01-31": "6714.00000", "2013-01-31": "6806.00000", "2012-01-31": "6655.00000", "2011-01-31": "6971.00000", "2010-01-31": "8456.00000", "2009-01-31": "8733.00000", "2008-01-31": "9087.00000", "2007-01-31": "7847.00000", "2006-01-31": "8860.00000", "2005-01-31": "2637.00000"}, "Other Non-Current Liabilities": {"2020-01-31": "1337.00000", "2019-01-31": "1580.00000", "2018-01-31": "1662.00000", "2017-01-31": "1877.00000", "2016-01-31": "2123.00000", "2015-01-31": "2201.00000", "2014-01-31": "1658.00000", "2013-01-31": "1821.00000", "2012-01-31": "2103.00000", "2011-01-31": "1939.00000", "2010-01-31": "2597.00000", "2009-01-31": "2521.00000", "2008-01-31": "1989.00000", "2007-01-31": "1702.00000", "2006-01-31": "1495.00000", "2005-01-31": "581.00000"}, "Total Long Term Liabilities": {"2020-01-31": "9045.00000", "2019-01-31": "7526.00000", "2018-01-31": "8671.00000", "2017-01-31": "9882.00000", "2016-01-31": "10595.00000", "2015-01-31": "10877.00000", "2014-01-31": "9645.00000", "2013-01-31": "9865.00000", "2012-01-31": "9899.00000", "2011-01-31": "10110.00000", "2010-01-31": "12185.00000", "2009-01-31": "12373.00000", "2008-01-31": "12522.00000", "2007-01-31": "11201.00000", "2006-01-31": "12059.00000", "2005-01-31": "4417.00000"}, "Total Liabilities": {"2020-01-31": "14795.00000", "2019-01-31": "12758.00000", "2018-01-31": "13850.00000", "2017-01-31": "15529.00000", "2016-01-31": "16323.00000", "2015-01-31": "15952.00000", "2014-01-31": "15371.00000", "2013-01-31": "14940.00000", "2012-01-31": "16162.00000", "2011-01-31": "15101.00000", "2010-01-31": "16647.00000", "2009-01-31": "17499.00000", "2008-01-31": "17882.00000", "2007-01-31": "17296.00000", "2006-01-31": "19649.00000", "2005-01-31": "8718.00000"}, "Common Stock Net": {"2020-01-31": "3.00000", "2019-01-31": "3.00000", "2018-01-31": "3.00000", "2017-01-31": "3.00000", "2016-01-31": "3.00000", "2015-01-31": "4.00000", "2014-01-31": "4.00000", "2013-01-31": "4.00000", "2012-01-31": "5.00000", "2011-01-31": "5.00000", "2010-01-31": "5.00000", "2009-01-31": "5.00000", "2008-01-31": "5.00000", "2007-01-31": "6.00000", "2006-01-31": "6.00000", "2005-01-31": "2.00000"}, "Retained Earnings (Accumulated Deficit)": {"2020-01-31": "7989.00000", "2019-01-31": "8050.00000", "2018-01-31": "7246.00000", "2017-01-31": "6088.00000", "2016-01-31": "6334.00000", "2015-01-31": "7340.00000", "2014-01-31": "6235.00000", "2013-01-31": "5108.00000", "2012-01-31": "4015.00000", "2011-01-31": "2990.00000", "2010-01-31": "2227.00000", "2009-01-31": "2008.00000", "2008-01-31": "7032.00000", "2007-01-31": "6375.00000", "2006-01-31": "5654.00000", "2005-01-31": "4405.00000"}, "Comprehensive Income": {"2020-01-31": "-995.00000", "2019-01-31": "-951.00000", "2018-01-31": "-724.00000", "2017-01-31": "-896.00000", "2016-01-31": "-1043.00000", "2015-01-31": "-1072.00000", "2014-01-31": "-665.00000", "2013-01-31": "-931.00000", "2012-01-31": "-1061.00000", "2011-01-31": "-730.00000", "2010-01-31": "-753.00000", "2009-01-31": "-486.00000", "2008-01-31": "-182.00000", "2007-01-31": "-182.00000", "2006-01-31": "-288.00000", "2005-01-31": "-40.00000"}, "Other Share Holders Equity": {"2020-01-31": "", "2019-01-31": "", "2018-01-31": "", "2017-01-31": "", "2016-01-31": "", "2015-01-31": "", "2014-01-31": "", "2013-01-31": "", "2012-01-31": "", "2011-01-31": "", "2010-01-31": "", "2009-01-31": "", "2008-01-31": "", "2007-01-31": "", "2006-01-31": "", "2005-01-31": "-2.00000"}, "Share Holder Equity": {"2020-01-31": "6377.00000", "2019-01-31": "6436.00000", "2018-01-31": "5733.00000", "2017-01-31": "4322.00000", "2016-01-31": "4253.00000", "2015-01-31": "5378.00000", "2014-01-31": "6249.00000", "2013-01-31": "6051.00000", "2012-01-31": "5933.00000", "2011-01-31": "5530.00000", "2010-01-31": "4653.00000", "2009-01-31": "4646.00000", "2008-01-31": "9907.00000", "2007-01-31": "12254.00000", "2006-01-31": "13519.00000", "2005-01-31": "6167.00000"}, "Total Liabilities And Share Holders Equity": {"2020-01-31": "21172.00000", "2019-01-31": "19194.00000", "2018-01-31": "19583.00000", "2017-01-31": "19851.00000", "2016-01-31": "20576.00000", "2015-01-31": "21330.00000", "2014-01-31": "21620.00000", "2013-01-31": "20991.00000", "2012-01-31": "22095.00000", "2011-01-31": "20631.00000", "2010-01-31": "21300.00000", "2009-01-31": "22145.00000", "2008-01-31": "27789.00000", "2007-01-31": "29550.00000", "2006-01-31": "33168.00000", "2005-01-31": "14885.00000"}}, "balance sheet, quarterly": {"Cash On Hand": {"2020-10-31": "1551.00000", "2020-07-31": "1395.00000", "2020-04-30": "1523.00000", "2020-01-31": "685.00000", "2019-10-31": "301.00000", "2019-07-31": "674.00000", "2019-04-30": "737.00000", "2019-01-31": "1162.00000", "2018-10-31": "736.00000", "2018-07-31": "1068.00000", "2018-04-30": "1531.00000", "2018-01-31": "1455.00000", "2017-10-31": "534.00000", "2017-07-31": "783.00000", "2017-04-30": "1201.00000", "2017-01-31": "1297.00000", "2016-10-31": "457.00000", "2016-07-31": "1000.00000", "2016-04-30": "734.00000", "2016-01-31": "1109.00000", "2015-10-31": "474.00000", "2015-07-31": "843.00000", "2015-04-30": "1509.00000", "2015-01-31": "2246.00000", "2014-10-31": "1048.00000", "2014-07-31": "1630.00000", "2014-04-30": "1878.00000", "2014-01-31": "2273.00000", "2013-10-31": "1171.00000", "2013-07-31": "1424.00000", "2013-04-30": "1752.00000", "2013-01-31": "1836.00000", "2012-10-31": "1264.00000", "2012-07-31": "1604.00000", "2012-04-30": "1891.00000", "2012-01-31": "2827.00000", "2011-10-31": "1097.00000", "2011-07-31": "1495.00000", "2011-04-30": "1152.00000", "2011-01-31": "1464.00000", "2010-10-31": "715.00000", "2010-07-31": "1208.00000", "2010-04-30": "981.00000", "2010-01-31": "1686.00000", "2009-10-31": "581.00000", "2009-07-31": "592.00000", "2009-04-30": "420.00000", "2009-01-31": "1385.00000", "2008-10-31": "300.00000", "2008-07-31": "1293.00000", "2008-04-30": "366.00000", "2008-01-31": "583.00000", "2007-10-31": "275.00000", "2007-07-31": "249.00000", "2007-04-30": "500.00000", "2007-01-31": "1211.00000", "2006-10-31": "771.00000", "2006-07-31": "1062.00000", "2006-04-30": "241.00000", "2006-01-31": "248.00000", "2005-10-31": "269.00000", "2005-07-31": "1399.00000", "2005-04-30": "918.00000", "2005-01-31": "868.00000"}, "Receivables": {"2020-10-31": "185.00000", "2020-07-31": "184.00000", "2020-04-30": "170.00000", "2020-01-31": "409.00000", "2019-10-31": "175.00000", "2019-07-31": "240.00000", "2019-04-30": "237.00000", "2019-01-31": "400.00000", "2018-10-31": "190.00000", "2018-07-31": "261.00000", "2018-04-30": "250.00000", "2018-01-31": "363.00000", "2017-10-31": "219.00000", "2017-07-31": "382.00000", "2017-04-30": "345.00000", "2017-01-31": "522.00000", "2016-10-31": "322.00000", "2016-07-31": "423.00000", "2016-04-30": "418.00000", "2016-01-31": "558.00000", "2015-10-31": "200.00000", "2015-07-31": "334.00000", "2015-04-30": "259.00000", "2015-01-31": "424.00000", "2014-10-31": "292.00000", "2014-07-31": "352.00000", "2014-04-30": "275.00000", "2014-01-31": "438.00000", "2013-10-31": "276.00000", "2013-07-31": "347.00000", "2013-04-30": "295.00000", "2013-01-31": "371.00000", "2012-10-31": "281.00000", "2012-07-31": "359.00000", "2012-04-30": "277.00000", "2012-01-31": "368.00000", "2011-10-31": "288.00000", "2011-07-31": "296.00000", "2011-04-30": "225.00000", "2011-01-31": "338.00000", "2010-10-31": "303.00000", "2010-07-31": "355.00000", "2010-04-30": "273.00000", "2010-01-31": "358.00000", "2009-10-31": "310.00000", "2009-07-31": "347.00000", "2009-04-30": "460.00000", "2009-01-31": "360.00000", "2008-10-31": "410.00000", "2008-07-31": "368.00000", "2008-04-30": "449.00000", "2008-01-31": "463.00000", "2007-10-31": "459.00000", "2007-07-31": "490.00000", "2007-04-30": "504.00000", "2007-01-31": "517.00000", "2006-10-31": "488.00000", "2006-07-31": "460.00000", "2006-04-30": "2517.00000", "2006-01-31": "2522.00000", "2005-10-31": "2242.00000", "2005-07-31": "3271.00000", "2005-04-30": "3313.00000", "2005-01-31": "3418.00000"}, "Inventory": {"2020-10-31": "5144.00000", "2020-07-31": "3582.00000", "2020-04-30": "4923.00000", "2020-01-31": "5188.00000", "2019-10-31": "7256.00000", "2019-07-31": "5029.00000", "2019-04-30": "5498.00000", "2019-01-31": "5263.00000", "2018-10-31": "7147.00000", "2018-07-31": "4956.00000", "2018-04-30": "5291.00000", "2018-01-31": "5178.00000", "2017-10-31": "7065.00000", "2017-07-31": "4980.00000", "2017-04-30": "5626.00000", "2017-01-31": "5399.00000", "2016-10-31": "7587.00000", "2016-07-31": "5322.00000", "2016-04-30": "5738.00000", "2016-01-31": "5506.00000", "2015-10-31": "7971.00000", "2015-07-31": "5496.00000", "2015-04-30": "5929.00000", "2015-01-31": "5417.00000", "2014-10-31": "7789.00000", "2014-07-31": "5416.00000", "2014-04-30": "5897.00000", "2014-01-31": "5557.00000", "2013-10-31": "7716.00000", "2013-07-31": "5357.00000", "2013-04-30": "5631.00000", "2013-01-31": "5308.00000", "2012-10-31": "7208.00000", "2012-07-31": "5036.00000", "2012-04-30": "5465.00000", "2012-01-31": "5117.00000", "2011-10-31": "7158.00000", "2011-07-31": "4948.00000", "2011-04-30": "5159.00000", "2011-01-31": "4758.00000", "2010-10-31": "6530.00000", "2010-07-31": "4633.00000", "2010-04-30": "4921.00000", "2010-01-31": "4615.00000", "2009-10-31": "6406.00000", "2009-07-31": "4634.00000", "2009-04-30": "5026.00000", "2009-01-31": "4769.00000", "2008-10-31": "6915.00000", "2008-07-31": "5008.00000", "2008-04-30": "5284.00000", "2008-01-31": "5060.00000", "2007-10-31": "7012.00000", "2007-07-31": "5200.00000", "2007-04-30": "5499.00000", "2007-01-31": "5317.00000", "2006-10-31": "7032.00000", "2006-07-31": "5168.00000", "2006-04-30": "5432.00000", "2006-01-31": "5459.00000", "2005-10-31": "7407.00000", "2005-07-31": "3259.00000", "2005-04-30": "3413.00000", "2005-01-31": "3120.00000"}, "Pre-Paid Expenses": {"2020-10-31": "477.00000", "2020-07-31": "470.00000", "2020-04-30": "519.00000", "2020-01-31": "528.00000", "2019-10-31": "569.00000", "2019-07-31": "603.00000", "2019-04-30": "633.00000", "2019-01-31": "620.00000", "2018-10-31": "594.00000", "2018-07-31": "580.00000", "2018-04-30": "638.00000", "2018-01-31": "650.00000", "2017-10-31": "610.00000", "2017-07-31": "571.00000", "2017-04-30": "634.00000", "2017-01-31": "408.00000", "2016-10-31": "454.00000", "2016-07-31": "471.00000", "2016-04-30": "490.00000", "2016-01-31": "479.00000", "2015-10-31": "426.00000", "2015-07-31": "437.00000", "2015-04-30": "471.00000", "2015-01-31": "493.00000", "2014-10-31": "424.00000", "2014-07-31": "399.00000", "2014-04-30": "454.00000", "2014-01-31": "420.00000", "2013-10-31": "397.00000", "2013-07-31": "387.00000", "2013-04-30": "388.00000", "2013-01-31": "361.00000", "2012-10-31": "410.00000", "2012-07-31": "387.00000", "2012-04-30": "400.00000", "2012-01-31": "465.00000", "2011-10-31": "408.00000", "2011-07-31": "383.00000", "2011-04-30": "378.00000", "2011-01-31": "339.00000", "2010-10-31": "289.00000", "2010-07-31": "237.00000", "2010-04-30": "266.00000", "2010-01-31": "", "2009-10-31": "", "2009-07-31": "", "2009-04-30": "", "2009-01-31": "", "2008-10-31": "", "2008-07-31": "", "2008-04-30": "", "2008-01-31": "", "2007-10-31": "", "2007-07-31": "", "2007-04-30": "", "2007-01-31": "", "2006-10-31": "", "2006-07-31": "", "2006-04-30": "", "2006-01-31": "", "2005-10-31": "", "2005-07-31": "", "2005-04-30": "", "2005-01-31": ""}, "Other Current Assets": {"2020-10-31": "", "2020-07-31": "", "2020-04-30": "", "2020-01-31": "", "2019-10-31": "", "2019-07-31": "", "2019-04-30": "", "2019-01-31": "", "2018-10-31": "", "2018-07-31": "", "2018-04-30": "", "2018-01-31": "", "2017-10-31": "", "2017-07-31": "", "2017-04-30": "", "2017-01-31": "", "2016-10-31": "", "2016-07-31": "", "2016-04-30": "", "2016-01-31": "", "2015-10-31": "", "2015-07-31": "", "2015-04-30": "", "2015-01-31": "", "2014-10-31": "", "2014-07-31": "", "2014-04-30": "", "2014-01-31": "", "2013-10-31": "", "2013-07-31": "", "2013-04-30": "", "2013-01-31": "", "2012-10-31": "", "2012-07-31": "", "2012-04-30": "", "2012-01-31": "", "2011-10-31": "", "2011-07-31": "", "2011-04-30": "", "2011-01-31": "", "2010-10-31": "", "2010-07-31": "", "2010-04-30": "", "2010-01-31": "223.00000", "2009-10-31": "216.00000", "2009-07-31": "231.00000", "2009-04-30": "253.00000", "2009-01-31": "226.00000", "2008-10-31": "246.00000", "2008-07-31": "243.00000", "2008-04-30": "249.00000", "2008-01-31": "218.00000", "2007-10-31": "261.00000", "2007-07-31": "267.00000", "2007-04-30": "281.00000", "2007-01-31": "251.00000", "2006-10-31": "268.00000", "2006-07-31": "255.00000", "2006-04-30": "267.00000", "2006-01-31": "203.00000", "2005-10-31": "207.00000", "2005-07-31": "121.00000", "2005-04-30": "125.00000", "2005-01-31": "104.00000"}, "Total Current Assets": {"2020-10-31": "7357.00000", "2020-07-31": "5631.00000", "2020-04-30": "7135.00000", "2020-01-31": "6810.00000", "2019-10-31": "8301.00000", "2019-07-31": "6546.00000", "2019-04-30": "7105.00000", "2019-01-31": "7445.00000", "2018-10-31": "8667.00000", "2018-07-31": "6865.00000", "2018-04-30": "7710.00000", "2018-01-31": "7646.00000", "2017-10-31": "8428.00000", "2017-07-31": "6716.00000", "2017-04-30": "7806.00000", "2017-01-31": "7626.00000", "2016-10-31": "8820.00000", "2016-07-31": "7216.00000", "2016-04-30": "7380.00000", "2016-01-31": "7652.00000", "2015-10-31": "9071.00000", "2015-07-31": "7110.00000", "2015-04-30": "8168.00000", "2015-01-31": "8580.00000", "2014-10-31": "9553.00000", "2014-07-31": "7797.00000", "2014-04-30": "8504.00000", "2014-01-31": "8688.00000", "2013-10-31": "9560.00000", "2013-07-31": "7515.00000", "2013-04-30": "8066.00000", "2013-01-31": "7876.00000", "2012-10-31": "9163.00000", "2012-07-31": "7386.00000", "2012-04-30": "8033.00000", "2012-01-31": "8777.00000", "2011-10-31": "8951.00000", "2011-07-31": "7122.00000", "2011-04-30": "6914.00000", "2011-01-31": "6899.00000", "2010-10-31": "7837.00000", "2010-07-31": "6433.00000", "2010-04-30": "6441.00000", "2010-01-31": "6882.00000", "2009-10-31": "7513.00000", "2009-07-31": "5804.00000", "2009-04-30": "6159.00000", "2009-01-31": "6740.00000", "2008-10-31": "7871.00000", "2008-07-31": "6912.00000", "2008-04-30": "6348.00000", "2008-01-31": "6324.00000", "2007-10-31": "8007.00000", "2007-07-31": "6206.00000", "2007-04-30": "6784.00000", "2007-01-31": "7422.00000", "2006-10-31": "9521.00000", "2006-07-31": "9248.00000", "2006-04-30": "10502.00000", "2006-01-31": "10145.00000", "2005-10-31": "11948.00000", "2005-07-31": "8050.00000", "2005-04-30": "7769.00000", "2005-01-31": "7510.00000"}, "Property, Plant, And Equipment": {"2020-10-31": "6122.00000", "2020-07-31": "6279.00000", "2020-04-30": "6425.00000", "2020-01-31": "6633.00000", "2019-10-31": "6558.00000", "2019-07-31": "6483.00000", "2019-04-30": "6499.00000", "2019-01-31": "6637.00000", "2018-10-31": "6572.00000", "2018-07-31": "6547.00000", "2018-04-30": "6575.00000", "2018-01-31": "6672.00000", "2017-10-31": "6742.00000", "2017-07-31": "6822.00000", "2017-04-30": "6886.00000", "2017-01-31": "7017.00000", "2016-10-31": "7149.00000", "2016-07-31": "7187.00000", "2016-04-30": "7475.00000", "2016-01-31": "7616.00000", "2015-10-31": "7629.00000", "2015-07-31": "7704.00000", "2015-04-30": "7712.00000", "2015-01-31": "7800.00000", "2014-10-31": "7787.00000", "2014-07-31": "7771.00000", "2014-04-30": "7792.00000", "2014-01-31": "7930.00000", "2013-10-31": "7950.00000", "2013-07-31": "8001.00000", "2013-04-30": "8063.00000", "2013-01-31": "8196.00000", "2012-10-31": "8212.00000", "2012-07-31": "8291.00000", "2012-04-30": "8359.00000", "2012-01-31": "8420.00000", "2011-10-31": "8423.00000", "2011-07-31": "8506.00000", "2011-04-30": "8636.00000", "2011-01-31": "8813.00000", "2010-10-31": "8915.00000", "2010-07-31": "9070.00000", "2010-04-30": "9294.00000", "2010-01-31": "9507.00000", "2009-10-31": "9862.00000", "2009-07-31": "10046.00000", "2009-04-30": "10226.00000", "2009-01-31": "10442.00000", "2008-10-31": "10616.00000", "2008-07-31": "10655.00000", "2008-04-30": "10741.00000", "2008-01-31": "10991.00000", "2007-10-31": "11072.00000", "2007-07-31": "11110.00000", "2007-04-30": "11229.00000", "2007-01-31": "11473.00000", "2006-10-31": "11329.00000", "2006-07-31": "11166.00000", "2006-04-30": "11310.00000", "2006-01-31": "12034.00000", "2005-10-31": "11898.00000", "2005-07-31": "5824.00000", "2005-04-30": "5888.00000", "2005-01-31": "6018.00000"}, "Long-Term Investments": {"2020-10-31": "", "2020-07-31": "", "2020-04-30": "", "2020-01-31": "", "2019-10-31": "", "2019-07-31": "", "2019-04-30": "", "2019-01-31": "", "2018-10-31": "", "2018-07-31": "", "2018-04-30": "", "2018-01-31": "", "2017-10-31": "", "2017-07-31": "", "2017-04-30": "", "2017-01-31": "", "2016-10-31": "", "2016-07-31": "", "2016-04-30": "", "2016-01-31": "", "2015-10-31": "", "2015-07-31": "", "2015-04-30": "", "2015-01-31": "", "2014-10-31": "", "2014-07-31": "", "2014-04-30": "", "2014-01-31": "", "2013-10-31": "", "2013-07-31": "", "2013-04-30": "", "2013-01-31": "", "2012-10-31": "", "2012-07-31": "", "2012-04-30": "", "2012-01-31": "", "2011-10-31": "", "2011-07-31": "", "2011-04-30": "", "2011-01-31": "", "2010-10-31": "", "2010-07-31": "", "2010-04-30": "", "2010-01-31": "", "2009-10-31": "", "2009-07-31": "", "2009-04-30": "", "2009-01-31": "", "2008-10-31": "", "2008-07-31": "", "2008-04-30": "", "2008-01-31": "", "2007-10-31": "", "2007-07-31": "", "2007-04-30": "", "2007-01-31": "", "2006-10-31": "", "2006-07-31": "", "2006-04-30": "", "2006-01-31": "", "2005-10-31": "", "2005-07-31": "", "2005-04-30": "", "2005-01-31": ""}, "Goodwill And Intangible Assets": {"2020-10-31": "1265.00000", "2020-07-31": "1266.00000", "2020-04-30": "1277.00000", "2020-01-31": "4347.00000", "2019-10-31": "4348.00000", "2019-07-31": "4348.00000", "2019-04-30": "4349.00000", "2019-01-31": "4386.00000", "2018-10-31": "4389.00000", "2018-07-31": "4391.00000", "2018-04-30": "4394.00000", "2018-01-31": "4385.00000", "2017-10-31": "4388.00000", "2017-07-31": "4390.00000", "2017-04-30": "4393.00000", "2017-01-31": "4395.00000", "2016-10-31": "4396.00000", "2016-07-31": "4399.00000", "2016-04-30": "4408.00000", "2016-01-31": "4411.00000", "2015-10-31": "4415.00000", "2015-07-31": "4420.00000", "2015-04-30": "4428.00000", "2015-01-31": "4239.00000", "2014-10-31": "4247.00000", "2014-07-31": "4255.00000", "2014-04-30": "4262.00000", "2014-01-31": "4270.00000", "2013-10-31": "4278.00000", "2013-07-31": "4286.00000", "2013-04-30": "4295.00000", "2013-01-31": "4304.00000", "2012-10-31": "4313.00000", "2012-07-31": "4323.00000", "2012-04-30": "4332.00000", "2012-01-31": "4341.00000", "2011-10-31": "4351.00000", "2011-07-31": "4361.00000", "2011-04-30": "4371.00000", "2011-01-31": "4380.00000", "2010-10-31": "4390.00000", "2010-07-31": "4401.00000", "2010-04-30": "4411.00000", "2010-01-31": "4421.00000", "2009-10-31": "4431.00000", "2009-07-31": "4440.00000", "2009-04-30": "4450.00000", "2009-01-31": "4462.00000", "2008-10-31": "9870.00000", "2008-07-31": "9889.00000", "2008-04-30": "9951.00000", "2008-01-31": "9964.00000", "2007-10-31": "9981.00000", "2007-07-31": "10051.00000", "2007-04-30": "10077.00000", "2007-01-31": "10087.00000", "2006-10-31": "10085.00000", "2006-07-31": "10160.00000", "2006-04-30": "10427.00000", "2006-01-31": "10600.00000", "2005-10-31": "10033.00000", "2005-07-31": "638.00000", "2005-04-30": "638.00000", "2005-01-31": "638.00000"}, "Other Long-Term Assets": {"2020-10-31": "1442.00000", "2020-07-31": "1403.00000", "2020-04-30": "1072.00000", "2020-01-31": "714.00000", "2019-10-31": "744.00000", "2019-07-31": "728.00000", "2019-04-30": "712.00000", "2019-01-31": "726.00000", "2018-10-31": "733.00000", "2018-07-31": "865.00000", "2018-04-30": "889.00000", "2018-01-31": "880.00000", "2017-10-31": "835.00000", "2017-07-31": "810.00000", "2017-04-30": "793.00000", "2017-01-31": "813.00000", "2016-10-31": "909.00000", "2016-07-31": "904.00000", "2016-04-30": "898.00000", "2016-01-31": "897.00000", "2015-10-31": "768.00000", "2015-07-31": "726.00000", "2015-04-30": "710.00000", "2015-01-31": "711.00000", "2014-10-31": "825.00000", "2014-07-31": "783.00000", "2014-04-30": "747.00000", "2014-01-31": "732.00000", "2013-10-31": "658.00000", "2013-07-31": "629.00000", "2013-04-30": "616.00000", "2013-01-31": "615.00000", "2012-10-31": "582.00000", "2012-07-31": "565.00000", "2012-04-30": "553.00000", "2012-01-31": "557.00000", "2011-10-31": "538.00000", "2011-07-31": "519.00000", "2011-04-30": "496.00000", "2011-01-31": "539.00000", "2010-10-31": "540.00000", "2010-07-31": "534.00000", "2010-04-30": "490.00000", "2010-01-31": "490.00000", "2009-10-31": "507.00000", "2009-07-31": "494.00000", "2009-04-30": "496.00000", "2009-01-31": "501.00000", "2008-10-31": "547.00000", "2008-07-31": "537.00000", "2008-04-30": "539.00000", "2008-01-31": "510.00000", "2007-10-31": "609.00000", "2007-07-31": "561.00000", "2007-04-30": "541.00000", "2007-01-31": "568.00000", "2006-10-31": "710.00000", "2006-07-31": "678.00000", "2006-04-30": "888.00000", "2006-01-31": "389.00000", "2005-10-31": "761.00000", "2005-07-31": "707.00000", "2005-04-30": "711.00000", "2005-01-31": "719.00000"}, "Total Long-Term Assets": {"2020-10-31": "11857.00000", "2020-07-31": "11983.00000", "2020-04-30": "11446.00000", "2020-01-31": "14362.00000", "2019-10-31": "14246.00000", "2019-07-31": "14195.00000", "2019-04-30": "14191.00000", "2019-01-31": "11749.00000", "2018-10-31": "11694.00000", "2018-07-31": "11803.00000", "2018-04-30": "11858.00000", "2018-01-31": "11937.00000", "2017-10-31": "11965.00000", "2017-07-31": "12022.00000", "2017-04-30": "12072.00000", "2017-01-31": "12225.00000", "2016-10-31": "12454.00000", "2016-07-31": "12490.00000", "2016-04-30": "12781.00000", "2016-01-31": "12924.00000", "2015-10-31": "12812.00000", "2015-07-31": "12850.00000", "2015-04-30": "12850.00000", "2015-01-31": "12750.00000", "2014-10-31": "12859.00000", "2014-07-31": "12809.00000", "2014-04-30": "12801.00000", "2014-01-31": "12932.00000", "2013-10-31": "12886.00000", "2013-07-31": "12916.00000", "2013-04-30": "12974.00000", "2013-01-31": "13115.00000", "2012-10-31": "13107.00000", "2012-07-31": "13179.00000", "2012-04-30": "13244.00000", "2012-01-31": "13318.00000", "2011-10-31": "13312.00000", "2011-07-31": "13386.00000", "2011-04-30": "13503.00000", "2011-01-31": "13732.00000", "2010-10-31": "13845.00000", "2010-07-31": "14005.00000", "2010-04-30": "14195.00000", "2010-01-31": "14418.00000", "2009-10-31": "14800.00000", "2009-07-31": "14980.00000", "2009-04-30": "15172.00000", "2009-01-31": "15405.00000", "2008-10-31": "21033.00000", "2008-07-31": "21081.00000", "2008-04-30": "21231.00000", "2008-01-31": "21465.00000", "2007-10-31": "21662.00000", "2007-07-31": "21722.00000", "2007-04-30": "21847.00000", "2007-01-31": "22128.00000", "2006-10-31": "22124.00000", "2006-07-31": "22004.00000", "2006-04-30": "22625.00000", "2006-01-31": "23023.00000", "2005-10-31": "22692.00000", "2005-07-31": "7169.00000", "2005-04-30": "7237.00000", "2005-01-31": "7375.00000"}, "Total Assets": {"2020-10-31": "19214.00000", "2020-07-31": "17614.00000", "2020-04-30": "18581.00000", "2020-01-31": "21172.00000", "2019-10-31": "22547.00000", "2019-07-31": "20741.00000", "2019-04-30": "21296.00000", "2019-01-31": "19194.00000", "2018-10-31": "20361.00000", "2018-07-31": "18668.00000", "2018-04-30": "19568.00000", "2018-01-31": "19583.00000", "2017-10-31": "20393.00000", "2017-07-31": "18738.00000", "2017-04-30": "19878.00000", "2017-01-31": "19851.00000", "2016-10-31": "21274.00000", "2016-07-31": "19706.00000", "2016-04-30": "20161.00000", "2016-01-31": "20576.00000", "2015-10-31": "21883.00000", "2015-07-31": "19960.00000", "2015-04-30": "21018.00000", "2015-01-31": "21330.00000", "2014-10-31": "22412.00000", "2014-07-31": "20606.00000", "2014-04-30": "21305.00000", "2014-01-31": "21620.00000", "2013-10-31": "22446.00000", "2013-07-31": "20431.00000", "2013-04-30": "21040.00000", "2013-01-31": "20991.00000", "2012-10-31": "22270.00000", "2012-07-31": "20565.00000", "2012-04-30": "21277.00000", "2012-01-31": "22095.00000", "2011-10-31": "22263.00000", "2011-07-31": "20508.00000", "2011-04-30": "20417.00000", "2011-01-31": "20631.00000", "2010-10-31": "21682.00000", "2010-07-31": "20438.00000", "2010-04-30": "20636.00000", "2010-01-31": "21300.00000", "2009-10-31": "22313.00000", "2009-07-31": "20784.00000", "2009-04-30": "21331.00000", "2009-01-31": "22145.00000", "2008-10-31": "28904.00000", "2008-07-31": "27993.00000", "2008-04-30": "27579.00000", "2008-01-31": "27789.00000", "2007-10-31": "29669.00000", "2007-07-31": "27928.00000", "2007-04-30": "28631.00000", "2007-01-31": "29550.00000", "2006-10-31": "31645.00000", "2006-07-31": "31252.00000", "2006-04-30": "33127.00000", "2006-01-31": "33168.00000", "2005-10-31": "34640.00000", "2005-07-31": "15219.00000", "2005-04-30": "15006.00000", "2005-01-31": "14885.00000"}, "Total Current Liabilities": {"2020-10-31": "6651.00000", "2020-07-31": "4854.00000", "2020-04-30": "5772.00000", "2020-01-31": "5750.00000", "2019-10-31": "6479.00000", "2019-07-31": "4439.00000", "2019-04-30": "5019.00000", "2019-01-31": "5232.00000", "2018-10-31": "6444.00000", "2018-07-31": "4481.00000", "2018-04-30": "5077.00000", "2018-01-31": "5179.00000", "2017-10-31": "6486.00000", "2017-07-31": "4676.00000", "2017-04-30": "5738.00000", "2017-01-31": "5647.00000", "2016-10-31": "7243.00000", "2016-07-31": "5477.00000", "2016-04-30": "5347.00000", "2016-01-31": "5728.00000", "2015-10-31": "7254.00000", "2015-07-31": "4366.00000", "2015-04-30": "4947.00000", "2015-01-31": "5075.00000", "2014-10-31": "6963.00000", "2014-07-31": "5136.00000", "2014-04-30": "5104.00000", "2014-01-31": "5726.00000", "2013-10-31": "7186.00000", "2013-07-31": "5171.00000", "2013-04-30": "5201.00000", "2013-01-31": "5075.00000", "2012-10-31": "6684.00000", "2012-07-31": "4854.00000", "2012-04-30": "5399.00000", "2012-01-31": "6263.00000", "2011-10-31": "7210.00000", "2011-07-31": "5371.00000", "2011-04-30": "5408.00000", "2011-01-31": "4991.00000", "2010-10-31": "6490.00000", "2010-07-31": "4768.00000", "2010-04-30": "5102.00000", "2010-01-31": "4462.00000", "2009-10-31": "5810.00000", "2009-07-31": "4072.00000", "2009-04-30": "4397.00000", "2009-01-31": "5126.00000", "2008-10-31": "7019.00000", "2008-07-31": "5944.00000", "2008-04-30": "5616.00000", "2008-01-31": "5360.00000", "2007-10-31": "7650.00000", "2007-07-31": "5079.00000", "2007-04-30": "5237.00000", "2007-01-31": "6095.00000", "2006-10-31": "7751.00000", "2006-07-31": "6356.00000", "2006-04-30": "7549.00000", "2006-01-31": "7590.00000", "2005-10-31": "9737.00000", "2005-07-31": "4151.00000", "2005-04-30": "4305.00000", "2005-01-31": "4301.00000"}, "Long Term Debt": {"2020-10-31": "4852.00000", "2020-07-31": "4851.00000", "2020-04-30": "4918.00000", "2020-01-31": "3621.00000", "2019-10-31": "4677.00000", "2019-07-31": "4680.00000", "2019-04-30": "4680.00000", "2019-01-31": "4708.00000", "2018-10-31": "5469.00000", "2018-07-31": "5473.00000", "2018-04-30": "5857.00000", "2018-01-31": "5861.00000", "2017-10-31": "6297.00000", "2017-07-31": "6301.00000", "2017-04-30": "6412.00000", "2017-01-31": "6562.00000", "2016-10-31": "6563.00000", "2016-07-31": "6567.00000", "2016-04-30": "6990.00000", "2016-01-31": "6995.00000", "2015-10-31": "7076.00000", "2015-07-31": "7151.00000", "2015-04-30": "7229.00000", "2015-01-31": "7233.00000", "2014-10-31": "7130.00000", "2014-07-31": "6729.00000", "2014-04-30": "7162.00000", "2014-01-31": "6714.00000", "2013-10-31": "6732.00000", "2013-07-31": "6339.00000", "2013-04-30": "6797.00000", "2013-01-31": "6806.00000", "2012-10-31": "6817.00000", "2012-07-31": "6637.00000", "2012-04-30": "6644.00000", "2012-01-31": "6655.00000", "2011-10-31": "6151.00000", "2011-07-31": "6162.00000", "2011-04-30": "6343.00000", "2011-01-31": "6971.00000", "2010-10-31": "6982.00000", "2010-07-31": "7493.00000", "2010-04-30": "7503.00000", "2010-01-31": "8456.00000", "2009-10-31": "8618.00000", "2009-07-31": "8632.00000", "2009-04-30": "8719.00000", "2009-01-31": "8733.00000", "2008-10-31": "8748.00000", "2008-07-31": "8761.00000", "2008-04-30": "8723.00000", "2008-01-31": "9087.00000", "2007-10-31": "9097.00000", "2007-07-31": "9762.00000", "2007-04-30": "9425.00000", "2007-01-31": "7847.00000", "2006-10-31": "7953.00000", "2006-07-31": "8205.00000", "2006-04-30": "8837.00000", "2006-01-31": "8860.00000", "2005-10-31": "8868.00000", "2005-07-31": "2634.00000", "2005-04-30": "2635.00000", "2005-01-31": "2637.00000"}, "Other Non-Current Liabilities": {"2020-10-31": "1285.00000", "2020-07-31": "1395.00000", "2020-04-30": "1327.00000", "2020-01-31": "1337.00000", "2019-10-31": "1315.00000", "2019-07-31": "1265.00000", "2019-04-30": "1258.00000", "2019-01-31": "1580.00000", "2018-10-31": "1618.00000", "2018-07-31": "1626.00000", "2018-04-30": "1664.00000", "2018-01-31": "1662.00000", "2017-10-31": "1750.00000", "2017-07-31": "1773.00000", "2017-04-30": "1846.00000", "2017-01-31": "1877.00000", "2016-10-31": "2129.00000", "2016-07-31": "2164.00000", "2016-04-30": "2134.00000", "2016-01-31": "2123.00000", "2015-10-31": "2125.00000", "2015-07-31": "2150.00000", "2015-04-30": "2179.00000", "2015-01-31": "2201.00000", "2014-10-31": "1654.00000", "2014-07-31": "1647.00000", "2014-04-30": "1635.00000", "2014-01-31": "1658.00000", "2013-10-31": "1861.00000", "2013-07-31": "1849.00000", "2013-04-30": "1831.00000", "2013-01-31": "1821.00000", "2012-10-31": "2024.00000", "2012-07-31": "2037.00000", "2012-04-30": "2073.00000", "2012-01-31": "2103.00000", "2011-10-31": "1648.00000", "2011-07-31": "1675.00000", "2011-04-30": "1694.00000", "2011-01-31": "1939.00000", "2010-10-31": "2238.00000", "2010-07-31": "2234.00000", "2010-04-30": "2231.00000", "2010-01-31": "2597.00000", "2009-10-31": "2384.00000", "2009-07-31": "2449.00000", "2009-04-30": "2504.00000", "2009-01-31": "2521.00000", "2008-10-31": "1981.00000", "2008-07-31": "2002.00000", "2008-04-30": "1984.00000", "2008-01-31": "1989.00000", "2007-10-31": "2045.00000", "2007-07-31": "2089.00000", "2007-04-30": "1980.00000", "2007-01-31": "1702.00000", "2006-10-31": "1040.00000", "2006-07-31": "1594.00000", "2006-04-30": "1550.00000", "2006-01-31": "1495.00000", "2005-10-31": "1468.00000", "2005-07-31": "597.00000", "2005-04-30": "586.00000", "2005-01-31": "581.00000"}, "Total Long Term Liabilities": {"2020-10-31": "10320.00000", "2020-07-31": "10436.00000", "2020-04-30": "10112.00000", "2020-01-31": "9045.00000", "2019-10-31": "10011.00000", "2019-07-31": "9987.00000", "2019-04-30": "9954.00000", "2019-01-31": "7526.00000", "2018-10-31": "8272.00000", "2018-07-31": "8293.00000", "2018-04-30": "8690.00000", "2018-01-31": "8671.00000", "2017-10-31": "9633.00000", "2017-07-31": "9623.00000", "2017-04-30": "9780.00000", "2017-01-31": "9882.00000", "2016-10-31": "10240.00000", "2016-07-31": "10179.00000", "2016-04-30": "10660.00000", "2016-01-31": "10595.00000", "2015-10-31": "10654.00000", "2015-07-31": "10750.00000", "2015-04-30": "10864.00000", "2015-01-31": "10877.00000", "2014-10-31": "10098.00000", "2014-07-31": "9663.00000", "2014-04-30": "10101.00000", "2014-01-31": "9645.00000", "2013-10-31": "9818.00000", "2013-07-31": "9405.00000", "2013-04-30": "9868.00000", "2013-01-31": "9865.00000", "2012-10-31": "10023.00000", "2012-07-31": "9808.00000", "2012-04-30": "9845.00000", "2012-01-31": "9899.00000", "2011-10-31": "9201.00000", "2011-07-31": "9174.00000", "2011-04-30": "9321.00000", "2011-01-31": "10110.00000", "2010-10-31": "10349.00000", "2010-07-31": "10831.00000", "2010-04-30": "10843.00000", "2010-01-31": "12185.00000", "2009-10-31": "12009.00000", "2009-07-31": "12163.00000", "2009-04-30": "12379.00000", "2009-01-31": "12373.00000", "2008-10-31": "12195.00000", "2008-07-31": "12213.00000", "2008-04-30": "12152.00000", "2008-01-31": "12522.00000", "2007-10-31": "12549.00000", "2007-07-31": "13242.00000", "2007-04-30": "12913.00000", "2007-01-31": "11201.00000", "2006-10-31": "10820.00000", "2006-07-31": "11324.00000", "2006-04-30": "12066.00000", "2006-01-31": "12059.00000", "2005-10-31": "11917.00000", "2005-07-31": "4455.00000", "2005-04-30": "4329.00000", "2005-01-31": "4417.00000"}, "Total Liabilities": {"2020-10-31": "16971.00000", "2020-07-31": "15290.00000", "2020-04-30": "15884.00000", "2020-01-31": "14795.00000", "2019-10-31": "16490.00000", "2019-07-31": "14426.00000", "2019-04-30": "14973.00000", "2019-01-31": "12758.00000", "2018-10-31": "14716.00000", "2018-07-31": "12774.00000", "2018-04-30": "13767.00000", "2018-01-31": "13850.00000", "2017-10-31": "16119.00000", "2017-07-31": "14299.00000", "2017-04-30": "15518.00000", "2017-01-31": "15529.00000", "2016-10-31": "17483.00000", "2016-07-31": "15656.00000", "2016-04-30": "16007.00000", "2016-01-31": "16323.00000", "2015-10-31": "17908.00000", "2015-07-31": "15116.00000", "2015-04-30": "15811.00000", "2015-01-31": "15952.00000", "2014-10-31": "17061.00000", "2014-07-31": "14799.00000", "2014-04-30": "15205.00000", "2014-01-31": "15371.00000", "2013-10-31": "17004.00000", "2013-07-31": "14576.00000", "2013-04-30": "15069.00000", "2013-01-31": "14940.00000", "2012-10-31": "16707.00000", "2012-07-31": "14662.00000", "2012-04-30": "15244.00000", "2012-01-31": "16162.00000", "2011-10-31": "16411.00000", "2011-07-31": "14545.00000", "2011-04-30": "14729.00000", "2011-01-31": "15101.00000", "2010-10-31": "16839.00000", "2010-07-31": "15599.00000", "2010-04-30": "15945.00000", "2010-01-31": "16647.00000", "2009-10-31": "17819.00000", "2009-07-31": "16235.00000", "2009-04-30": "16776.00000", "2009-01-31": "17499.00000", "2008-10-31": "19214.00000", "2008-07-31": "18157.00000", "2008-04-30": "17768.00000", "2008-01-31": "17882.00000", "2007-10-31": "20199.00000", "2007-07-31": "18321.00000", "2007-04-30": "18150.00000", "2007-01-31": "17296.00000", "2006-10-31": "18571.00000", "2006-07-31": "17680.00000", "2006-04-30": "19615.00000", "2006-01-31": "19649.00000", "2005-10-31": "21654.00000", "2005-07-31": "8606.00000", "2005-04-30": "8634.00000", "2005-01-31": "8718.00000"}, "Common Stock Net": {"2020-10-31": "3.00000", "2020-07-31": "3.00000", "2020-04-30": "", "2020-01-31": "3.00000", "2019-10-31": "3.00000", "2019-07-31": "3.00000", "2019-04-30": "", "2019-01-31": "3.00000", "2018-10-31": "", "2018-07-31": "", "2018-04-30": "", "2018-01-31": "3.00000", "2017-10-31": "", "2017-07-31": "", "2017-04-30": "", "2017-01-31": "3.00000", "2016-10-31": "", "2016-07-31": "", "2016-04-30": "", "2016-01-31": "3.00000", "2015-10-31": "", "2015-07-31": "", "2015-04-30": "", "2015-01-31": "4.00000", "2014-10-31": "", "2014-07-31": "", "2014-04-30": "", "2014-01-31": "4.00000", "2013-10-31": "", "2013-07-31": "", "2013-04-30": "", "2013-01-31": "4.00000", "2012-10-31": "", "2012-07-31": "", "2012-04-30": "", "2012-01-31": "5.00000", "2011-10-31": "", "2011-07-31": "", "2011-04-30": "", "2011-01-31": "5.00000", "2010-10-31": "", "2010-07-31": "", "2010-04-30": "", "2010-01-31": "5.00000", "2009-10-31": "", "2009-07-31": "", "2009-04-30": "", "2009-01-31": "5.00000", "2008-10-31": "", "2008-07-31": "", "2008-04-30": "", "2008-01-31": "5.00000", "2007-10-31": "", "2007-07-31": "", "2007-04-30": "", "2007-01-31": "6.00000", "2006-10-31": "", "2006-07-31": "", "2006-04-30": "", "2006-01-31": "6.00000", "2005-10-31": "", "2005-07-31": "", "2005-04-30": "", "2005-01-31": "2.00000"}, "Retained Earnings (Accumulated Deficit)": {"2020-10-31": "3769.00000", "2020-07-31": "3860.00000", "2020-04-30": "", "2020-01-31": "7989.00000", "2019-10-31": "7649.00000", "2019-07-31": "7883.00000", "2019-04-30": "", "2019-01-31": "8050.00000", "2018-10-31": "", "2018-07-31": "", "2018-04-30": "", "2018-01-31": "7246.00000", "2017-10-31": "", "2017-07-31": "", "2017-04-30": "", "2017-01-31": "6088.00000", "2016-10-31": "", "2016-07-31": "", "2016-04-30": "", "2016-01-31": "6334.00000", "2015-10-31": "", "2015-07-31": "", "2015-04-30": "", "2015-01-31": "7340.00000", "2014-10-31": "", "2014-07-31": "", "2014-04-30": "", "2014-01-31": "6235.00000", "2013-10-31": "", "2013-07-31": "", "2013-04-30": "", "2013-01-31": "5108.00000", "2012-10-31": "", "2012-07-31": "", "2012-04-30": "", "2012-01-31": "4015.00000", "2011-10-31": "", "2011-07-31": "", "2011-04-30": "", "2011-01-31": "2990.00000", "2010-10-31": "", "2010-07-31": "", "2010-04-30": "", "2010-01-31": "2227.00000", "2009-10-31": "", "2009-07-31": "", "2009-04-30": "", "2009-01-31": "2008.00000", "2008-10-31": "", "2008-07-31": "", "2008-04-30": "", "2008-01-31": "7032.00000", "2007-10-31": "", "2007-07-31": "", "2007-04-30": "", "2007-01-31": "6375.00000", "2006-10-31": "", "2006-07-31": "", "2006-04-30": "", "2006-01-31": "5654.00000", "2005-10-31": "", "2005-07-31": "", "2005-04-30": "", "2005-01-31": "4405.00000"}, "Comprehensive Income": {"2020-10-31": "-929.00000", "2020-07-31": "-931.00000", "2020-04-30": "", "2020-01-31": "-995.00000", "2019-10-31": "-977.00000", "2019-07-31": "-940.00000", "2019-04-30": "", "2019-01-31": "-951.00000", "2018-10-31": "", "2018-07-31": "", "2018-04-30": "", "2018-01-31": "-724.00000", "2017-10-31": "", "2017-07-31": "", "2017-04-30": "", "2017-01-31": "-896.00000", "2016-10-31": "", "2016-07-31": "", "2016-04-30": "", "2016-01-31": "-1043.00000", "2015-10-31": "", "2015-07-31": "", "2015-04-30": "", "2015-01-31": "-1072.00000", "2014-10-31": "", "2014-07-31": "", "2014-04-30": "", "2014-01-31": "-665.00000", "2013-10-31": "", "2013-07-31": "", "2013-04-30": "", "2013-01-31": "-931.00000", "2012-10-31": "", "2012-07-31": "", "2012-04-30": "", "2012-01-31": "-1061.00000", "2011-10-31": "", "2011-07-31": "", "2011-04-30": "", "2011-01-31": "-730.00000", "2010-10-31": "", "2010-07-31": "", "2010-04-30": "", "2010-01-31": "-753.00000", "2009-10-31": "", "2009-07-31": "", "2009-04-30": "", "2009-01-31": "-486.00000", "2008-10-31": "", "2008-07-31": "", "2008-04-30": "", "2008-01-31": "-182.00000", "2007-10-31": "", "2007-07-31": "", "2007-04-30": "", "2007-01-31": "-182.00000", "2006-10-31": "", "2006-07-31": "", "2006-04-30": "", "2006-01-31": "-288.00000", "2005-10-31": "", "2005-07-31": "", "2005-04-30": "", "2005-01-31": "-40.00000"}, "Other Share Holders Equity": {"2020-10-31": "", "2020-07-31": "", "2020-04-30": "", "2020-01-31": "", "2019-10-31": "", "2019-07-31": "", "2019-04-30": "", "2019-01-31": "", "2018-10-31": "5667.00000", "2018-07-31": "5916.00000", "2018-04-30": "5821.00000", "2018-01-31": "", "2017-10-31": "4282.00000", "2017-07-31": "4444.00000", "2017-04-30": "4362.00000", "2017-01-31": "", "2016-10-31": "3789.00000", "2016-07-31": "4046.00000", "2016-04-30": "4148.00000", "2016-01-31": "", "2015-10-31": "3971.00000", "2015-07-31": "4844.00000", "2015-04-30": "5207.00000", "2015-01-31": "", "2014-10-31": "5351.00000", "2014-07-31": "", "2014-04-30": "", "2014-01-31": "", "2013-10-31": "", "2013-07-31": "", "2013-04-30": "", "2013-01-31": "", "2012-10-31": "", "2012-07-31": "", "2012-04-30": "", "2012-01-31": "", "2011-10-31": "", "2011-07-31": "", "2011-04-30": "", "2011-01-31": "", "2010-10-31": "", "2010-07-31": "", "2010-04-30": "", "2010-01-31": "", "2009-10-31": "", "2009-07-31": "", "2009-04-30": "", "2009-01-31": "", "2008-10-31": "", "2008-07-31": "", "2008-04-30": "", "2008-01-31": "", "2007-10-31": "", "2007-07-31": "", "2007-04-30": "", "2007-01-31": "", "2006-10-31": "", "2006-07-31": "", "2006-04-30": "", "2006-01-31": "", "2005-10-31": "", "2005-07-31": "", "2005-04-30": "", "2005-01-31": "-2.00000"}, "Share Holder Equity": {"2020-10-31": "2243.00000", "2020-07-31": "2324.00000", "2020-04-30": "2697.00000", "2020-01-31": "6377.00000", "2019-10-31": "6057.00000", "2019-07-31": "6315.00000", "2019-04-30": "6323.00000", "2019-01-31": "6436.00000", "2018-10-31": "5645.00000", "2018-07-31": "5894.00000", "2018-04-30": "5801.00000", "2018-01-31": "5733.00000", "2017-10-31": "4274.00000", "2017-07-31": "4439.00000", "2017-04-30": "4360.00000", "2017-01-31": "4322.00000", "2016-10-31": "3791.00000", "2016-07-31": "4050.00000", "2016-04-30": "4154.00000", "2016-01-31": "4253.00000", "2015-10-31": "3975.00000", "2015-07-31": "4844.00000", "2015-04-30": "5207.00000", "2015-01-31": "5378.00000", "2014-10-31": "5351.00000", "2014-07-31": "5807.00000", "2014-04-30": "6100.00000", "2014-01-31": "6249.00000", "2013-10-31": "5442.00000", "2013-07-31": "5855.00000", "2013-04-30": "5971.00000", "2013-01-31": "6051.00000", "2012-10-31": "5563.00000", "2012-07-31": "5903.00000", "2012-04-30": "6033.00000", "2012-01-31": "5933.00000", "2011-10-31": "5852.00000", "2011-07-31": "5963.00000", "2011-04-30": "5688.00000", "2011-01-31": "5530.00000", "2010-10-31": "4843.00000", "2010-07-31": "4839.00000", "2010-04-30": "4691.00000", "2010-01-31": "4653.00000", "2009-10-31": "4494.00000", "2009-07-31": "4549.00000", "2009-04-30": "4555.00000", "2009-01-31": "4646.00000", "2008-10-31": "9690.00000", "2008-07-31": "9836.00000", "2008-04-30": "9811.00000", "2008-01-31": "9907.00000", "2007-10-31": "9470.00000", "2007-07-31": "9607.00000", "2007-04-30": "10481.00000", "2007-01-31": "12254.00000", "2006-10-31": "13074.00000", "2006-07-31": "13572.00000", "2006-04-30": "13512.00000", "2006-01-31": "13519.00000", "2005-10-31": "12986.00000", "2005-07-31": "6613.00000", "2005-04-30": "6372.00000", "2005-01-31": "6167.00000"}, "Total Liabilities And Share Holders Equity": {"2020-10-31": "19214.00000", "2020-07-31": "17614.00000", "2020-04-30": "18581.00000", "2020-01-31": "21172.00000", "2019-10-31": "22547.00000", "2019-07-31": "20741.00000", "2019-04-30": "21296.00000", "2019-01-31": "19194.00000", "2018-10-31": "20361.00000", "2018-07-31": "18668.00000", "2018-04-30": "19568.00000", "2018-01-31": "19583.00000", "2017-10-31": "20393.00000", "2017-07-31": "18738.00000", "2017-04-30": "19878.00000", "2017-01-31": "19851.00000", "2016-10-31": "21274.00000", "2016-07-31": "19706.00000", "2016-04-30": "20161.00000", "2016-01-31": "20576.00000", "2015-10-31": "21883.00000", "2015-07-31": "19960.00000", "2015-04-30": "21018.00000", "2015-01-31": "21330.00000", "2014-10-31": "22412.00000", "2014-07-31": "20606.00000", "2014-04-30": "21305.00000", "2014-01-31": "21620.00000", "2013-10-31": "22446.00000", "2013-07-31": "20431.00000", "2013-04-30": "21040.00000", "2013-01-31": "20991.00000", "2012-10-31": "22270.00000", "2012-07-31": "20565.00000", "2012-04-30": "21277.00000", "2012-01-31": "22095.00000", "2011-10-31": "22263.00000", "2011-07-31": "20508.00000", "2011-04-30": "20417.00000", "2011-01-31": "20631.00000", "2010-10-31": "21682.00000", "2010-07-31": "20438.00000", "2010-04-30": "20636.00000", "2010-01-31": "21300.00000", "2009-10-31": "22313.00000", "2009-07-31": "20784.00000", "2009-04-30": "21331.00000", "2009-01-31": "22145.00000", "2008-10-31": "28904.00000", "2008-07-31": "27993.00000", "2008-04-30": "27579.00000", "2008-01-31": "27789.00000", "2007-10-31": "29669.00000", "2007-07-31": "27928.00000", "2007-04-30": "28631.00000", "2007-01-31": "29550.00000", "2006-10-31": "31645.00000", "2006-07-31": "31252.00000", "2006-04-30": "33127.00000", "2006-01-31": "33168.00000", "2005-10-31": "34640.00000", "2005-07-31": "15219.00000", "2005-04-30": "15006.00000", "2005-01-31": "14885.00000"}}, "cash flow statement": {"Net Income/Loss": {"2020-01-31": "564.00000", "2019-01-31": "1098.00000", "2018-01-31": "1555.00000", "2017-01-31": "619.00000", "2016-01-31": "1070.00000", "2015-01-31": "1526.00000", "2014-01-31": "1486.00000", "2013-01-31": "1335.00000", "2012-01-31": "1256.00000", "2011-01-31": "847.00000", "2010-01-31": "329.00000", "2009-01-31": "-4775.00000", "2008-01-31": "893.00000", "2007-01-31": "995.00000", "2006-01-31": "1406.00000", "2005-01-31": "689.00000"}, "Total Depreciation And Amortization - Cash Flow": {"2020-01-31": "985.00000", "2019-01-31": "947.00000", "2018-01-31": "946.00000", "2017-01-31": "1044.00000", "2016-01-31": "1047.00000", "2015-01-31": "1031.00000", "2014-01-31": "1012.00000", "2013-01-31": "1033.00000", "2012-01-31": "1070.00000", "2011-01-31": "1125.00000", "2010-01-31": "1187.00000", "2009-01-31": "6633.00000", "2008-01-31": "1273.00000", "2007-01-31": "1216.00000", "2006-01-31": "956.00000", "2005-01-31": "740.00000"}, "Other Non-Cash Items": {"2020-01-31": "313.00000", "2019-01-31": "40.00000", "2018-01-31": "-581.00000", "2017-01-31": "295.00000", "2016-01-31": "140.00000", "2015-01-31": "97.00000", "2014-01-31": "8.00000", "2013-01-31": "80.00000", "2012-01-31": "198.00000", "2011-01-31": "332.00000", "2010-01-31": "590.00000", "2009-01-31": "126.00000", "2008-01-31": "293.00000", "2007-01-31": "449.00000", "2006-01-31": "-345.00000", "2005-01-31": "71.00000"}, "Total Non-Cash Items": {"2020-01-31": "1298.00000", "2019-01-31": "987.00000", "2018-01-31": "365.00000", "2017-01-31": "1339.00000", "2016-01-31": "1187.00000", "2015-01-31": "1128.00000", "2014-01-31": "1020.00000", "2013-01-31": "1113.00000", "2012-01-31": "1268.00000", "2011-01-31": "1457.00000", "2010-01-31": "1777.00000", "2009-01-31": "6759.00000", "2008-01-31": "1566.00000", "2007-01-31": "1665.00000", "2006-01-31": "611.00000", "2005-01-31": "811.00000"}, "Change In Accounts Receivable": {"2020-01-31": "-9.00000", "2019-01-31": "-61.00000", "2018-01-31": "120.00000", "2017-01-31": "-1.00000", "2016-01-31": "-45.00000", "2015-01-31": "22.00000", "2014-01-31": "-58.00000", "2013-01-31": "7.00000", "2012-01-31": "-37.00000", "2011-01-31": "-51.00000", "2010-01-31": "7.00000", "2009-01-31": "-1.00000", "2008-01-31": "9.00000", "2007-01-31": "2067.00000", "2006-01-31": "2048.00000", "2005-01-31": "17.00000"}, "Change In Inventories": {"2020-01-31": "75.00000", "2019-01-31": "-87.00000", "2018-01-31": "221.00000", "2017-01-31": "107.00000", "2016-01-31": "-60.00000", "2015-01-31": "44.00000", "2014-01-31": "-249.00000", "2013-01-31": "-191.00000", "2012-01-31": "-359.00000", "2011-01-31": "-143.00000", "2010-01-31": "154.00000", "2009-01-31": "291.00000", "2008-01-31": "256.00000", "2007-01-31": "-51.00000", "2006-01-31": "495.00000", "2005-01-31": "95.00000"}, "Change In Accounts Payable": {"2020-01-31": "40.00000", "2019-01-31": "55.00000", "2018-01-31": "162.00000", "2017-01-31": "-132.00000", "2016-01-31": "-78.00000", "2015-01-31": "-21.00000", "2014-01-31": "101.00000", "2013-01-31": "23.00000", "2012-01-31": "143.00000", "2011-01-31": "91.00000", "2010-01-31": "29.00000", "2009-01-31": "-90.00000", "2008-01-31": "-132.00000", "2007-01-31": "-462.00000", "2006-01-31": "", "2005-01-31": ""}, "Change In Assets/Liabilities": {"2020-01-31": "-43.00000", "2019-01-31": "-135.00000", "2018-01-31": "-112.00000", "2017-01-31": "-71.00000", "2016-01-31": "-137.00000", "2015-01-31": "-54.00000", "2014-01-31": "194.00000", "2013-01-31": "-59.00000", "2012-01-31": "-395.00000", "2011-01-31": "-765.00000", "2010-01-31": "-385.00000", "2009-01-31": "56.00000", "2008-01-31": "2.00000", "2007-01-31": "27.00000", "2006-01-31": "-18.00000", "2005-01-31": "-75.00000"}, "Total Change In Assets/Liabilities": {"2020-01-31": "-254.00000", "2019-01-31": "-350.00000", "2018-01-31": "56.00000", "2017-01-31": "-157.00000", "2016-01-31": "-273.00000", "2015-01-31": "55.00000", "2014-01-31": "43.00000", "2013-01-31": "-269.00000", "2012-01-31": "-351.00000", "2011-01-31": "-798.00000", "2010-01-31": "-356.00000", "2009-01-31": "-118.00000", "2008-01-31": "-247.00000", "2007-01-31": "1032.00000", "2006-01-31": "2128.00000", "2005-01-31": "7.00000"}, "Cash Flow From Operating Activities": {"2020-01-31": "1608.00000", "2019-01-31": "1735.00000", "2018-01-31": "1976.00000", "2017-01-31": "1801.00000", "2016-01-31": "1984.00000", "2015-01-31": "2709.00000", "2014-01-31": "2549.00000", "2013-01-31": "2179.00000", "2012-01-31": "2173.00000", "2011-01-31": "1506.00000", "2010-01-31": "1750.00000", "2009-01-31": "1866.00000", "2008-01-31": "2212.00000", "2007-01-31": "3692.00000", "2006-01-31": "4145.00000", "2005-01-31": "1507.00000"}, "Net Change In Property, Plant, And Equipment": {"2020-01-31": "-972.00000", "2019-01-31": "-458.00000", "2018-01-31": "-349.00000", "2017-01-31": "-239.00000", "2016-01-31": "-909.00000", "2015-01-31": "-896.00000", "2014-01-31": "-731.00000", "2013-01-31": "-876.00000", "2012-01-31": "-650.00000", "2011-01-31": "-431.00000", "2010-01-31": "-400.00000", "2009-01-31": "-859.00000", "2008-01-31": "-878.00000", "2007-01-31": "-713.00000", "2006-01-31": "-637.00000", "2005-01-31": "-521.00000"}, "Net Change In Intangible Assets": {"2020-01-31": "", "2019-01-31": "", "2018-01-31": "", "2017-01-31": "", "2016-01-31": "", "2015-01-31": "", "2014-01-31": "0.00000", "2013-01-31": "0.00000", "2012-01-31": "0.00000", "2011-01-31": "0.00000", "2010-01-31": "0.00000", "2009-01-31": "0.00000", "2008-01-31": "0.00000", "2007-01-31": "0.00000", "2006-01-31": "0.00000", "2005-01-31": "0.00000"}, "Net Acquisitions/Divestitures": {"2020-01-31": "", "2019-01-31": "", "2018-01-31": "", "2017-01-31": "", "2016-01-31": "-212.00000", "2015-01-31": "", "2014-01-31": "", "2013-01-31": "", "2012-01-31": "", "2011-01-31": "", "2010-01-31": "", "2009-01-31": "", "2008-01-31": "66.00000", "2007-01-31": "1787.00000", "2006-01-31": "-5321.00000", "2005-01-31": ""}, "Net Change In Short-term Investments": {"2020-01-31": "", "2019-01-31": "", "2018-01-31": "", "2017-01-31": "", "2016-01-31": "", "2015-01-31": "", "2014-01-31": "", "2013-01-31": "", "2012-01-31": "", "2011-01-31": "", "2010-01-31": "", "2009-01-31": "", "2008-01-31": "", "2007-01-31": "", "2006-01-31": "", "2005-01-31": ""}, "Net Change In Long-Term Investments": {"2020-01-31": "", "2019-01-31": "", "2018-01-31": "", "2017-01-31": "", "2016-01-31": "", "2015-01-31": "", "2014-01-31": "", "2013-01-31": "", "2012-01-31": "", "2011-01-31": "", "2010-01-31": "", "2009-01-31": "", "2008-01-31": "", "2007-01-31": "", "2006-01-31": "", "2005-01-31": ""}, "Net Change In Investments - Total": {"2020-01-31": "", "2019-01-31": "", "2018-01-31": "", "2017-01-31": "", "2016-01-31": "", "2015-01-31": "", "2014-01-31": "", "2013-01-31": "", "2012-01-31": "", "2011-01-31": "", "2010-01-31": "", "2009-01-31": "", "2008-01-31": "", "2007-01-31": "", "2006-01-31": "", "2005-01-31": ""}, "Investing Activities - Other": {"2020-01-31": "-30.00000", "2019-01-31": "2.00000", "2018-01-31": "-2.00000", "2017-01-31": "-4.00000", "2016-01-31": "29.00000", "2015-01-31": "-74.00000", "2014-01-31": "-57.00000", "2013-01-31": "95.00000", "2012-01-31": "-47.00000", "2011-01-31": "-34.00000", "2010-01-31": "23.00000", "2009-01-31": "67.00000", "2008-01-31": "52.00000", "2007-01-31": "199.00000", "2006-01-31": "1257.00000", "2005-01-31": "-206.00000"}, "Cash Flow From Investing Activities": {"2020-01-31": "-1002.00000", "2019-01-31": "-456.00000", "2018-01-31": "-351.00000", "2017-01-31": "-243.00000", "2016-01-31": "-1092.00000", "2015-01-31": "-970.00000", "2014-01-31": "-788.00000", "2013-01-31": "-781.00000", "2012-01-31": "-697.00000", "2011-01-31": "-465.00000", "2010-01-31": "-377.00000", "2009-01-31": "-792.00000", "2008-01-31": "-760.00000", "2007-01-31": "1273.00000", "2006-01-31": "-4701.00000", "2005-01-31": "-727.00000"}, "Net Long-Term Debt": {"2020-01-31": "-597.00000", "2019-01-31": "-1149.00000", "2018-01-31": "-988.00000", "2017-01-31": "-754.00000", "2016-01-31": "347.00000", "2015-01-31": "174.00000", "2014-01-31": "276.00000", "2013-01-31": "-803.00000", "2012-01-31": "346.00000", "2011-01-31": "-1245.00000", "2010-01-31": "-966.00000", "2009-01-31": "-16.00000", "2008-01-31": "1301.00000", "2007-01-31": "-1534.00000", "2006-01-31": "-175.00000", "2005-01-31": "-179.00000"}, "Net Current Debt": {"2020-01-31": "-62.00000", "2019-01-31": "16.00000", "2018-01-31": "-15.00000", "2017-01-31": "61.00000", "2016-01-31": "-83.00000", "2015-01-31": "133.00000", "2014-01-31": "24.00000", "2013-01-31": "-88.00000", "2012-01-31": "49.00000", "2011-01-31": "24.00000", "2010-01-31": "-29.00000", "2009-01-31": "-116.00000", "2008-01-31": "-57.00000", "2007-01-31": "-77.00000", "2006-01-31": "-53.00000", "2005-01-31": "38.00000"}, "Debt Issuance/Retirement Net - Total": {"2020-01-31": "-659.00000", "2019-01-31": "-1133.00000", "2018-01-31": "-1003.00000", "2017-01-31": "-693.00000", "2016-01-31": "264.00000", "2015-01-31": "307.00000", "2014-01-31": "300.00000", "2013-01-31": "-891.00000", "2012-01-31": "395.00000", "2011-01-31": "-1221.00000", "2010-01-31": "-995.00000", "2009-01-31": "-132.00000", "2008-01-31": "1244.00000", "2007-01-31": "-1611.00000", "2006-01-31": "-228.00000", "2005-01-31": "-141.00000"}, "Net Common Equity Issued/Repurchased": {"2020-01-31": "5.00000", "2019-01-31": "52.00000", "2018-01-31": "18.00000", "2017-01-31": "-274.00000", "2016-01-31": "-1833.00000", "2015-01-31": "-1643.00000", "2014-01-31": "-1256.00000", "2013-01-31": "-1163.00000", "2012-01-31": "-340.00000", "2011-01-31": "42.00000", "2010-01-31": "7.00000", "2009-01-31": "6.00000", "2008-01-31": "-3065.00000", "2007-01-31": "-2118.00000", "2006-01-31": "329.00000", "2005-01-31": "-603.00000"}, "Net Total Equity Issued/Repurchased": {"2020-01-31": "5.00000", "2019-01-31": "52.00000", "2018-01-31": "18.00000", "2017-01-31": "-274.00000", "2016-01-31": "-1833.00000", "2015-01-31": "-1643.00000", "2014-01-31": "-1256.00000", "2013-01-31": "-1163.00000", "2012-01-31": "-340.00000", "2011-01-31": "42.00000", "2010-01-31": "7.00000", "2009-01-31": "6.00000", "2008-01-31": "-3065.00000", "2007-01-31": "-2118.00000", "2006-01-31": "329.00000", "2005-01-31": "-603.00000"}, "Total Common And Preferred Stock Dividends Paid": {"2020-01-31": "-466.00000", "2019-01-31": "-463.00000", "2018-01-31": "-461.00000", "2017-01-31": "-459.00000", "2016-01-31": "-456.00000", "2015-01-31": "-421.00000", "2014-01-31": "-359.00000", "2013-01-31": "-324.00000", "2012-01-31": "-148.00000", "2011-01-31": "-84.00000", "2010-01-31": "-84.00000", "2009-01-31": "-221.00000", "2008-01-31": "-230.00000", "2007-01-31": "-274.00000", "2006-01-31": "-157.00000", "2005-01-31": "-93.00000"}, "Financial Activities - Other": {"2020-01-31": "-3.00000", "2019-01-31": "", "2018-01-31": "", "2017-01-31": "", "2016-01-31": "-4.00000", "2015-01-31": "-9.00000", "2014-01-31": "-9.00000", "2013-01-31": "-11.00000", "2012-01-31": "-20.00000", "2011-01-31": "", "2010-01-31": "", "2009-01-31": "-18.00000", "2008-01-31": "-18.00000", "2007-01-31": "-10.00000", "2006-01-31": "-2.00000", "2005-01-31": ""}, "Cash Flow From Financial Activities": {"2020-01-31": "-1123.00000", "2019-01-31": "-1544.00000", "2018-01-31": "-1446.00000", "2017-01-31": "-1426.00000", "2016-01-31": "-2029.00000", "2015-01-31": "-1766.00000", "2014-01-31": "-1324.00000", "2013-01-31": "-2389.00000", "2012-01-31": "-113.00000", "2011-01-31": "-1263.00000", "2010-01-31": "-1072.00000", "2009-01-31": "-365.00000", "2008-01-31": "-2069.00000", "2007-01-31": "-4013.00000", "2006-01-31": "-58.00000", "2005-01-31": "-837.00000"}, "Net Cash Flow": {"2020-01-31": "-517.00000", "2019-01-31": "-265.00000", "2018-01-31": "179.00000", "2017-01-31": "132.00000", "2016-01-31": "-1137.00000", "2015-01-31": "-27.00000", "2014-01-31": "437.00000", "2013-01-31": "-991.00000", "2012-01-31": "1363.00000", "2011-01-31": "-222.00000", "2010-01-31": "301.00000", "2009-01-31": "709.00000", "2008-01-31": "-618.00000", "2007-01-31": "963.00000", "2006-01-31": "-620.00000", "2005-01-31": "-57.00000"}, "Stock-Based Compensation": {"2020-01-31": "38.00000", "2019-01-31": "63.00000", "2018-01-31": "58.00000", "2017-01-31": "61.00000", "2016-01-31": "65.00000", "2015-01-31": "73.00000", "2014-01-31": "62.00000", "2013-01-31": "61.00000", "2012-01-31": "70.00000", "2011-01-31": "66.00000", "2010-01-31": "76.00000", "2009-01-31": "43.00000", "2008-01-31": "60.00000", "2007-01-31": "91.00000", "2006-01-31": "10.00000", "2005-01-31": "12.00000"}, "Common Stock Dividends Paid": {"2020-01-31": "-466.00000", "2019-01-31": "-463.00000", "2018-01-31": "-461.00000", "2017-01-31": "-459.00000", "2016-01-31": "-456.00000", "2015-01-31": "-421.00000", "2014-01-31": "-359.00000", "2013-01-31": "-324.00000", "2012-01-31": "-148.00000", "2011-01-31": "-84.00000", "2010-01-31": "-84.00000", "2009-01-31": "-221.00000", "2008-01-31": "-230.00000", "2007-01-31": "-274.00000", "2006-01-31": "-157.00000", "2005-01-31": "-93.00000"}}, "cash flow statement, quarterly": {"Net Income/Loss": {"2020-10-31": -92, "2020-07-31": -431, "2020-04-30": "-3581.00000", "2020-01-31": 340, "2019-10-31": 1, "2019-07-31": 87, "2019-04-30": "136.00000", "2019-01-31": 740, "2018-10-31": 62, "2018-07-31": 165, "2018-04-30": "131.00000", "2018-01-31": 1343, "2017-10-31": 27, "2017-07-31": 108, "2017-04-30": "77.00000", "2017-01-31": 480, "2016-10-31": 15, "2016-07-31": 9, "2016-04-30": "115.00000", "2016-01-31": 543, "2015-10-31": 117, "2015-07-31": 217, "2015-04-30": "193.00000", "2015-01-31": 793, "2014-10-31": 217, "2014-07-31": 292, "2014-04-30": "224.00000", "2014-01-31": 811, "2013-10-31": 177, "2013-07-31": 281, "2013-04-30": "217.00000", "2013-01-31": 730, "2012-10-31": 145, "2012-07-31": 279, "2012-04-30": "181.00000", "2012-01-31": 745, "2011-10-31": 139, "2011-07-31": 241, "2011-04-30": "131.00000", "2011-01-31": 667, "2010-10-31": 10, "2010-07-31": 147, "2010-04-30": "23.00000", "2010-01-31": 445, "2009-10-31": -35, "2009-07-31": 7, "2009-04-30": "-88.00000", "2009-01-31": -4745, "2008-10-31": -44, "2008-07-31": 73, "2008-04-30": "-59.00000", "2008-01-31": 750, "2007-10-31": 33, "2007-07-31": 74, "2007-04-30": "36.00000", "2007-01-31": 733, "2006-10-31": -3, "2006-07-31": 317, "2006-04-30": "-52.00000", "2006-01-31": 699, "2005-10-31": 436, "2005-07-31": 148, "2005-04-30": "123.00000", "2005-01-31": 689}, "Total Depreciation And Amortization - Cash Flow": {"2020-10-31": 257, "2020-07-31": 239, "2020-04-30": "237.00000", "2020-01-31": 259, "2019-10-31": 253, "2019-07-31": 237, "2019-04-30": "236.00000", "2019-01-31": 234, "2018-10-31": 248, "2018-07-31": 230, "2018-04-30": "235.00000", "2018-01-31": 215, "2017-10-31": 254, "2017-07-31": 234, "2017-04-30": "243.00000", "2017-01-31": 271, "2016-10-31": 254, "2016-07-31": 260, "2016-04-30": "259.00000", "2016-01-31": 270, "2015-10-31": 259, "2015-07-31": 260, "2015-04-30": "258.00000", "2015-01-31": 265, "2014-10-31": 262, "2014-07-31": 253, "2014-04-30": "251.00000", "2014-01-31": 258, "2013-10-31": 255, "2013-07-31": 250, "2013-04-30": "249.00000", "2013-01-31": 261, "2012-10-31": 266, "2012-07-31": 255, "2012-04-30": "251.00000", "2012-01-31": 264, "2011-10-31": 278, "2011-07-31": 264, "2011-04-30": "264.00000", "2011-01-31": 281, "2010-10-31": 281, "2010-07-31": 282, "2010-04-30": "281.00000", "2010-01-31": 299, "2009-10-31": 296, "2009-07-31": 295, "2009-04-30": "297.00000", "2009-01-31": 5703, "2008-10-31": 314, "2008-07-31": 308, "2008-04-30": "308.00000", "2008-01-31": 320, "2007-10-31": 314, "2007-07-31": 319, "2007-04-30": "320.00000", "2007-01-31": 319, "2006-10-31": 304, "2006-07-31": 289, "2006-04-30": "304.00000", "2006-01-31": 324, "2005-10-31": 275, "2005-07-31": 179, "2005-04-30": "178.00000", "2005-01-31": 740}, "Other Non-Cash Items": {"2020-10-31": 58, "2020-07-31": 258, "2020-04-30": "2961.00000", "2020-01-31": 264, "2019-10-31": 35, "2019-07-31": 27, "2019-04-30": "-13.00000", "2019-01-31": -96, "2018-10-31": 35, "2018-07-31": 61, "2018-04-30": "40.00000", "2018-01-31": -604, "2017-10-31": 26, "2017-07-31": 11, "2017-04-30": "-14.00000", "2017-01-31": -60, "2016-10-31": 111, "2016-07-31": 176, "2016-04-30": "68.00000", "2016-01-31": -15, "2015-10-31": 128, "2015-07-31": 15, "2015-04-30": "12.00000", "2015-01-31": 13, "2014-10-31": 44, "2014-07-31": 11, "2014-04-30": "29.00000", "2014-01-31": 3, "2013-10-31": 10, "2013-07-31": -27, "2013-04-30": "22.00000", "2013-01-31": 19, "2012-10-31": 65, "2012-07-31": -1, "2012-04-30": "-3.00000", "2012-01-31": -18, "2011-10-31": 83, "2011-07-31": 48, "2011-04-30": "85.00000", "2011-01-31": 177, "2010-10-31": 81, "2010-07-31": 61, "2010-04-30": "13.00000", "2010-01-31": 410, "2009-10-31": 2, "2009-07-31": -30, "2009-04-30": "208.00000", "2009-01-31": -93, "2008-10-31": 10, "2008-07-31": 79, "2008-04-30": "130.00000", "2008-01-31": 96, "2007-10-31": 105, "2007-07-31": 89, "2007-04-30": "3.00000", "2007-01-31": 186, "2006-10-31": 365, "2006-07-31": -285, "2006-04-30": "183.00000", "2006-01-31": 111, "2005-10-31": -491, "2005-07-31": 88, "2005-04-30": "-53.00000", "2005-01-31": 71}, "Total Non-Cash Items": {"2020-10-31": 315, "2020-07-31": 497, "2020-04-30": "3198.00000", "2020-01-31": 523, "2019-10-31": 288, "2019-07-31": 264, "2019-04-30": "223.00000", "2019-01-31": 138, "2018-10-31": 283, "2018-07-31": 291, "2018-04-30": "275.00000", "2018-01-31": -389, "2017-10-31": 280, "2017-07-31": 245, "2017-04-30": "229.00000", "2017-01-31": 211, "2016-10-31": 365, "2016-07-31": 436, "2016-04-30": "327.00000", "2016-01-31": 255, "2015-10-31": 387, "2015-07-31": 275, "2015-04-30": "270.00000", "2015-01-31": 278, "2014-10-31": 306, "2014-07-31": 264, "2014-04-30": "280.00000", "2014-01-31": 261, "2013-10-31": 265, "2013-07-31": 223, "2013-04-30": "271.00000", "2013-01-31": 280, "2012-10-31": 331, "2012-07-31": 254, "2012-04-30": "248.00000", "2012-01-31": 246, "2011-10-31": 361, "2011-07-31": 312, "2011-04-30": "349.00000", "2011-01-31": 458, "2010-10-31": 362, "2010-07-31": 343, "2010-04-30": "294.00000", "2010-01-31": 709, "2009-10-31": 298, "2009-07-31": 265, "2009-04-30": "505.00000", "2009-01-31": 5610, "2008-10-31": 324, "2008-07-31": 387, "2008-04-30": "438.00000", "2008-01-31": 416, "2007-10-31": 419, "2007-07-31": 408, "2007-04-30": "323.00000", "2007-01-31": 505, "2006-10-31": 669, "2006-07-31": 4, "2006-04-30": "487.00000", "2006-01-31": 435, "2005-10-31": -216, "2005-07-31": 267, "2005-04-30": "125.00000", "2005-01-31": 811}, "Change In Accounts Receivable": {"2020-10-31": 1, "2020-07-31": -14, "2020-04-30": "236.00000", "2020-01-31": -233, "2019-10-31": 64, "2019-07-31": -3, "2019-04-30": "163.00000", "2019-01-31": -224, "2018-10-31": 75, "2018-07-31": -17, "2018-04-30": "105.00000", "2018-01-31": -154, "2017-10-31": 155, "2017-07-31": -51, "2017-04-30": "170.00000", "2017-01-31": -238, "2016-10-31": 138, "2016-07-31": 440, "2016-04-30": "-341.00000", "2016-01-31": -271, "2015-10-31": 134, "2015-07-31": -75, "2015-04-30": "167.00000", "2015-01-31": -132, "2014-10-31": 68, "2014-07-31": -77, "2014-04-30": "163.00000", "2014-01-31": -160, "2013-10-31": 61, "2013-07-31": -37, "2013-04-30": "78.00000", "2013-01-31": -84, "2012-10-31": 77, "2012-07-31": 369, "2012-04-30": "-355.00000", "2012-01-31": -65, "2011-10-31": -8, "2011-07-31": -77, "2011-04-30": "113.00000", "2011-01-31": -98, "2010-10-31": 43, "2010-07-31": -67, "2010-04-30": "71.00000", "2010-01-31": -83, "2009-10-31": 66, "2009-07-31": -70, "2009-04-30": "94.00000", "2009-01-31": -85, "2008-10-31": -25, "2008-07-31": 31, "2008-04-30": "78.00000", "2008-01-31": -48, "2007-10-31": 31, "2007-07-31": 14, "2007-04-30": "12.00000", "2007-01-31": -28, "2006-10-31": 8, "2006-07-31": 1865, "2006-04-30": "222.00000", "2006-01-31": -300, "2005-10-31": 2125, "2005-07-31": 102, "2005-04-30": "121.00000", "2005-01-31": 17}, "Change In Inventories": {"2020-10-31": -1564, "2020-07-31": 1333, "2020-04-30": "265.00000", "2020-01-31": 2068, "2019-10-31": -2227, "2019-07-31": 469, "2019-04-30": "-235.00000", "2019-01-31": 1882, "2018-10-31": -2190, "2018-07-31": 336, "2018-04-30": "-115.00000", "2018-01-31": 1886, "2017-10-31": -2084, "2017-07-31": 646, "2017-04-30": "-227.00000", "2017-01-31": 2188, "2016-10-31": -2265, "2016-07-31": 416, "2016-04-30": "-232.00000", "2016-01-31": 2465, "2015-10-31": -2475, "2015-07-31": 433, "2015-04-30": "-483.00000", "2015-01-31": 2276, "2014-10-31": -2373, "2014-07-31": 481, "2014-04-30": "-340.00000", "2014-01-31": 2159, "2013-10-31": -2359, "2013-07-31": 274, "2013-04-30": "-323.00000", "2013-01-31": 1900, "2012-10-31": -2172, "2012-07-31": 429, "2012-04-30": "-348.00000", "2012-01-31": 2041, "2011-10-31": -2210, "2011-07-31": 211, "2011-04-30": "-401.00000", "2011-01-31": 1772, "2010-10-31": -1897, "2010-07-31": 288, "2010-04-30": "-306.00000", "2010-01-31": 1791, "2009-10-31": -2016, "2009-07-31": 636, "2009-04-30": "-257.00000", "2009-01-31": 2146, "2008-10-31": -1907, "2008-07-31": 276, "2008-04-30": "-224.00000", "2008-01-31": 1951, "2007-10-31": -1812, "2007-07-31": 299, "2007-04-30": "-182.00000", "2007-01-31": 1706, "2006-10-31": -1914, "2006-07-31": 130, "2006-04-30": "27.00000", "2006-01-31": 1884, "2005-10-31": -1250, "2005-07-31": 155, "2005-04-30": "-294.00000", "2005-01-31": 95}, "Change In Accounts Payable": {"2020-10-31": 1800, "2020-07-31": -817, "2020-04-30": "629.00000", "2020-01-31": -1608, "2019-10-31": 1593, "2019-07-31": -192, "2019-04-30": "247.00000", "2019-01-31": -1609, "2018-10-31": 1445, "2018-07-31": -196, "2018-04-30": "415.00000", "2018-01-31": -1468, "2017-10-31": 1369, "2017-07-31": -312, "2017-04-30": "573.00000", "2017-01-31": -1797, "2016-10-31": 1358, "2016-07-31": -118, "2016-04-30": "425.00000", "2016-01-31": -1851, "2015-10-31": 1459, "2015-07-31": -377, "2015-04-30": "691.00000", "2015-01-31": -1956, "2014-10-31": 1659, "2014-07-31": -352, "2014-04-30": "628.00000", "2014-01-31": -2054, "2013-10-31": 1713, "2013-07-31": -312, "2013-04-30": "754.00000", "2013-01-31": -1918, "2012-10-31": 1649, "2012-07-31": -428, "2012-04-30": "720.00000", "2012-01-31": -1880, "2011-10-31": 1511, "2011-07-31": -143, "2011-04-30": "655.00000", "2011-01-31": -1628, "2010-10-31": 1316, "2010-07-31": -236, "2010-04-30": "639.00000", "2010-01-31": -1662, "2009-10-31": 1556, "2009-07-31": -381, "2009-04-30": "516.00000", "2009-01-31": -1723, "2008-10-31": 1196, "2008-07-31": -149, "2008-04-30": "586.00000", "2008-01-31": -132, "2007-10-31": 0, "2007-07-31": 0, "2007-04-30": "", "2007-01-31": -462, "2006-10-31": 0, "2006-07-31": 0, "2006-04-30": "", "2006-01-31": 0, "2005-10-31": 0, "2005-07-31": 0, "2005-04-30": "", "2005-01-31": 0}, "Change In Assets/Liabilities": {"2020-10-31": -93, "2020-07-31": 5, "2020-04-30": "-27.00000", "2020-01-31": 25, "2019-10-31": -27, "2019-07-31": 23, "2019-04-30": "-64.00000", "2019-01-31": -21, "2018-10-31": -49, "2018-07-31": -4, "2018-04-30": "-61.00000", "2018-01-31": -39, "2017-10-31": -67, "2017-07-31": 37, "2017-04-30": "-43.00000", "2017-01-31": 42, "2016-10-31": -34, "2016-07-31": -39, "2016-04-30": "-40.00000", "2016-01-31": -61, "2015-10-31": -21, "2015-07-31": -5, "2015-04-30": "-50.00000", "2015-01-31": -1, "2014-10-31": 1, "2014-07-31": 11, "2014-04-30": "-65.00000", "2014-01-31": 61, "2013-10-31": 47, "2013-07-31": 67, "2013-04-30": "19.00000", "2013-01-31": -174, "2012-10-31": 22, "2012-07-31": 7, "2012-04-30": "86.00000", "2012-01-31": -175, "2011-10-31": 23, "2011-07-31": 8, "2011-04-30": "-251.00000", "2011-01-31": -386, "2010-10-31": 7, "2010-07-31": 19, "2010-04-30": "-405.00000", "2010-01-31": -212, "2009-10-31": -75, "2009-07-31": -38, "2009-04-30": "-60.00000", "2009-01-31": 64, "2008-10-31": -8, "2008-07-31": 37, "2008-04-30": "-37.00000", "2008-01-31": -8, "2007-10-31": -27, "2007-07-31": 34, "2007-04-30": "3.00000", "2007-01-31": 71, "2006-10-31": -73, "2006-07-31": 44, "2006-04-30": "-15.00000", "2006-01-31": -94, "2005-10-31": 75, "2005-07-31": 12, "2005-04-30": "-11.00000", "2005-01-31": -75}, "Total Change In Assets/Liabilities": {"2020-10-31": 28, "2020-07-31": 91, "2020-04-30": "219.00000", "2020-01-31": 573, "2019-10-31": -467, "2019-07-31": 37, "2019-04-30": "-397.00000", "2019-01-31": 428, "2018-10-31": -460, "2018-07-31": -234, "2018-04-30": "-84.00000", "2018-01-31": 623, "2017-10-31": -454, "2017-07-31": -44, "2017-04-30": "-69.00000", "2017-01-31": 802, "2016-10-31": -632, "2016-07-31": 107, "2016-04-30": "-434.00000", "2016-01-31": 908, "2015-10-31": -624, "2015-07-31": -147, "2015-04-30": "-410.00000", "2015-01-31": 797, "2014-10-31": -418, "2014-07-31": 6, "2014-04-30": "-330.00000", "2014-01-31": 658, "2013-10-31": -287, "2013-07-31": -138, "2013-04-30": "-190.00000", "2013-01-31": 280, "2012-10-31": -225, "2012-07-31": -160, "2012-04-30": "-164.00000", "2012-01-31": 555, "2011-10-31": -460, "2011-07-31": -33, "2011-04-30": "-413.00000", "2011-01-31": 35, "2010-10-31": -314, "2010-07-31": -53, "2010-04-30": "-466.00000", "2010-01-31": 190, "2009-10-31": -277, "2009-07-31": 151, "2009-04-30": "-420.00000", "2009-01-31": 684, "2008-10-31": -555, "2008-07-31": 111, "2008-04-30": "-358.00000", "2008-01-31": 761, "2007-10-31": -579, "2007-07-31": 300, "2007-04-30": "-729.00000", "2007-01-31": 483, "2006-10-31": -976, "2006-07-31": 2074, "2006-04-30": "-549.00000", "2006-01-31": 695, "2005-10-31": 1431, "2005-07-31": 194, "2005-04-30": "-192.00000", "2005-01-31": 7}, "Cash Flow From Operating Activities": {"2020-10-31": 251, "2020-07-31": 157, "2020-04-30": "-164.00000", "2020-01-31": 1436, "2019-10-31": -178, "2019-07-31": 388, "2019-04-30": "-38.00000", "2019-01-31": 1306, "2018-10-31": -115, "2018-07-31": 222, "2018-04-30": "322.00000", "2018-01-31": 1577, "2017-10-31": -147, "2017-07-31": 309, "2017-04-30": "237.00000", "2017-01-31": 1493, "2016-10-31": -252, "2016-07-31": 552, "2016-04-30": "8.00000", "2016-01-31": 1706, "2015-10-31": -120, "2015-07-31": 345, "2015-04-30": "53.00000", "2015-01-31": 1868, "2014-10-31": 105, "2014-07-31": 562, "2014-04-30": "174.00000", "2014-01-31": 1730, "2013-10-31": 155, "2013-07-31": 366, "2013-04-30": "298.00000", "2013-01-31": 1290, "2012-10-31": 251, "2012-07-31": 373, "2012-04-30": "265.00000", "2012-01-31": 1546, "2011-10-31": 40, "2011-07-31": 520, "2011-04-30": "67.00000", "2011-01-31": 1160, "2010-10-31": 58, "2010-07-31": 437, "2010-04-30": "-149.00000", "2010-01-31": 1344, "2009-10-31": -14, "2009-07-31": 423, "2009-04-30": "-3.00000", "2009-01-31": 1549, "2008-10-31": -275, "2008-07-31": 571, "2008-04-30": "21.00000", "2008-01-31": 1927, "2007-10-31": -127, "2007-07-31": 782, "2007-04-30": "-370.00000", "2007-01-31": 1721, "2006-10-31": -310, "2006-07-31": 2395, "2006-04-30": "-114.00000", "2006-01-31": 1829, "2005-10-31": 1651, "2005-07-31": 609, "2005-04-30": "56.00000", "2005-01-31": 1507}, "Net Change In Property, Plant, And Equipment": {"2020-10-31": -89, "2020-07-31": -119, "2020-04-30": "-139.00000", "2020-01-31": -233, "2019-10-31": -297, "2019-07-31": -212, "2019-04-30": "-230.00000", "2019-01-31": 98, "2018-10-31": -236, "2018-07-31": -153, "2018-04-30": "-167.00000", "2018-01-31": -11, "2017-10-31": -116, "2017-07-31": -141, "2017-04-30": "-81.00000", "2017-01-31": 304, "2016-10-31": -166, "2016-07-31": -165, "2016-04-30": "-212.00000", "2016-01-31": -163, "2015-10-31": -239, "2015-07-31": -268, "2015-04-30": "-239.00000", "2015-01-31": -238, "2014-10-31": -231, "2014-07-31": -237, "2014-04-30": "-190.00000", "2014-01-31": -200, "2013-10-31": -220, "2013-07-31": -200, "2013-04-30": "-111.00000", "2013-01-31": -279, "2012-10-31": -201, "2012-07-31": -205, "2012-04-30": "-191.00000", "2012-01-31": -172, "2011-10-31": -232, "2011-07-31": -156, "2011-04-30": "-90.00000", "2011-01-31": -189, "2010-10-31": -117, "2010-07-31": -66, "2010-04-30": "-59.00000", "2010-01-31": -108, "2009-10-31": -110, "2009-07-31": -114, "2009-04-30": "-68.00000", "2009-01-31": -234, "2008-10-31": -300, "2008-07-31": -226, "2008-04-30": "-99.00000", "2008-01-31": -193, "2007-10-31": -303, "2007-07-31": -284, "2007-04-30": "-98.00000", "2007-01-31": -342, "2006-10-31": -422, "2006-07-31": 135, "2006-04-30": "-84.00000", "2006-01-31": -273, "2005-10-31": -203, "2005-07-31": -116, "2005-04-30": "-45.00000", "2005-01-31": -521}, "Net Change In Intangible Assets": {"2020-10-31": 0, "2020-07-31": 0, "2020-04-30": "", "2020-01-31": 0, "2019-10-31": 0, "2019-07-31": 0, "2019-04-30": "", "2019-01-31": 0, "2018-10-31": 0, "2018-07-31": 0, "2018-04-30": "", "2018-01-31": 0, "2017-10-31": 0, "2017-07-31": 0, "2017-04-30": "", "2017-01-31": 0, "2016-10-31": 0, "2016-07-31": 0, "2016-04-30": "", "2016-01-31": 0, "2015-10-31": 0, "2015-07-31": 0, "2015-04-30": "", "2015-01-31": 0, "2014-10-31": 0, "2014-07-31": 0, "2014-04-30": "", "2014-01-31": 0, "2013-10-31": 0, "2013-07-31": 0, "2013-04-30": "", "2013-01-31": 0, "2012-10-31": 0, "2012-07-31": 0, "2012-04-30": "", "2012-01-31": 0, "2011-10-31": 0, "2011-07-31": 0, "2011-04-30": "", "2011-01-31": 0, "2010-10-31": 0, "2010-07-31": 0, "2010-04-30": "", "2010-01-31": 0, "2009-10-31": 0, "2009-07-31": 0, "2009-04-30": "", "2009-01-31": 0, "2008-10-31": 0, "2008-07-31": 0, "2008-04-30": "", "2008-01-31": 0, "2007-10-31": 0, "2007-07-31": 0, "2007-04-30": "", "2007-01-31": 0, "2006-10-31": 0, "2006-07-31": 0, "2006-04-30": "", "2006-01-31": 0, "2005-10-31": 0, "2005-07-31": 0, "2005-04-30": "", "2005-01-31": 0}, "Net Acquisitions/Divestitures": {"2020-10-31": 0, "2020-07-31": 0, "2020-04-30": "", "2020-01-31": 0, "2019-10-31": 0, "2019-07-31": 0, "2019-04-30": "", "2019-01-31": 0, "2018-10-31": 0, "2018-07-31": 0, "2018-04-30": "", "2018-01-31": 0, "2017-10-31": 0, "2017-07-31": 0, "2017-04-30": "", "2017-01-31": 0, "2016-10-31": 0, "2016-07-31": 0, "2016-04-30": "", "2016-01-31": 0, "2015-10-31": 0, "2015-07-31": 0, "2015-04-30": "-212.00000", "2015-01-31": 0, "2014-10-31": 0, "2014-07-31": 0, "2014-04-30": "", "2014-01-31": 0, "2013-10-31": 0, "2013-07-31": 0, "2013-04-30": "", "2013-01-31": 0, "2012-10-31": 0, "2012-07-31": 0, "2012-04-30": "", "2012-01-31": 0, "2011-10-31": 0, "2011-07-31": 0, "2011-04-30": "", "2011-01-31": 0, "2010-10-31": 0, "2010-07-31": 0, "2010-04-30": "", "2010-01-31": 0, "2009-10-31": 0, "2009-07-31": 0, "2009-04-30": "", "2009-01-31": 0, "2008-10-31": 0, "2008-07-31": 0, "2008-04-30": "", "2008-01-31": 0, "2007-10-31": 0, "2007-07-31": 0, "2007-04-30": "66.00000", "2007-01-31": 740, "2006-10-31": 1047, "2006-07-31": 0, "2006-04-30": "", "2006-01-31": 18, "2005-10-31": -5339, "2005-07-31": 0, "2005-04-30": "", "2005-01-31": 0}, "Net Change In Short-term Investments": {"2020-10-31": 0, "2020-07-31": 0, "2020-04-30": "", "2020-01-31": 0, "2019-10-31": 0, "2019-07-31": 0, "2019-04-30": "", "2019-01-31": 0, "2018-10-31": 0, "2018-07-31": 0, "2018-04-30": "", "2018-01-31": 0, "2017-10-31": 0, "2017-07-31": 0, "2017-04-30": "", "2017-01-31": 0, "2016-10-31": 0, "2016-07-31": 0, "2016-04-30": "", "2016-01-31": 0, "2015-10-31": 0, "2015-07-31": 0, "2015-04-30": "", "2015-01-31": 0, "2014-10-31": 0, "2014-07-31": 0, "2014-04-30": "", "2014-01-31": 0, "2013-10-31": 0, "2013-07-31": 0, "2013-04-30": "", "2013-01-31": 0, "2012-10-31": 0, "2012-07-31": 0, "2012-04-30": "", "2012-01-31": 0, "2011-10-31": 0, "2011-07-31": 0, "2011-04-30": "", "2011-01-31": 0, "2010-10-31": 0, "2010-07-31": 0, "2010-04-30": "", "2010-01-31": 0, "2009-10-31": 0, "2009-07-31": 0, "2009-04-30": "", "2009-01-31": 0, "2008-10-31": 0, "2008-07-31": 0, "2008-04-30": "", "2008-01-31": 0, "2007-10-31": 0, "2007-07-31": 0, "2007-04-30": "", "2007-01-31": 0, "2006-10-31": 0, "2006-07-31": 0, "2006-04-30": "", "2006-01-31": 0, "2005-10-31": 0, "2005-07-31": 0, "2005-04-30": "", "2005-01-31": 0}, "Net Change In Long-Term Investments": {"2020-10-31": 0, "2020-07-31": 0, "2020-04-30": "", "2020-01-31": 0, "2019-10-31": 0, "2019-07-31": 0, "2019-04-30": "", "2019-01-31": 0, "2018-10-31": 0, "2018-07-31": 0, "2018-04-30": "", "2018-01-31": 0, "2017-10-31": 0, "2017-07-31": 0, "2017-04-30": "", "2017-01-31": 0, "2016-10-31": 0, "2016-07-31": 0, "2016-04-30": "", "2016-01-31": 0, "2015-10-31": 0, "2015-07-31": 0, "2015-04-30": "", "2015-01-31": 0, "2014-10-31": 0, "2014-07-31": 0, "2014-04-30": "", "2014-01-31": 0, "2013-10-31": 0, "2013-07-31": 0, "2013-04-30": "", "2013-01-31": 0, "2012-10-31": 0, "2012-07-31": 0, "2012-04-30": "", "2012-01-31": 0, "2011-10-31": 0, "2011-07-31": 0, "2011-04-30": "", "2011-01-31": 0, "2010-10-31": 0, "2010-07-31": 0, "2010-04-30": "", "2010-01-31": 0, "2009-10-31": 0, "2009-07-31": 0, "2009-04-30": "", "2009-01-31": 0, "2008-10-31": 0, "2008-07-31": 0, "2008-04-30": "", "2008-01-31": 0, "2007-10-31": 0, "2007-07-31": 0, "2007-04-30": "", "2007-01-31": 0, "2006-10-31": 0, "2006-07-31": 0, "2006-04-30": "", "2006-01-31": 0, "2005-10-31": 0, "2005-07-31": 0, "2005-04-30": "", "2005-01-31": 0}, "Net Change In Investments - Total": {"2020-10-31": 0, "2020-07-31": 0, "2020-04-30": "", "2020-01-31": 0, "2019-10-31": 0, "2019-07-31": 0, "2019-04-30": "", "2019-01-31": 0, "2018-10-31": 0, "2018-07-31": 0, "2018-04-30": "", "2018-01-31": 0, "2017-10-31": 0, "2017-07-31": 0, "2017-04-30": "", "2017-01-31": 0, "2016-10-31": 0, "2016-07-31": 0, "2016-04-30": "", "2016-01-31": 0, "2015-10-31": 0, "2015-07-31": 0, "2015-04-30": "", "2015-01-31": 0, "2014-10-31": 0, "2014-07-31": 0, "2014-04-30": "", "2014-01-31": 0, "2013-10-31": 0, "2013-07-31": 0, "2013-04-30": "", "2013-01-31": 0, "2012-10-31": 0, "2012-07-31": 0, "2012-04-30": "", "2012-01-31": 0, "2011-10-31": 0, "2011-07-31": 0, "2011-04-30": "", "2011-01-31": 0, "2010-10-31": 0, "2010-07-31": 0, "2010-04-30": "", "2010-01-31": 0, "2009-10-31": 0, "2009-07-31": 0, "2009-04-30": "", "2009-01-31": 0, "2008-10-31": 0, "2008-07-31": 0, "2008-04-30": "", "2008-01-31": 0, "2007-10-31": 0, "2007-07-31": 0, "2007-04-30": "", "2007-01-31": 0, "2006-10-31": 0, "2006-07-31": 0, "2006-04-30": "", "2006-01-31": 0, "2005-10-31": 0, "2005-07-31": 0, "2005-04-30": "", "2005-01-31": 0}, "Investing Activities - Other": {"2020-10-31": 47, "2020-07-31": -40, "2020-04-30": "26.00000", "2020-01-31": -40, "2019-10-31": 22, "2019-07-31": -5, "2019-04-30": "-7.00000", "2019-01-31": -5, "2018-10-31": -1, "2018-07-31": -3, "2018-04-30": "11.00000", "2018-01-31": -11, "2017-10-31": -3, "2017-07-31": -9, "2017-04-30": "21.00000", "2017-01-31": -56, "2016-10-31": 13, "2016-07-31": 38, "2016-04-30": "1.00000", "2016-01-31": -68, "2015-10-31": -7, "2015-07-31": 34, "2015-04-30": "70.00000", "2015-01-31": -72, "2014-10-31": -51, "2014-07-31": 43, "2014-04-30": "6.00000", "2014-01-31": -47, "2013-10-31": -5, "2013-07-31": -9, "2013-04-30": "4.00000", "2013-01-31": 113, "2012-10-31": -21, "2012-07-31": 14, "2012-04-30": "-11.00000", "2012-01-31": -53, "2011-10-31": -18, "2011-07-31": -2, "2011-04-30": "26.00000", "2011-01-31": 9, "2010-10-31": -44, "2010-07-31": -14, "2010-04-30": "15.00000", "2010-01-31": 15, "2009-10-31": -6, "2009-07-31": 0, "2009-04-30": "14.00000", "2009-01-31": 48, "2008-10-31": 6, "2008-07-31": 13, "2008-04-30": "", "2008-01-31": 51, "2007-10-31": 0, "2007-07-31": 0, "2007-04-30": "1.00000", "2007-01-31": 10, "2006-10-31": 0, "2006-07-31": 189, "2006-04-30": "", "2006-01-31": 0, "2005-10-31": 1333, "2005-07-31": -60, "2005-04-30": "-16.00000", "2005-01-31": -206}, "Cash Flow From Investing Activities": {"2020-10-31": -42, "2020-07-31": -159, "2020-04-30": "-113.00000", "2020-01-31": -273, "2019-10-31": -275, "2019-07-31": -217, "2019-04-30": "-237.00000", "2019-01-31": 93, "2018-10-31": -237, "2018-07-31": -156, "2018-04-30": "-156.00000", "2018-01-31": -22, "2017-10-31": -119, "2017-07-31": -150, "2017-04-30": "-60.00000", "2017-01-31": 248, "2016-10-31": -153, "2016-07-31": -127, "2016-04-30": "-211.00000", "2016-01-31": -231, "2015-10-31": -246, "2015-07-31": -234, "2015-04-30": "-381.00000", "2015-01-31": -310, "2014-10-31": -282, "2014-07-31": -194, "2014-04-30": "-184.00000", "2014-01-31": -247, "2013-10-31": -225, "2013-07-31": -209, "2013-04-30": "-107.00000", "2013-01-31": -166, "2012-10-31": -222, "2012-07-31": -191, "2012-04-30": "-202.00000", "2012-01-31": -225, "2011-10-31": -250, "2011-07-31": -158, "2011-04-30": "-64.00000", "2011-01-31": -180, "2010-10-31": -161, "2010-07-31": -80, "2010-04-30": "-44.00000", "2010-01-31": -93, "2009-10-31": -116, "2009-07-31": -114, "2009-04-30": "-54.00000", "2009-01-31": -186, "2008-10-31": -294, "2008-07-31": -213, "2008-04-30": "-99.00000", "2008-01-31": -142, "2007-10-31": -303, "2007-07-31": -284, "2007-04-30": "-31.00000", "2007-01-31": 408, "2006-10-31": 625, "2006-07-31": 324, "2006-04-30": "-84.00000", "2006-01-31": -255, "2005-10-31": -4209, "2005-07-31": -176, "2005-04-30": "-61.00000", "2005-01-31": -727}, "Net Long-Term Debt": {"2020-10-31": -4, "2020-07-31": -220, "2020-04-30": "1496.00000", "2020-01-31": -555, "2019-10-31": -3, "2019-07-31": -36, "2019-04-30": "-3.00000", "2019-01-31": -788, "2018-10-31": -4, "2018-07-31": -354, "2018-04-30": "-3.00000", "2018-01-31": -424, "2017-10-31": -4, "2017-07-31": -408, "2017-04-30": "-152.00000", "2017-01-31": -631, "2016-10-31": -120, "2016-07-31": 0, "2016-04-30": "-3.00000", "2016-01-31": -292, "2015-10-31": 711, "2015-07-31": -69, "2015-04-30": "-3.00000", "2015-01-31": 136, "2014-10-31": -3, "2014-07-31": 46, "2014-04-30": "-5.00000", "2014-01-31": -3, "2013-10-31": 286, "2013-07-31": -2, "2013-04-30": "-5.00000", "2013-01-31": 0, "2012-10-31": -6, "2012-07-31": -2, "2012-04-30": "-795.00000", "2012-01-31": 797, "2011-10-31": -114, "2011-07-31": -2, "2011-04-30": "-335.00000", "2011-01-31": -155, "2010-10-31": -506, "2010-07-31": -79, "2010-04-30": "-505.00000", "2010-01-31": -2, "2009-10-31": -6, "2009-07-31": -121, "2009-04-30": "-837.00000", "2009-01-31": -123, "2008-10-31": -534, "2008-07-31": 647, "2008-04-30": "-6.00000", "2008-01-31": -970, "2007-10-31": 434, "2007-07-31": 245, "2007-04-30": "1592.00000", "2007-01-31": -59, "2006-10-31": -9, "2006-07-31": -1480, "2006-04-30": "14.00000", "2006-01-31": -1417, "2005-10-31": 1258, "2005-07-31": 2, "2005-04-30": "-18.00000", "2005-01-31": -179}, "Net Current Debt": {"2020-10-31": 21, "2020-07-31": 120, "2020-04-30": "-231.00000", "2020-01-31": -111, "2019-10-31": 177, "2019-07-31": -83, "2019-04-30": "-45.00000", "2019-01-31": -28, "2018-10-31": 134, "2018-07-31": -80, "2018-04-30": "-10.00000", "2018-01-31": -95, "2017-10-31": 144, "2017-07-31": -54, "2017-04-30": "-10.00000", "2017-01-31": -132, "2016-10-31": 191, "2016-07-31": -41, "2016-04-30": "43.00000", "2016-01-31": -219, "2015-10-31": 272, "2015-07-31": -95, "2015-04-30": "-41.00000", "2015-01-31": 10, "2014-10-31": 184, "2014-07-31": -50, "2014-04-30": "-11.00000", "2014-01-31": -49, "2013-10-31": 71, "2013-07-31": -42, "2013-04-30": "44.00000", "2013-01-31": -126, "2012-10-31": 81, "2012-07-31": -27, "2012-04-30": "-16.00000", "2012-01-31": -91, "2011-10-31": 146, "2011-07-31": -16, "2011-04-30": "10.00000", "2011-01-31": -68, "2010-10-31": 122, "2010-07-31": -31, "2010-04-30": "1.00000", "2010-01-31": -123, "2009-10-31": 138, "2009-07-31": 6, "2009-04-30": "-50.00000", "2009-01-31": -180, "2008-10-31": 165, "2008-07-31": -18, "2008-04-30": "-83.00000", "2008-01-31": -122, "2007-10-31": 162, "2007-07-31": -34, "2007-04-30": "-63.00000", "2007-01-31": -182, "2006-10-31": 150, "2006-07-31": -116, "2006-04-30": "71.00000", "2006-01-31": -143, "2005-10-31": 145, "2005-07-31": -47, "2005-04-30": "-8.00000", "2005-01-31": 38}, "Debt Issuance/Retirement Net - Total": {"2020-10-31": 17, "2020-07-31": -100, "2020-04-30": "1265.00000", "2020-01-31": -666, "2019-10-31": 174, "2019-07-31": -119, "2019-04-30": "-48.00000", "2019-01-31": -816, "2018-10-31": 130, "2018-07-31": -434, "2018-04-30": "-13.00000", "2018-01-31": -519, "2017-10-31": 140, "2017-07-31": -462, "2017-04-30": "-162.00000", "2017-01-31": -763, "2016-10-31": 71, "2016-07-31": -41, "2016-04-30": "40.00000", "2016-01-31": -511, "2015-10-31": 983, "2015-07-31": -164, "2015-04-30": "-44.00000", "2015-01-31": 146, "2014-10-31": 181, "2014-07-31": -4, "2014-04-30": "-16.00000", "2014-01-31": -52, "2013-10-31": 357, "2013-07-31": -44, "2013-04-30": "39.00000", "2013-01-31": -126, "2012-10-31": 75, "2012-07-31": -29, "2012-04-30": "-811.00000", "2012-01-31": 706, "2011-10-31": 32, "2011-07-31": -18, "2011-04-30": "-325.00000", "2011-01-31": -223, "2010-10-31": -384, "2010-07-31": -110, "2010-04-30": "-504.00000", "2010-01-31": -125, "2009-10-31": 132, "2009-07-31": -115, "2009-04-30": "-887.00000", "2009-01-31": -303, "2008-10-31": -369, "2008-07-31": 629, "2008-04-30": "-89.00000", "2008-01-31": -1092, "2007-10-31": 596, "2007-07-31": 211, "2007-04-30": "1529.00000", "2007-01-31": -241, "2006-10-31": 141, "2006-07-31": -1596, "2006-04-30": "85.00000", "2006-01-31": -1560, "2005-10-31": 1403, "2005-07-31": -45, "2005-04-30": "-26.00000", "2005-01-31": -141}, "Net Common Equity Issued/Repurchased": {"2020-10-31": 0, "2020-07-31": 0, "2020-04-30": "", "2020-01-31": 0, "2019-10-31": -1, "2019-07-31": 0, "2019-04-30": "6.00000", "2019-01-31": 4, "2018-10-31": 5, "2018-07-31": 13, "2018-04-30": "30.00000", "2018-01-31": 4, "2017-10-31": 7, "2017-07-31": 3, "2017-04-30": "4.00000", "2017-01-31": -82, "2016-10-31": -93, "2016-07-31": 1, "2016-04-30": "-100.00000", "2016-01-31": -213, "2015-10-31": -869, "2015-07-31": -492, "2015-04-30": "-259.00000", "2015-01-31": -395, "2014-10-31": -475, "2014-07-31": -496, "2014-04-30": "-277.00000", "2014-01-31": -238, "2013-10-31": -439, "2013-07-31": -343, "2013-04-30": "-236.00000", "2013-01-31": -337, "2012-10-31": -363, "2012-07-31": -358, "2012-04-30": "-105.00000", "2012-01-31": -243, "2011-10-31": -178, "2011-07-31": 50, "2011-04-30": "31.00000", "2011-01-31": 13, "2010-10-31": 15, "2010-07-31": 1, "2010-04-30": "13.00000", "2010-01-31": 0, "2009-10-31": 8, "2009-07-31": -1, "2009-04-30": "", "2009-01-31": 0, "2008-10-31": 1, "2008-07-31": 0, "2008-04-30": "5.00000", "2008-01-31": -318, "2007-10-31": -81, "2007-07-31": -901, "2007-04-30": "-1765.00000", "2007-01-31": -1352, "2006-10-31": -674, "2006-07-31": -254, "2006-04-30": "162.00000", "2006-01-31": 86, "2005-10-31": 23, "2005-07-31": 116, "2005-04-30": "104.00000", "2005-01-31": -603}, "Net Total Equity Issued/Repurchased": {"2020-10-31": 0, "2020-07-31": 0, "2020-04-30": "", "2020-01-31": 0, "2019-10-31": -1, "2019-07-31": 0, "2019-04-30": "6.00000", "2019-01-31": 4, "2018-10-31": 5, "2018-07-31": 13, "2018-04-30": "30.00000", "2018-01-31": 4, "2017-10-31": 7, "2017-07-31": 3, "2017-04-30": "4.00000", "2017-01-31": -82, "2016-10-31": -93, "2016-07-31": 1, "2016-04-30": "-100.00000", "2016-01-31": -213, "2015-10-31": -869, "2015-07-31": -492, "2015-04-30": "-259.00000", "2015-01-31": -395, "2014-10-31": -475, "2014-07-31": -496, "2014-04-30": "-277.00000", "2014-01-31": -238, "2013-10-31": -439, "2013-07-31": -343, "2013-04-30": "-236.00000", "2013-01-31": -337, "2012-10-31": -363, "2012-07-31": -358, "2012-04-30": "-105.00000", "2012-01-31": -243, "2011-10-31": -178, "2011-07-31": 50, "2011-04-30": "31.00000", "2011-01-31": 13, "2010-10-31": 15, "2010-07-31": 1, "2010-04-30": "13.00000", "2010-01-31": 0, "2009-10-31": 8, "2009-07-31": -1, "2009-04-30": "", "2009-01-31": 0, "2008-10-31": 1, "2008-07-31": 0, "2008-04-30": "5.00000", "2008-01-31": -318, "2007-10-31": -81, "2007-07-31": -901, "2007-04-30": "-1765.00000", "2007-01-31": -1352, "2006-10-31": -674, "2006-07-31": -254, "2006-04-30": "162.00000", "2006-01-31": 86, "2005-10-31": 23, "2005-07-31": 116, "2005-04-30": "104.00000", "2005-01-31": -603}, "Total Common And Preferred Stock Dividends Paid": {"2020-10-31": 0, "2020-07-31": 0, "2020-04-30": "-117.00000", "2020-01-31": -117, "2019-10-31": -116, "2019-07-31": -117, "2019-04-30": "-116.00000", "2019-01-31": -116, "2018-10-31": -115, "2018-07-31": -116, "2018-04-30": "-116.00000", "2018-01-31": -115, "2017-10-31": -116, "2017-07-31": -115, "2017-04-30": "-115.00000", "2017-01-31": -115, "2016-10-31": -116, "2016-07-31": -116, "2016-04-30": "-112.00000", "2016-01-31": -112, "2015-10-31": -117, "2015-07-31": -121, "2015-04-30": "-106.00000", "2015-01-31": -107, "2014-10-31": -110, "2014-07-31": -112, "2014-04-30": "-92.00000", "2014-01-31": -92, "2013-10-31": -94, "2013-07-31": -95, "2013-04-30": "-78.00000", "2013-01-31": -78, "2012-10-31": -81, "2012-07-31": -82, "2012-04-30": "-83.00000", "2012-01-31": -42, "2011-10-31": -42, "2011-07-31": -43, "2011-04-30": "-21.00000", "2011-01-31": -21, "2010-10-31": -21, "2010-07-31": -21, "2010-04-30": "-21.00000", "2010-01-31": -21, "2009-10-31": -21, "2009-07-31": -21, "2009-04-30": "-21.00000", "2009-01-31": -55, "2008-10-31": -56, "2008-07-31": -55, "2008-04-30": "-55.00000", "2008-01-31": -57, "2007-10-31": -56, "2007-07-31": -59, "2007-04-30": "-58.00000", "2007-01-31": -66, "2006-10-31": -69, "2006-07-31": -70, "2006-04-30": "-69.00000", "2006-01-31": -68, "2005-10-31": -43, "2005-07-31": -23, "2005-04-30": "-23.00000", "2005-01-31": -93}, "Financial Activities - Other": {"2020-10-31": -4, "2020-07-31": -98, "2020-04-30": "", "2020-01-31": 0, "2019-10-31": 0, "2019-07-31": -3, "2019-04-30": "", "2019-01-31": 0, "2018-10-31": 0, "2018-07-31": 0, "2018-04-30": "", "2018-01-31": 0, "2017-10-31": 0, "2017-07-31": 0, "2017-04-30": "", "2017-01-31": 3, "2016-10-31": 0, "2016-07-31": -3, "2016-04-30": "", "2016-01-31": -4, "2015-10-31": 0, "2015-07-31": 0, "2015-04-30": "", "2015-01-31": -4, "2014-10-31": -1, "2014-07-31": -4, "2014-04-30": "", "2014-01-31": 1, "2013-10-31": -7, "2013-07-31": -3, "2013-04-30": "", "2013-01-31": -11, "2012-10-31": 0, "2012-07-31": 0, "2012-04-30": "", "2012-01-31": -12, "2011-10-31": 0, "2011-07-31": -8, "2011-04-30": "", "2011-01-31": 0, "2010-10-31": 0, "2010-07-31": 0, "2010-04-30": "", "2010-01-31": 0, "2009-10-31": 0, "2009-07-31": 0, "2009-04-30": "", "2009-01-31": -13, "2008-10-31": 0, "2008-07-31": -5, "2008-04-30": "", "2008-01-31": 0, "2007-10-31": -3, "2007-07-31": 0, "2007-04-30": "-15.00000", "2007-01-31": -9, "2006-10-31": -1, "2006-07-31": 0, "2006-04-30": "", "2006-01-31": 0, "2005-10-31": -2, "2005-07-31": 0, "2005-04-30": "", "2005-01-31": 0}, "Cash Flow From Financial Activities": {"2020-10-31": 13, "2020-07-31": -198, "2020-04-30": "1148.00000", "2020-01-31": -783, "2019-10-31": 57, "2019-07-31": -239, "2019-04-30": "-158.00000", "2019-01-31": -928, "2018-10-31": 20, "2018-07-31": -537, "2018-04-30": "-99.00000", "2018-01-31": -630, "2017-10-31": 31, "2017-07-31": -574, "2017-04-30": "-273.00000", "2017-01-31": -957, "2016-10-31": -138, "2016-07-31": -159, "2016-04-30": "-172.00000", "2016-01-31": -840, "2015-10-31": -3, "2015-07-31": -777, "2015-04-30": "-409.00000", "2015-01-31": -360, "2014-10-31": -405, "2014-07-31": -616, "2014-04-30": "-385.00000", "2014-01-31": -381, "2013-10-31": -183, "2013-07-31": -485, "2013-04-30": "-275.00000", "2013-01-31": -552, "2012-10-31": -369, "2012-07-31": -469, "2012-04-30": "-999.00000", "2012-01-31": 409, "2011-10-31": -188, "2011-07-31": -19, "2011-04-30": "-315.00000", "2011-01-31": -231, "2010-10-31": -390, "2010-07-31": -130, "2010-04-30": "-512.00000", "2010-01-31": -146, "2009-10-31": 119, "2009-07-31": -137, "2009-04-30": "-908.00000", "2009-01-31": -371, "2008-10-31": -424, "2008-07-31": 569, "2008-04-30": "-139.00000", "2008-01-31": -1467, "2007-10-31": 456, "2007-07-31": -749, "2007-04-30": "-309.00000", "2007-01-31": -1668, "2006-10-31": -603, "2006-07-31": -1920, "2006-04-30": "178.00000", "2006-01-31": -1542, "2005-10-31": 1381, "2005-07-31": 48, "2005-04-30": "55.00000", "2005-01-31": -837}, "Net Cash Flow": {"2020-10-31": 222, "2020-07-31": -200, "2020-04-30": "871.00000", "2020-01-31": 380, "2019-10-31": -396, "2019-07-31": -68, "2019-04-30": "-433.00000", "2019-01-31": 471, "2018-10-31": -332, "2018-07-31": -471, "2018-04-30": "67.00000", "2018-01-31": 925, "2017-10-31": -235, "2017-07-31": -415, "2017-04-30": "-96.00000", "2017-01-31": 784, "2016-10-31": -543, "2016-07-31": 266, "2016-04-30": "-375.00000", "2016-01-31": 635, "2015-10-31": -369, "2015-07-31": -666, "2015-04-30": "-737.00000", "2015-01-31": 1198, "2014-10-31": -582, "2014-07-31": -248, "2014-04-30": "-395.00000", "2014-01-31": 1102, "2013-10-31": -253, "2013-07-31": -328, "2013-04-30": "-84.00000", "2013-01-31": 572, "2012-10-31": -340, "2012-07-31": -287, "2012-04-30": "-936.00000", "2012-01-31": 1730, "2011-10-31": -398, "2011-07-31": 343, "2011-04-30": "-312.00000", "2011-01-31": 749, "2010-10-31": -493, "2010-07-31": 227, "2010-04-30": "-705.00000", "2010-01-31": 1105, "2009-10-31": -11, "2009-07-31": 172, "2009-04-30": "-965.00000", "2009-01-31": 992, "2008-10-31": -993, "2008-07-31": 927, "2008-04-30": "-217.00000", "2008-01-31": 318, "2007-10-31": 26, "2007-07-31": -251, "2007-04-30": "-711.00000", "2007-01-31": 440, "2006-10-31": -291, "2006-07-31": 821, "2006-04-30": "-7.00000", "2006-01-31": -21, "2005-10-31": -1130, "2005-07-31": 481, "2005-04-30": "50.00000", "2005-01-31": -57}, "Stock-Based Compensation": {"2020-10-31": 8, "2020-07-31": 7, "2020-04-30": "6.00000", "2020-01-31": -2, "2019-10-31": 12, "2019-07-31": 14, "2019-04-30": "14.00000", "2019-01-31": 15, "2018-10-31": 17, "2018-07-31": 14, "2018-04-30": "17.00000", "2018-01-31": 12, "2017-10-31": 15, "2017-07-31": 18, "2017-04-30": "13.00000", "2017-01-31": 5, "2016-10-31": 19, "2016-07-31": 21, "2016-04-30": "16.00000", "2016-01-31": 0, "2015-10-31": 18, "2015-07-31": 29, "2015-04-30": "18.00000", "2015-01-31": 18, "2014-10-31": 17, "2014-07-31": 17, "2014-04-30": "21.00000", "2014-01-31": 14, "2013-10-31": 16, "2013-07-31": 15, "2013-04-30": "17.00000", "2013-01-31": 14, "2012-10-31": 16, "2012-07-31": 10, "2012-04-30": "21.00000", "2012-01-31": 16, "2011-10-31": 17, "2011-07-31": 21, "2011-04-30": "16.00000", "2011-01-31": 11, "2010-10-31": 23, "2010-07-31": 3, "2010-04-30": "29.00000", "2010-01-31": 11, "2009-10-31": 23, "2009-07-31": 15, "2009-04-30": "27.00000", "2009-01-31": 11, "2008-10-31": 6, "2008-07-31": 5, "2008-04-30": "21.00000", "2008-01-31": 12, "2007-10-31": 16, "2007-07-31": 4, "2007-04-30": "28.00000", "2007-01-31": 18, "2006-10-31": 30, "2006-07-31": 17, "2006-04-30": "26.00000", "2006-01-31": 3, "2005-10-31": -2, "2005-07-31": 6, "2005-04-30": "3.00000", "2005-01-31": 12}, "Common Stock Dividends Paid": {"2020-10-31": 0, "2020-07-31": 0, "2020-04-30": "-117.00000", "2020-01-31": -117, "2019-10-31": -116, "2019-07-31": -117, "2019-04-30": "-116.00000", "2019-01-31": -116, "2018-10-31": -115, "2018-07-31": -116, "2018-04-30": "-116.00000", "2018-01-31": -115, "2017-10-31": -116, "2017-07-31": -115, "2017-04-30": "-115.00000", "2017-01-31": -115, "2016-10-31": -116, "2016-07-31": -116, "2016-04-30": "-112.00000", "2016-01-31": -112, "2015-10-31": -117, "2015-07-31": -121, "2015-04-30": "-106.00000", "2015-01-31": -107, "2014-10-31": -110, "2014-07-31": -112, "2014-04-30": "-92.00000", "2014-01-31": -92, "2013-10-31": -94, "2013-07-31": -95, "2013-04-30": "-78.00000", "2013-01-31": -78, "2012-10-31": -81, "2012-07-31": -82, "2012-04-30": "-83.00000", "2012-01-31": -42, "2011-10-31": -42, "2011-07-31": -43, "2011-04-30": "-21.00000", "2011-01-31": -21, "2010-10-31": -21, "2010-07-31": -21, "2010-04-30": "-21.00000", "2010-01-31": -21, "2009-10-31": -21, "2009-07-31": -21, "2009-04-30": "-21.00000", "2009-01-31": -55, "2008-10-31": -56, "2008-07-31": -55, "2008-04-30": "-55.00000", "2008-01-31": -57, "2007-10-31": -56, "2007-07-31": -59, "2007-04-30": "-58.00000", "2007-01-31": -66, "2006-10-31": -69, "2006-07-31": -70, "2006-04-30": "-69.00000", "2006-01-31": -68, "2005-10-31": -43, "2005-07-31": -23, "2005-04-30": "-23.00000", "2005-01-31": -93}}, "financial ratios": {"Current Ratio": {"2020-01-31": "1.18430", "2019-01-31": "1.42300", "2018-01-31": "1.47630", "2017-01-31": "1.35050", "2016-01-31": "1.33590", "2015-01-31": "1.69060", "2014-01-31": "1.51730", "2013-01-31": "1.55190", "2012-01-31": "1.40140", "2011-01-31": "1.38230", "2010-01-31": "1.54240", "2009-01-31": "1.31490", "2008-01-31": "1.17990", "2007-01-31": "1.21770", "2006-01-31": "1.33660", "2005-01-31": "1.74610"}, "Long-term Debt / Capital": {"2020-01-31": "0.36220", "2019-01-31": "0.42250", "2018-01-31": "0.50550", "2017-01-31": "0.60290", "2016-01-31": "0.62190", "2015-01-31": "0.57350", "2014-01-31": "0.51790", "2013-01-31": "0.52940", "2012-01-31": "0.52870", "2011-01-31": "0.55760", "2010-01-31": "0.64510", "2009-01-31": "0.65270", "2008-01-31": "0.47840", "2007-01-31": "0.39040", "2006-01-31": "0.39590", "2005-01-31": "0.29950"}, "Debt/Equity Ratio": {"2020-01-31": "0.65230", "2019-01-31": "0.73820", "2018-01-31": "1.02620", "2017-01-31": "1.58980", "2016-01-31": "1.79570", "2015-01-31": "1.35910", "2014-01-31": "1.14850", "2013-01-31": "1.14530", "2012-01-31": "1.30760", "2011-01-31": "1.34270", "2010-01-31": "1.86930", "2009-01-31": "2.08760", "2008-01-31": "0.98450", "2007-01-31": "0.69340", "2006-01-31": "0.75320", "2005-01-31": "0.62900"}, "Gross Margin": {"2020-01-31": "40.10900", "2019-01-31": "40.88740", "2018-01-31": "40.79400", "2017-01-31": "41.02550", "2016-01-31": "39.08200", "2015-01-31": "40.00000", "2014-01-31": "40.12030", "2013-01-31": "40.26580", "2012-01-31": "40.39770", "2011-01-31": "40.71110", "2010-01-31": "40.51260", "2009-01-31": "39.70350", "2008-01-31": "40.42110", "2007-01-31": "39.94440", "2006-01-31": "40.61190", "2005-01-31": "40.52990"}, "Operating Margin": {"2020-01-31": "3.82930", "2019-01-31": "6.75240", "2018-01-31": "7.26960", "2017-01-31": "5.16110", "2016-01-31": "7.52980", "2015-01-31": "9.96260", "2014-01-31": "9.58790", "2013-01-31": "9.61140", "2012-01-31": "9.13080", "2011-01-31": "7.57510", "2010-01-31": "4.52550", "2009-01-31": "-17.58800", "2008-01-31": "7.08020", "2007-01-31": "6.80760", "2006-01-31": "10.82630", "2005-01-31": "8.87420"}, "EBIT Margin": {"2020-01-31": "3.82930", "2019-01-31": "6.75240", "2018-01-31": "7.26960", "2017-01-31": "5.16110", "2016-01-31": "7.52980", "2015-01-31": "9.96260", "2014-01-31": "9.58790", "2013-01-31": "9.61140", "2012-01-31": "9.13080", "2011-01-31": "7.57510", "2010-01-31": "4.52550", "2009-01-31": "-17.58800", "2008-01-31": "7.08020", "2007-01-31": "6.80760", "2006-01-31": "10.82630", "2005-01-31": "8.87420"}, "EBITDA Margin": {"2020-01-31": "7.71780", "2019-01-31": "10.43160", "2018-01-31": "10.95900", "2017-01-31": "9.09130", "2016-01-31": "11.39630", "2015-01-31": "13.63100", "2014-01-31": "13.21110", "2013-01-31": "13.34250", "2012-01-31": "13.18310", "2011-01-31": "12.07460", "2010-01-31": "9.57900", "2009-01-31": "9.05910", "2008-01-31": "11.91810", "2007-01-31": "11.31630", "2006-01-31": "15.09600", "2005-01-31": "13.56490"}, "Pre-Tax Profit Margin": {"2020-01-31": "2.87390", "2019-01-31": "5.51690", "2018-01-31": "5.91240", "2017-01-31": "3.63270", "2016-01-31": "6.19670", "2015-01-31": "8.50380", "2014-01-31": "8.19880", "2013-01-31": "7.59230", "2012-01-31": "7.45310", "2011-01-31": "5.27940", "2010-01-31": "2.15850", "2009-01-31": "-19.83770", "2008-01-31": "5.01650", "2007-01-31": "5.36150", "2006-01-31": "9.12910", "2005-01-31": "7.07400"}, "Net Profit Margin": {"2020-01-31": "2.22650", "2019-01-31": "4.30480", "2018-01-31": "6.10740", "2017-01-31": "2.36030", "2016-01-31": "3.95880", "2015-01-31": "5.42960", "2014-01-31": "5.32030", "2013-01-31": "4.82190", "2012-01-31": "4.75670", "2011-01-31": "3.38760", "2010-01-31": "1.40070", "2009-01-31": "-19.18290", "2008-01-31": "3.39380", "2007-01-31": "3.68930", "2006-01-31": "6.27960", "2005-01-31": "4.36740"}, "Asset Turnover": {"2020-01-31": "1.19640", "2019-01-31": "1.34100", "2018-01-31": "1.30940", "2017-01-31": "1.33820", "2016-01-31": "1.31600", "2015-01-31": "1.31760", "2014-01-31": "1.29190", "2013-01-31": "1.31890", "2012-01-31": "1.19510", "2011-01-31": "1.21190", "2010-01-31": "1.10280", "2009-01-31": "1.12400", "2008-01-31": "0.94690", "2007-01-31": "0.91270", "2006-01-31": "0.67500", "2005-01-31": "1.05990"}, "Inventory Turnover Ratio": {"2020-01-31": "2.92420", "2019-01-31": "2.89090", "2018-01-31": "2.93180", "2017-01-31": "2.90160", "2016-01-31": "2.99600", "2015-01-31": "3.11300", "2014-01-31": "3.00970", "2013-01-31": "3.11570", "2012-01-31": "3.07560", "2011-01-31": "3.11560", "2010-01-31": "3.02770", "2009-01-31": "3.14720", "2008-01-31": "3.09820", "2007-01-31": "3.04630", "2006-01-31": "2.43580", "2005-01-31": "3.00710"}, "Receiveable Turnover": {"2020-01-31": "61.93400", "2019-01-31": "64.34750", "2018-01-31": "70.63640", "2017-01-31": "50.88890", "2016-01-31": "48.52870", "2015-01-31": "66.28540", "2014-01-31": "63.76940", "2013-01-31": "74.62530", "2012-01-31": "71.75270", "2011-01-31": "73.97340", "2010-01-31": "65.61170", "2009-01-31": "69.14450", "2008-01-31": "56.83150", "2007-01-31": "52.16630", "2006-01-31": "8.87790", "2005-01-31": "4.61560"}, "Days Sales In Receivables": {"2020-01-31": "5.89340", "2019-01-31": "5.67230", "2018-01-31": "5.16730", "2017-01-31": "7.17250", "2016-01-31": "7.52130", "2015-01-31": "5.50650", "2014-01-31": "5.72370", "2013-01-31": "4.89110", "2012-01-31": "5.08690", "2011-01-31": "4.93420", "2010-01-31": "5.56300", "2009-01-31": "5.27880", "2008-01-31": "6.42250", "2007-01-31": "6.99680", "2006-01-31": "41.11350", "2005-01-31": "79.08030"}, "ROE - Return On Equity": {"2020-01-31": "8.84430", "2019-01-31": "17.06030", "2018-01-31": "27.12370", "2017-01-31": "14.32210", "2016-01-31": "25.15870", "2015-01-31": "28.37490", "2014-01-31": "23.77980", "2013-01-31": "22.06250", "2012-01-31": "21.16970", "2011-01-31": "15.31650", "2010-01-31": "7.07070", "2009-01-31": "-102.77660", "2008-01-31": "9.17530", "2007-01-31": "8.06270", "2006-01-31": "10.15610", "2005-01-31": "11.17240"}, "Return On Tangible Equity": {"2020-01-31": "27.78330", "2019-01-31": "53.56100", "2018-01-31": "115.35610", "2017-01-31": "-847.94520", "2016-01-31": "-677.21520", "2015-01-31": "133.97720", "2014-01-31": "75.08840", "2013-01-31": "76.41670", "2012-01-31": "78.89450", "2011-01-31": "73.65220", "2010-01-31": "141.81030", "2009-01-31": "-2595.10900", "2008-01-31": "-1594.73700", "2007-01-31": "45.59300", "2006-01-31": "47.03670", "2005-01-31": "12.46160"}, "ROA - Return On Assets": {"2020-01-31": "2.66390", "2019-01-31": "5.72050", "2018-01-31": "7.94060", "2017-01-31": "3.11820", "2016-01-31": "5.20020", "2015-01-31": "7.15420", "2014-01-31": "6.87330", "2013-01-31": "6.35990", "2012-01-31": "5.68450", "2011-01-31": "4.10550", "2010-01-31": "1.54460", "2009-01-31": "-21.56240", "2008-01-31": "3.27110", "2007-01-31": "3.34350", "2006-01-31": "4.13950", "2005-01-31": "4.62880"}, "ROI - Return On Investment": {"2020-01-31": "5.64110", "2019-01-31": "9.85280", "2018-01-31": "13.41210", "2017-01-31": "5.68720", "2016-01-31": "9.51280", "2015-01-31": "12.10060", "2014-01-31": "11.46340", "2013-01-31": "10.38350", "2012-01-31": "9.97780", "2011-01-31": "6.77550", "2010-01-31": "2.50970", "2009-01-31": "-35.69030", "2008-01-31": "4.78570", "2007-01-31": "4.91520", "2006-01-31": "6.13520", "2005-01-31": "7.82600"}, "Book Value Per Share": {"2020-01-31": "20.63550", "2019-01-31": "20.92870", "2018-01-31": "18.80910", "2017-01-31": "14.21240", "2016-01-31": "13.70610", "2015-01-31": "15.78980", "2014-01-31": "17.12520", "2013-01-31": "15.60740", "2012-01-31": "14.32400", "2011-01-31": "13.06400", "2010-01-31": "11.05640", "2009-01-31": "11.05930", "2008-01-31": "23.60500", "2007-01-31": "24.66090", "2006-01-31": "24.72390", "2005-01-31": "18.45300"}, "Operating Cash Flow Per Share": {"2020-01-31": -0.4078, "2019-01-31": -0.8691, "2018-01-31": 0.646, "2017-01-31": -0.1633, "2016-01-31": -1.5316, "2015-01-31": 0.8654, "2014-01-31": 1.3379, "2013-01-31": 0.2375, "2012-01-31": 1.5243, "2011-01-31": -0.6107, "2010-01-31": -0.295, "2009-01-31": -0.4658, "2008-01-31": -1.8449, "2007-01-31": -2.7966, "2006-01-31": 5.3091, "2005-01-31": 4.2284}, "Free Cash Flow Per Share": {"2020-01-31": -2.0584, "2019-01-31": -1.2023, "2018-01-31": 0.2774, "2017-01-31": 1.7975, "2016-01-31": -1.7842, "2015-01-31": 0.2879, "2014-01-31": 1.5634, "2013-01-31": -0.3775, "2012-01-31": 1.0228, "2011-01-31": -0.6742, "2010-01-31": 0.7992, "2009-01-31": -0.5618, "2008-01-31": -2.4865, "2007-01-31": -2.6327, "2006-01-31": 5.3052, "2005-01-31": 2.7666}}, "financial ratios, quarterly": {"Current Ratio": {"2020-10-31": "1.10610", "2020-07-31": "1.16010", "2020-04-30": "1.23610", "2020-01-31": "1.18430", "2019-10-31": "1.28120", "2019-07-31": "1.47470", "2019-04-30": "1.41560", "2019-01-31": "1.42300", "2018-10-31": "1.34500", "2018-07-31": "1.53200", "2018-04-30": "1.51860", "2018-01-31": "1.47630", "2017-10-31": "1.29940", "2017-07-31": "1.43630", "2017-04-30": "1.36040", "2017-01-31": "1.35050", "2016-10-31": "1.21770", "2016-07-31": "1.31750", "2016-04-30": "1.38020", "2016-01-31": "1.33590", "2015-10-31": "1.25050", "2015-07-31": "1.62850", "2015-04-30": "1.65110", "2015-01-31": "1.69060", "2014-10-31": "1.37200", "2014-07-31": "1.51810", "2014-04-30": "1.66610", "2014-01-31": "1.51730", "2013-10-31": "1.33040", "2013-07-31": "1.45330", "2013-04-30": "1.55090", "2013-01-31": "1.55190", "2012-10-31": "1.37090", "2012-07-31": "1.52160", "2012-04-30": "1.48790", "2012-01-31": "1.40140", "2011-10-31": "1.24150", "2011-07-31": "1.32600", "2011-04-30": "1.27850", "2011-01-31": "1.38230", "2010-10-31": "1.20760", "2010-07-31": "1.34920", "2010-04-30": "1.26240", "2010-01-31": "1.54240", "2009-10-31": "1.29310", "2009-07-31": "1.42530", "2009-04-30": "1.40070", "2009-01-31": "1.31490", "2008-10-31": "1.12140", "2008-07-31": "1.16290", "2008-04-30": "1.13030", "2008-01-31": "1.17990", "2007-10-31": "1.04670", "2007-07-31": "1.22190", "2007-04-30": "1.29540", "2007-01-31": "1.21770", "2006-10-31": "1.22840", "2006-07-31": "1.45500", "2006-04-30": "1.39120", "2006-01-31": "1.33660", "2005-10-31": "1.22710", "2005-07-31": "1.93930", "2005-04-30": "1.80460", "2005-01-31": "1.74610"}, "Long-term Debt / Capital": {"2020-10-31": "0.68390", "2020-07-31": "0.67610", "2020-04-30": "0.64580", "2020-01-31": "0.36220", "2019-10-31": "0.43570", "2019-07-31": "0.42560", "2019-04-30": "0.42530", "2019-01-31": "0.42250", "2018-10-31": "0.49210", "2018-07-31": "0.48150", "2018-04-30": "0.50240", "2018-01-31": "0.50550", "2017-10-31": "0.59570", "2017-07-31": "0.58670", "2017-04-30": "0.59520", "2017-01-31": "0.60290", "2016-10-31": "0.63390", "2016-07-31": "0.61850", "2016-04-30": "0.62720", "2016-01-31": "0.62190", "2015-10-31": "0.64030", "2015-07-31": "0.59620", "2015-04-30": "0.58130", "2015-01-31": "0.57350", "2014-10-31": "0.57130", "2014-07-31": "0.53680", "2014-04-30": "0.54000", "2014-01-31": "0.51790", "2013-10-31": "0.55300", "2013-07-31": "0.51980", "2013-04-30": "0.53230", "2013-01-31": "0.52940", "2012-10-31": "0.55060", "2012-07-31": "0.52930", "2012-04-30": "0.52410", "2012-01-31": "0.52870", "2011-10-31": "0.51250", "2011-07-31": "0.50820", "2011-04-30": "0.52720", "2011-01-31": "0.55760", "2010-10-31": "0.59040", "2010-07-31": "0.60760", "2010-04-30": "0.61530", "2010-01-31": "0.64510", "2009-10-31": "0.65730", "2009-07-31": "0.65490", "2009-04-30": "0.65680", "2009-01-31": "0.65270", "2008-10-31": "0.47450", "2008-07-31": "0.47110", "2008-04-30": "0.47060", "2008-01-31": "0.47840", "2007-10-31": "0.49000", "2007-07-31": "0.50400", "2007-04-30": "0.47350", "2007-01-31": "0.39040", "2006-10-31": "0.37820", "2006-07-31": "0.37680", "2006-04-30": "0.39540", "2006-01-31": "0.39590", "2005-10-31": "0.40580", "2005-07-31": "0.28480", "2005-04-30": "0.29260", "2005-01-31": "0.29950"}, "Debt/Equity Ratio": {"2020-10-31": "2.40210", "2020-07-31": "2.31930", "2020-04-30": "2.09750", "2020-01-31": "0.65230", "2019-10-31": "0.77320", "2019-07-31": "0.74200", "2019-04-30": "0.74660", "2019-01-31": "0.73820", "2018-10-31": "0.98030", "2018-07-31": "0.93930", "2018-04-30": "1.01400", "2018-01-31": "1.02620", "2017-10-31": "1.47850", "2017-07-31": "1.42310", "2017-04-30": "1.54240", "2017-01-31": "1.58980", "2016-10-31": "1.97860", "2016-07-31": "1.88400", "2016-04-30": "1.83730", "2016-01-31": "1.79570", "2015-10-31": "1.99570", "2015-07-31": "1.49340", "2015-04-30": "1.40290", "2015-01-31": "1.35910", "2014-10-31": "1.34670", "2014-07-31": "1.24190", "2014-04-30": "1.17540", "2014-01-31": "1.14850", "2013-10-31": "1.32250", "2013-07-31": "1.18090", "2013-04-30": "1.15910", "2013-01-31": "1.14530", "2012-10-31": "1.24750", "2012-07-31": "1.17740", "2012-04-30": "1.15320", "2012-01-31": "1.30760", "2011-10-31": "1.18870", "2011-07-31": "1.18670", "2011-04-30": "1.24540", "2011-01-31": "1.34270", "2010-10-31": "1.56660", "2010-07-31": "1.67430", "2010-04-30": "1.74550", "2010-01-31": "1.86930", "2009-10-31": "1.93810", "2009-07-31": "1.91780", "2009-04-30": "1.94380", "2009-01-31": "2.08760", "2008-10-31": "1.01490", "2008-07-31": "1.05500", "2008-04-30": "0.99270", "2008-01-31": "0.98450", "2007-10-31": "1.13320", "2007-07-31": "1.07290", "2007-04-30": "0.96110", "2007-01-31": "0.69340", "2006-10-31": "0.65860", "2006-07-31": "0.63610", "2006-04-30": "0.75360", "2006-01-31": "0.75320", "2005-10-31": "0.89370", "2005-07-31": "0.58420", "2005-04-30": "0.60590", "2005-01-31": "0.62900"}, "Gross Margin": {"2020-10-31": "38.61410", "2020-07-31": "27.07270", "2020-04-30": "20.55270", "2020-01-31": "38.59160", "2019-10-31": "42.00900", "2019-07-31": "40.66760", "2019-04-30": "40.04580", "2019-01-31": "39.18800", "2018-10-31": "42.27950", "2018-07-31": "42.34110", "2018-04-30": "40.64580", "2018-01-31": "40.19770", "2017-10-31": "41.90930", "2017-07-31": "41.35790", "2017-04-30": "40.06530", "2017-01-31": "43.05990", "2016-10-31": "39.81510", "2016-07-31": "40.87970", "2016-04-30": "39.07470", "2016-01-31": "37.43380", "2015-10-31": "39.78550", "2015-07-31": "40.85850", "2015-04-30": "39.02440", "2015-01-31": "40.31400", "2014-10-31": "39.20900", "2014-07-31": "41.40740", "2014-04-30": "38.90750", "2014-01-31": "40.62160", "2013-10-31": "39.18100", "2013-07-31": "41.75730", "2013-04-30": "38.76620", "2013-01-31": "40.59890", "2012-10-31": "39.55560", "2012-07-31": "41.89280", "2012-04-30": "38.84100", "2012-01-31": "40.95600", "2011-10-31": "39.44990", "2011-07-31": "41.79160", "2011-04-30": "39.10680", "2011-01-31": "41.28670", "2010-10-31": "39.94310", "2010-07-31": "41.95410", "2010-04-30": "39.39720", "2010-01-31": "41.68680", "2009-10-31": "40.19330", "2009-07-31": "41.49880", "2009-04-30": "38.08430", "2009-01-31": "39.34960", "2008-10-31": "39.48660", "2008-07-31": "41.48300", "2008-04-30": "38.62890", "2008-01-31": "41.57550", "2007-10-31": "39.29900", "2007-07-31": "40.47860", "2007-04-30": "39.80750", "2007-01-31": "40.83420", "2006-10-31": "39.84030", "2006-07-31": "39.88320", "2006-04-30": "38.73520", "2006-01-31": "40.62270", "2005-10-31": "40.37800", "2005-07-31": "41.31940", "2005-04-30": "40.23620", "2005-01-31": "40.87890"}, "Operating Margin": {"2020-10-31": "-3.03460", "2020-07-31": "-16.93050", "2020-04-30": "-130.84500", "2020-01-31": "6.52910", "2019-10-31": "0.97090", "2019-07-31": "2.70880", "2019-04-30": "3.57650", "2019-01-31": "12.07730", "2018-10-31": "2.63020", "2018-07-31": "5.26220", "2018-04-30": "4.17690", "2018-01-31": "13.98720", "2017-10-31": "2.17470", "2017-07-31": "4.85960", "2017-04-30": "3.97390", "2017-01-31": "9.36460", "2016-10-31": "1.90190", "2016-07-31": "1.99450", "2016-04-30": "4.78250", "2016-01-31": "10.55360", "2015-10-31": "4.39220", "2015-07-31": "7.14290", "2015-04-30": "6.56290", "2015-01-31": "14.56640", "2014-10-31": "6.81190", "2014-07-31": "9.11120", "2014-04-30": "7.05530", "2014-01-31": "14.65990", "2013-10-31": "5.73610", "2013-07-31": "8.80320", "2013-04-30": "6.81070", "2013-01-31": "14.87700", "2012-10-31": "5.34980", "2012-07-31": "9.05520", "2012-04-30": "6.36500", "2012-01-31": "14.71800", "2011-10-31": "4.97180", "2011-07-31": "8.52000", "2011-04-30": "5.60370", "2011-01-31": "13.83480", "2010-10-31": "3.14780", "2010-07-31": "6.68230", "2010-04-30": "3.64190", "2010-01-31": "11.13520", "2009-10-31": "1.04230", "2009-07-31": "4.80250", "2009-04-30": "-2.19270", "2009-01-31": "-59.67990", "2008-10-31": "1.23790", "2008-07-31": "4.52960", "2008-04-30": "0.52200", "2008-01-31": "14.21920", "2007-10-31": "3.09850", "2007-07-31": "4.24300", "2007-04-30": "3.51290", "2007-01-31": "13.75700", "2006-10-31": "2.27660", "2006-07-31": "7.03920", "2006-04-30": "0.33730", "2006-01-31": "12.47520", "2005-10-31": "12.36720", "2005-07-31": "8.03200", "2005-04-30": "6.92120", "2005-01-31": "14.90230"}, "EBIT Margin": {"2020-10-31": "-3.03460", "2020-07-31": "-16.93050", "2020-04-30": "-130.84500", "2020-01-31": "6.52910", "2019-10-31": "0.97090", "2019-07-31": "2.70880", "2019-04-30": "3.57650", "2019-01-31": "12.07730", "2018-10-31": "2.63020", "2018-07-31": "5.26220", "2018-04-30": "4.17690", "2018-01-31": "13.98720", "2017-10-31": "2.17470", "2017-07-31": "4.85960", "2017-04-30": "3.97390", "2017-01-31": "9.36460", "2016-10-31": "1.90190", "2016-07-31": "1.99450", "2016-04-30": "4.78250", "2016-01-31": "10.55360", "2015-10-31": "4.39220", "2015-07-31": "7.14290", "2015-04-30": "6.56290", "2015-01-31": "14.56640", "2014-10-31": "6.81190", "2014-07-31": "9.11120", "2014-04-30": "7.05530", "2014-01-31": "14.65990", "2013-10-31": "5.73610", "2013-07-31": "8.80320", "2013-04-30": "6.81070", "2013-01-31": "14.87700", "2012-10-31": "5.34980", "2012-07-31": "9.05520", "2012-04-30": "6.36500", "2012-01-31": "14.71800", "2011-10-31": "4.97180", "2011-07-31": "8.52000", "2011-04-30": "5.60370", "2011-01-31": "13.83480", "2010-10-31": "3.14780", "2010-07-31": "6.68230", "2010-04-30": "3.64190", "2010-01-31": "11.13520", "2009-10-31": "1.04230", "2009-07-31": "4.80250", "2009-04-30": "-2.19270", "2009-01-31": "-59.67990", "2008-10-31": "1.23790", "2008-07-31": "4.52960", "2008-04-30": "0.52200", "2008-01-31": "14.21920", "2007-10-31": "3.09850", "2007-07-31": "4.24300", "2007-04-30": "3.51290", "2007-01-31": "13.75700", "2006-10-31": "2.27660", "2006-07-31": "7.03920", "2006-04-30": "0.33730", "2006-01-31": "12.47520", "2005-10-31": "12.36720", "2005-07-31": "8.03200", "2005-04-30": "6.92120", "2005-01-31": "14.90230"}, "EBITDA Margin": {"2020-10-31": "", "2020-07-31": "", "2020-04-30": "", "2020-01-31": "", "2019-10-31": "", "2019-07-31": "", "2019-04-30": "", "2019-01-31": "", "2018-10-31": "", "2018-07-31": "", "2018-04-30": "", "2018-01-31": "", "2017-10-31": "", "2017-07-31": "", "2017-04-30": "", "2017-01-31": "", "2016-10-31": "", "2016-07-31": "", "2016-04-30": "", "2016-01-31": "", "2015-10-31": "", "2015-07-31": "", "2015-04-30": "", "2015-01-31": "", "2014-10-31": "", "2014-07-31": "", "2014-04-30": "", "2014-01-31": "", "2013-10-31": "", "2013-07-31": "", "2013-04-30": "", "2013-01-31": "", "2012-10-31": "", "2012-07-31": "", "2012-04-30": "", "2012-01-31": "", "2011-10-31": "", "2011-07-31": "", "2011-04-30": "", "2011-01-31": "", "2010-10-31": "", "2010-07-31": "", "2010-04-30": "", "2010-01-31": "", "2009-10-31": "", "2009-07-31": "", "2009-04-30": "", "2009-01-31": "", "2008-10-31": "", "2008-07-31": "", "2008-04-30": "", "2008-01-31": "", "2007-10-31": "", "2007-07-31": "", "2007-04-30": "", "2007-01-31": "", "2006-10-31": "", "2006-07-31": "", "2006-04-30": "", "2006-01-31": "", "2005-10-31": "", "2005-07-31": "", "2005-04-30": "", "2005-01-31": ""}, "Pre-Tax Profit Margin": {"2020-10-31": "-5.18520", "2020-07-31": "-19.56000", "2020-04-30": "-132.05210", "2020-01-31": "5.23490", "2019-10-31": "", "2019-07-31": "2.02730", "2019-04-30": "2.87170", "2019-01-31": "11.11110", "2018-10-31": "1.32400", "2018-07-31": "3.42130", "2018-04-30": "3.21170", "2018-01-31": "13.09970", "2017-10-31": "0.68190", "2017-07-31": "2.89510", "2017-04-30": "2.63110", "2017-01-31": "7.96690", "2016-10-31": "0.46210", "2016-07-31": "0.34090", "2016-04-30": "3.08440", "2016-01-31": "9.50500", "2015-10-31": "3.03030", "2015-07-31": "5.61930", "2015-04-30": "5.03850", "2015-01-31": "13.34900", "2014-10-31": "5.26230", "2014-07-31": "7.51560", "2014-04-30": "5.46270", "2014-01-31": "13.58400", "2013-10-31": "4.20650", "2013-07-31": "7.22060", "2013-04-30": "5.29200", "2013-01-31": "12.32090", "2012-10-31": "3.65430", "2012-07-31": "7.33900", "2012-04-30": "4.54180", "2012-01-31": "13.48010", "2011-10-31": "3.12660", "2011-07-31": "6.65100", "2011-04-30": "3.63390", "2011-01-31": "12.40780", "2010-10-31": "0.23120", "2010-07-31": "4.33450", "2010-04-30": "0.73560", "2010-01-31": "9.36430", "2009-10-31": "-1.55390", "2009-07-31": "2.11080", "2009-04-30": "-4.90480", "2009-01-31": "-61.48220", "2008-10-31": "-1.36540", "2008-07-31": "2.11610", "2008-04-30": "-1.84440", "2008-01-31": "12.63670", "2007-10-31": "0.64340", "2007-07-31": "1.91790", "2007-04-30": "1.40180", "2007-01-31": "13.22200", "2006-10-31": "0.50970", "2006-07-31": "5.38780", "2006-04-30": "-1.98990", "2006-01-31": "11.14830", "2005-10-31": "9.75700", "2005-07-31": "6.54150", "2005-04-30": "5.43810", "2005-01-31": "13.92580"}, "Net Profit Margin": {"2020-10-31": "-2.17440", "2020-07-31": "-11.56430", "2020-04-30": "-113.75480", "2020-01-31": "3.96410", "2019-10-31": "0.03730", "2019-07-31": "1.50300", "2019-04-30": "2.39610", "2019-01-31": "8.52310", "2018-10-31": "1.10930", "2018-07-31": "2.88290", "2018-04-30": "2.43950", "2018-01-31": "15.13310", "2017-10-31": "0.55290", "2017-07-31": "1.91280", "2017-04-30": "1.41540", "2017-01-31": "5.19300", "2016-10-31": "0.30220", "2016-07-31": "0.18750", "2016-04-30": "2.01010", "2016-01-31": "6.13370", "2015-10-31": "2.00890", "2015-07-31": "3.55500", "2015-04-30": "3.09690", "2015-01-31": "8.46860", "2014-10-31": "3.50280", "2014-07-31": "4.65930", "2014-04-30": "3.56740", "2014-01-31": "8.81330", "2013-10-31": "2.82030", "2013-07-31": "4.63240", "2013-04-30": "3.39750", "2013-01-31": "7.80750", "2012-10-31": "2.38680", "2012-07-31": "4.56030", "2012-04-30": "2.94640", "2012-01-31": "8.53970", "2011-10-31": "2.37490", "2011-07-31": "4.05790", "2011-04-30": "2.22450", "2011-01-31": "8.06630", "2010-10-31": "0.17780", "2010-07-31": "2.65490", "2010-04-30": "0.41260", "2010-01-31": "5.66950", "2009-10-31": "-0.66330", "2009-07-31": "0.13560", "2009-04-30": "-1.69260", "2009-01-31": "-59.80590", "2008-10-31": "-0.80100", "2008-07-31": "1.27670", "2008-04-30": "-1.02660", "2008-01-31": "8.72700", "2007-10-31": "0.55880", "2007-07-31": "1.25590", "2007-04-30": "0.60800", "2007-01-31": "8.00310", "2006-10-31": "-0.05100", "2006-07-31": "5.28770", "2006-04-30": "-0.87690", "2006-01-31": "7.30330", "2005-10-31": "7.84880", "2005-07-31": "4.08500", "2005-04-30": "3.37820", "2005-01-31": "8.59380"}, "Asset Turnover": {"2020-10-31": "0.21780", "2020-07-31": "0.21160", "2020-04-30": "0.16940", "2020-01-31": "0.40510", "2019-10-31": "0.23750", "2019-07-31": "0.27590", "2019-04-30": "0.26650", "2019-01-31": "0.45300", "2018-10-31": "0.27450", "2018-07-31": "0.30840", "2018-04-30": "0.29120", "2018-01-31": "0.45450", "2017-10-31": "0.26610", "2017-07-31": "0.30970", "2017-04-30": "0.27720", "2017-01-31": "0.46850", "2016-10-31": "0.26450", "2016-07-31": "0.29770", "2016-04-30": "0.28620", "2016-01-31": "0.43100", "2015-10-31": "0.26840", "2015-07-31": "0.30580", "2015-04-30": "0.29650", "2015-01-31": "0.43900", "2014-10-31": "0.27640", "2014-07-31": "0.30410", "2014-04-30": "0.29470", "2014-01-31": "0.42560", "2013-10-31": "0.27960", "2013-07-31": "0.29690", "2013-04-30": "0.30360", "2013-01-31": "0.44540", "2012-10-31": "0.27280", "2012-07-31": "0.29750", "2012-04-30": "0.28870", "2012-01-31": "0.39480", "2011-10-31": "0.26290", "2011-07-31": "0.28960", "2011-04-30": "0.28840", "2011-01-31": "0.40080", "2010-10-31": "0.25930", "2010-07-31": "0.27090", "2010-04-30": "0.27010", "2010-01-31": "0.36850", "2009-10-31": "0.23650", "2009-07-31": "0.24850", "2009-04-30": "0.24370", "2009-01-31": "0.35830", "2008-10-31": "0.19000", "2008-07-31": "0.20430", "2008-04-30": "0.20840", "2008-01-31": "0.30930", "2007-10-31": "0.19910", "2007-07-31": "0.21100", "2007-04-30": "0.20680", "2007-01-31": "0.30990", "2006-10-31": "0.18600", "2006-07-31": "0.19180", "2006-04-30": "0.17900", "2006-01-31": "0.28860", "2005-10-31": "0.16040", "2005-07-31": "0.23810", "2005-04-30": "0.24260", "2005-01-31": "0.34400"}, "Inventory Turnover Ratio": {"2020-10-31": "0.49940", "2020-07-31": "0.75880", "2020-04-30": "0.50800", "2020-01-31": "1.01520", "2019-10-31": "0.42810", "2019-07-31": "0.67510", "2019-04-30": "0.61900", "2019-01-31": "1.00460", "2018-10-31": "0.45140", "2018-07-31": "0.66990", "2018-04-30": "0.63920", "2018-01-31": "1.02800", "2017-10-31": "0.44610", "2017-07-31": "0.68330", "2017-04-30": "0.58710", "2017-01-31": "0.98090", "2016-10-31": "0.44630", "2016-07-31": "0.65160", "2016-04-30": "0.61280", "2016-01-31": "1.00780", "2015-10-31": "0.44370", "2015-07-31": "0.65680", "2015-04-30": "0.64090", "2015-01-31": "1.03180", "2014-10-31": "0.48350", "2014-07-31": "0.67800", "2014-04-30": "0.65050", "2014-01-31": "0.98330", "2013-10-31": "0.49470", "2013-07-31": "0.65950", "2013-04-30": "0.69450", "2013-01-31": "1.04630", "2012-10-31": "0.50940", "2012-07-31": "0.70590", "2012-04-30": "0.68750", "2012-01-31": "1.00660", "2011-10-31": "0.49510", "2011-07-31": "0.69870", "2011-04-30": "0.69510", "2011-01-31": "1.02040", "2010-10-31": "0.51720", "2010-07-31": "0.69370", "2010-04-30": "0.68640", "2010-01-31": "0.99180", "2009-10-31": "0.49270", "2009-07-31": "0.65190", "2009-04-30": "0.64050", "2009-01-31": "1.00900", "2008-10-31": "0.48070", "2008-07-31": "0.66810", "2008-04-30": "0.66750", "2008-01-31": "0.99230", "2007-10-31": "0.51130", "2007-07-31": "0.67440", "2007-04-30": "0.64810", "2007-01-31": "1.01920", "2006-10-31": "0.50360", "2006-07-31": "0.69740", "2006-04-30": "0.66880", "2006-01-31": "1.04100", "2005-10-31": "0.44710", "2005-07-31": "0.65230", "2005-04-30": "0.63760", "2005-01-31": "0.97020"}, "Receiveable Turnover": {"2020-10-31": "22.62160", "2020-07-31": "20.25540", "2020-04-30": "18.51770", "2020-01-31": "20.97070", "2019-10-31": "30.60570", "2019-07-31": "23.84170", "2019-04-30": "23.94940", "2019-01-31": "21.73500", "2018-10-31": "29.41580", "2018-07-31": "22.06130", "2018-04-30": "22.79200", "2018-01-31": "24.52070", "2017-10-31": "24.77630", "2017-07-31": "15.19110", "2017-04-30": "15.97390", "2017-01-31": "17.81800", "2016-10-31": "17.47210", "2016-07-31": "13.86760", "2016-04-30": "13.80620", "2016-01-31": "15.89430", "2015-10-31": "29.37000", "2015-07-31": "18.27550", "2015-04-30": "24.06180", "2015-01-31": "22.08490", "2014-10-31": "21.21580", "2014-07-31": "17.80400", "2014-04-30": "22.83270", "2014-01-31": "21.00910", "2013-10-31": "22.73910", "2013-07-31": "17.48130", "2013-04-30": "21.65090", "2013-01-31": "25.20220", "2012-10-31": "21.61920", "2012-07-31": "17.04180", "2012-04-30": "22.17690", "2012-01-31": "23.70650", "2011-10-31": "20.32290", "2011-07-31": "20.06420", "2011-04-30": "26.17330", "2011-01-31": "24.46450", "2010-10-31": "18.55780", "2010-07-31": "15.59720", "2010-04-30": "20.41760", "2010-01-31": "21.92460", "2009-10-31": "17.02260", "2009-07-31": "14.88180", "2009-04-30": "11.30220", "2009-01-31": "22.03890", "2008-10-31": "13.39760", "2008-07-31": "15.53800", "2008-04-30": "12.79960", "2008-01-31": "18.56160", "2007-10-31": "12.86710", "2007-07-31": "12.02450", "2007-04-30": "11.74800", "2007-01-31": "17.71570", "2006-10-31": "12.06150", "2006-07-31": "13.03260", "2006-04-30": "2.35600", "2006-01-31": "3.79500", "2005-10-31": "2.47770", "2005-07-31": "1.10760", "2005-04-30": "1.09900", "2005-01-31": "1.49800"}, "Days Sales In Receivables": {"2020-10-31": "3.97850", "2020-07-31": "4.44330", "2020-04-30": "4.86020", "2020-01-31": "4.29170", "2019-10-31": "2.94060", "2019-07-31": "3.77490", "2019-04-30": "3.75790", "2019-01-31": "4.14080", "2018-10-31": "3.05960", "2018-07-31": "4.07950", "2018-04-30": "3.94880", "2018-01-31": "3.67040", "2017-10-31": "3.63250", "2017-07-31": "5.92450", "2017-04-30": "5.63420", "2017-01-31": "5.05110", "2016-10-31": "5.15110", "2016-07-31": "6.48990", "2016-04-30": "6.51880", "2016-01-31": "5.66240", "2015-10-31": "3.06440", "2015-07-31": "4.92460", "2015-04-30": "3.74040", "2015-01-31": "4.07520", "2014-10-31": "4.24210", "2014-07-31": "5.05510", "2014-04-30": "3.94170", "2014-01-31": "4.28390", "2013-10-31": "3.95790", "2013-07-31": "5.14840", "2013-04-30": "4.15690", "2013-01-31": "3.57110", "2012-10-31": "4.16300", "2012-07-31": "5.28110", "2012-04-30": "4.05830", "2012-01-31": "3.79640", "2011-10-31": "4.42850", "2011-07-31": "4.48560", "2011-04-30": "3.43860", "2011-01-31": "3.67880", "2010-10-31": "4.84970", "2010-07-31": "5.77030", "2010-04-30": "4.40800", "2010-01-31": "4.10500", "2009-10-31": "5.28710", "2009-07-31": "6.04760", "2009-04-30": "7.96310", "2009-01-31": "4.08370", "2008-10-31": "6.71760", "2008-07-31": "5.79220", "2008-04-30": "7.03150", "2008-01-31": "4.84870", "2007-10-31": "6.99460", "2007-07-31": "7.48470", "2007-04-30": "7.66090", "2007-01-31": "5.08020", "2006-10-31": "7.46180", "2006-07-31": "6.90580", "2006-04-30": "38.20070", "2006-01-31": "23.71540", "2005-10-31": "36.32400", "2005-07-31": "81.25590", "2005-04-30": "81.89230", "2005-01-31": "60.08200"}, "ROE - Return On Equity": {"2020-10-31": "-4.05710", "2020-07-31": "-18.54560", "2020-04-30": "", "2020-01-31": "5.33170", "2019-10-31": "0.03300", "2019-07-31": "1.36180", "2019-04-30": "", "2019-01-31": "11.51340", "2018-10-31": "1.09830", "2018-07-31": "2.78250", "2018-04-30": "2.25820", "2018-01-31": "23.42580", "2017-10-31": "0.63170", "2017-07-31": "2.43300", "2017-04-30": "1.76610", "2017-01-31": "11.10600", "2016-10-31": "0.39570", "2016-07-31": "0.22220", "2016-04-30": "2.76840", "2016-01-31": "12.76750", "2015-10-31": "2.94340", "2015-07-31": "4.47980", "2015-04-30": "3.70650", "2015-01-31": "14.74530", "2014-10-31": "4.05530", "2014-07-31": "", "2014-04-30": "", "2014-01-31": "12.97810", "2013-10-31": "", "2013-07-31": "", "2013-04-30": "", "2013-01-31": "12.06410", "2012-10-31": "", "2012-07-31": "", "2012-04-30": "", "2012-01-31": "12.55690", "2011-10-31": "", "2011-07-31": "", "2011-04-30": "", "2011-01-31": "12.06150", "2010-10-31": "", "2010-07-31": "", "2010-04-30": "", "2010-01-31": "9.56370", "2009-10-31": "", "2009-07-31": "", "2009-04-30": "", "2009-01-31": "-102.13090", "2008-10-31": "", "2008-07-31": "", "2008-04-30": "", "2008-01-31": "7.57040", "2007-10-31": "", "2007-07-31": "", "2007-04-30": "", "2007-01-31": "6.20210", "2006-10-31": "", "2006-07-31": "", "2006-04-30": "", "2006-01-31": "5.01520", "2005-10-31": "", "2005-07-31": "", "2005-04-30": "", "2005-01-31": "7.13480"}, "Return On Tangible Equity": {"2020-10-31": "-9.30470", "2020-07-31": "-40.73720", "2020-04-30": "-252.18310", "2020-01-31": "16.74880", "2019-10-31": "0.11700", "2019-07-31": "4.37210", "2019-04-30": "6.88960", "2019-01-31": "36.14630", "2018-10-31": "4.93630", "2018-07-31": "10.91150", "2018-04-30": "9.31060", "2018-01-31": "99.62910", "2017-10-31": "-23.68420", "2017-07-31": "220.40820", "2017-04-30": "-233.33330", "2017-01-31": "-657.53420", "2016-10-31": "-2.47930", "2016-07-31": "-2.57880", "2016-04-30": "-45.27560", "2016-01-31": "-343.67090", "2015-10-31": "-26.59090", "2015-07-31": "51.17930", "2015-04-30": "24.77540", "2015-01-31": "69.62250", "2014-10-31": "19.65580", "2014-07-31": "18.81440", "2014-04-30": "12.18720", "2014-01-31": "40.98030", "2013-10-31": "15.20620", "2013-07-31": "17.90950", "2013-04-30": "12.94750", "2013-01-31": "41.78590", "2012-10-31": "11.60000", "2012-07-31": "17.65820", "2012-04-30": "10.64080", "2012-01-31": "46.79650", "2011-10-31": "9.26050", "2011-07-31": "15.04370", "2011-04-30": "9.94680", "2011-01-31": "58.00000", "2010-10-31": "2.20750", "2010-07-31": "33.56170", "2010-04-30": "8.21430", "2010-01-31": "191.81030", "2009-10-31": "-55.55560", "2009-07-31": "6.42200", "2009-04-30": "-83.80950", "2009-01-31": "-2578.80400", "2008-10-31": "24.44440", "2008-07-31": "-137.73580", "2008-04-30": "42.14290", "2008-01-31": "-1315.79000", "2007-10-31": "-6.45790", "2007-07-31": "-16.66670", "2007-04-30": "12.87130", "2007-01-31": "35.07150", "2006-10-31": "0.66910", "2006-07-31": "8.26490", "2006-04-30": "-2.39870", "2006-01-31": "23.22710", "2005-10-31": "14.35830", "2005-07-31": "2.47700", "2005-04-30": "2.14510", "2005-01-31": "7.95800"}, "ROA - Return On Assets": {"2020-10-31": "-0.47360", "2020-07-31": "-2.44690", "2020-04-30": "-19.27240", "2020-01-31": "1.60590", "2019-10-31": "0.00890", "2019-07-31": "0.41460", "2019-04-30": "0.63860", "2019-01-31": "3.86060", "2018-10-31": "0.30450", "2018-07-31": "0.87850", "2018-04-30": "0.66950", "2018-01-31": "6.85800", "2017-10-31": "0.13240", "2017-07-31": "0.57640", "2017-04-30": "0.38740", "2017-01-31": "2.41800", "2016-10-31": "0.07050", "2016-07-31": "0.04570", "2016-04-30": "0.57040", "2016-01-31": "2.63900", "2015-10-31": "0.53470", "2015-07-31": "1.08720", "2015-04-30": "0.91830", "2015-01-31": "3.71780", "2014-10-31": "0.96820", "2014-07-31": "1.41710", "2014-04-30": "1.05140", "2014-01-31": "3.75120", "2013-10-31": "0.78860", "2013-07-31": "1.37540", "2013-04-30": "1.03140", "2013-01-31": "3.47770", "2012-10-31": "0.65110", "2012-07-31": "1.35670", "2012-04-30": "0.85070", "2012-01-31": "3.37180", "2011-10-31": "0.62440", "2011-07-31": "1.17520", "2011-04-30": "0.64160", "2011-01-31": "3.23300", "2010-10-31": "0.04610", "2010-07-31": "0.71920", "2010-04-30": "0.11150", "2010-01-31": "2.08920", "2009-10-31": "-0.15690", "2009-07-31": "0.03370", "2009-04-30": "-0.41250", "2009-01-31": "-21.42700", "2008-10-31": "-0.15220", "2008-07-31": "0.26080", "2008-04-30": "-0.21390", "2008-01-31": "2.69890", "2007-10-31": "0.11120", "2007-07-31": "0.26500", "2007-04-30": "0.18160", "2007-01-31": "2.57190", "2006-10-31": "0.06320", "2006-07-31": "0.90230", "2006-04-30": "-0.22340", "2006-01-31": "2.04410", "2005-10-31": "1.22400", "2005-07-31": "0.97250", "2005-04-30": "0.81970", "2005-01-31": "2.95600"}, "ROI - Return On Investment": {"2020-10-31": "-1.28260", "2020-07-31": "-6.00700", "2020-04-30": "-47.02560", "2020-01-31": "3.40070", "2019-10-31": "0.01860", "2019-07-31": "0.78220", "2019-04-30": "1.23600", "2019-01-31": "6.64930", "2018-10-31": "0.55790", "2018-07-31": "1.44280", "2018-04-30": "1.12370", "2018-01-31": "11.58360", "2017-10-31": "0.25540", "2017-07-31": "1.00560", "2017-04-30": "0.71480", "2017-01-31": "4.41010", "2016-10-31": "0.14490", "2016-07-31": "0.08480", "2016-04-30": "1.03190", "2016-01-31": "4.82750", "2015-10-31": "1.05870", "2015-07-31": "1.80910", "2015-04-30": "1.55190", "2015-01-31": "6.28820", "2014-10-31": "1.73860", "2014-07-31": "2.32930", "2014-04-30": "1.68900", "2014-01-31": "6.25630", "2013-10-31": "1.45390", "2013-07-31": "2.30440", "2013-04-30": "1.69960", "2013-01-31": "5.67780", "2012-10-31": "1.17120", "2012-07-31": "2.22490", "2012-04-30": "1.42780", "2012-01-31": "5.91830", "2011-10-31": "1.15800", "2011-07-31": "1.98760", "2011-04-30": "1.08890", "2011-01-31": "5.33560", "2010-10-31": "0.08460", "2010-07-31": "1.19200", "2010-04-30": "0.18860", "2010-01-31": "3.39460", "2009-10-31": "-0.26690", "2009-07-31": "0.05310", "2009-04-30": "-0.66300", "2009-01-31": "-35.46600", "2008-10-31": "-0.23860", "2008-07-31": "0.39250", "2008-04-30": "-0.31830", "2008-01-31": "3.94860", "2007-10-31": "0.17770", "2007-07-31": "0.38210", "2007-04-30": "0.26120", "2007-01-31": "3.78090", "2006-10-31": "0.09510", "2006-07-31": "1.29490", "2006-04-30": "-0.33110", "2006-01-31": "3.02960", "2005-10-31": "1.94010", "2005-07-31": "1.60050", "2005-04-30": "1.36560", "2005-01-31": "4.99770"}, "Book Value Per Share": {"2020-10-31": "7.22430", "2020-07-31": "7.49080", "2020-04-30": "8.69340", "2020-01-31": "20.63550", "2019-10-31": "19.60420", "2019-07-31": "20.44250", "2019-04-30": "20.47130", "2019-01-31": "20.92870", "2018-10-31": "18.35970", "2018-07-31": "19.20040", "2018-04-30": "18.93460", "2018-01-31": "18.80910", "2017-10-31": "14.03310", "2017-07-31": "14.57520", "2017-04-30": "14.31820", "2017-01-31": "14.21240", "2016-10-31": "12.40230", "2016-07-31": "13.12940", "2016-04-30": "13.46970", "2016-01-31": "13.70610", "2015-10-31": "12.64440", "2015-07-31": "14.63520", "2015-04-30": "15.47810", "2015-01-31": "15.78980", "2014-10-31": "15.49730", "2014-07-31": "16.44450", "2014-04-30": "16.92410", "2014-01-31": "17.12520", "2013-10-31": "14.76870", "2013-07-31": "15.56190", "2013-04-30": "15.56350", "2013-01-31": "15.60740", "2012-10-31": "14.07370", "2012-07-31": "14.66500", "2012-04-30": "14.60250", "2012-01-31": "14.32400", "2011-10-31": "13.93920", "2011-07-31": "13.96120", "2011-04-30": "13.32810", "2011-01-31": "13.06400", "2010-10-31": "11.43630", "2010-07-31": "11.44850", "2010-04-30": "11.11330", "2010-01-31": "11.05640", "2009-10-31": "10.67430", "2009-07-31": "10.82840", "2009-04-30": "10.83060", "2009-01-31": "11.05930", "2008-10-31": "23.04050", "2008-07-31": "23.38850", "2008-04-30": "23.32910", "2008-01-31": "23.60500", "2007-10-31": "21.87130", "2007-07-31": "22.16000", "2007-04-30": "22.80350", "2007-01-31": "24.66090", "2006-10-31": "24.89490", "2006-07-31": "24.96950", "2006-04-30": "24.42440", "2006-01-31": "24.72390", "2005-10-31": "47.70480", "2005-07-31": "38.47740", "2005-04-30": "18.69420", "2005-01-31": "18.45300"}, "Operating Cash Flow Per Share": {"2020-10-31": 0.8066, "2020-07-31": 0.5055, "2020-04-30": "-0.52800", "2020-01-31": 4.6107, "2019-10-31": -0.5701, "2019-07-31": 1.2452, "2019-04-30": "-0.12200", "2019-01-31": 4.1975, "2018-10-31": -0.3695, "2018-07-31": 0.7029, "2018-04-30": "1.04070", "2018-01-31": 5.1389, "2017-10-31": -0.4796, "2017-07-31": 1.0092, "2017-04-30": "0.77220", "2017-01-31": 4.8031, "2016-10-31": -0.8073, "2016-07-31": 1.7734, "2016-04-30": "0.02550", "2016-01-31": 5.1148, "2015-10-31": -0.324, "2015-07-31": 1.0142, "2015-04-30": "0.15300", "2015-01-31": 5.1385, "2014-10-31": 0.3369, "2014-07-31": 1.5472, "2014-04-30": "0.46700", "2014-01-31": 4.4701, "2013-10-31": 0.4485, "2013-07-31": 0.9502, "2013-04-30": "0.75540", "2013-01-31": 3.1068, "2012-10-31": 0.6499, "2012-07-31": 0.905, "2012-04-30": "0.62460", "2012-01-31": 3.5967, "2011-10-31": 0.1014, "2011-07-31": 1.1949, "2011-04-30": "0.15580", "2011-01-31": 2.7153, "2010-10-31": 0.1339, "2010-07-31": 1.0249, "2010-04-30": "-0.34960", "2010-01-31": 3.1727, "2009-10-31": -0.0325, "2009-07-31": 1.0021, "2009-04-30": "-0.00710", "2009-01-31": 3.6778, "2008-10-31": -0.6501, "2008-07-31": 1.3526, "2008-04-30": "0.04990", "2008-01-31": 4.2455, "2007-10-31": -0.2495, "2007-07-31": 1.6767, "2007-04-30": "-0.77670", "2007-01-31": 3.1566, "2006-10-31": -0.4947, "2006-07-31": 4.2862, "2006-04-30": "-0.20720", "2006-01-31": 4.7809, "2005-10-31": 2.8642, "2005-07-31": 1.8114, "2005-04-30": "0.08100", "2005-01-31": 4.2284}, "Free Cash Flow Per Share": {"2020-10-31": 0.5205, "2020-07-31": 0.124, "2020-04-30": "-0.97550", "2020-01-31": 3.8656, "2019-10-31": -1.5279, "2019-07-31": 0.5653, "2019-04-30": "-0.86060", "2019-01-31": 4.5076, "2018-10-31": -1.1247, "2018-07-31": 0.2169, "2018-04-30": "0.50100", "2018-01-31": 5.1041, "2017-10-31": -0.8581, "2017-07-31": 0.5488, "2017-04-30": "0.50830", "2017-01-31": 5.7823, "2016-10-31": -1.3445, "2016-07-31": 1.2386, "2016-04-30": "-0.65070", "2016-01-31": 4.6477, "2015-10-31": -1.0999, "2015-07-31": 0.2172, "2015-04-30": "-0.53680", "2015-01-31": 4.5008, "2014-10-31": -0.334, "2014-07-31": 0.8885, "2014-04-30": "-0.04290", "2014-01-31": 3.967, "2013-10-31": -0.1493, "2013-07-31": 0.4328, "2013-04-30": "0.47400", "2013-01-31": 2.4452, "2012-10-31": 0.1357, "2012-07-31": 0.4058, "2012-04-30": "0.17440", "2012-01-31": 3.1935, "2011-10-31": -0.4395, "2011-07-31": 0.8381, "2011-04-30": "-0.05350", "2011-01-31": 2.2726, "2010-10-31": -0.139, "2010-07-31": 0.8702, "2010-04-30": "-0.48800", "2010-01-31": 2.9197, "2009-10-31": -0.2935, "2009-07-31": 0.7323, "2009-04-30": "-0.16850", "2009-01-31": 3.1219, "2008-10-31": -1.3637, "2008-07-31": 0.8179, "2008-04-30": "-0.18530", "2008-01-31": 3.8656, "2007-10-31": -0.9785, "2007-07-31": 1.0479, "2007-04-30": "-0.98240", "2007-01-31": 2.5295, "2006-10-31": -1.2606, "2006-07-31": 4.5301, "2006-04-30": "-0.35990", "2006-01-31": 4.0628, "2005-10-31": 2.5747, "2005-07-31": 1.4184, "2005-04-30": "0.01590", "2005-01-31": 2.7666}}, "revenue": {"Macy's Annual Revenue (Millions of US $)": {"2020": "$25,331", "2019": "$25,739", "2018": "$25,641", "2017": "$26,564", "2016": "$27,079", "2015": "$28,105", "2014": "$27,931", "2013": "$27,686", "2012": "$26,405", "2011": "$25,003", "2010": "$23,489", "2009": "$24,892", "2008": "$26,313", "2007": "$26,970", "2006": "$22,390", "2005": "$15,776"}, "Macy's Quarterly Revenue (Millions of US $)": {"2020-10-31": "$4,185", "2020-07-31": "$3,727", "2020-04-30": "$3,148", "2020-01-31": "$8,577", "2019-10-31": "$5,356", "2019-07-31": "$5,722", "2019-04-30": "$5,676", "2019-01-31": "$8,694", "2018-10-31": "$5,589", "2018-07-31": "$5,758", "2018-04-30": "$5,698", "2018-01-31": "$8,901", "2017-10-31": "$5,426", "2017-07-31": "$5,803", "2017-04-30": "$5,511", "2017-01-31": "$9,301", "2016-10-31": "$5,626", "2016-07-31": "$5,866", "2016-04-30": "$5,771", "2016-01-31": "$8,869", "2015-10-31": "$5,874", "2015-07-31": "$6,104", "2015-04-30": "$6,232", "2015-01-31": "$9,364", "2014-10-31": "$6,195", "2014-07-31": "$6,267", "2014-04-30": "$6,279", "2014-01-31": "$9,202", "2013-10-31": "$6,276", "2013-07-31": "$6,066", "2013-04-30": "$6,387", "2013-01-31": "$9,350", "2012-10-31": "$6,075", "2012-07-31": "$6,118", "2012-04-30": "$6,143", "2012-01-31": "$8,724", "2011-10-31": "$5,853", "2011-07-31": "$5,939", "2011-04-30": "$5,889", "2011-01-31": "$8,269", "2010-10-31": "$5,623", "2010-07-31": "$5,537", "2010-04-30": "$5,574", "2010-01-31": "$7,849", "2009-10-31": "$5,277", "2009-07-31": "$5,164", "2009-04-30": "$5,199", "2009-01-31": "$7,934", "2008-10-31": "$5,493", "2008-07-31": "$5,718", "2008-04-30": "$5,747", "2008-01-31": "$8,594", "2007-10-31": "$5,906", "2007-07-31": "$5,892", "2007-04-30": "$5,921", "2007-01-31": "$9,159", "2006-10-31": "$5,886", "2006-07-31": "$5,995", "2006-04-30": "$5,930", "2006-01-31": "$9,571", "2005-10-31": "$5,555", "2005-07-31": "$3,623", "2005-04-30": "$3,641", "2005-01-31": "$5,120"}}, "gross-profit": {"Macy's Annual Gross Profit (Millions of US $)": {"2020": "$10,160", "2019": "$10,524", "2018": "$10,460", "2017": "$10,898", "2016": "$10,583", "2015": "$11,242", "2014": "$11,206", "2013": "$11,148", "2012": "$10,667", "2011": "$10,179", "2010": "$9,516", "2009": "$9,883", "2008": "$10,636", "2007": "$10,773", "2006": "$9,093", "2005": "$6,394"}, "Macy's Quarterly Gross Profit (Millions of US $)": {"2020-10-31": "$1,616", "2020-07-31": "$1,009", "2020-04-30": "$647", "2020-01-31": "$3,310", "2019-10-31": "$2,250", "2019-07-31": "$2,327", "2019-04-30": "$2,273", "2019-01-31": "$3,407", "2018-10-31": "$2,363", "2018-07-31": "$2,438", "2018-04-30": "$2,316", "2018-01-31": "$3,578", "2017-10-31": "$2,274", "2017-07-31": "$2,400", "2017-04-30": "$2,208", "2017-01-31": "$4,005", "2016-10-31": "$2,240", "2016-07-31": "$2,398", "2016-04-30": "$2,255", "2016-01-31": "$3,320", "2015-10-31": "$2,337", "2015-07-31": "$2,494", "2015-04-30": "$2,432", "2015-01-31": "$3,775", "2014-10-31": "$2,429", "2014-07-31": "$2,595", "2014-04-30": "$2,443", "2014-01-31": "$3,738", "2013-10-31": "$2,459", "2013-07-31": "$2,533", "2013-04-30": "$2,476", "2013-01-31": "$3,796", "2012-10-31": "$2,403", "2012-07-31": "$2,563", "2012-04-30": "$2,386", "2012-01-31": "$3,573", "2011-10-31": "$2,309", "2011-07-31": "$2,482", "2011-04-30": "$2,303", "2011-01-31": "$3,414", "2010-10-31": "$2,246", "2010-07-31": "$2,323", "2010-04-30": "$2,196", "2010-01-31": "$3,272", "2009-10-31": "$2,121", "2009-07-31": "$2,143", "2009-04-30": "$1,980", "2009-01-31": "$3,122", "2008-10-31": "$2,169", "2008-07-31": "$2,372", "2008-04-30": "$2,220", "2008-01-31": "$3,573", "2007-10-31": "$2,321", "2007-07-31": "$2,385", "2007-04-30": "$2,357", "2007-01-31": "$3,740", "2006-10-31": "$2,345", "2006-07-31": "$2,391", "2006-04-30": "$2,297", "2006-01-31": "$3,888", "2005-10-31": "$2,243", "2005-07-31": "$1,497", "2005-04-30": "$1,465", "2005-01-31": "$2,093"}}, "operating-income": {"Macy's Annual Operating Income (Millions of US $)": {"2020": "$970", "2019": "$1,738", "2018": "$1,864", "2017": "$1,371", "2016": "$2,039", "2015": "$2,800", "2014": "$2,678", "2013": "$2,661", "2012": "$2,411", "2011": "$1,894", "2010": "$1,063", "2009": "$-4,378", "2008": "$1,863", "2007": "$1,836", "2006": "$2,424", "2005": "$1,400"}, "Macy's Quarterly Operating Income (Millions of US $)": {"2020-10-31": "$-127", "2020-07-31": "$-631", "2020-04-30": "$-4,119", "2020-01-31": "$560", "2019-10-31": "$52", "2019-07-31": "$155", "2019-04-30": "$203", "2019-01-31": "$1,050", "2018-10-31": "$147", "2018-07-31": "$303", "2018-04-30": "$238", "2018-01-31": "$1,245", "2017-10-31": "$118", "2017-07-31": "$282", "2017-04-30": "$219", "2017-01-31": "$871", "2016-10-31": "$107", "2016-07-31": "$117", "2016-04-30": "$276", "2016-01-31": "$936", "2015-10-31": "$258", "2015-07-31": "$436", "2015-04-30": "$409", "2015-01-31": "$1,364", "2014-10-31": "$422", "2014-07-31": "$571", "2014-04-30": "$443", "2014-01-31": "$1,349", "2013-10-31": "$360", "2013-07-31": "$534", "2013-04-30": "$435", "2013-01-31": "$1,391", "2012-10-31": "$325", "2012-07-31": "$554", "2012-04-30": "$391", "2012-01-31": "$1,284", "2011-10-31": "$291", "2011-07-31": "$506", "2011-04-30": "$330", "2011-01-31": "$1,144", "2010-10-31": "$177", "2010-07-31": "$370", "2010-04-30": "$203", "2010-01-31": "$874", "2009-10-31": "$55", "2009-07-31": "$248", "2009-04-30": "$-114", "2009-01-31": "$-4,735", "2008-10-31": "$68", "2008-07-31": "$259", "2008-04-30": "$30", "2008-01-31": "$1,222", "2007-10-31": "$183", "2007-07-31": "$250", "2007-04-30": "$208", "2007-01-31": "$1,260", "2006-10-31": "$134", "2006-07-31": "$422", "2006-04-30": "$20", "2006-01-31": "$1,194", "2005-10-31": "$687", "2005-07-31": "$291", "2005-04-30": "$252", "2005-01-31": "$763"}}, "ebitda": {"Macy's Annual EBITDA (Millions of US $)": {"2020": "$1,955", "2019": "$2,685", "2018": "$2,810", "2017": "$2,415", "2016": "$3,086", "2015": "$3,831", "2014": "$3,690", "2013": "$3,694", "2012": "$3,481", "2011": "$3,019", "2010": "$2,250", "2009": "$2,255", "2008": "$3,136", "2007": "$3,052", "2006": "$3,380", "2005": "$2,140"}, "Macy's Quarterly EBITDA (Millions of US $)": {"2020-10-31": "$130", "2020-07-31": "$-392", "2020-04-30": "$-3,882", "2020-01-31": "$819", "2019-10-31": "$305", "2019-07-31": "$392", "2019-04-30": "$439", "2019-01-31": "$1,284", "2018-10-31": "$395", "2018-07-31": "$533", "2018-04-30": "$473", "2018-01-31": "$1,460", "2017-10-31": "$372", "2017-07-31": "$516", "2017-04-30": "$462", "2017-01-31": "$1,142", "2016-10-31": "$361", "2016-07-31": "$377", "2016-04-30": "$535", "2016-01-31": "$1,206", "2015-10-31": "$517", "2015-07-31": "$696", "2015-04-30": "$667", "2015-01-31": "$1,629", "2014-10-31": "$684", "2014-07-31": "$824", "2014-04-30": "$694", "2014-01-31": "$1,607", "2013-10-31": "$615", "2013-07-31": "$784", "2013-04-30": "$684", "2013-01-31": "$1,652", "2012-10-31": "$591", "2012-07-31": "$809", "2012-04-30": "$642", "2012-01-31": "$1,548", "2011-10-31": "$569", "2011-07-31": "$770", "2011-04-30": "$594", "2011-01-31": "$1,425", "2010-10-31": "$458", "2010-07-31": "$652", "2010-04-30": "$484", "2010-01-31": "$1,173", "2009-10-31": "$351", "2009-07-31": "$543", "2009-04-30": "$183", "2009-01-31": "$968", "2008-10-31": "$382", "2008-07-31": "$567", "2008-04-30": "$338", "2008-01-31": "$1,542", "2007-10-31": "$497", "2007-07-31": "$569", "2007-04-30": "$528", "2007-01-31": "$1,579", "2006-10-31": "$438", "2006-07-31": "$711", "2006-04-30": "$324", "2006-01-31": "$1,518", "2005-10-31": "$962", "2005-07-31": "$470", "2005-04-30": "$430", "2005-01-31": "$965"}}, "net-income": {"Macy's Annual Net Income (Millions of US $)": {"2020": "$564", "2019": "$1,108", "2018": "$1,566", "2017": "$627", "2016": "$1,072", "2015": "$1,526", "2014": "$1,486", "2013": "$1,335", "2012": "$1,256", "2011": "$847", "2010": "$329", "2009": "$-4,775", "2008": "$893", "2007": "$995", "2006": "$1,406", "2005": "$689"}, "Macy's Quarterly Net Income (Millions of US $)": {"2020-10-31": "$-91", "2020-07-31": "$-431", "2020-04-30": "$-3,581", "2020-01-31": "$340", "2019-10-31": "$2", "2019-07-31": "$86", "2019-04-30": "$136", "2019-01-31": "$741", "2018-10-31": "$62", "2018-07-31": "$166", "2018-04-30": "$139", "2018-01-31": "$1,347", "2017-10-31": "$30", "2017-07-31": "$111", "2017-04-30": "$78", "2017-01-31": "$483", "2016-10-31": "$17", "2016-07-31": "$11", "2016-04-30": "$116", "2016-01-31": "$544", "2015-10-31": "$118", "2015-07-31": "$217", "2015-04-30": "$193", "2015-01-31": "$793", "2014-10-31": "$217", "2014-07-31": "$292", "2014-04-30": "$224", "2014-01-31": "$811", "2013-10-31": "$177", "2013-07-31": "$281", "2013-04-30": "$217", "2013-01-31": "$730", "2012-10-31": "$145", "2012-07-31": "$279", "2012-04-30": "$181", "2012-01-31": "$745", "2011-10-31": "$139", "2011-07-31": "$241", "2011-04-30": "$131", "2011-01-31": "$667", "2010-10-31": "$10", "2010-07-31": "$147", "2010-04-30": "$23", "2010-01-31": "$445", "2009-10-31": "$-35", "2009-07-31": "$7", "2009-04-30": "$-88", "2009-01-31": "$-4,745", "2008-10-31": "$-44", "2008-07-31": "$73", "2008-04-30": "$-59", "2008-01-31": "$750", "2007-10-31": "$33", "2007-07-31": "$74", "2007-04-30": "$36", "2007-01-31": "$733", "2006-10-31": "$-3", "2006-07-31": "$317", "2006-04-30": "$-52", "2006-01-31": "$699", "2005-10-31": "$436", "2005-07-31": "$148", "2005-04-30": "$123", "2005-01-31": "$440"}}, "eps-earnings-per-share-diluted": {"Macy's Annual EPS": {"2020": "$1.81", "2019": "$3.56", "2018": "$5.10", "2017": "$2.02", "2016": "$3.22", "2015": "$4.22", "2014": "$3.86", "2013": "$3.24", "2012": "$2.92", "2011": "$1.98", "2010": "$0.78", "2009": "$-11.34", "2008": "$1.97", "2007": "$1.81", "2006": "$3.24", "2005": "$1.93"}, "Macy's Quarterly EPS": {"2020-10-31": "$-0.29", "2020-07-31": "$-1.39", "2020-04-30": "$-11.53", "2020-01-31": "$1.08", "2019-10-31": "$0.01", "2019-07-31": "$0.28", "2019-04-30": "$0.44", "2019-01-31": "$2.38", "2018-10-31": "$0.20", "2018-07-31": "$0.53", "2018-04-30": "$0.45", "2018-01-31": "$4.38", "2017-10-31": "$0.10", "2017-07-31": "$0.36", "2017-04-30": "$0.26", "2017-01-31": "$1.57", "2016-10-31": "$0.05", "2016-07-31": "$0.03", "2016-04-30": "$0.37", "2016-01-31": "$1.66", "2015-10-31": "$0.36", "2015-07-31": "$0.64", "2015-04-30": "$0.56", "2015-01-31": "$2.21", "2014-10-31": "$0.61", "2014-07-31": "$0.80", "2014-04-30": "$0.60", "2014-01-31": "$2.12", "2013-10-31": "$0.47", "2013-07-31": "$0.72", "2013-04-30": "$0.55", "2013-01-31": "$1.78", "2012-10-31": "$0.36", "2012-07-31": "$0.67", "2012-04-30": "$0.43", "2012-01-31": "$1.75", "2011-10-31": "$0.32", "2011-07-31": "$0.55", "2011-04-30": "$0.30", "2011-01-31": "$1.56", "2010-10-31": "$0.02", "2010-07-31": "$0.35", "2010-04-30": "$0.05", "2010-01-31": "$1.05", "2009-10-31": "$-0.08", "2009-07-31": "$0.02", "2009-04-30": "$-0.21", "2009-01-31": "$-11.27", "2008-10-31": "$-0.10", "2008-07-31": "$0.17", "2008-04-30": "$-0.14", "2008-01-31": "$1.65", "2007-10-31": "$0.08", "2007-07-31": "$0.16", "2007-04-30": "$0.08", "2007-01-31": "$1.34", "2006-10-31": "$-0.01", "2006-07-31": "$0.57", "2006-04-30": "$-0.09", "2006-01-31": "$1.74", "2005-10-31": "$0.90", "2005-07-31": "$0.42", "2005-04-30": "$0.18", "2005-01-31": "$1.24"}}, "shares-outstanding": {"Macy's Annual Shares Outstanding (Millions of Shares)": {"2020": "311", "2019": "311", "2018": "307", "2017": "311", "2016": "333", "2015": "362", "2014": "385", "2013": "412", "2012": "430", "2011": "427", "2010": "423", "2009": "421", "2008": "452", "2007": "548", "2006": "435", "2005": "356"}, "Macy's Quarterly Shares Outstanding (Millions of Shares)": {"2020-10-31": "311", "2020-07-31": "311", "2020-04-30": "311", "2020-01-31": "311", "2019-10-31": "311", "2019-07-31": "312", "2019-04-30": "311", "2019-01-31": "311", "2018-10-31": "312", "2018-07-31": "312", "2018-04-30": "309", "2018-01-31": "307", "2017-10-31": "307", "2017-07-31": "307", "2017-04-30": "307", "2017-01-31": "311", "2016-10-31": "311", "2016-07-31": "311", "2016-04-30": "314", "2016-01-31": "333", "2015-10-31": "330", "2015-07-31": "341", "2015-04-30": "347", "2015-01-31": "362", "2014-10-31": "358", "2014-07-31": "365", "2014-04-30": "373", "2014-01-31": "385", "2013-10-31": "380", "2013-07-31": "389", "2013-04-30": "395", "2013-01-31": "412", "2012-10-31": "408", "2012-07-31": "417", "2012-04-30": "424", "2012-01-31": "430", "2011-10-31": "432", "2011-07-31": "435", "2011-04-30": "430", "2011-01-31": "427", "2010-10-31": "428", "2010-07-31": "427", "2010-04-30": "426", "2010-01-31": "423", "2009-10-31": "422", "2009-07-31": "422", "2009-04-30": "421", "2009-01-31": "421", "2008-10-31": "421", "2008-07-31": "422", "2008-04-30": "421", "2008-01-31": "452", "2007-10-31": "438", "2007-07-31": "458", "2007-04-30": "476", "2007-01-31": "548", "2006-10-31": "550", "2006-07-31": "559", "2006-04-30": "550", "2006-01-31": "435", "2005-10-31": "487", "2005-07-31": "351", "2005-04-30": "691", "2005-01-31": "356"}}, "total-assets": {"Macy's Annual Total Assets (Millions of US $)": {"2020": "$21,172", "2019": "$19,194", "2018": "$19,583", "2017": "$19,851", "2016": "$20,576", "2015": "$21,330", "2014": "$21,620", "2013": "$20,991", "2012": "$22,095", "2011": "$20,631", "2010": "$21,300", "2009": "$22,145", "2008": "$27,789", "2007": "$29,550", "2006": "$33,168", "2005": "$14,885"}, "Macy's Quarterly Total Assets (Millions of US $)": {"2020-10-31": "$19,214", "2020-07-31": "$17,614", "2020-04-30": "$18,581", "2020-01-31": "$21,172", "2019-10-31": "$22,547", "2019-07-31": "$20,741", "2019-04-30": "$21,296", "2019-01-31": "$19,194", "2018-10-31": "$20,361", "2018-07-31": "$18,668", "2018-04-30": "$19,568", "2018-01-31": "$19,583", "2017-10-31": "$20,393", "2017-07-31": "$18,738", "2017-04-30": "$19,878", "2017-01-31": "$19,851", "2016-10-31": "$21,274", "2016-07-31": "$19,706", "2016-04-30": "$20,161", "2016-01-31": "$20,576", "2015-10-31": "$21,883", "2015-07-31": "$19,960", "2015-04-30": "$21,018", "2015-01-31": "$21,330", "2014-10-31": "$22,412", "2014-07-31": "$20,606", "2014-04-30": "$21,305", "2014-01-31": "$21,620", "2013-10-31": "$22,446", "2013-07-31": "$20,431", "2013-04-30": "$21,040", "2013-01-31": "$20,991", "2012-10-31": "$22,270", "2012-07-31": "$20,565", "2012-04-30": "$21,277", "2012-01-31": "$22,095", "2011-10-31": "$22,263", "2011-07-31": "$20,508", "2011-04-30": "$20,417", "2011-01-31": "$20,631", "2010-10-31": "$21,682", "2010-07-31": "$20,438", "2010-04-30": "$20,636", "2010-01-31": "$21,300", "2009-10-31": "$22,313", "2009-07-31": "$20,784", "2009-04-30": "$21,331", "2009-01-31": "$22,145", "2008-10-31": "$28,904", "2008-07-31": "$27,993", "2008-04-30": "$27,579", "2008-01-31": "$27,789", "2007-10-31": "$29,669", "2007-07-31": "$27,928", "2007-04-30": "$28,631", "2007-01-31": "$29,550", "2006-10-31": "$31,645", "2006-07-31": "$31,252", "2006-04-30": "$33,127", "2006-01-31": "$33,168", "2005-10-31": "$34,640", "2005-07-31": "$15,219", "2005-04-30": "$15,006", "2005-01-31": "$14,885"}}, "cash-on-hand": {"Macy's Annual Cash on Hand (Millions of US $)": {"2020": "$685", "2019": "$1,162", "2018": "$1,455", "2017": "$1,297", "2016": "$1,109", "2015": "$2,246", "2014": "$2,273", "2013": "$1,836", "2012": "$2,827", "2011": "$1,464", "2010": "$1,686", "2009": "$1,385", "2008": "$583", "2007": "$1,211", "2006": "$248", "2005": "$868"}, "Macy's Quarterly Cash on Hand (Millions of US $)": {"2020-10-31": "$1,551", "2020-07-31": "$1,395", "2020-04-30": "$1,523", "2020-01-31": "$685", "2019-10-31": "$301", "2019-07-31": "$674", "2019-04-30": "$737", "2019-01-31": "$1,162", "2018-10-31": "$736", "2018-07-31": "$1,068", "2018-04-30": "$1,531", "2018-01-31": "$1,455", "2017-10-31": "$534", "2017-07-31": "$783", "2017-04-30": "$1,201", "2017-01-31": "$1,297", "2016-10-31": "$457", "2016-07-31": "$1,000", "2016-04-30": "$734", "2016-01-31": "$1,109", "2015-10-31": "$474", "2015-07-31": "$843", "2015-04-30": "$1,509", "2015-01-31": "$2,246", "2014-10-31": "$1,048", "2014-07-31": "$1,630", "2014-04-30": "$1,878", "2014-01-31": "$2,273", "2013-10-31": "$1,171", "2013-07-31": "$1,424", "2013-04-30": "$1,752", "2013-01-31": "$1,836", "2012-10-31": "$1,264", "2012-07-31": "$1,604", "2012-04-30": "$1,891", "2012-01-31": "$2,827", "2011-10-31": "$1,097", "2011-07-31": "$1,495", "2011-04-30": "$1,152", "2011-01-31": "$1,464", "2010-10-31": "$715", "2010-07-31": "$1,208", "2010-04-30": "$981", "2010-01-31": "$1,686", "2009-10-31": "$581", "2009-07-31": "$592", "2009-04-30": "$420", "2009-01-31": "$1,385", "2008-10-31": "$300", "2008-07-31": "$1,293", "2008-04-30": "$366", "2008-01-31": "$583", "2007-10-31": "$275", "2007-07-31": "$249", "2007-04-30": "$500", "2007-01-31": "$1,211", "2006-10-31": "$771", "2006-07-31": "$1,062", "2006-04-30": "$241", "2006-01-31": "$248", "2005-10-31": "$269", "2005-07-31": "$1,399", "2005-04-30": "$918", "2005-01-31": "$868"}}, "long-term-debt": {"Macy's Annual Long Term Debt (Millions of US $)": {"2020": "$3,621", "2019": "$4,708", "2018": "$5,861", "2017": "$6,562", "2016": "$6,995", "2015": "$7,233", "2014": "$6,714", "2013": "$6,806", "2012": "$6,655", "2011": "$6,971", "2010": "$8,456", "2009": "$8,733", "2008": "$9,087", "2007": "$7,847", "2006": "$8,860", "2005": "$2,637"}, "Macy's Quarterly Long Term Debt (Millions of US $)": {"2020-10-31": "$4,852", "2020-07-31": "$4,851", "2020-04-30": "$4,918", "2020-01-31": "$3,621", "2019-10-31": "$4,677", "2019-07-31": "$4,680", "2019-04-30": "$4,680", "2019-01-31": "$4,708", "2018-10-31": "$5,469", "2018-07-31": "$5,473", "2018-04-30": "$5,857", "2018-01-31": "$5,861", "2017-10-31": "$6,297", "2017-07-31": "$6,301", "2017-04-30": "$6,412", "2017-01-31": "$6,562", "2016-10-31": "$6,563", "2016-07-31": "$6,567", "2016-04-30": "$6,990", "2016-01-31": "$6,995", "2015-10-31": "$7,076", "2015-07-31": "$7,151", "2015-04-30": "$7,229", "2015-01-31": "$7,233", "2014-10-31": "$7,130", "2014-07-31": "$6,729", "2014-04-30": "$7,162", "2014-01-31": "$6,714", "2013-10-31": "$6,732", "2013-07-31": "$6,339", "2013-04-30": "$6,797", "2013-01-31": "$6,806", "2012-10-31": "$6,817", "2012-07-31": "$6,637", "2012-04-30": "$6,644", "2012-01-31": "$6,655", "2011-10-31": "$6,151", "2011-07-31": "$6,162", "2011-04-30": "$6,343", "2011-01-31": "$6,971", "2010-10-31": "$6,982", "2010-07-31": "$7,493", "2010-04-30": "$7,503", "2010-01-31": "$8,456", "2009-10-31": "$8,618", "2009-07-31": "$8,632", "2009-04-30": "$8,719", "2009-01-31": "$8,733", "2008-10-31": "$8,748", "2008-07-31": "$8,761", "2008-04-30": "$8,723", "2008-01-31": "$9,087", "2007-10-31": "$9,097", "2007-07-31": "$9,762", "2007-04-30": "$9,425", "2007-01-31": "$7,847", "2006-10-31": "$7,953", "2006-07-31": "$8,205", "2006-04-30": "$8,837", "2006-01-31": "$8,860", "2005-10-31": "$8,868", "2005-07-31": "$2,634", "2005-04-30": "$2,635", "2005-01-31": "$2,637"}}, "total-liabilities": {"Macy's Annual Total Liabilities (Millions of US $)": {"2020": "$14,795", "2019": "$12,758", "2018": "$13,850", "2017": "$15,529", "2016": "$16,323", "2015": "$15,952", "2014": "$15,371", "2013": "$14,940", "2012": "$16,162", "2011": "$15,101", "2010": "$16,647", "2009": "$17,499", "2008": "$17,882", "2007": "$17,296", "2006": "$19,649", "2005": "$8,718"}, "Macy's Quarterly Total Liabilities (Millions of US $)": {"2020-10-31": "$16,971", "2020-07-31": "$15,290", "2020-04-30": "$15,884", "2020-01-31": "$14,795", "2019-10-31": "$16,490", "2019-07-31": "$14,426", "2019-04-30": "$14,973", "2019-01-31": "$12,758", "2018-10-31": "$14,716", "2018-07-31": "$12,774", "2018-04-30": "$13,767", "2018-01-31": "$13,850", "2017-10-31": "$16,119", "2017-07-31": "$14,299", "2017-04-30": "$15,518", "2017-01-31": "$15,529", "2016-10-31": "$17,483", "2016-07-31": "$15,656", "2016-04-30": "$16,007", "2016-01-31": "$16,323", "2015-10-31": "$17,908", "2015-07-31": "$15,116", "2015-04-30": "$15,811", "2015-01-31": "$15,952", "2014-10-31": "$17,061", "2014-07-31": "$14,799", "2014-04-30": "$15,205", "2014-01-31": "$15,371", "2013-10-31": "$17,004", "2013-07-31": "$14,576", "2013-04-30": "$15,069", "2013-01-31": "$14,940", "2012-10-31": "$16,707", "2012-07-31": "$14,662", "2012-04-30": "$15,244", "2012-01-31": "$16,162", "2011-10-31": "$16,411", "2011-07-31": "$14,545", "2011-04-30": "$14,729", "2011-01-31": "$15,101", "2010-10-31": "$16,839", "2010-07-31": "$15,599", "2010-04-30": "$15,945", "2010-01-31": "$16,647", "2009-10-31": "$17,819", "2009-07-31": "$16,235", "2009-04-30": "$16,776", "2009-01-31": "$17,499", "2008-10-31": "$19,214", "2008-07-31": "$18,157", "2008-04-30": "$17,768", "2008-01-31": "$17,882", "2007-10-31": "$20,199", "2007-07-31": "$18,321", "2007-04-30": "$18,150", "2007-01-31": "$17,296", "2006-10-31": "$18,571", "2006-07-31": "$17,680", "2006-04-30": "$19,615", "2006-01-31": "$19,649", "2005-10-31": "$21,654", "2005-07-31": "$8,606", "2005-04-30": "$8,634", "2005-01-31": "$8,718"}}, "total-share-holder-equity": {"Macy's Annual Share Holder Equity (Millions of US $)": {"2020": "$6,377", "2019": "$6,436", "2018": "$5,733", "2017": "$4,322", "2016": "$4,253", "2015": "$5,378", "2014": "$6,249", "2013": "$6,051", "2012": "$5,933", "2011": "$5,530", "2010": "$4,653", "2009": "$4,646", "2008": "$9,907", "2007": "$12,254", "2006": "$13,519", "2005": "$6,167"}, "Macy's Quarterly Share Holder Equity (Millions of US $)": {"2020-10-31": "$2,243", "2020-07-31": "$2,324", "2020-04-30": "$2,697", "2020-01-31": "$6,377", "2019-10-31": "$6,057", "2019-07-31": "$6,315", "2019-04-30": "$6,323", "2019-01-31": "$6,436", "2018-10-31": "$5,645", "2018-07-31": "$5,894", "2018-04-30": "$5,801", "2018-01-31": "$5,733", "2017-10-31": "$4,274", "2017-07-31": "$4,439", "2017-04-30": "$4,360", "2017-01-31": "$4,322", "2016-10-31": "$3,791", "2016-07-31": "$4,050", "2016-04-30": "$4,154", "2016-01-31": "$4,253", "2015-10-31": "$3,975", "2015-07-31": "$4,844", "2015-04-30": "$5,207", "2015-01-31": "$5,378", "2014-10-31": "$5,351", "2014-07-31": "$5,807", "2014-04-30": "$6,100", "2014-01-31": "$6,249", "2013-10-31": "$5,442", "2013-07-31": "$5,855", "2013-04-30": "$5,971", "2013-01-31": "$6,051", "2012-10-31": "$5,563", "2012-07-31": "$5,903", "2012-04-30": "$6,033", "2012-01-31": "$5,933", "2011-10-31": "$5,852", "2011-07-31": "$5,963", "2011-04-30": "$5,688", "2011-01-31": "$5,530", "2010-10-31": "$4,843", "2010-07-31": "$4,839", "2010-04-30": "$4,691", "2010-01-31": "$4,653", "2009-10-31": "$4,494", "2009-07-31": "$4,549", "2009-04-30": "$4,555", "2009-01-31": "$4,646", "2008-10-31": "$9,690", "2008-07-31": "$9,836", "2008-04-30": "$9,811", "2008-01-31": "$9,907", "2007-10-31": "$9,470", "2007-07-31": "$9,607", "2007-04-30": "$10,481", "2007-01-31": "$12,254", "2006-10-31": "$13,074", "2006-07-31": "$13,572", "2006-04-30": "$13,512", "2006-01-31": "$13,519", "2005-10-31": "$12,986", "2005-07-31": "$6,613", "2005-04-30": "$6,372", "2005-01-31": "$6,167"}}, "profit-margins": {"current": "-19.91%"}, "gross margin": {"2020-10-31": "33.52%", "2020-07-31": "34.68%", "2020-04-30": "37.42%", "2020-01-31": "40.11%", "2019-10-31": "40.31%", "2019-07-31": "40.38%", "2019-04-30": "40.76%", "2019-01-31": "40.89%", "2018-10-31": "41.22%", "2018-07-31": "41.14%", "2018-04-30": "40.92%", "2018-01-31": "40.79%", "2017-10-31": "41.81%", "2017-07-31": "41.36%", "2017-04-30": "41.25%", "2017-01-31": "41.03%", "2016-10-31": "39.08%", "2016-07-31": "39.08%", "2016-04-30": "39.09%", "2016-01-31": "39.08%", "2015-10-31": "40.03%", "2015-07-31": "39.90%", "2015-04-30": "40.03%", "2015-01-31": "40.00%", "2014-10-31": "40.10%", "2014-07-31": "40.09%", "2014-04-30": "40.16%", "2014-01-31": "40.12%", "2013-10-31": "40.12%", "2013-07-31": "40.20%", "2013-04-30": "40.24%", "2013-01-31": "40.27%", "2012-10-31": "40.37%", "2012-07-31": "40.36%", "2012-04-30": "40.32%", "2012-01-31": "40.40%", "2011-10-31": "40.49%", "2011-07-31": "40.61%", "2011-04-30": "40.63%", "2011-01-31": "40.71%", "2010-10-31": "40.83%", "2010-07-31": "40.90%", "2010-04-30": "40.78%", "2010-01-31": "40.51%", "2009-10-31": "39.73%", "2009-07-31": "39.57%", "2009-04-30": "39.61%", "2009-01-31": "39.70%", "2008-10-31": "40.44%", "2008-07-31": "40.39%", "2008-04-30": "40.17%", "2008-01-31": "40.42%", "2007-10-31": "40.19%", "2007-07-31": "40.31%", "2007-04-30": "40.18%", "2007-01-31": "39.94%", "2006-10-31": "39.88%", "2006-07-31": "39.99%", "2006-04-30": "40.22%", "2006-01-31": "40.61%", "2005-10-31": "40.68%"}, "operating margin": {"2020-10-31": "-21.98%", "2020-07-31": "-19.89%", "2020-04-30": "-14.70%", "2020-01-31": "3.83%", "2019-10-31": "5.74%", "2019-07-31": "6.06%", "2019-04-30": "6.62%", "2019-01-31": "6.75%", "2018-10-31": "7.45%", "2018-07-31": "7.38%", "2018-04-30": "7.29%", "2018-01-31": "7.27%", "2017-10-31": "5.72%", "2017-07-31": "5.64%", "2017-04-30": "5.00%", "2017-01-31": "5.16%", "2016-10-31": "5.50%", "2016-07-31": "6.02%", "2016-04-30": "7.16%", "2016-01-31": "7.53%", "2015-10-31": "8.95%", "2015-07-31": "9.43%", "2015-04-30": "9.86%", "2015-01-31": "9.96%", "2014-10-31": "9.97%", "2014-07-31": "9.72%", "2014-04-30": "9.65%", "2014-01-31": "9.59%", "2013-10-31": "9.69%", "2013-07-31": "9.63%", "2013-04-30": "9.68%", "2013-01-31": "9.61%", "2012-10-31": "9.44%", "2012-07-31": "9.39%", "2012-04-30": "9.27%", "2012-01-31": "9.13%", "2011-10-31": "8.75%", "2011-07-31": "8.39%", "2011-04-30": "7.98%", "2011-01-31": "7.58%", "2010-10-31": "6.61%", "2010-07-31": "6.20%", "2010-04-30": "5.78%", "2010-01-31": "4.53%", "2009-10-31": "-19.28%", "2009-07-31": "-19.05%", "2009-04-30": "-18.58%", "2009-01-31": "-17.59%", "2008-10-31": "6.18%", "2008-07-31": "6.52%", "2008-04-30": "6.45%", "2008-01-31": "7.08%", "2007-10-31": "7.07%", "2007-07-31": "6.90%", "2007-04-30": "7.51%", "2007-01-31": "6.81%", "2006-10-31": "6.46%", "2006-07-31": "8.59%", "2006-04-30": "8.88%", "2006-01-31": "10.83%", "2005-10-31": "11.11%"}, "ebitda margin": {"2020-10-31": "-16.93%", "2020-07-31": "-15.14%", "2020-04-30": "-10.38%", "2020-01-31": "7.72%", "2019-10-31": "9.51%", "2019-07-31": "9.77%", "2019-04-30": "10.31%", "2019-01-31": "10.43%", "2018-10-31": "11.03%", "2018-07-31": "11.01%", "2018-04-30": "10.92%", "2018-01-31": "10.96%", "2017-10-31": "9.57%", "2017-07-31": "9.45%", "2017-04-30": "8.90%", "2017-01-31": "9.09%", "2016-10-31": "9.49%", "2016-07-31": "9.99%", "2016-04-30": "11.10%", "2016-01-31": "11.40%", "2015-10-31": "12.73%", "2015-07-31": "13.18%", "2015-04-30": "13.56%", "2015-01-31": "13.63%", "2014-10-31": "13.63%", "2014-07-31": "13.35%", "2014-04-30": "13.30%", "2014-01-31": "13.21%", "2013-10-31": "13.30%", "2013-07-31": "13.31%", "2013-04-30": "13.38%", "2013-01-31": "13.34%", "2012-10-31": "13.27%", "2012-07-31": "13.29%", "2012-04-30": "13.24%", "2012-01-31": "13.18%", "2011-10-31": "12.94%", "2011-07-31": "12.62%", "2011-04-30": "12.36%", "2011-01-31": "12.07%", "2010-10-31": "11.26%", "2010-07-31": "10.97%", "2010-04-30": "10.69%", "2010-01-31": "9.58%", "2009-10-31": "8.67%", "2009-07-31": "8.73%", "2009-04-30": "8.63%", "2009-01-31": "9.06%", "2008-10-31": "11.07%", "2008-07-31": "11.34%", "2008-04-30": "11.27%", "2008-01-31": "11.92%", "2007-10-31": "11.81%", "2007-07-31": "11.59%", "2007-04-30": "12.08%", "2007-01-31": "11.32%", "2006-10-31": "10.92%", "2006-07-31": "12.99%", "2006-04-30": "13.27%", "2006-01-31": "15.10%", "2005-10-31": "15.76%"}, "pre tax profit margin": {"2020-10-31": "-23.70%", "2020-07-31": "-21.32%", "2020-04-30": "-15.75%", "2020-01-31": "2.87%", "2019-10-31": "4.89%", "2019-07-31": "5.14%", "2019-04-30": "5.44%", "2019-01-31": "5.52%", "2018-10-31": "6.24%", "2018-07-31": "6.14%", "2018-04-30": "6.02%", "2018-01-31": "5.91%", "2017-10-31": "4.19%", "2017-07-31": "4.12%", "2017-04-30": "3.54%", "2017-01-31": "3.63%", "2016-10-31": "4.08%", "2016-07-31": "4.62%", "2016-04-30": "5.79%", "2016-01-31": "6.20%", "2015-10-31": "7.56%", "2015-07-31": "8.01%", "2015-04-30": "8.41%", "2015-01-31": "8.50%", "2014-10-31": "8.55%", "2014-07-31": "8.31%", "2014-04-30": "8.25%", "2014-01-31": "8.20%", "2013-10-31": "7.81%", "2013-07-31": "7.71%", "2013-04-30": "7.74%", "2013-01-31": "7.59%", "2012-10-31": "7.86%", "2012-07-31": "7.78%", "2012-04-30": "7.63%", "2012-01-31": "7.45%", "2011-10-31": "7.01%", "2011-07-31": "6.41%", "2011-04-30": "5.90%", "2011-01-31": "5.28%", "2010-10-31": "4.19%", "2010-07-31": "3.85%", "2010-04-30": "3.36%", "2010-01-31": "2.16%", "2009-10-31": "-21.66%", "2009-07-31": "-21.43%", "2009-04-30": "-20.90%", "2009-01-31": "-19.84%", "2008-10-31": "4.02%", "2008-07-31": "4.39%", "2008-04-30": "4.33%", "2008-01-31": "5.02%", "2007-10-31": "5.38%", "2007-07-31": "5.35%", "2007-04-30": "6.11%", "2007-01-31": "5.36%", "2006-10-31": "4.75%", "2006-07-31": "6.71%", "2006-04-30": "7.00%", "2006-01-31": "9.13%", "2005-10-31": "9.42%"}, "net profit margin": {"2020-10-31": "-19.16%", "2020-07-31": "-17.64%", "2020-04-30": "-13.83%", "2020-01-31": "2.23%", "2019-10-31": "3.79%", "2019-07-31": "3.99%", "2019-04-30": "4.30%", "2019-01-31": "4.30%", "2018-10-31": "6.61%", "2018-07-31": "6.52%", "2018-04-30": "6.30%", "2018-01-31": "6.11%", "2017-10-31": "2.70%", "2017-07-31": "2.63%", "2017-04-30": "2.24%", "2017-01-31": "2.36%", "2016-10-31": "2.63%", "2016-07-31": "2.99%", "2016-04-30": "3.74%", "2016-01-31": "3.96%", "2015-10-31": "4.79%", "2015-07-31": "5.09%", "2015-04-30": "5.33%", "2015-01-31": "5.43%", "2014-10-31": "5.53%", "2014-07-31": "5.37%", "2014-04-30": "5.37%", "2014-01-31": "5.32%", "2013-10-31": "5.00%", "2013-07-31": "4.93%", "2013-04-30": "4.91%", "2013-01-31": "4.82%", "2012-10-31": "4.99%", "2012-07-31": "5.01%", "2012-04-30": "4.90%", "2012-01-31": "4.76%", "2011-10-31": "4.54%", "2011-07-31": "4.08%", "2011-04-30": "3.77%", "2011-01-31": "3.39%", "2010-10-31": "2.54%", "2010-07-31": "2.39%", "2010-04-30": "1.84%", "2010-01-31": "1.40%", "2009-10-31": "-20.62%", "2009-07-31": "-20.47%", "2009-04-30": "-19.73%", "2009-01-31": "-19.18%", "2008-10-31": "2.82%", "2008-07-31": "3.07%", "2008-04-30": "3.05%", "2008-01-31": "3.39%", "2007-10-31": "3.26%", "2007-07-31": "3.13%", "2007-04-30": "4.02%", "2007-01-31": "3.69%", "2006-10-31": "3.51%", "2006-07-31": "5.18%", "2006-04-30": "4.99%", "2006-01-31": "6.28%", "2005-10-31": "6.39%"}, "pe ratio": {"current": "0.00", "2021-02-05": "0.00", "2020-10-31": "0.00", "2020-07-31": "0.00", "2020-04-30": "0.00", "2020-01-31": "8.34", "2019-10-31": "4.54", "2019-07-31": "6.28", "2019-04-30": "5.94", "2019-01-31": "6.51", "2018-10-31": "5.43", "2018-07-31": "6.31", "2018-04-30": "5.03", "2018-01-31": "4.33", "2017-10-31": "6.84", "2017-07-31": "8.78", "2017-04-30": "12.64", "2017-01-31": "11.73", "2016-10-31": "13.11", "2016-07-31": "11.15", "2016-04-30": "9.78", "2016-01-31": "9.33", "2015-10-31": "10.04", "2015-07-31": "12.68", "2015-04-30": "11.36", "2015-01-31": "11.07", "2014-10-31": "10.21", "2014-07-31": "10.50", "2014-04-30": "10.59", "2014-01-31": "9.89", "2013-10-31": "9.32", "2013-07-31": "10.03", "2013-04-30": "9.34", "2013-01-31": "8.53", "2012-10-31": "8.41", "2012-07-31": "7.98", "2012-04-30": "9.44", "2012-01-31": "8.06", "2011-10-31": "7.79", "2011-07-31": "8.24", "2011-04-30": "7.41", "2011-01-31": "8.07", "2010-10-31": "10.68", "2010-07-31": "8.98", "2010-04-30": "14.52", "2010-01-31": "13.06", "2009-10-31": "25.92", "2009-07-31": "21.39", "2009-04-30": "15.62", "2009-01-31": "9.08", "2008-10-31": "4.88", "2008-07-31": "6.69", "2008-04-30": "8.99", "2008-01-31": "8.72", "2007-10-31": "12.00", "2007-07-31": "14.19", "2007-04-30": "13.76", "2007-01-31": "14.18", "2006-10-31": "16.17"}, "price sales": {"2021-02-05": "0.24", "2020-10-31": "0.10", "2020-07-31": "0.09", "2020-04-30": "0.08", "2020-01-31": "0.19", "2019-10-31": "0.17", "2019-07-31": "0.25", "2019-04-30": "0.25", "2019-01-31": "0.28", "2018-10-31": "0.36", "2018-07-31": "0.41", "2018-04-30": "0.31", "2018-01-31": "0.26", "2017-10-31": "0.18", "2017-07-31": "0.23", "2017-04-30": "0.28", "2017-01-31": "0.27", "2016-10-31": "0.35", "2016-07-31": "0.34", "2016-04-30": "0.38", "2016-01-31": "0.38", "2015-10-31": "0.48", "2015-07-31": "0.65", "2015-04-30": "0.61", "2015-01-31": "0.61", "2014-10-31": "0.57", "2014-07-31": "0.57", "2014-04-30": "0.57", "2014-01-31": "0.53", "2013-10-31": "0.47", "2013-07-31": "0.50", "2013-04-30": "0.47", "2013-01-31": "0.42", "2012-10-31": "0.42", "2012-07-31": "0.40", "2012-04-30": "0.46", "2012-01-31": "0.38", "2011-10-31": "0.35", "2011-07-31": "0.33", "2011-04-30": "0.28", "2011-01-31": "0.27", "2010-10-31": "0.28", "2010-07-31": "0.22", "2010-04-30": "0.28", "2010-01-31": "0.19", "2009-10-31": "0.21", "2009-07-31": "0.17", "2009-04-30": "0.16", "2009-01-31": "0.10", "2008-10-31": "0.14", "2008-07-31": "0.21", "2008-04-30": "0.28", "2008-01-31": "0.31", "2007-10-31": "0.37", "2007-07-31": "0.44", "2007-04-30": "0.56", "2007-01-31": "0.54", "2006-10-31": "0.51"}, "price book": {"current": "2.09", "2021-02-05": "2.09", "2020-10-31": "0.86", "2020-07-31": "0.81", "2020-04-30": "0.67", "2020-01-31": "0.74", "2019-10-31": "0.72", "2019-07-31": "1.01", "2019-04-30": "1.03", "2019-01-31": "1.10", "2018-10-31": "1.62", "2018-07-31": "1.78", "2018-04-30": "1.40", "2018-01-31": "1.16", "2017-10-31": "1.11", "2017-07-31": "1.33", "2017-04-30": "1.63", "2017-01-31": "1.64", "2016-10-31": "2.30", "2016-07-31": "2.11", "2016-04-30": "2.25", "2016-01-31": "2.24", "2015-10-31": "3.03", "2015-07-31": "3.53", "2015-04-30": "3.10", "2015-01-31": "2.99", "2014-10-31": "2.75", "2014-07-31": "2.57", "2014-04-30": "2.47", "2014-01-31": "2.25", "2013-10-31": "2.25", "2013-07-31": "2.23", "2013-04-30": "2.05", "2013-01-31": "1.80", "2012-10-31": "1.91", "2012-07-31": "1.72", "2012-04-30": "1.96", "2012-01-31": "1.64", "2011-10-31": "1.52", "2011-07-31": "1.43", "2011-04-30": "1.23", "2011-01-31": "1.22", "2010-10-31": "1.42", "2010-07-31": "1.11", "2010-04-30": "1.42", "2010-01-31": "0.98", "2009-10-31": "1.12", "2009-07-31": "0.87", "2009-04-30": "0.85", "2009-01-31": "0.54", "2008-10-31": "0.35", "2008-07-31": "0.53", "2008-04-30": "0.71", "2008-01-31": "0.76", "2007-10-31": "0.94", "2007-07-31": "1.04", "2007-04-30": "1.23", "2007-01-31": "1.07", "2006-10-31": "1.12", "2006-07-31": "0.89", "2006-04-30": "1.01", "2006-01-31": "0.85"}, "price fcf": {"2021-02-05": "", "2020-10-31": "$3.53", "2020-07-31": "$1.49", "2020-04-30": "$1.93", "2020-01-31": "$2.04", "2019-10-31": "$2.68", "2019-07-31": "$3.09", "2019-04-30": "$2.74", "2019-01-31": "$4.10", "2018-10-31": "$4.70", "2018-07-31": "$4.96", "2018-04-30": "$5.30", "2018-01-31": "$5.30", "2017-10-31": "$5.98", "2017-07-31": "$5.49", "2017-04-30": "$6.18", "2017-01-31": "$5.03", "2016-10-31": "$3.89", "2016-07-31": "$4.14", "2016-04-30": "$3.11", "2016-01-31": "$3.23", "2015-10-31": "$3.08", "2015-07-31": "$3.85", "2015-04-30": "$4.52", "2015-01-31": "$5.01", "2014-10-31": "$4.48", "2014-07-31": "$4.66", "2014-04-30": "$4.21", "2014-01-31": "$4.72", "2013-10-31": "$3.20", "2013-07-31": "$3.49", "2013-04-30": "$3.46", "2013-01-31": "$3.16", "2012-10-31": "$3.91", "2012-07-31": "$3.33", "2012-04-30": "$3.77", "2012-01-31": "$3.54", "2011-10-31": "$2.62", "2011-07-31": "$2.92", "2011-04-30": "$2.95", "2011-01-31": "$2.52", "2010-10-31": "$3.16", "2010-07-31": "$3.01", "2010-04-30": "$2.87", "2010-01-31": "$3.19", "2009-10-31": "$3.39", "2009-07-31": "$2.32", "2009-04-30": "$2.41", "2009-01-31": "$2.39", "2008-10-31": "$3.13", "2008-07-31": "$3.52", "2008-04-30": "$3.75", "2008-01-31": "$2.95", "2007-10-31": "$1.62", "2007-07-31": "$1.33", "2007-04-30": "$4.82", "2007-01-31": "$5.44", "2006-10-31": "$10.98"}, "net worth": {"value": "$4.68B"}, "current ratio": {"2020-10-31": "1.11", "2020-07-31": "1.16", "2020-04-30": "1.24", "2020-01-31": "1.18", "2019-10-31": "1.28", "2019-07-31": "1.48", "2019-04-30": "1.42", "2019-01-31": "1.42", "2018-10-31": "1.35", "2018-07-31": "1.53", "2018-04-30": "1.52", "2018-01-31": "1.48", "2017-10-31": "1.30", "2017-07-31": "1.44", "2017-04-30": "1.36", "2017-01-31": "1.35", "2016-10-31": "1.22", "2016-07-31": "1.32", "2016-04-30": "1.38", "2016-01-31": "1.34", "2015-10-31": "1.25", "2015-07-31": "1.63", "2015-04-30": "1.65", "2015-01-31": "1.69", "2014-10-31": "1.37", "2014-07-31": "1.52", "2014-04-30": "1.67", "2014-01-31": "1.52", "2013-10-31": "1.33", "2013-07-31": "1.45", "2013-04-30": "1.55", "2013-01-31": "1.55", "2012-10-31": "1.37", "2012-07-31": "1.52", "2012-04-30": "1.49", "2012-01-31": "1.40", "2011-10-31": "1.24", "2011-07-31": "1.33", "2011-04-30": "1.28", "2011-01-31": "1.38", "2010-10-31": "1.21", "2010-07-31": "1.35", "2010-04-30": "1.26", "2010-01-31": "1.54", "2009-10-31": "1.29", "2009-07-31": "1.43", "2009-04-30": "1.40", "2009-01-31": "1.32", "2008-10-31": "1.12", "2008-07-31": "1.16", "2008-04-30": "1.13", "2008-01-31": "1.18", "2007-10-31": "1.05", "2007-07-31": "1.22", "2007-04-30": "1.30", "2007-01-31": "1.22", "2006-10-31": "1.23", "2006-07-31": "1.46", "2006-04-30": "1.39", "2006-01-31": "1.34", "2005-10-31": "1.23", "2005-07-31": "1.94", "2005-04-30": "1.81", "2005-01-31": "1.75"}, "quick ratio": {"2020-10-31": "0.33", "2020-07-31": "0.42", "2020-04-30": "0.38", "2020-01-31": "0.28", "2019-10-31": "0.16", "2019-07-31": "0.34", "2019-04-30": "0.32", "2019-01-31": "0.42", "2018-10-31": "0.24", "2018-07-31": "0.43", "2018-04-30": "0.48", "2018-01-31": "0.48", "2017-10-31": "0.21", "2017-07-31": "0.37", "2017-04-30": "0.38", "2017-01-31": "0.39", "2016-10-31": "0.17", "2016-07-31": "0.35", "2016-04-30": "0.31", "2016-01-31": "0.38", "2015-10-31": "0.15", "2015-07-31": "0.37", "2015-04-30": "0.45", "2015-01-31": "0.62", "2014-10-31": "0.25", "2014-07-31": "0.46", "2014-04-30": "0.51", "2014-01-31": "0.55", "2013-10-31": "0.26", "2013-07-31": "0.42", "2013-04-30": "0.47", "2013-01-31": "0.51", "2012-10-31": "0.29", "2012-07-31": "0.48", "2012-04-30": "0.48", "2012-01-31": "0.58", "2011-10-31": "0.25", "2011-07-31": "0.41", "2011-04-30": "0.33", "2011-01-31": "0.43", "2010-10-31": "0.20", "2010-07-31": "0.38", "2010-04-30": "0.30", "2010-01-31": "0.51", "2009-10-31": "0.19", "2009-07-31": "0.29", "2009-04-30": "0.26", "2009-01-31": "0.39", "2008-10-31": "0.14", "2008-07-31": "0.32", "2008-04-30": "0.19", "2008-01-31": "0.24", "2007-10-31": "0.13", "2007-07-31": "0.20", "2007-04-30": "0.25", "2007-01-31": "0.35", "2006-10-31": "0.32", "2006-07-31": "0.64", "2006-04-30": "0.67", "2006-01-31": "0.62", "2005-10-31": "0.47", "2005-07-31": "1.15", "2005-04-30": "1.01", "2005-01-31": "1.02"}, "debt equity ratio": {"current": "2.16", "2020-10-31": "7.57", "2020-07-31": "6.58", "2020-04-30": "5.89", "2020-01-31": "2.32", "2019-10-31": "2.72", "2019-07-31": "2.28", "2019-04-30": "2.37", "2019-01-31": "1.98", "2018-10-31": "2.61", "2018-07-31": "2.17", "2018-04-30": "2.37", "2018-01-31": "2.42", "2017-10-31": "3.77", "2017-07-31": "3.22", "2017-04-30": "3.56", "2017-01-31": "3.59", "2016-10-31": "4.61", "2016-07-31": "3.87", "2016-04-30": "3.85", "2016-01-31": "3.84", "2015-10-31": "4.51", "2015-07-31": "3.12", "2015-04-30": "3.04", "2015-01-31": "2.97", "2014-10-31": "3.19", "2014-07-31": "2.55", "2014-04-30": "2.49", "2014-01-31": "2.46", "2013-10-31": "3.13", "2013-07-31": "2.49", "2013-04-30": "2.52", "2013-01-31": "2.47", "2012-10-31": "3.00", "2012-07-31": "2.48", "2012-04-30": "2.53", "2012-01-31": "2.72", "2011-10-31": "2.80", "2011-07-31": "2.44", "2011-04-30": "2.59", "2011-01-31": "2.73", "2010-10-31": "3.48", "2010-07-31": "3.22", "2010-04-30": "3.40", "2010-01-31": "3.58", "2009-10-31": "3.97", "2009-07-31": "3.57", "2009-04-30": "3.68", "2009-01-31": "3.77", "2008-10-31": "1.98", "2008-07-31": "1.85", "2008-04-30": "1.81", "2008-01-31": "1.81", "2007-10-31": "2.13", "2007-07-31": "1.91", "2007-04-30": "1.73", "2007-01-31": "1.41", "2006-10-31": "1.42", "2006-07-31": "1.30", "2006-04-30": "1.45", "2006-01-31": "1.45", "2005-10-31": "1.67", "2005-07-31": "1.30", "2005-04-30": "1.36", "2005-01-31": "1.41"}, "return on equity": {"2020-10-31": "-110.34%", "2020-07-31": "-84.10%", "2020-04-30": "-58.81%", "2020-01-31": "9.00%", "2019-10-31": "15.36%", "2019-07-31": "16.59%", "2019-04-30": "18.19%", "2019-01-31": "18.64%", "2018-10-31": "29.71%", "2018-07-31": "31.00%", "2018-04-30": "32.14%", "2018-01-31": "33.31%", "2017-10-31": "16.14%", "2017-07-31": "16.30%", "2017-04-30": "14.26%", "2017-01-31": "15.37%", "2016-10-31": "16.94%", "2016-07-31": "19.21%", "2016-04-30": "23.10%", "2016-01-31": "23.46%", "2015-10-31": "27.23%", "2015-07-31": "27.33%", "2015-04-30": "27.50%", "2015-01-31": "26.97%", "2014-10-31": "26.27%", "2014-07-31": "25.49%", "2014-04-30": "25.26%", "2014-01-31": "25.28%", "2013-10-31": "24.10%", "2013-07-31": "23.43%", "2013-04-30": "23.35%", "2013-01-31": "22.68%", "2012-10-31": "23.05%", "2012-07-31": "22.66%", "2012-04-30": "21.97%", "2012-01-31": "21.44%", "2011-10-31": "20.46%", "2011-07-31": "19.05%", "2011-04-30": "18.28%", "2011-01-31": "17.02%", "2010-10-31": "13.14%", "2010-07-31": "12.42%", "2010-04-30": "9.57%", "2010-01-31": "7.21%", "2009-10-31": "-106.58%", "2009-07-31": "-83.11%", "2009-04-30": "-66.89%", "2009-01-31": "-56.20%", "2008-10-31": "7.34%", "2008-07-31": "8.17%", "2008-04-30": "8.23%", "2008-01-31": "9.05%", "2007-10-31": "8.38%", "2007-07-31": "7.40%", "2007-04-30": "8.77%", "2007-01-31": "7.59%", "2006-10-31": "7.16%", "2006-07-31": "10.45%", "2006-04-30": "10.56%", "2006-01-31": "14.24%", "2005-10-31": "14.28%"}, "return on assets": {"2020-10-31": "-19.66%", "2020-07-31": "-18.37%", "2020-04-30": "-15.19%", "2020-01-31": "2.63%", "2019-10-31": "4.61%", "2019-07-31": "5.03%", "2019-04-30": "5.56%", "2019-01-31": "5.70%", "2018-10-31": "8.77%", "2018-07-31": "8.60%", "2018-04-30": "8.31%", "2018-01-31": "7.97%", "2017-10-31": "3.56%", "2017-07-31": "3.46%", "2017-04-30": "2.92%", "2017-01-31": "3.10%", "2016-10-31": "3.37%", "2016-07-31": "3.83%", "2016-04-30": "4.82%", "2016-01-31": "5.14%", "2015-10-31": "6.28%", "2015-07-31": "6.70%", "2015-04-30": "7.01%", "2015-01-31": "7.13%", "2014-10-31": "7.19%", "2014-07-31": "7.00%", "2014-04-30": "6.96%", "2014-01-31": "6.95%", "2013-10-31": "6.62%", "2013-07-31": "6.48%", "2013-04-30": "6.46%", "2013-01-31": "6.27%", "2012-10-31": "6.26%", "2012-07-31": "6.24%", "2012-04-30": "6.06%", "2012-01-31": "5.89%", "2011-10-31": "5.62%", "2011-07-31": "5.04%", "2011-04-30": "4.59%", "2011-01-31": "4.06%", "2010-10-31": "2.97%", "2010-07-31": "2.74%", "2010-04-30": "2.07%", "2010-01-31": "1.54%", "2009-10-31": "-22.46%", "2009-07-31": "-20.91%", "2009-04-30": "-19.14%", "2009-01-31": "-17.91%", "2008-10-31": "2.57%", "2008-07-31": "2.82%", "2008-04-30": "2.83%", "2008-01-31": "3.13%", "2007-10-31": "3.03%", "2007-07-31": "2.85%", "2007-04-30": "3.58%", "2007-01-31": "3.17%", "2006-10-31": "2.98%", "2006-07-31": "4.24%", "2006-04-30": "4.24%", "2006-01-31": "5.74%", "2005-10-31": "5.75%"}, "return on investments": {"2020-10-31": "-54.16%", "2020-07-31": "-46.60%", "2020-04-30": "-34.08%", "2020-01-31": "9.08%", "2019-10-31": "13.31%", "2019-07-31": "14.05%", "2019-04-30": "15.26%", "2019-01-31": "15.35%", "2018-10-31": "16.91%", "2018-07-31": "16.85%", "2018-04-30": "16.90%", "2018-01-31": "17.07%", "2017-10-31": "13.87%", "2017-07-31": "13.84%", "2017-04-30": "12.33%", "2017-01-31": "12.75%", "2016-10-31": "13.25%", "2016-07-31": "14.41%", "2016-04-30": "16.78%", "2016-01-31": "17.45%", "2015-10-31": "20.52%", "2015-07-31": "21.25%", "2015-04-30": "22.10%", "2015-01-31": "22.01%", "2014-10-31": "21.74%", "2014-07-31": "21.38%", "2014-04-30": "21.24%", "2014-01-31": "21.38%", "2013-10-31": "21.76%", "2013-07-31": "21.39%", "2013-04-30": "21.41%", "2013-01-31": "21.10%", "2012-10-31": "20.36%", "2012-07-31": "20.24%", "2012-04-30": "20.02%", "2012-01-31": "19.78%", "2011-10-31": "18.67%", "2011-07-31": "17.80%", "2011-04-30": "16.60%", "2011-01-31": "15.51%", "2010-10-31": "13.13%", "2010-07-31": "11.84%", "2010-04-30": "10.70%", "2010-01-31": "8.07%", "2009-10-31": "-34.34%", "2009-07-31": "-31.12%", "2009-04-30": "-28.40%", "2009-01-31": "-25.40%", "2008-10-31": "8.47%", "2008-07-31": "9.07%", "2008-04-30": "8.93%", "2008-01-31": "9.70%", "2007-10-31": "9.76%", "2007-07-31": "9.21%", "2007-04-30": "9.78%", "2007-01-31": "8.61%", "2006-10-31": "8.09%", "2006-07-31": "10.52%", "2006-04-30": "11.56%", "2006-01-31": "15.52%", "2005-10-31": "16.30%"}, "return on tangible equity": {"2020-10-31": "-274.37%", "2020-07-31": "-236.13%", "2020-04-30": "-176.99%", "2020-01-31": "29.38%", "2019-10-31": "50.13%", "2019-07-31": "56.58%", "2019-04-30": "65.16%", "2019-01-31": "71.30%", "2018-10-31": "124.34%", "2018-07-31": "162.36%", "2018-04-30": "241.93%", "2018-01-31": "501.12%", "2017-10-31": "-1642.11%", "2017-07-31": "-416.31%", "2017-04-30": "-222.26%", "2017-01-31": "-195.78%", "2016-10-31": "-201.46%", "2016-07-31": "-262.78%", "2016-04-30": "-929.91%", "2016-01-31": "708.76%", "2015-10-31": "277.81%", "2015-07-31": "164.83%", "2015-04-30": "130.74%", "2015-01-31": "108.36%", "2014-10-31": "95.41%", "2014-07-31": "92.09%", "2014-04-30": "91.18%", "2014-01-31": "93.05%", "2013-10-31": "91.29%", "2013-07-31": "87.98%", "2013-04-30": "87.70%", "2013-01-31": "85.06%", "2012-10-31": "88.19%", "2012-07-31": "84.34%", "2012-04-30": "81.68%", "2012-01-31": "83.57%", "2011-10-31": "84.60%", "2011-07-31": "92.79%", "2011-04-30": "113.76%", "2011-01-31": "145.97%", "2010-10-31": "178.19%", "2010-07-31": "229.02%", "2010-04-30": "257.31%", "2010-01-31": "258.55%", "2009-10-31": "-4217.79%", "2009-07-31": "-8935.78%", "2009-04-30": "-34314.29%", "2009-01-31": "10105.82%", "2008-10-31": "-669.77%", "2008-07-31": "-418.92%", "2008-04-30": "-277.08%", "2008-01-31": "-587.50%", "2007-10-31": "216.83%", "2007-07-31": "65.68%", "2007-04-30": "48.28%", "2007-01-31": "34.15%", "2006-10-31": "30.99%", "2006-07-31": "45.27%", "2006-04-30": "32.98%", "2006-01-31": "31.99%", "2005-10-31": "22.72%"}, "dividend yield history": {"last payout": "$0.00", "last yield": "0.00%"}}