{"ticker": "MANH", "price": {"title": "Manhattan Associates Historical Annual Stock Price Data", "value": 130.46, "historical": {"2021": {"Average Stock Price": "115.3263", "Year Open": "103.2800", "Year High": "130.4600", "Year Low": "103.2800", "Year Close": "130.4600", "Annual % Change": "24.03%"}, "2020": {"Average Stock Price": "85.0416", "Year Open": "80.6800", "Year High": "107.2800", "Year Low": "37.4400", "Year Close": "105.1800", "Annual % Change": "31.89%"}, "2019": {"Average Stock Price": "69.0327", "Year Open": "42.1900", "Year High": "88.4400", "Year Low": "41.1900", "Year Close": "79.7500", "Annual % Change": "88.22%"}, "2018": {"Average Stock Price": "47.8965", "Year Open": "50.2600", "Year High": "60.5300", "Year Low": "39.9900", "Year Close": "42.3700", "Annual % Change": "-14.47%"}, "2017": {"Average Stock Price": "46.6007", "Year Open": "54.6500", "Year High": "55.2300", "Year Low": "40.9200", "Year Close": "49.5400", "Annual % Change": "-6.58%"}, "2016": {"Average Stock Price": "57.9270", "Year Open": "64.6600", "Year High": "68.1600", "Year Low": "45.8200", "Year Close": "53.0300", "Annual % Change": "-19.86%"}, "2015": {"Average Stock Price": "59.3959", "Year Open": "39.7200", "Year High": "76.9600", "Year Low": "38.5300", "Year Close": "66.1700", "Annual % Change": "62.50%"}, "2014": {"Average Stock Price": "34.3405", "Year Open": "29.3950", "Year High": "42.3800", "Year Low": "28.5500", "Year Close": "40.7200", "Annual % Change": "38.64%"}, "2013": {"Average Stock Price": "21.3148", "Year Open": "15.7575", "Year High": "30.5900", "Year Low": "15.4350", "Year Close": "29.3700", "Annual % Change": "94.70%"}, "2012": {"Average Stock Price": "12.5154", "Year Open": "10.0950", "Year High": "15.6450", "Year Low": "9.9425", "Year Close": "15.0850", "Annual % Change": "49.06%"}, "2011": {"Average Stock Price": "8.8999", "Year Open": "7.7400", "Year High": "11.6200", "Year Low": "7.3075", "Year Close": "10.1200", "Annual % Change": "32.55%"}, "2010": {"Average Stock Price": "6.9627", "Year Open": "6.2025", "Year High": "7.9975", "Year Low": "5.2425", "Year Close": "7.6350", "Annual % Change": "27.04%"}, "2009": {"Average Stock Price": "4.6188", "Year Open": "4.0025", "Year High": "6.2200", "Year Low": "3.4950", "Year Close": "6.0100", "Annual % Change": "52.06%"}, "2008": {"Average Stock Price": "5.5025", "Year Open": "6.4375", "Year High": "6.6925", "Year Low": "3.4550", "Year Close": "3.9525", "Annual % Change": "-40.02%"}, "2007": {"Average Stock Price": "7.0296", "Year Open": "7.5400", "Year High": "7.6675", "Year Low": "6.2325", "Year Close": "6.5900", "Annual % Change": "-12.37%"}, "2006": {"Average Stock Price": "5.7291", "Year Open": "5.3000", "Year High": "7.7025", "Year Low": "4.5125", "Year Close": "7.5200", "Annual % Change": "46.88%"}, "2005": {"Average Stock Price": "5.3285", "Year Open": "6.0050", "Year High": "6.0050", "Year Low": "4.3600", "Year Close": "5.1200", "Annual % Change": "-14.24%"}, "2004": {"Average Stock Price": "6.5622", "Year Open": "6.8250", "Year High": "7.7200", "Year Low": "5.0250", "Year Close": "5.9700", "Annual % Change": "-13.60%"}, "2003": {"Average Stock Price": "6.5814", "Year Open": "5.8550", "Year High": "8.4125", "Year Low": "4.3450", "Year Close": "6.9100", "Annual % Change": "16.82%"}, "2002": {"Average Stock Price": "6.5771", "Year Open": "7.2500", "Year High": "9.8875", "Year Low": "3.2350", "Year Close": "5.9150", "Annual % Change": "-18.83%"}, "2001": {"Average Stock Price": "7.0845", "Year Open": "8.3750", "Year High": "10.7200", "Year Low": "2.7350", "Year Close": "7.2875", "Annual % Change": "-31.62%"}, "2000": {"Average Stock Price": "8.3428", "Year Open": "1.9220", "Year High": "17.8275", "Year Low": "1.8438", "Year Close": "10.6575", "Annual % Change": "478.02%"}, "1999": {"Average Stock Price": "2.4467", "Year Open": "6.5625", "Year High": "6.5625", "Year Low": "0.8828", "Year Close": "1.8438", "Annual % Change": "-72.94%"}}}, "market cap": {"value": "$8.29B"}, "income statement": {"Revenue": {"2020-12-31": "586.37200", "2019-12-31": "617.94900", "2018-12-31": "559.15700", "2017-12-31": "594.59900", "2016-12-31": "604.55700", "2015-12-31": "556.37100", "2014-12-31": "492.10400", "2013-12-31": "414.51800", "2012-12-31": "376.24800", "2011-12-31": "329.25300", "2010-12-31": "297.11700", "2009-12-31": "246.66700", "2008-12-31": "337.20100", "2007-12-31": "337.40100", "2006-12-31": "288.86800", "2005-12-31": "246.40400"}, "Cost Of Goods Sold": {"2020-12-31": "269.88700", "2019-12-31": "284.96700", "2018-12-31": "240.88100", "2017-12-31": "245.73300", "2016-12-31": "249.87900", "2015-12-31": "235.42800", "2014-12-31": "212.57800", "2013-12-31": "181.15100", "2012-12-31": "161.73700", "2011-12-31": "139.10100", "2010-12-31": "128.79200", "2009-12-31": "107.46100", "2008-12-31": "151.93800", "2007-12-31": "147.36000", "2006-12-31": "123.73800", "2005-12-31": "101.25500"}, "Gross Profit": {"2020-12-31": "316.48500", "2019-12-31": "332.98200", "2018-12-31": "318.27600", "2017-12-31": "348.86600", "2016-12-31": "354.67800", "2015-12-31": "320.94300", "2014-12-31": "279.52600", "2013-12-31": "233.36700", "2012-12-31": "214.51100", "2011-12-31": "190.15200", "2010-12-31": "168.32500", "2009-12-31": "139.20600", "2008-12-31": "185.26300", "2007-12-31": "190.04100", "2006-12-31": "165.13000", "2005-12-31": "145.14900"}, "Research And Development Expenses": {"2020-12-31": "84.27600", "2019-12-31": "87.60800", "2018-12-31": "71.89600", "2017-12-31": "57.70400", "2016-12-31": "54.73600", "2015-12-31": "53.85900", "2014-12-31": "48.95300", "2013-12-31": "44.54900", "2012-12-31": "44.70400", "2011-12-31": "42.37200", "2010-12-31": "40.50800", "2009-12-31": "36.68100", "2008-12-31": "48.40700", "2007-12-31": "46.59400", "2006-12-31": "41.46800", "2005-12-31": "34.13900"}, "SG&A Expenses": {"2020-12-31": "109.20200", "2019-12-31": "121.46300", "2018-12-31": "103.88000", "2017-12-31": "93.53600", "2016-12-31": "96.54500", "2015-12-31": "97.87400", "2014-12-31": "97.07200", "2013-12-31": "81.70600", "2012-12-31": "84.09600", "2011-12-31": "81.65200", "2010-12-31": "76.72900", "2009-12-31": "66.08300", "2008-12-31": "88.32200", "2007-12-31": "86.77200", "2006-12-31": "75.03100", "2005-12-31": "62.34900"}, "Other Operating Income Or Expenses": {"2020-12-31": "", "2019-12-31": "", "2018-12-31": "", "2017-12-31": "", "2016-12-31": "", "2015-12-31": "", "2014-12-31": "", "2013-12-31": "", "2012-12-31": "", "2011-12-31": "2.51900", "2010-12-31": "", "2009-12-31": "0.00000", "2008-12-31": "-5.20500", "2007-12-31": "", "2006-12-31": "-3.12600", "2005-12-31": "-2.81500"}, "Operating Expenses": {"2020-12-31": "472.31100", "2019-12-31": "502.02500", "2018-12-31": "425.27000", "2017-12-31": "408.95400", "2016-12-31": "410.25000", "2015-12-31": "394.92500", "2014-12-31": "364.98000", "2013-12-31": "313.23100", "2012-12-31": "296.17500", "2011-12-31": "267.89000", "2010-12-31": "255.19000", "2009-12-31": "225.52500", "2008-12-31": "311.23800", "2007-12-31": "294.34300", "2006-12-31": "258.11300", "2005-12-31": "216.12700"}, "Operating Income": {"2020-12-31": "114.06100", "2019-12-31": "115.92400", "2018-12-31": "133.88700", "2017-12-31": "185.64500", "2016-12-31": "194.30700", "2015-12-31": "161.44600", "2014-12-31": "127.12400", "2013-12-31": "101.28700", "2012-12-31": "80.07300", "2011-12-31": "61.36300", "2010-12-31": "41.92700", "2009-12-31": "21.14200", "2008-12-31": "25.96300", "2007-12-31": "43.05800", "2006-12-31": "30.75500", "2005-12-31": "30.27700"}, "Total Non-Operating Income/Expense": {"2020-12-31": "-0.28500", "2019-12-31": "0.15300", "2018-12-31": "2.34400", "2017-12-31": "-0.81200", "2016-12-31": "1.80000", "2015-12-31": "1.39500", "2014-12-31": "0.87400", "2013-12-31": "1.82200", "2012-12-31": "0.96500", "2011-12-31": "1.86400", "2010-12-31": "-0.14300", "2009-12-31": "-0.75600", "2008-12-31": "5.54500", "2007-12-31": "4.60800", "2006-12-31": "3.63800", "2005-12-31": "2.67700"}, "Pre-Tax Income": {"2020-12-31": "113.77600", "2019-12-31": "116.07700", "2018-12-31": "136.23100", "2017-12-31": "184.83300", "2016-12-31": "196.10700", "2015-12-31": "162.84100", "2014-12-31": "127.99800", "2013-12-31": "103.10900", "2012-12-31": "81.03800", "2011-12-31": "63.22700", "2010-12-31": "41.78400", "2009-12-31": "20.38600", "2008-12-31": "31.50800", "2007-12-31": "47.66600", "2006-12-31": "34.39300", "2005-12-31": "32.95400"}, "Income Taxes": {"2020-12-31": "26.53600", "2019-12-31": "30.31500", "2018-12-31": "31.54100", "2017-12-31": "68.35200", "2016-12-31": "71.87300", "2015-12-31": "59.36600", "2014-12-31": "45.99800", "2013-12-31": "35.81300", "2012-12-31": "29.18500", "2011-12-31": "18.32000", "2010-12-31": "13.72300", "2009-12-31": "3.82400", "2008-12-31": "8.71000", "2007-12-31": "16.91500", "2006-12-31": "15.06200", "2005-12-31": "14.31900"}, "Income After Taxes": {"2020-12-31": "87.24000", "2019-12-31": "85.76200", "2018-12-31": "104.69000", "2017-12-31": "116.48100", "2016-12-31": "124.23400", "2015-12-31": "103.47500", "2014-12-31": "82.00000", "2013-12-31": "67.29600", "2012-12-31": "51.85300", "2011-12-31": "44.90700", "2010-12-31": "28.06100", "2009-12-31": "16.56200", "2008-12-31": "22.79800", "2007-12-31": "30.75100", "2006-12-31": "19.33100", "2005-12-31": "18.63500"}, "Other Income": {"2020-12-31": "", "2019-12-31": "", "2018-12-31": "", "2017-12-31": "", "2016-12-31": "", "2015-12-31": "", "2014-12-31": "", "2013-12-31": "", "2012-12-31": "", "2011-12-31": "", "2010-12-31": "", "2009-12-31": "", "2008-12-31": "", "2007-12-31": "", "2006-12-31": "", "2005-12-31": ""}, "Income From Continuous Operations": {"2020-12-31": "87.24000", "2019-12-31": "85.76200", "2018-12-31": "104.69000", "2017-12-31": "116.48100", "2016-12-31": "124.23400", "2015-12-31": "103.47500", "2014-12-31": "82.00000", "2013-12-31": "67.29600", "2012-12-31": "51.85300", "2011-12-31": "44.90700", "2010-12-31": "28.06100", "2009-12-31": "16.56200", "2008-12-31": "22.79800", "2007-12-31": "30.75100", "2006-12-31": "19.33100", "2005-12-31": "18.63500"}, "Income From Discontinued Operations": {"2020-12-31": "", "2019-12-31": "", "2018-12-31": "", "2017-12-31": "", "2016-12-31": "", "2015-12-31": "", "2014-12-31": "", "2013-12-31": "", "2012-12-31": "", "2011-12-31": "", "2010-12-31": "", "2009-12-31": "", "2008-12-31": "", "2007-12-31": "", "2006-12-31": "", "2005-12-31": ""}, "Net Income": {"2020-12-31": "87.24000", "2019-12-31": "85.76200", "2018-12-31": "104.69000", "2017-12-31": "116.48100", "2016-12-31": "124.23400", "2015-12-31": "103.47500", "2014-12-31": "82.00000", "2013-12-31": "67.29600", "2012-12-31": "51.85300", "2011-12-31": "44.90700", "2010-12-31": "28.06100", "2009-12-31": "16.56200", "2008-12-31": "22.79800", "2007-12-31": "30.75100", "2006-12-31": "19.33100", "2005-12-31": "18.63500"}, "EBITDA": {"2020-12-31": "123.00700", "2019-12-31": "123.91090", "2018-12-31": "142.50000", "2017-12-31": "194.70500", "2016-12-31": "203.39700", "2015-12-31": "169.21000", "2014-12-31": "133.50100", "2013-12-31": "107.11200", "2012-12-31": "85.71100", "2011-12-31": "68.64700", "2010-12-31": "51.08800", "2009-12-31": "32.56000", "2008-12-31": "38.66200", "2007-12-31": "56.67500", "2006-12-31": "44.00200", "2005-12-31": "42.35100"}, "EBIT": {"2020-12-31": "114.06100", "2019-12-31": "115.92400", "2018-12-31": "133.88700", "2017-12-31": "185.64500", "2016-12-31": "194.30700", "2015-12-31": "161.44600", "2014-12-31": "127.12400", "2013-12-31": "101.28700", "2012-12-31": "80.07300", "2011-12-31": "61.36300", "2010-12-31": "41.92700", "2009-12-31": "21.14200", "2008-12-31": "25.96300", "2007-12-31": "43.05800", "2006-12-31": "30.75500", "2005-12-31": "30.27700"}, "Basic Shares Outstanding": {"2020-12-31": "63.53800", "2019-12-31": "64.39700", "2018-12-31": "66.20100", "2017-12-31": "69.17500", "2016-12-31": "71.67400", "2015-12-31": "73.44300", "2014-12-31": "74.99500", "2013-12-31": "76.66400", "2012-12-31": "78.64000", "2011-12-31": "81.82000", "2010-12-31": "85.98800", "2009-12-31": "89.54000", "2008-12-31": "96.21200", "2007-12-31": "104.69600", "2006-12-31": "108.73200", "2005-12-31": "114.76000"}, "Shares Outstanding": {"2020-12-31": "64.33300", "2019-12-31": "65.10300", "2018-12-31": "66.43400", "2017-12-31": "69.42400", "2016-12-31": "72.06000", "2015-12-31": "74.03800", "2014-12-31": "75.84100", "2013-12-31": "77.93200", "2012-12-31": "81.08400", "2011-12-31": "85.96800", "2010-12-31": "89.80000", "2009-12-31": "90.23200", "2008-12-31": "97.31200", "2007-12-31": "109.31600", "2006-12-31": "111.88400", "2005-12-31": "117.18800"}, "Basic EPS": {"2020-12-31": "1.37000", "2019-12-31": "1.33000", "2018-12-31": "1.58000", "2017-12-31": "1.68000", "2016-12-31": "1.73000", "2015-12-31": "1.41000", "2014-12-31": "1.09000", "2013-12-31": "0.88000", "2012-12-31": "0.66000", "2011-12-31": "0.55000", "2010-12-31": "0.32750", "2009-12-31": "0.18500", "2008-12-31": "0.23750", "2007-12-31": "0.29250", "2006-12-31": "0.17750", "2005-12-31": "0.16250"}, "EPS - Earnings Per Share": {"2020-12-31": "1.36000", "2019-12-31": "1.32000", "2018-12-31": "1.58000", "2017-12-31": "1.68000", "2016-12-31": "1.72000", "2015-12-31": "1.40000", "2014-12-31": "1.08000", "2013-12-31": "0.86000", "2012-12-31": "0.64000", "2011-12-31": "0.52000", "2010-12-31": "0.31250", "2009-12-31": "0.18250", "2008-12-31": "0.23500", "2007-12-31": "0.28250", "2006-12-31": "0.17250", "2005-12-31": "0.16000"}}, "income statement, quarterly": {"Revenue": {"2020-12-31": "147.08200", "2020-09-30": "149.75700", "2020-06-30": "135.63000", "2020-03-31": "153.90300", "2019-12-31": "152.92900", "2019-09-30": "162.27500", "2019-06-30": "154.34100", "2019-03-31": "148.40400", "2018-12-31": "144.36600", "2018-09-30": "142.35100", "2018-06-30": "141.87100", "2018-03-31": "130.56900", "2017-12-31": "144.08600", "2017-09-30": "152.88300", "2017-06-30": "154.14100", "2017-03-31": "143.48900", "2016-12-31": "147.59200", "2016-09-30": "152.21300", "2016-06-30": "154.89200", "2016-03-31": "149.86000", "2015-12-31": "141.43500", "2015-09-30": "142.30400", "2015-06-30": "139.10900", "2015-03-31": "133.52300", "2014-12-31": "130.40300", "2014-09-30": "125.60800", "2014-06-30": "122.53000", "2014-03-31": "113.56300", "2013-12-31": "107.59900", "2013-09-30": "107.80200", "2013-06-30": "102.51600", "2013-03-31": "96.60100", "2012-12-31": "95.35900", "2012-09-30": "95.84100", "2012-06-30": "93.56700", "2012-03-31": "91.48100", "2011-12-31": "83.53900", "2011-09-30": "85.60200", "2011-06-30": "88.40200", "2011-03-31": "71.71000", "2010-12-31": "71.51300", "2010-09-30": "74.01400", "2010-06-30": "77.64100", "2010-03-31": "73.94900", "2009-12-31": "62.13900", "2009-09-30": "65.29400", "2009-06-30": "58.40900", "2009-03-31": "60.82500", "2008-12-31": "75.65100", "2008-09-30": "82.73600", "2008-06-30": "90.49000", "2008-03-31": "88.32400", "2007-12-31": "84.99300", "2007-09-30": "84.58900", "2007-06-30": "89.62900", "2007-03-31": "78.19000", "2006-12-31": "75.87000", "2006-09-30": "72.31200", "2006-06-30": "77.90100", "2006-03-31": "62.78500", "2005-12-31": "66.42100", "2005-09-30": "62.30700", "2005-06-30": "61.36900", "2005-03-31": "56.30700"}, "Cost Of Goods Sold": {"2020-12-31": "66.83200", "2020-09-30": "65.19900", "2020-06-30": "63.02500", "2020-03-31": "74.83100", "2019-12-31": "71.85300", "2019-09-30": "74.36600", "2019-06-30": "71.57800", "2019-03-31": "67.17000", "2018-12-31": "62.82000", "2018-09-30": "61.18600", "2018-06-30": "59.08100", "2018-03-31": "57.79400", "2017-12-31": "58.72700", "2017-09-30": "63.07200", "2017-06-30": "62.31300", "2017-03-31": "61.62100", "2016-12-31": "60.87100", "2016-09-30": "61.67800", "2016-06-30": "62.51700", "2016-03-31": "64.81300", "2015-12-31": "60.33100", "2015-09-30": "58.09600", "2015-06-30": "58.76400", "2015-03-31": "58.23700", "2014-12-31": "58.59200", "2014-09-30": "53.86400", "2014-06-30": "52.57000", "2014-03-31": "47.55200", "2013-12-31": "49.00300", "2013-09-30": "45.09200", "2013-06-30": "44.01800", "2013-03-31": "43.03800", "2012-12-31": "43.32400", "2012-09-30": "41.12800", "2012-06-30": "39.35000", "2012-03-31": "37.93500", "2011-12-31": "34.91600", "2011-09-30": "35.94500", "2011-06-30": "35.74300", "2011-03-31": "32.49700", "2010-12-31": "32.16400", "2010-09-30": "33.22400", "2010-06-30": "32.72200", "2010-03-31": "30.68200", "2009-12-31": "25.52300", "2009-09-30": "26.70500", "2009-06-30": "26.53100", "2009-03-31": "28.70200", "2008-12-31": "34.49400", "2008-09-30": "37.94000", "2008-06-30": "38.81400", "2008-03-31": "40.69000", "2007-12-31": "37.17300", "2007-09-30": "37.23300", "2007-06-30": "37.45100", "2007-03-31": "35.50300", "2006-12-31": "31.09200", "2006-09-30": "30.98700", "2006-06-30": "32.93900", "2006-03-31": "28.72000", "2005-12-31": "27.58800", "2005-09-30": "26.05200", "2005-06-30": "23.96400", "2005-03-31": "23.65100"}, "Gross Profit": {"2020-12-31": "80.25000", "2020-09-30": "84.55800", "2020-06-30": "72.60500", "2020-03-31": "79.07200", "2019-12-31": "81.07600", "2019-09-30": "87.90900", "2019-06-30": "82.76300", "2019-03-31": "81.23400", "2018-12-31": "81.54600", "2018-09-30": "81.16500", "2018-06-30": "82.79000", "2018-03-31": "72.77500", "2017-12-31": "85.35900", "2017-09-30": "89.81100", "2017-06-30": "91.82800", "2017-03-31": "81.86800", "2016-12-31": "86.72100", "2016-09-30": "90.53500", "2016-06-30": "92.37500", "2016-03-31": "85.04700", "2015-12-31": "81.10400", "2015-09-30": "84.20800", "2015-06-30": "80.34500", "2015-03-31": "75.28600", "2014-12-31": "71.81100", "2014-09-30": "71.74400", "2014-06-30": "69.96000", "2014-03-31": "66.01100", "2013-12-31": "58.59600", "2013-09-30": "62.71000", "2013-06-30": "58.49800", "2013-03-31": "53.56300", "2012-12-31": "52.03500", "2012-09-30": "54.71300", "2012-06-30": "54.21700", "2012-03-31": "53.54600", "2011-12-31": "48.62300", "2011-09-30": "49.65700", "2011-06-30": "52.65900", "2011-03-31": "39.21300", "2010-12-31": "39.34900", "2010-09-30": "40.79000", "2010-06-30": "44.91900", "2010-03-31": "43.26700", "2009-12-31": "36.61600", "2009-09-30": "38.58900", "2009-06-30": "31.87800", "2009-03-31": "32.12300", "2008-12-31": "41.15700", "2008-09-30": "44.79600", "2008-06-30": "51.67600", "2008-03-31": "47.63400", "2007-12-31": "47.82000", "2007-09-30": "47.35600", "2007-06-30": "52.17800", "2007-03-31": "42.68700", "2006-12-31": "44.77800", "2006-09-30": "41.32500", "2006-06-30": "44.96200", "2006-03-31": "34.06500", "2005-12-31": "38.83300", "2005-09-30": "36.25500", "2005-06-30": "37.40500", "2005-03-31": "32.65600"}, "Research And Development Expenses": {"2020-12-31": "20.56300", "2020-09-30": "20.45400", "2020-06-30": "19.93100", "2020-03-31": "23.32800", "2019-12-31": "21.78400", "2019-09-30": "22.61400", "2019-06-30": "21.99700", "2019-03-31": "21.21300", "2018-12-31": "18.20800", "2018-09-30": "18.45300", "2018-06-30": "18.17600", "2018-03-31": "17.05900", "2017-12-31": "14.63000", "2017-09-30": "14.74700", "2017-06-30": "14.10200", "2017-03-31": "14.22500", "2016-12-31": "13.18300", "2016-09-30": "13.38900", "2016-06-30": "13.45800", "2016-03-31": "14.70600", "2015-12-31": "13.45700", "2015-09-30": "13.58900", "2015-06-30": "13.25700", "2015-03-31": "13.55600", "2014-12-31": "13.04700", "2014-09-30": "12.23600", "2014-06-30": "11.86700", "2014-03-31": "11.80300", "2013-12-31": "11.13500", "2013-09-30": "10.90600", "2013-06-30": "11.03200", "2013-03-31": "11.47600", "2012-12-31": "10.95100", "2012-09-30": "11.40000", "2012-06-30": "10.80200", "2012-03-31": "11.55100", "2011-12-31": "10.43600", "2011-09-30": "10.87700", "2011-06-30": "10.67600", "2011-03-31": "10.38300", "2010-12-31": "9.86800", "2010-09-30": "9.86600", "2010-06-30": "10.33400", "2010-03-31": "10.44000", "2009-12-31": "8.48500", "2009-09-30": "8.78100", "2009-06-30": "9.18800", "2009-03-31": "10.22700", "2008-12-31": "11.49600", "2008-09-30": "12.54600", "2008-06-30": "11.71100", "2008-03-31": "12.65400", "2007-12-31": "11.27800", "2007-09-30": "11.88700", "2007-06-30": "12.27800", "2007-03-31": "11.15100", "2006-12-31": "11.07000", "2006-09-30": "9.76500", "2006-06-30": "10.52200", "2006-03-31": "10.11100", "2005-12-31": "9.55500", "2005-09-30": "9.03700", "2005-06-30": "7.86900", "2005-03-31": "7.67800"}, "SG&A Expenses": {"2020-12-31": "29.34000", "2020-09-30": "26.93500", "2020-06-30": "23.72500", "2020-03-31": "29.20200", "2019-12-31": "31.94600", "2019-09-30": "28.36100", "2019-06-30": "31.32500", "2019-03-31": "29.83100", "2018-12-31": "27.06500", "2018-09-30": "24.43700", "2018-06-30": "26.69400", "2018-03-31": "25.68400", "2017-12-31": "24.98600", "2017-09-30": "21.77000", "2017-06-30": "23.11900", "2017-03-31": "23.66100", "2016-12-31": "25.89800", "2016-09-30": "21.22800", "2016-06-30": "24.38300", "2016-03-31": "25.03600", "2015-12-31": "26.01100", "2015-09-30": "24.96200", "2015-06-30": "23.81600", "2015-03-31": "23.08500", "2014-12-31": "27.96700", "2014-09-30": "22.33200", "2014-06-30": "24.10400", "2014-03-31": "22.66900", "2013-12-31": "21.32600", "2013-09-30": "19.61800", "2013-06-30": "19.82000", "2013-03-31": "20.94200", "2012-12-31": "20.47300", "2012-09-30": "20.25700", "2012-06-30": "20.65500", "2012-03-31": "22.71100", "2011-12-31": "20.62200", "2011-09-30": "20.20700", "2011-06-30": "21.54700", "2011-03-31": "19.27600", "2010-12-31": "18.50000", "2010-09-30": "19.05000", "2010-06-30": "20.25000", "2010-03-31": "18.92900", "2009-12-31": "15.67700", "2009-09-30": "16.08800", "2009-06-30": "16.27700", "2009-03-31": "18.04100", "2008-12-31": "21.45800", "2008-09-30": "20.67800", "2008-06-30": "23.54300", "2008-03-31": "22.64300", "2007-12-31": "21.66900", "2007-09-30": "21.47600", "2007-06-30": "22.87400", "2007-03-31": "20.75300", "2006-12-31": "19.15000", "2006-09-30": "19.30300", "2006-06-30": "19.73400", "2006-03-31": "16.84400", "2005-12-31": "14.38600", "2005-09-30": "15.83300", "2005-06-30": "15.74300", "2005-03-31": "16.38700"}, "Other Operating Income Or Expenses": {"2020-12-31": "", "2020-09-30": "", "2020-06-30": "", "2020-03-31": "", "2019-12-31": "", "2019-09-30": "", "2019-06-30": "", "2019-03-31": "", "2018-12-31": "", "2018-09-30": "", "2018-06-30": "", "2018-03-31": "", "2017-12-31": "", "2017-09-30": "", "2017-06-30": "", "2017-03-31": "", "2016-12-31": "", "2016-09-30": "", "2016-06-30": "", "2016-03-31": "", "2015-12-31": "", "2015-09-30": "", "2015-06-30": "", "2015-03-31": "", "2014-12-31": "", "2014-09-30": "", "2014-06-30": "", "2014-03-31": "", "2013-12-31": "", "2013-09-30": "", "2013-06-30": "", "2013-03-31": "", "2012-12-31": "", "2012-09-30": "", "2012-06-30": "", "2012-03-31": "", "2011-12-31": "", "2011-09-30": "2.51900", "2011-06-30": "", "2011-03-31": "", "2010-12-31": "", "2010-09-30": "0.00000", "2010-06-30": "", "2010-03-31": "", "2009-12-31": "", "2009-09-30": "", "2009-06-30": "", "2009-03-31": "", "2008-12-31": "", "2008-09-30": "-5.20500", "2008-06-30": "", "2008-03-31": "", "2007-12-31": "", "2007-09-30": "", "2007-06-30": "", "2007-03-31": "", "2006-12-31": "-2.85600", "2006-09-30": "-0.27000", "2006-06-30": "", "2006-03-31": "", "2005-12-31": "2.66600", "2005-09-30": "-1.08100", "2005-06-30": "-4.40000", "2005-03-31": ""}, "Operating Expenses": {"2020-12-31": "118.88500", "2020-09-30": "114.78100", "2020-06-30": "108.93800", "2020-03-31": "129.70700", "2019-12-31": "127.86000", "2019-09-30": "127.27800", "2019-06-30": "126.75900", "2019-03-31": "120.12800", "2018-12-31": "110.09000", "2018-09-30": "106.25500", "2018-06-30": "106.18600", "2018-03-31": "102.73900", "2017-12-31": "100.51600", "2017-09-30": "101.78700", "2017-06-30": "104.88200", "2017-03-31": "101.76900", "2016-12-31": "102.23600", "2016-09-30": "98.62900", "2016-06-30": "102.62400", "2016-03-31": "106.76100", "2015-12-31": "101.90700", "2015-09-30": "98.62400", "2015-06-30": "97.73500", "2015-03-31": "96.65900", "2014-12-31": "101.33100", "2014-09-30": "90.10700", "2014-06-30": "90.03000", "2014-03-31": "83.51200", "2013-12-31": "82.93200", "2013-09-30": "77.03000", "2013-06-30": "76.32900", "2013-03-31": "76.94000", "2012-12-31": "76.24500", "2012-09-30": "74.16400", "2012-06-30": "72.22500", "2012-03-31": "73.54100", "2011-12-31": "67.33600", "2011-09-30": "66.20800", "2011-06-30": "70.18900", "2011-03-31": "64.15700", "2010-12-31": "62.69800", "2010-09-30": "64.40200", "2010-06-30": "65.62400", "2010-03-31": "62.46600", "2009-12-31": "52.25300", "2009-09-30": "54.23900", "2009-06-30": "58.83500", "2009-03-31": "60.19800", "2008-12-31": "75.28300", "2008-09-30": "79.49400", "2008-06-30": "77.22600", "2008-03-31": "79.23500", "2007-12-31": "73.47600", "2007-09-30": "74.00200", "2007-06-30": "75.95700", "2007-03-31": "70.90800", "2006-12-31": "67.50100", "2006-09-30": "63.87600", "2006-06-30": "67.06400", "2006-03-31": "59.67200", "2005-12-31": "57.37100", "2005-09-30": "55.05600", "2005-06-30": "55.06000", "2005-03-31": "48.64000"}, "Operating Income": {"2020-12-31": "28.19700", "2020-09-30": "34.97600", "2020-06-30": "26.69200", "2020-03-31": "24.19600", "2019-12-31": "25.06890", "2019-09-30": "34.99700", "2019-06-30": "27.58200", "2019-03-31": "28.27600", "2018-12-31": "34.27600", "2018-09-30": "36.09600", "2018-06-30": "35.68500", "2018-03-31": "27.83000", "2017-12-31": "43.57000", "2017-09-30": "51.09600", "2017-06-30": "49.25900", "2017-03-31": "41.72000", "2016-12-31": "45.35600", "2016-09-30": "53.58400", "2016-06-30": "52.26800", "2016-03-31": "43.09900", "2015-12-31": "39.52800", "2015-09-30": "43.68000", "2015-06-30": "41.37400", "2015-03-31": "36.86400", "2014-12-31": "29.07200", "2014-09-30": "35.50100", "2014-06-30": "32.50000", "2014-03-31": "30.05100", "2013-12-31": "24.66700", "2013-09-30": "30.77200", "2013-06-30": "26.18700", "2013-03-31": "19.66100", "2012-12-31": "19.11400", "2012-09-30": "21.67700", "2012-06-30": "21.34200", "2012-03-31": "17.94000", "2011-12-31": "16.20300", "2011-09-30": "19.39400", "2011-06-30": "18.21300", "2011-03-31": "7.55300", "2010-12-31": "8.81500", "2010-09-30": "9.61200", "2010-06-30": "12.01700", "2010-03-31": "11.48300", "2009-12-31": "9.88600", "2009-09-30": "11.05500", "2009-06-30": "-0.42600", "2009-03-31": "0.62700", "2008-12-31": "0.36800", "2008-09-30": "3.24200", "2008-06-30": "13.26400", "2008-03-31": "9.08900", "2007-12-31": "11.51700", "2007-09-30": "10.58700", "2007-06-30": "13.67200", "2007-03-31": "7.28200", "2006-12-31": "8.36900", "2006-09-30": "8.43600", "2006-06-30": "10.83700", "2006-03-31": "3.11300", "2005-12-31": "9.05000", "2005-09-30": "7.25100", "2005-06-30": "6.30900", "2005-03-31": "7.66700"}, "Total Non-Operating Income/Expense": {"2020-12-31": "-0.65600", "2020-09-30": "-0.89100", "2020-06-30": "-0.15800", "2020-03-31": "1.42000", "2019-12-31": "-0.21500", "2019-09-30": "0.81000", "2019-06-30": "-0.07100", "2019-03-31": "-0.37100", "2018-12-31": "-0.90100", "2018-09-30": "1.53800", "2018-06-30": "0.98600", "2018-03-31": "0.72100", "2017-12-31": "-0.58000", "2017-09-30": "0.20700", "2017-06-30": "-0.06800", "2017-03-31": "-0.37100", "2016-12-31": "0.41600", "2016-09-30": "0.21000", "2016-06-30": "0.65400", "2016-03-31": "0.52000", "2015-12-31": "0.17000", "2015-09-30": "0.60400", "2015-06-30": "0.35900", "2015-03-31": "0.26200", "2014-12-31": "0.85000", "2014-09-30": "-0.05500", "2014-06-30": "0.31200", "2014-03-31": "-0.23300", "2013-12-31": "-0.11800", "2013-09-30": "0.54600", "2013-06-30": "1.24300", "2013-03-31": "0.15100", "2012-12-31": "0.53400", "2012-09-30": "-0.24700", "2012-06-30": "0.80200", "2012-03-31": "-0.12400", "2011-12-31": "0.65000", "2011-09-30": "0.86200", "2011-06-30": "0.33400", "2011-03-31": "0.01800", "2010-12-31": "0.23900", "2010-09-30": "-0.18800", "2010-06-30": "0.30400", "2010-03-31": "-0.49800", "2009-12-31": "-0.37400", "2009-09-30": "0.25500", "2009-06-30": "-0.40400", "2009-03-31": "-0.23300", "2008-12-31": "1.66700", "2008-09-30": "0.92700", "2008-06-30": "0.65000", "2008-03-31": "2.30100", "2007-12-31": "1.59900", "2007-09-30": "1.61900", "2007-06-30": "0.29800", "2007-03-31": "1.09200", "2006-12-31": "0.91100", "2006-09-30": "0.63000", "2006-06-30": "1.25100", "2006-03-31": "0.84600", "2005-12-31": "0.70600", "2005-09-30": "0.87700", "2005-06-30": "0.60900", "2005-03-31": "0.48500"}, "Pre-Tax Income": {"2020-12-31": "27.54100", "2020-09-30": "34.08500", "2020-06-30": "26.53400", "2020-03-31": "25.61600", "2019-12-31": "24.85400", "2019-09-30": "35.80700", "2019-06-30": "27.51100", "2019-03-31": "27.90500", "2018-12-31": "33.37500", "2018-09-30": "37.63400", "2018-06-30": "36.67100", "2018-03-31": "28.55100", "2017-12-31": "42.99000", "2017-09-30": "51.30300", "2017-06-30": "49.19100", "2017-03-31": "41.34900", "2016-12-31": "45.77200", "2016-09-30": "53.79400", "2016-06-30": "52.92200", "2016-03-31": "43.61900", "2015-12-31": "39.69800", "2015-09-30": "44.28400", "2015-06-30": "41.73300", "2015-03-31": "37.12600", "2014-12-31": "29.92200", "2014-09-30": "35.44600", "2014-06-30": "32.81200", "2014-03-31": "29.81800", "2013-12-31": "24.54900", "2013-09-30": "31.31800", "2013-06-30": "27.43000", "2013-03-31": "19.81200", "2012-12-31": "19.64800", "2012-09-30": "21.43000", "2012-06-30": "22.14400", "2012-03-31": "17.81600", "2011-12-31": "16.85300", "2011-09-30": "20.25600", "2011-06-30": "18.54700", "2011-03-31": "7.57100", "2010-12-31": "9.05400", "2010-09-30": "9.42400", "2010-06-30": "12.32100", "2010-03-31": "10.98500", "2009-12-31": "9.51200", "2009-09-30": "11.31000", "2009-06-30": "-0.83000", "2009-03-31": "0.39400", "2008-12-31": "2.03500", "2008-09-30": "4.16900", "2008-06-30": "13.91400", "2008-03-31": "11.39000", "2007-12-31": "13.11600", "2007-09-30": "12.20600", "2007-06-30": "13.97000", "2007-03-31": "8.37400", "2006-12-31": "9.28000", "2006-09-30": "9.06600", "2006-06-30": "12.08800", "2006-03-31": "3.95900", "2005-12-31": "9.75600", "2005-09-30": "8.12800", "2005-06-30": "6.91800", "2005-03-31": "8.15200"}, "Income Taxes": {"2020-12-31": "7.00100", "2020-09-30": "9.11900", "2020-06-30": "7.33000", "2020-03-31": "3.08600", "2019-12-31": "8.09600", "2019-09-30": "8.70000", "2019-06-30": "6.58600", "2019-03-31": "6.93300", "2018-12-31": "7.46000", "2018-09-30": "9.17900", "2018-06-30": "9.00300", "2018-03-31": "5.89900", "2017-12-31": "18.47600", "2017-09-30": "18.70400", "2017-06-30": "18.04700", "2017-03-31": "13.12500", "2016-12-31": "15.85500", "2016-09-30": "20.29800", "2016-06-30": "19.58100", "2016-03-31": "16.13900", "2015-12-31": "13.32800", "2015-09-30": "16.38700", "2015-06-30": "15.72900", "2015-03-31": "13.92200", "2014-12-31": "9.56800", "2014-09-30": "13.10600", "2014-06-30": "12.21800", "2014-03-31": "11.10600", "2013-12-31": "7.70300", "2013-09-30": "11.63000", "2013-06-30": "10.02300", "2013-03-31": "6.45700", "2012-12-31": "7.17800", "2012-09-30": "7.62100", "2012-06-30": "7.97200", "2012-03-31": "6.41400", "2011-12-31": "6.32800", "2011-09-30": "5.37900", "2011-06-30": "6.20800", "2011-03-31": "0.40500", "2010-12-31": "2.60900", "2010-09-30": "3.19200", "2010-06-30": "4.13200", "2010-03-31": "3.79000", "2009-12-31": "3.63900", "2009-09-30": "0.32700", "2009-06-30": "-0.27400", "2009-03-31": "0.13200", "2008-12-31": "0.05700", "2008-09-30": "-0.14000", "2008-06-30": "4.83500", "2008-03-31": "3.95800", "2007-12-31": "4.66200", "2007-09-30": "4.32100", "2007-06-30": "4.95900", "2007-03-31": "2.97300", "2006-12-31": "4.46600", "2006-09-30": "3.82200", "2006-06-30": "5.10300", "2006-03-31": "1.67100", "2005-12-31": "4.02100", "2005-09-30": "3.16200", "2005-06-30": "3.96600", "2005-03-31": "3.17000"}, "Income After Taxes": {"2020-12-31": "20.54000", "2020-09-30": "24.96600", "2020-06-30": "19.20400", "2020-03-31": "22.53000", "2019-12-31": "16.75800", "2019-09-30": "27.10700", "2019-06-30": "20.92500", "2019-03-31": "20.97200", "2018-12-31": "25.91500", "2018-09-30": "28.45500", "2018-06-30": "27.66800", "2018-03-31": "22.65200", "2017-12-31": "24.51400", "2017-09-30": "32.59900", "2017-06-30": "31.14400", "2017-03-31": "28.22400", "2016-12-31": "29.91700", "2016-09-30": "33.49600", "2016-06-30": "33.34100", "2016-03-31": "27.48000", "2015-12-31": "26.37000", "2015-09-30": "27.89700", "2015-06-30": "26.00400", "2015-03-31": "23.20400", "2014-12-31": "20.35400", "2014-09-30": "22.34000", "2014-06-30": "20.59400", "2014-03-31": "18.71200", "2013-12-31": "16.84600", "2013-09-30": "19.68800", "2013-06-30": "17.40700", "2013-03-31": "13.35500", "2012-12-31": "12.47000", "2012-09-30": "13.80900", "2012-06-30": "14.17200", "2012-03-31": "11.40200", "2011-12-31": "10.52500", "2011-09-30": "14.87700", "2011-06-30": "12.33900", "2011-03-31": "7.16600", "2010-12-31": "6.44500", "2010-09-30": "6.23200", "2010-06-30": "8.18900", "2010-03-31": "7.19500", "2009-12-31": "5.87300", "2009-09-30": "10.98300", "2009-06-30": "-0.55600", "2009-03-31": "0.26200", "2008-12-31": "1.97800", "2008-09-30": "4.30900", "2008-06-30": "9.07900", "2008-03-31": "7.43200", "2007-12-31": "8.45400", "2007-09-30": "7.88500", "2007-06-30": "9.01100", "2007-03-31": "5.40100", "2006-12-31": "4.81400", "2006-09-30": "5.24400", "2006-06-30": "6.98500", "2006-03-31": "2.28800", "2005-12-31": "5.73500", "2005-09-30": "4.96600", "2005-06-30": "2.95200", "2005-03-31": "4.98200"}, "Other Income": {"2020-12-31": "", "2020-09-30": "", "2020-06-30": "", "2020-03-31": "", "2019-12-31": "", "2019-09-30": "", "2019-06-30": "", "2019-03-31": "", "2018-12-31": "", "2018-09-30": "", "2018-06-30": "", "2018-03-31": "", "2017-12-31": "", "2017-09-30": "", "2017-06-30": "", "2017-03-31": "", "2016-12-31": "", "2016-09-30": "", "2016-06-30": "", "2016-03-31": "", "2015-12-31": "", "2015-09-30": "", "2015-06-30": "", "2015-03-31": "", "2014-12-31": "", "2014-09-30": "", "2014-06-30": "", "2014-03-31": "", "2013-12-31": "", "2013-09-30": "", "2013-06-30": "", "2013-03-31": "", "2012-12-31": "", "2012-09-30": "", "2012-06-30": "", "2012-03-31": "", "2011-12-31": "", "2011-09-30": "", "2011-06-30": "", "2011-03-31": "", "2010-12-31": "", "2010-09-30": "", "2010-06-30": "", "2010-03-31": "", "2009-12-31": "", "2009-09-30": "", "2009-06-30": "", "2009-03-31": "", "2008-12-31": "", "2008-09-30": "", "2008-06-30": "", "2008-03-31": "", "2007-12-31": "", "2007-09-30": "", "2007-06-30": "", "2007-03-31": "", "2006-12-31": "", "2006-09-30": "", "2006-06-30": "", "2006-03-31": "", "2005-12-31": "", "2005-09-30": "", "2005-06-30": "", "2005-03-31": ""}, "Income From Continuous Operations": {"2020-12-31": "20.54000", "2020-09-30": "24.96600", "2020-06-30": "19.20400", "2020-03-31": "22.53000", "2019-12-31": "16.75800", "2019-09-30": "27.10700", "2019-06-30": "20.92500", "2019-03-31": "20.97200", "2018-12-31": "25.91500", "2018-09-30": "28.45500", "2018-06-30": "27.66800", "2018-03-31": "22.65200", "2017-12-31": "24.51400", "2017-09-30": "32.59900", "2017-06-30": "31.14400", "2017-03-31": "28.22400", "2016-12-31": "29.91700", "2016-09-30": "33.49600", "2016-06-30": "33.34100", "2016-03-31": "27.48000", "2015-12-31": "26.37000", "2015-09-30": "27.89700", "2015-06-30": "26.00400", "2015-03-31": "23.20400", "2014-12-31": "20.35400", "2014-09-30": "22.34000", "2014-06-30": "20.59400", "2014-03-31": "18.71200", "2013-12-31": "16.84600", "2013-09-30": "19.68800", "2013-06-30": "17.40700", "2013-03-31": "13.35500", "2012-12-31": "12.47000", "2012-09-30": "13.80900", "2012-06-30": "14.17200", "2012-03-31": "11.40200", "2011-12-31": "10.52500", "2011-09-30": "14.87700", "2011-06-30": "12.33900", "2011-03-31": "7.16600", "2010-12-31": "6.44500", "2010-09-30": "6.23200", "2010-06-30": "8.18900", "2010-03-31": "7.19500", "2009-12-31": "5.87300", "2009-09-30": "10.98300", "2009-06-30": "-0.55600", "2009-03-31": "0.26200", "2008-12-31": "1.97800", "2008-09-30": "4.30900", "2008-06-30": "9.07900", "2008-03-31": "7.43200", "2007-12-31": "8.45400", "2007-09-30": "7.88500", "2007-06-30": "9.01100", "2007-03-31": "5.40100", "2006-12-31": "4.81400", "2006-09-30": "5.24400", "2006-06-30": "6.98500", "2006-03-31": "2.28800", "2005-12-31": "5.73500", "2005-09-30": "4.96600", "2005-06-30": "2.95200", "2005-03-31": "4.98200"}, "Income From Discontinued Operations": {"2020-12-31": "", "2020-09-30": "", "2020-06-30": "", "2020-03-31": "", "2019-12-31": "", "2019-09-30": "", "2019-06-30": "", "2019-03-31": "", "2018-12-31": "", "2018-09-30": "", "2018-06-30": "", "2018-03-31": "", "2017-12-31": "", "2017-09-30": "", "2017-06-30": "", "2017-03-31": "", "2016-12-31": "", "2016-09-30": "", "2016-06-30": "", "2016-03-31": "", "2015-12-31": "", "2015-09-30": "", "2015-06-30": "", "2015-03-31": "", "2014-12-31": "", "2014-09-30": "", "2014-06-30": "", "2014-03-31": "", "2013-12-31": "", "2013-09-30": "", "2013-06-30": "", "2013-03-31": "", "2012-12-31": "", "2012-09-30": "", "2012-06-30": "", "2012-03-31": "", "2011-12-31": "", "2011-09-30": "", "2011-06-30": "", "2011-03-31": "", "2010-12-31": "", "2010-09-30": "", "2010-06-30": "", "2010-03-31": "", "2009-12-31": "", "2009-09-30": "", "2009-06-30": "", "2009-03-31": "", "2008-12-31": "", "2008-09-30": "", "2008-06-30": "", "2008-03-31": "", "2007-12-31": "", "2007-09-30": "", "2007-06-30": "", "2007-03-31": "", "2006-12-31": "", "2006-09-30": "", "2006-06-30": "", "2006-03-31": "", "2005-12-31": "", "2005-09-30": "", "2005-06-30": "", "2005-03-31": ""}, "Net Income": {"2020-12-31": "20.54000", "2020-09-30": "24.96600", "2020-06-30": "19.20400", "2020-03-31": "22.53000", "2019-12-31": "16.75800", "2019-09-30": "27.10700", "2019-06-30": "20.92500", "2019-03-31": "20.97200", "2018-12-31": "25.91500", "2018-09-30": "28.45500", "2018-06-30": "27.66800", "2018-03-31": "22.65200", "2017-12-31": "24.51400", "2017-09-30": "32.59900", "2017-06-30": "31.14400", "2017-03-31": "28.22400", "2016-12-31": "29.91700", "2016-09-30": "33.49600", "2016-06-30": "33.34100", "2016-03-31": "27.48000", "2015-12-31": "26.37000", "2015-09-30": "27.89700", "2015-06-30": "26.00400", "2015-03-31": "23.20400", "2014-12-31": "20.35400", "2014-09-30": "22.34000", "2014-06-30": "20.59400", "2014-03-31": "18.71200", "2013-12-31": "16.84600", "2013-09-30": "19.68800", "2013-06-30": "17.40700", "2013-03-31": "13.35500", "2012-12-31": "12.47000", "2012-09-30": "13.80900", "2012-06-30": "14.17200", "2012-03-31": "11.40200", "2011-12-31": "10.52500", "2011-09-30": "14.87700", "2011-06-30": "12.33900", "2011-03-31": "7.16600", "2010-12-31": "6.44500", "2010-09-30": "6.23200", "2010-06-30": "8.18900", "2010-03-31": "7.19500", "2009-12-31": "5.87300", "2009-09-30": "10.98300", "2009-06-30": "-0.55600", "2009-03-31": "0.26200", "2008-12-31": "1.97800", "2008-09-30": "4.30900", "2008-06-30": "9.07900", "2008-03-31": "7.43200", "2007-12-31": "8.45400", "2007-09-30": "7.88500", "2007-06-30": "9.01100", "2007-03-31": "5.40100", "2006-12-31": "4.81400", "2006-09-30": "5.24400", "2006-06-30": "6.98500", "2006-03-31": "2.28800", "2005-12-31": "5.73500", "2005-09-30": "4.96600", "2005-06-30": "2.95200", "2005-03-31": "4.98200"}, "EBITDA": {"2020-12-31": "", "2020-09-30": "37.16900", "2020-06-30": "28.94900", "2020-03-31": "26.54200", "2019-12-31": "27.34590", "2019-09-30": "36.93400", "2019-06-30": "29.44100", "2019-03-31": "30.19000", "2018-12-31": "36.27300", "2018-09-30": "38.27500", "2018-06-30": "37.92000", "2018-03-31": "30.03200", "2017-12-31": "45.76700", "2017-09-30": "53.37100", "2017-06-30": "51.58500", "2017-03-31": "43.98200", "2016-12-31": "47.64000", "2016-09-30": "55.91800", "2016-06-30": "54.53400", "2016-03-31": "45.30500", "2015-12-31": "41.63600", "2015-09-30": "45.65700", "2015-06-30": "43.27200", "2015-03-31": "38.64500", "2014-12-31": "30.79700", "2014-09-30": "37.17600", "2014-06-30": "33.98900", "2014-03-31": "31.53900", "2013-12-31": "26.13500", "2013-09-30": "32.18600", "2013-06-30": "27.64600", "2013-03-31": "21.14500", "2012-12-31": "20.61100", "2012-09-30": "23.05600", "2012-06-30": "22.76000", "2012-03-31": "19.28400", "2011-12-31": "17.56500", "2011-09-30": "21.09200", "2011-06-30": "20.43600", "2011-03-31": "9.55400", "2010-12-31": "10.98100", "2010-09-30": "11.87400", "2010-06-30": "14.33500", "2010-03-31": "13.89800", "2009-12-31": "12.46400", "2009-09-30": "13.72000", "2009-06-30": "2.58400", "2009-03-31": "3.79200", "2008-12-31": "3.53600", "2008-09-30": "6.36700", "2008-06-30": "16.42200", "2008-03-31": "12.33700", "2007-12-31": "14.87300", "2007-09-30": "13.99300", "2007-06-30": "17.02600", "2007-03-31": "10.78300", "2006-12-31": "11.70200", "2006-09-30": "11.81300", "2006-06-30": "14.09900", "2006-03-31": "6.38800", "2005-12-31": "12.19500", "2005-09-30": "10.30400", "2005-06-30": "9.39300", "2005-03-31": "10.45900"}, "EBIT": {"2020-12-31": "28.19700", "2020-09-30": "34.97600", "2020-06-30": "26.69200", "2020-03-31": "24.19600", "2019-12-31": "25.06890", "2019-09-30": "34.99700", "2019-06-30": "27.58200", "2019-03-31": "28.27600", "2018-12-31": "34.27600", "2018-09-30": "36.09600", "2018-06-30": "35.68500", "2018-03-31": "27.83000", "2017-12-31": "43.57000", "2017-09-30": "51.09600", "2017-06-30": "49.25900", "2017-03-31": "41.72000", "2016-12-31": "45.35600", "2016-09-30": "53.58400", "2016-06-30": "52.26800", "2016-03-31": "43.09900", "2015-12-31": "39.52800", "2015-09-30": "43.68000", "2015-06-30": "41.37400", "2015-03-31": "36.86400", "2014-12-31": "29.07200", "2014-09-30": "35.50100", "2014-06-30": "32.50000", "2014-03-31": "30.05100", "2013-12-31": "24.66700", "2013-09-30": "30.77200", "2013-06-30": "26.18700", "2013-03-31": "19.66100", "2012-12-31": "19.11400", "2012-09-30": "21.67700", "2012-06-30": "21.34200", "2012-03-31": "17.94000", "2011-12-31": "16.20300", "2011-09-30": "19.39400", "2011-06-30": "18.21300", "2011-03-31": "7.55300", "2010-12-31": "8.81500", "2010-09-30": "9.61200", "2010-06-30": "12.01700", "2010-03-31": "11.48300", "2009-12-31": "9.88600", "2009-09-30": "11.05500", "2009-06-30": "-0.42600", "2009-03-31": "0.62700", "2008-12-31": "0.36800", "2008-09-30": "3.24200", "2008-06-30": "13.26400", "2008-03-31": "9.08900", "2007-12-31": "11.51700", "2007-09-30": "10.58700", "2007-06-30": "13.67200", "2007-03-31": "7.28200", "2006-12-31": "8.36900", "2006-09-30": "8.43600", "2006-06-30": "10.83700", "2006-03-31": "3.11300", "2005-12-31": "9.05000", "2005-09-30": "7.25100", "2005-06-30": "6.30900", "2005-03-31": "7.66700"}, "Basic Shares Outstanding": {"2020-12-31": "63.52700", "2020-09-30": "63.52400", "2020-06-30": "63.50900", "2020-03-31": "63.59200", "2019-12-31": "64.39700", "2019-09-30": "64.24700", "2019-06-30": "64.62300", "2019-03-31": "64.90900", "2018-12-31": "66.20100", "2018-09-30": "65.65800", "2018-06-30": "66.42900", "2018-03-31": "67.55300", "2017-12-31": "69.17500", "2017-09-30": "68.92800", "2017-06-30": "69.22700", "2017-03-31": "69.97300", "2016-12-31": "71.67400", "2016-09-30": "71.40300", "2016-06-30": "71.88000", "2016-03-31": "72.63000", "2015-12-31": "73.44300", "2015-09-30": "73.25900", "2015-06-30": "73.61800", "2015-03-31": "73.97900", "2014-12-31": "74.99500", "2014-09-30": "74.68700", "2014-06-30": "75.27400", "2014-03-31": "75.81700", "2013-12-31": "76.66400", "2013-09-30": "76.45200", "2013-06-30": "76.88800", "2013-03-31": "77.30800", "2012-12-31": "78.64000", "2012-09-30": "78.27200", "2012-06-30": "79.06000", "2012-03-31": "79.61600", "2011-12-31": "81.82000", "2011-09-30": "80.62400", "2011-06-30": "82.78400", "2011-03-31": "84.10800", "2010-12-31": "85.98800", "2010-09-30": "84.99200", "2010-06-30": "86.87200", "2010-03-31": "87.83200", "2009-12-31": "89.54000", "2009-09-30": "88.46400", "2009-06-30": "89.56400", "2009-03-31": "92.06800", "2008-12-31": "96.21200", "2008-09-30": "96.27600", "2008-06-30": "97.03600", "2008-03-31": "97.73200", "2007-12-31": "104.69600", "2007-09-30": "102.95600", "2007-06-30": "106.22000", "2007-03-31": "109.44400", "2006-12-31": "108.73200", "2006-09-30": "107.87600", "2006-06-30": "109.22000", "2006-03-31": "109.19200", "2005-12-31": "114.76000", "2005-09-30": "113.56800", "2005-06-30": "116.69600", "2005-03-31": "118.48000"}, "Shares Outstanding": {"2020-12-31": "64.48400", "2020-09-30": "64.42700", "2020-06-30": "64.12600", "2020-03-31": "64.34200", "2019-12-31": "65.10300", "2019-09-30": "64.99200", "2019-06-30": "65.09300", "2019-03-31": "65.20400", "2018-12-31": "66.43400", "2018-09-30": "65.90100", "2018-06-30": "66.53500", "2018-03-31": "67.73600", "2017-12-31": "69.42400", "2017-09-30": "69.13500", "2017-06-30": "69.42100", "2017-03-31": "70.24700", "2016-12-31": "72.06000", "2016-09-30": "71.74300", "2016-06-30": "72.22800", "2016-03-31": "73.02000", "2015-12-31": "74.03800", "2015-09-30": "73.76100", "2015-06-30": "74.12600", "2015-03-31": "74.60700", "2014-12-31": "75.84100", "2014-09-30": "75.46600", "2014-06-30": "76.03700", "2014-03-31": "76.79500", "2013-12-31": "77.93200", "2013-09-30": "77.55200", "2013-06-30": "78.03600", "2013-03-31": "78.74000", "2012-12-31": "81.08400", "2012-09-30": "80.52000", "2012-06-30": "81.40400", "2012-03-31": "82.54800", "2011-12-31": "85.96800", "2011-09-30": "84.50000", "2011-06-30": "87.10000", "2011-03-31": "88.31600", "2010-12-31": "89.80000", "2010-09-30": "88.20400", "2010-06-30": "91.10400", "2010-03-31": "90.14000", "2009-12-31": "90.23200", "2009-09-30": "88.70000", "2009-06-30": "89.56400", "2009-03-31": "92.23200", "2008-12-31": "97.31200", "2008-09-30": "98.27200", "2008-06-30": "99.30400", "2008-03-31": "99.55600", "2007-12-31": "109.31600", "2007-09-30": "107.51600", "2007-06-30": "111.04400", "2007-03-31": "114.11200", "2006-12-31": "111.88400", "2006-09-30": "109.84800", "2006-06-30": "109.92000", "2006-03-31": "110.58000", "2005-12-31": "117.18800", "2005-09-30": "116.22000", "2005-06-30": "119.05600", "2005-03-31": "121.10400"}, "Basic EPS": {"2020-12-31": "0.32000", "2020-09-30": "0.39000", "2020-06-30": "0.30000", "2020-03-31": "0.35000", "2019-12-31": "0.27000", "2019-09-30": "0.42000", "2019-06-30": "0.32000", "2019-03-31": "0.32000", "2018-12-31": "0.39000", "2018-09-30": "0.43000", "2018-06-30": "0.42000", "2018-03-31": "0.34000", "2017-12-31": "0.36000", "2017-09-30": "0.47000", "2017-06-30": "0.45000", "2017-03-31": "0.40000", "2016-12-31": "0.42000", "2016-09-30": "0.47000", "2016-06-30": "0.46000", "2016-03-31": "0.38000", "2015-12-31": "0.37000", "2015-09-30": "0.38000", "2015-06-30": "0.35000", "2015-03-31": "0.31000", "2014-12-31": "0.27000", "2014-09-30": "0.30000", "2014-06-30": "0.27000", "2014-03-31": "0.25000", "2013-12-31": "0.22000", "2013-09-30": "0.26000", "2013-06-30": "0.23000", "2013-03-31": "0.17000", "2012-12-31": "0.16000", "2012-09-30": "0.17750", "2012-06-30": "0.18000", "2012-03-31": "0.14250", "2011-12-31": "0.13000", "2011-09-30": "0.18500", "2011-06-30": "0.15000", "2011-03-31": "0.08500", "2010-12-31": "0.07750", "2010-09-30": "0.07250", "2010-06-30": "0.09500", "2010-03-31": "0.08250", "2009-12-31": "0.06250", "2009-09-30": "0.12500", "2009-06-30": "-0.00500", "2009-03-31": "0.00250", "2008-12-31": "0.02500", "2008-09-30": "0.04500", "2008-06-30": "0.09250", "2008-03-31": "0.07500", "2007-12-31": "0.08000", "2007-09-30": "0.07750", "2007-06-30": "0.08500", "2007-03-31": "0.05000", "2006-12-31": "0.04500", "2006-09-30": "0.04750", "2006-06-30": "0.06500", "2006-03-31": "0.02000", "2005-12-31": "0.05250", "2005-09-30": "0.04250", "2005-06-30": "0.02500", "2005-03-31": "0.04250"}, "EPS - Earnings Per Share": {"2020-12-31": "0.32000", "2020-09-30": "0.39000", "2020-06-30": "0.30000", "2020-03-31": "0.35000", "2019-12-31": "0.26000", "2019-09-30": "0.42000", "2019-06-30": "0.32000", "2019-03-31": "0.32000", "2018-12-31": "0.40000", "2018-09-30": "0.43000", "2018-06-30": "0.42000", "2018-03-31": "0.33000", "2017-12-31": "0.36000", "2017-09-30": "0.47000", "2017-06-30": "0.45000", "2017-03-31": "0.40000", "2016-12-31": "0.41000", "2016-09-30": "0.47000", "2016-06-30": "0.46000", "2016-03-31": "0.38000", "2015-12-31": "0.36000", "2015-09-30": "0.38000", "2015-06-30": "0.35000", "2015-03-31": "0.31000", "2014-12-31": "0.27000", "2014-09-30": "0.30000", "2014-06-30": "0.27000", "2014-03-31": "0.24000", "2013-12-31": "0.22000", "2013-09-30": "0.25000", "2013-06-30": "0.22000", "2013-03-31": "0.17000", "2012-12-31": "0.15500", "2012-09-30": "0.17250", "2012-06-30": "0.17500", "2012-03-31": "0.13750", "2011-12-31": "0.12250", "2011-09-30": "0.17500", "2011-06-30": "0.14250", "2011-03-31": "0.08000", "2010-12-31": "0.07250", "2010-09-30": "0.07000", "2010-06-30": "0.09000", "2010-03-31": "0.08000", "2009-12-31": "0.06000", "2009-09-30": "0.12500", "2009-06-30": "-0.00500", "2009-03-31": "0.00250", "2008-12-31": "0.02250", "2008-09-30": "0.04500", "2008-06-30": "0.09250", "2008-03-31": "0.07500", "2007-12-31": "0.08250", "2007-09-30": "0.07250", "2007-06-30": "0.08000", "2007-03-31": "0.04750", "2006-12-31": "0.04250", "2006-09-30": "0.04750", "2006-06-30": "0.06250", "2006-03-31": "0.02000", "2005-12-31": "0.05250", "2005-09-30": "0.04250", "2005-06-30": "0.02500", "2005-03-31": "0.04000"}}, "balance sheet": {"Cash On Hand": {"2020-12-31": "204.70500", "2019-12-31": "110.67800", "2018-12-31": "100.56600", "2017-12-31": "125.52200", "2016-12-31": "95.61500", "2015-12-31": "128.76000", "2014-12-31": "124.43800", "2013-12-31": "132.95600", "2012-12-31": "103.04700", "2011-12-31": "98.25900", "2010-12-31": "125.15800", "2009-12-31": "120.21700", "2008-12-31": "85.73900", "2007-12-31": "62.57900", "2006-12-31": "109.01900", "2005-12-31": "55.51000"}, "Receivables": {"2020-12-31": "109.20200", "2019-12-31": "102.26900", "2018-12-31": "100.87500", "2017-12-31": "92.23100", "2016-12-31": "100.28500", "2015-12-31": "97.37900", "2014-12-31": "86.82800", "2013-12-31": "71.13600", "2012-12-31": "62.10200", "2011-12-31": "61.12300", "2010-12-31": "49.86500", "2009-12-31": "37.94500", "2008-12-31": "63.89600", "2007-12-31": "72.53400", "2006-12-31": "60.93700", "2005-12-31": "58.62300"}, "Inventory": {"2020-12-31": "", "2019-12-31": "", "2018-12-31": "", "2017-12-31": "", "2016-12-31": "", "2015-12-31": "", "2014-12-31": "", "2013-12-31": "", "2012-12-31": "", "2011-12-31": "", "2010-12-31": "", "2009-12-31": "", "2008-12-31": "", "2007-12-31": "", "2006-12-31": "", "2005-12-31": ""}, "Pre-Paid Expenses": {"2020-12-31": "20.13400", "2019-12-31": "14.15900", "2018-12-31": "11.17100", "2017-12-31": "9.15100", "2016-12-31": "10.18100", "2015-12-31": "9.22400", "2014-12-31": "7.28200", "2013-12-31": "6.34500", "2012-12-31": "7.38600", "2011-12-31": "6.05900", "2010-12-31": "5.52000", "2009-12-31": "4.24000", "2008-12-31": "5.41000", "2007-12-31": "6.77700", "2006-12-31": "8.66700", "2005-12-31": "7.49700"}, "Other Current Assets": {"2020-12-31": "", "2019-12-31": "4.93500", "2018-12-31": "2.77000", "2017-12-31": "1.16900", "2016-12-31": "0.93700", "2015-12-31": "1.54800", "2014-12-31": "1.41300", "2013-12-31": "1.00100", "2012-12-31": "1.18500", "2011-12-31": "1.47400", "2010-12-31": "1.22300", "2009-12-31": "0.60700", "2008-12-31": "1.56900", "2007-12-31": "1.86900", "2006-12-31": "3.27200", "2005-12-31": "4.22000"}, "Total Current Assets": {"2020-12-31": "334.04100", "2019-12-31": "232.04100", "2018-12-31": "215.38200", "2017-12-31": "228.07300", "2016-12-31": "207.01800", "2015-12-31": "236.91100", "2014-12-31": "229.86100", "2013-12-31": "218.73800", "2012-12-31": "181.50700", "2011-12-31": "174.51400", "2010-12-31": "188.98000", "2009-12-31": "168.75400", "2008-12-31": "163.28100", "2007-12-31": "150.36100", "2006-12-31": "187.10300", "2005-12-31": "132.22700"}, "Property, Plant, And Equipment": {"2020-12-31": "17.90300", "2019-12-31": "22.72500", "2018-12-31": "14.31800", "2017-12-31": "15.49300", "2016-12-31": "17.42400", "2015-12-31": "21.17600", "2014-12-31": "17.26500", "2013-12-31": "14.34200", "2012-12-31": "15.65000", "2011-12-31": "13.32100", "2010-12-31": "14.83300", "2009-12-31": "15.75900", "2008-12-31": "21.72100", "2007-12-31": "24.42100", "2006-12-31": "15.85000", "2005-12-31": "14.24000"}, "Long-Term Investments": {"2020-12-31": "", "2019-12-31": "", "2018-12-31": "", "2017-12-31": "", "2016-12-31": "", "2015-12-31": "", "2014-12-31": "", "2013-12-31": "", "2012-12-31": "", "2011-12-31": "0.85500", "2010-12-31": "1.71100", "2009-12-31": "2.79700", "2008-12-31": "2.96700", "2007-12-31": "10.19300", "2006-12-31": "22.03800", "2005-12-31": "38.16500"}, "Goodwill And Intangible Assets": {"2020-12-31": "62.25200", "2019-12-31": "62.23700", "2018-12-31": "62.24000", "2017-12-31": "62.24800", "2016-12-31": "62.22800", "2015-12-31": "62.23300", "2014-12-31": "62.25000", "2013-12-31": "62.27200", "2012-12-31": "62.26500", "2011-12-31": "62.26100", "2010-12-31": "63.45100", "2009-12-31": "65.75300", "2008-12-31": "68.71400", "2007-12-31": "71.97600", "2006-12-31": "84.70500", "2005-12-31": "73.82000"}, "Other Long-Term Assets": {"2020-12-31": "13.98600", "2019-12-31": "12.56600", "2018-12-31": "9.76800", "2017-12-31": "7.30400", "2016-12-31": "7.60300", "2015-12-31": "7.27500", "2014-12-31": "8.52400", "2013-12-31": "2.04900", "2012-12-31": "1.65900", "2011-12-31": "2.95300", "2010-12-31": "2.67300", "2009-12-31": "1.82200", "2008-12-31": "2.60600", "2007-12-31": "4.86300", "2006-12-31": "4.71600", "2005-12-31": "2.95100"}, "Total Long-Term Assets": {"2020-12-31": "131.37100", "2019-12-31": "140.23800", "2018-12-31": "91.76800", "2017-12-31": "86.92200", "2016-12-31": "90.12200", "2015-12-31": "95.33200", "2014-12-31": "88.30900", "2013-12-31": "79.09000", "2012-12-31": "80.30600", "2011-12-31": "85.08600", "2010-12-31": "91.48400", "2009-12-31": "95.95700", "2008-12-31": "106.94000", "2007-12-31": "121.29900", "2006-12-31": "127.79000", "2005-12-31": "141.17100"}, "Total Assets": {"2020-12-31": "465.41200", "2019-12-31": "372.27900", "2018-12-31": "307.15000", "2017-12-31": "314.99500", "2016-12-31": "297.14000", "2015-12-31": "332.24300", "2014-12-31": "318.17000", "2013-12-31": "297.82800", "2012-12-31": "261.81300", "2011-12-31": "259.60000", "2010-12-31": "280.46400", "2009-12-31": "264.71100", "2008-12-31": "270.22100", "2007-12-31": "271.66000", "2006-12-31": "314.89300", "2005-12-31": "273.39800"}, "Total Current Liabilities": {"2020-12-31": "196.98600", "2019-12-31": "181.59600", "2018-12-31": "145.26400", "2017-12-31": "124.25500", "2016-12-31": "117.64300", "2015-12-31": "127.18500", "2014-12-31": "122.81500", "2013-12-31": "104.18800", "2012-12-31": "91.14100", "2011-12-31": "88.12300", "2010-12-31": "86.38200", "2009-12-31": "70.95100", "2008-12-31": "77.44600", "2007-12-31": "78.48200", "2006-12-31": "76.07200", "2005-12-31": "66.98500"}, "Long Term Debt": {"2020-12-31": "", "2019-12-31": "", "2018-12-31": "", "2017-12-31": "", "2016-12-31": "", "2015-12-31": "", "2014-12-31": "", "2013-12-31": "", "2012-12-31": "", "2011-12-31": "", "2010-12-31": "", "2009-12-31": "", "2008-12-31": "", "2007-12-31": "", "2006-12-31": "", "2005-12-31": ""}, "Other Non-Current Liabilities": {"2020-12-31": "21.68600", "2019-12-31": "15.95200", "2018-12-31": "14.68600", "2017-12-31": "13.57900", "2016-12-31": "7.14600", "2015-12-31": "5.72000", "2014-12-31": "4.40700", "2013-12-31": "4.15600", "2012-12-31": "2.73700", "2011-12-31": "2.78500", "2010-12-31": "2.83800", "2009-12-31": "2.56500", "2008-12-31": "4.54900", "2007-12-31": "0.69200", "2006-12-31": "0.55800", "2005-12-31": "1.01500"}, "Total Long Term Liabilities": {"2020-12-31": "49.52900", "2019-12-31": "48.40500", "2018-12-31": "14.73900", "2017-12-31": "15.78400", "2016-12-31": "10.13100", "2015-12-31": "9.56600", "2014-12-31": "13.33200", "2013-12-31": "12.05400", "2012-12-31": "9.16300", "2011-12-31": "9.39700", "2010-12-31": "10.28200", "2009-12-31": "10.39500", "2008-12-31": "12.93600", "2007-12-31": "7.47300", "2006-12-31": "1.68100", "2005-12-31": "1.01500"}, "Total Liabilities": {"2020-12-31": "246.51500", "2019-12-31": "230.00100", "2018-12-31": "160.00300", "2017-12-31": "140.03900", "2016-12-31": "127.77400", "2015-12-31": "136.75100", "2014-12-31": "136.14700", "2013-12-31": "116.24200", "2012-12-31": "100.30400", "2011-12-31": "97.52000", "2010-12-31": "96.66400", "2009-12-31": "81.34600", "2008-12-31": "90.38200", "2007-12-31": "85.95500", "2006-12-31": "77.75300", "2005-12-31": "68.00000"}, "Common Stock Net": {"2020-12-31": "0.63500", "2019-12-31": "0.63500", "2018-12-31": "0.64900", "2017-12-31": "0.67800", "2016-12-31": "0.70200", "2015-12-31": "0.72800", "2014-12-31": "0.74100", "2013-12-31": "0.76400", "2012-12-31": "0.78500", "2011-12-31": "0.20400", "2010-12-31": "0.21700", "2009-12-31": "0.22500", "2008-12-31": "0.23400", "2007-12-31": "0.24900", "2006-12-31": "0.27600", "2005-12-31": "0.27200"}, "Retained Earnings (Accumulated Deficit)": {"2020-12-31": "236.52400", "2019-12-31": "159.49000", "2018-12-31": "163.35900", "2017-12-31": "186.11700", "2016-12-31": "184.55800", "2015-12-31": "207.07000", "2014-12-31": "191.30500", "2013-12-31": "188.60400", "2012-12-31": "165.42700", "2011-12-31": "166.98900", "2010-12-31": "184.15200", "2009-12-31": "182.38700", "2008-12-31": "182.88200", "2007-12-31": "165.18900", "2006-12-31": "136.32100", "2005-12-31": "116.99000"}, "Comprehensive Income": {"2020-12-31": "-18.26200", "2019-12-31": "-17.84700", "2018-12-31": "-16.86100", "2017-12-31": "-11.83900", "2016-12-31": "-15.89400", "2015-12-31": "-12.30600", "2014-12-31": "-10.02300", "2013-12-31": "-7.78200", "2012-12-31": "-4.70300", "2011-12-31": "-5.11300", "2010-12-31": "-1.05600", "2009-12-31": "-2.13900", "2008-12-31": "-3.27700", "2007-12-31": "2.52300", "2006-12-31": "1.83900", "2005-12-31": "0.86300"}, "Other Share Holders Equity": {"2020-12-31": "", "2019-12-31": "", "2018-12-31": "", "2017-12-31": "", "2016-12-31": "", "2015-12-31": "", "2014-12-31": "", "2013-12-31": "", "2012-12-31": "", "2011-12-31": "", "2010-12-31": "", "2009-12-31": "", "2008-12-31": "", "2007-12-31": "", "2006-12-31": "", "2005-12-31": ""}, "Share Holder Equity": {"2020-12-31": "218.89700", "2019-12-31": "142.27800", "2018-12-31": "147.14700", "2017-12-31": "174.95600", "2016-12-31": "169.36600", "2015-12-31": "195.49200", "2014-12-31": "182.02300", "2013-12-31": "181.58600", "2012-12-31": "161.50900", "2011-12-31": "162.08000", "2010-12-31": "183.80000", "2009-12-31": "183.36500", "2008-12-31": "179.83900", "2007-12-31": "185.70500", "2006-12-31": "237.14000", "2005-12-31": "205.39800"}, "Total Liabilities And Share Holders Equity": {"2020-12-31": "465.41200", "2019-12-31": "372.27900", "2018-12-31": "307.15000", "2017-12-31": "314.99500", "2016-12-31": "297.14000", "2015-12-31": "332.24300", "2014-12-31": "318.17000", "2013-12-31": "297.82800", "2012-12-31": "261.81300", "2011-12-31": "259.60000", "2010-12-31": "280.46400", "2009-12-31": "264.71100", "2008-12-31": "270.22100", "2007-12-31": "271.66000", "2006-12-31": "314.89300", "2005-12-31": "273.39800"}}, "balance sheet, quarterly": {"Cash On Hand": {"2020-12-31": "204.70500", "2020-09-30": "166.25400", "2020-06-30": "123.63800", "2020-03-31": "75.27900", "2019-12-31": "110.67800", "2019-09-30": "113.61800", "2019-06-30": "119.40100", "2019-03-31": "104.87900", "2018-12-31": "100.56600", "2018-09-30": "93.89700", "2018-06-30": "83.42600", "2018-03-31": "119.00900", "2017-12-31": "125.52200", "2017-09-30": "129.71900", "2017-06-30": "86.60200", "2017-03-31": "101.25900", "2016-12-31": "95.61500", "2016-09-30": "110.83100", "2016-06-30": "95.21100", "2016-03-31": "114.72100", "2015-12-31": "128.76000", "2015-09-30": "119.14600", "2015-06-30": "108.39900", "2015-03-31": "107.24900", "2014-12-31": "124.43800", "2014-09-30": "111.52200", "2014-06-30": "101.37900", "2014-03-31": "125.93400", "2013-12-31": "132.95600", "2013-09-30": "125.89300", "2013-06-30": "106.51000", "2013-03-31": "108.54500", "2012-12-31": "103.04700", "2012-09-30": "106.80500", "2012-06-30": "100.89000", "2012-03-31": "96.61700", "2011-12-31": "98.25900", "2011-09-30": "100.80300", "2011-06-30": "109.35600", "2011-03-31": "117.71500", "2010-12-31": "125.15800", "2010-09-30": "114.24300", "2010-06-30": "117.66300", "2010-03-31": "120.41100", "2009-12-31": "120.21700", "2009-09-30": "103.22200", "2009-06-30": "87.96800", "2009-03-31": "86.26800", "2008-12-31": "85.73900", "2008-09-30": "79.80200", "2008-06-30": "76.92800", "2008-03-31": "48.05900", "2007-12-31": "62.57900", "2007-09-30": "68.75900", "2007-06-30": "79.68900", "2007-03-31": "92.42000", "2006-12-31": "109.01900", "2006-09-30": "92.93100", "2006-06-30": "84.19600", "2006-03-31": "70.59700", "2005-12-31": "55.51000", "2005-09-30": "64.93400", "2005-06-30": "129.89800", "2005-03-31": "132.32400"}, "Receivables": {"2020-12-31": "109.20200", "2020-09-30": "105.33900", "2020-06-30": "108.09900", "2020-03-31": "112.46700", "2019-12-31": "100.93700", "2019-09-30": "108.39700", "2019-06-30": "100.29100", "2019-03-31": "107.35200", "2018-12-31": "100.87500", "2018-09-30": "92.96600", "2018-06-30": "99.11200", "2018-03-31": "85.28500", "2017-12-31": "92.23100", "2017-09-30": "97.01100", "2017-06-30": "96.29500", "2017-03-31": "84.07600", "2016-12-31": "100.28500", "2016-09-30": "98.89500", "2016-06-30": "92.99800", "2016-03-31": "84.11900", "2015-12-31": "97.37900", "2015-09-30": "92.04500", "2015-06-30": "82.93700", "2015-03-31": "83.06000", "2014-12-31": "86.82800", "2014-09-30": "87.99800", "2014-06-30": "88.38600", "2014-03-31": "66.77900", "2013-12-31": "71.13600", "2013-09-30": "68.22300", "2013-06-30": "68.46900", "2013-03-31": "59.58700", "2012-12-31": "62.10200", "2012-09-30": "73.24100", "2012-06-30": "64.43900", "2012-03-31": "62.97800", "2011-12-31": "61.12300", "2011-09-30": "56.74500", "2011-06-30": "54.60400", "2011-03-31": "47.77500", "2010-12-31": "49.86500", "2010-09-30": "48.76700", "2010-06-30": "47.78500", "2010-03-31": "42.56100", "2009-12-31": "37.94500", "2009-09-30": "41.82300", "2009-06-30": "40.24800", "2009-03-31": "46.19200", "2008-12-31": "63.89600", "2008-09-30": "71.07800", "2008-06-30": "77.09800", "2008-03-31": "79.84800", "2007-12-31": "72.53400", "2007-09-30": "73.16600", "2007-06-30": "70.79100", "2007-03-31": "62.70000", "2006-12-31": "60.93700", "2006-09-30": "52.56500", "2006-06-30": "51.95900", "2006-03-31": "50.74000", "2005-12-31": "58.62300", "2005-09-30": "54.33600", "2005-06-30": "46.51700", "2005-03-31": "49.50000"}, "Inventory": {"2020-12-31": "", "2020-09-30": "", "2020-06-30": "", "2020-03-31": "", "2019-12-31": "", "2019-09-30": "", "2019-06-30": "", "2019-03-31": "", "2018-12-31": "", "2018-09-30": "", "2018-06-30": "", "2018-03-31": "", "2017-12-31": "", "2017-09-30": "", "2017-06-30": "", "2017-03-31": "", "2016-12-31": "", "2016-09-30": "", "2016-06-30": "", "2016-03-31": "", "2015-12-31": "", "2015-09-30": "", "2015-06-30": "", "2015-03-31": "", "2014-12-31": "", "2014-09-30": "", "2014-06-30": "", "2014-03-31": "", "2013-12-31": "", "2013-09-30": "", "2013-06-30": "", "2013-03-31": "", "2012-12-31": "", "2012-09-30": "", "2012-06-30": "", "2012-03-31": "", "2011-12-31": "", "2011-09-30": "", "2011-06-30": "", "2011-03-31": "", "2010-12-31": "", "2010-09-30": "", "2010-06-30": "", "2010-03-31": "", "2009-12-31": "", "2009-09-30": "", "2009-06-30": "", "2009-03-31": "", "2008-12-31": "", "2008-09-30": "", "2008-06-30": "", "2008-03-31": "", "2007-12-31": "", "2007-09-30": "", "2007-06-30": "", "2007-03-31": "", "2006-12-31": "", "2006-09-30": "", "2006-06-30": "", "2006-03-31": "", "2005-12-31": "", "2005-09-30": "", "2005-06-30": "", "2005-03-31": ""}, "Pre-Paid Expenses": {"2020-12-31": "20.13400", "2020-09-30": "16.79500", "2020-06-30": "20.02200", "2020-03-31": "29.20900", "2019-12-31": "20.42600", "2019-09-30": "19.58000", "2019-06-30": "19.86500", "2019-03-31": "19.06500", "2018-12-31": "11.17100", "2018-09-30": "16.29200", "2018-06-30": "22.19200", "2018-03-31": "14.55700", "2017-12-31": "9.15100", "2017-09-30": "11.63800", "2017-06-30": "13.93500", "2017-03-31": "14.75900", "2016-12-31": "10.18100", "2016-09-30": "12.51300", "2016-06-30": "11.76100", "2016-03-31": "11.36500", "2015-12-31": "9.22400", "2015-09-30": "11.09200", "2015-06-30": "9.45100", "2015-03-31": "10.94700", "2014-12-31": "7.28200", "2014-09-30": "9.96400", "2014-06-30": "9.22000", "2014-03-31": "10.57100", "2013-12-31": "6.34500", "2013-09-30": "7.06100", "2013-06-30": "8.45600", "2013-03-31": "9.29100", "2012-12-31": "7.38600", "2012-09-30": "7.46500", "2012-06-30": "7.55300", "2012-03-31": "8.20200", "2011-12-31": "6.05900", "2011-09-30": "8.06200", "2011-06-30": "6.97900", "2011-03-31": "7.94900", "2010-12-31": "5.52000", "2010-09-30": "6.38500", "2010-06-30": "5.57300", "2010-03-31": "6.61100", "2009-12-31": "4.24000", "2009-09-30": "4.92000", "2009-06-30": "4.80000", "2009-03-31": "7.63500", "2008-12-31": "5.41000", "2008-09-30": "8.32500", "2008-06-30": "8.29700", "2008-03-31": "10.32800", "2007-12-31": "6.77700", "2007-09-30": "9.19900", "2007-06-30": "9.06100", "2007-03-31": "10.01400", "2006-12-31": "8.66700", "2006-09-30": "10.06100", "2006-06-30": "10.13900", "2006-03-31": "10.93400", "2005-12-31": "7.49700", "2005-09-30": "13.41200", "2005-06-30": "8.67600", "2005-03-31": "8.58000"}, "Other Current Assets": {"2020-12-31": "", "2020-09-30": "", "2020-06-30": "", "2020-03-31": "", "2019-12-31": "", "2019-09-30": "", "2019-06-30": "", "2019-03-31": "", "2018-12-31": "2.77000", "2018-09-30": "", "2018-06-30": "", "2018-03-31": "", "2017-12-31": "1.16900", "2017-09-30": "", "2017-06-30": "", "2017-03-31": "", "2016-12-31": "0.93700", "2016-09-30": "", "2016-06-30": "", "2016-03-31": "", "2015-12-31": "1.54800", "2015-09-30": "", "2015-06-30": "", "2015-03-31": "", "2014-12-31": "1.41300", "2014-09-30": "", "2014-06-30": "", "2014-03-31": "", "2013-12-31": "1.00100", "2013-09-30": "", "2013-06-30": "", "2013-03-31": "", "2012-12-31": "1.18500", "2012-09-30": "", "2012-06-30": "", "2012-03-31": "", "2011-12-31": "1.47400", "2011-09-30": "", "2011-06-30": "", "2011-03-31": "", "2010-12-31": "1.22300", "2010-09-30": "", "2010-06-30": "", "2010-03-31": "", "2009-12-31": "0.60700", "2009-09-30": "", "2009-06-30": "", "2009-03-31": "", "2008-12-31": "1.56900", "2008-09-30": "", "2008-06-30": "", "2008-03-31": "", "2007-12-31": "1.86900", "2007-09-30": "", "2007-06-30": "", "2007-03-31": "", "2006-12-31": "3.27200", "2006-09-30": "", "2006-06-30": "", "2006-03-31": "", "2005-12-31": "4.22000", "2005-09-30": "", "2005-06-30": "", "2005-03-31": ""}, "Total Current Assets": {"2020-12-31": "334.04100", "2020-09-30": "288.38800", "2020-06-30": "251.75900", "2020-03-31": "216.95500", "2019-12-31": "232.04100", "2019-09-30": "241.59500", "2019-06-30": "239.55700", "2019-03-31": "231.29600", "2018-12-31": "215.38200", "2018-09-30": "203.15500", "2018-06-30": "204.73000", "2018-03-31": "218.85100", "2017-12-31": "228.07300", "2017-09-30": "238.36800", "2017-06-30": "196.83200", "2017-03-31": "200.09400", "2016-12-31": "207.01800", "2016-09-30": "222.23900", "2016-06-30": "199.97000", "2016-03-31": "210.20500", "2015-12-31": "236.91100", "2015-09-30": "231.63500", "2015-06-30": "210.66900", "2015-03-31": "211.14200", "2014-12-31": "229.86100", "2014-09-30": "216.86600", "2014-06-30": "206.32000", "2014-03-31": "210.60500", "2013-12-31": "218.73800", "2013-09-30": "208.70200", "2013-06-30": "190.35000", "2013-03-31": "185.22100", "2012-12-31": "181.50700", "2012-09-30": "195.34600", "2012-06-30": "180.41200", "2012-03-31": "175.42900", "2011-12-31": "174.51400", "2011-09-30": "173.46500", "2011-06-30": "178.42500", "2011-03-31": "180.91500", "2010-12-31": "188.98000", "2010-09-30": "174.82100", "2010-06-30": "176.81400", "2010-03-31": "175.33800", "2009-12-31": "168.75400", "2009-09-30": "157.03500", "2009-06-30": "139.75000", "2009-03-31": "146.76000", "2008-12-31": "163.28100", "2008-09-30": "165.78200", "2008-06-30": "168.96500", "2008-03-31": "144.85700", "2007-12-31": "150.36100", "2007-09-30": "157.68200", "2007-06-30": "165.34300", "2007-03-31": "170.92100", "2006-12-31": "187.10300", "2006-09-30": "161.77900", "2006-06-30": "152.57800", "2006-03-31": "138.62100", "2005-12-31": "132.22700", "2005-09-30": "139.83200", "2005-06-30": "187.43300", "2005-03-31": "196.78100"}, "Property, Plant, And Equipment": {"2020-12-31": "17.90300", "2020-09-30": "17.93000", "2020-06-30": "19.45800", "2020-03-31": "21.18900", "2019-12-31": "22.72500", "2019-09-30": "20.95900", "2019-06-30": "14.51200", "2019-03-31": "13.32700", "2018-12-31": "14.31800", "2018-09-30": "14.50100", "2018-06-30": "15.32300", "2018-03-31": "15.75800", "2017-12-31": "15.49300", "2017-09-30": "15.27500", "2017-06-30": "16.17700", "2017-03-31": "16.52500", "2016-12-31": "17.42400", "2016-09-30": "19.99500", "2016-06-30": "20.86100", "2016-03-31": "20.99200", "2015-12-31": "21.17600", "2015-09-30": "21.35100", "2015-06-30": "19.56900", "2015-03-31": "18.60600", "2014-12-31": "17.26500", "2014-09-30": "16.37000", "2014-06-30": "15.03700", "2014-03-31": "14.10800", "2013-12-31": "14.34200", "2013-09-30": "14.24800", "2013-06-30": "14.16900", "2013-03-31": "14.74900", "2012-12-31": "15.65000", "2012-09-30": "13.68100", "2012-06-30": "13.76900", "2012-03-31": "13.91800", "2011-12-31": "13.32100", "2011-09-30": "13.50800", "2011-06-30": "13.51600", "2011-03-31": "14.64000", "2010-12-31": "14.83300", "2010-09-30": "15.03300", "2010-06-30": "14.95100", "2010-03-31": "15.19300", "2009-12-31": "15.75900", "2009-09-30": "16.89900", "2009-06-30": "18.52500", "2009-03-31": "20.02100", "2008-12-31": "21.72100", "2008-09-30": "23.60600", "2008-06-30": "25.09000", "2008-03-31": "24.77600", "2007-12-31": "24.42100", "2007-09-30": "25.19800", "2007-06-30": "25.85900", "2007-03-31": "16.55800", "2006-12-31": "15.85000", "2006-09-30": "15.62000", "2006-06-30": "15.00600", "2006-03-31": "14.43600", "2005-12-31": "14.24000", "2005-09-30": "15.27100", "2005-06-30": "14.32400", "2005-03-31": "14.14800"}, "Long-Term Investments": {"2020-12-31": "", "2020-09-30": "", "2020-06-30": "", "2020-03-31": "", "2019-12-31": "", "2019-09-30": "", "2019-06-30": "", "2019-03-31": "", "2018-12-31": "", "2018-09-30": "", "2018-06-30": "", "2018-03-31": "", "2017-12-31": "", "2017-09-30": "", "2017-06-30": "", "2017-03-31": "", "2016-12-31": "", "2016-09-30": "", "2016-06-30": "", "2016-03-31": "", "2015-12-31": "", "2015-09-30": "", "2015-06-30": "", "2015-03-31": "", "2014-12-31": "", "2014-09-30": "", "2014-06-30": "", "2014-03-31": "", "2013-12-31": "", "2013-09-30": "", "2013-06-30": "", "2013-03-31": "", "2012-12-31": "", "2012-09-30": "", "2012-06-30": "", "2012-03-31": "0.85500", "2011-12-31": "0.85500", "2011-09-30": "0.90800", "2011-06-30": "0.90900", "2011-03-31": "0.90900", "2010-12-31": "1.71100", "2010-09-30": "2.43200", "2010-06-30": "2.53200", "2010-03-31": "2.69900", "2009-12-31": "2.79700", "2009-09-30": "2.80100", "2009-06-30": "2.80100", "2009-03-31": "2.94300", "2008-12-31": "2.96700", "2008-09-30": "3.03300", "2008-06-30": "6.53200", "2008-03-31": "16.31500", "2007-12-31": "10.19300", "2007-09-30": "13.22600", "2007-06-30": "15.86200", "2007-03-31": "16.39900", "2006-12-31": "22.03800", "2006-09-30": "24.63400", "2006-06-30": "29.03500", "2006-03-31": "32.58600", "2005-12-31": "38.16500", "2005-09-30": "40.96500", "2005-06-30": "38.32200", "2005-03-31": "43.06700"}, "Goodwill And Intangible Assets": {"2020-12-31": "62.25200", "2020-09-30": "62.24400", "2020-06-30": "62.23700", "2020-03-31": "62.23400", "2019-12-31": "62.23700", "2019-09-30": "62.23300", "2019-06-30": "62.23900", "2019-03-31": "62.23700", "2018-12-31": "62.24000", "2018-09-30": "62.24300", "2018-06-30": "62.24400", "2018-03-31": "62.25200", "2017-12-31": "62.24800", "2017-09-30": "62.24500", "2017-06-30": "62.24000", "2017-03-31": "62.23000", "2016-12-31": "62.22800", "2016-09-30": "62.23700", "2016-06-30": "62.23500", "2016-03-31": "62.23900", "2015-12-31": "62.23300", "2015-09-30": "62.23700", "2015-06-30": "62.23500", "2015-03-31": "62.23200", "2014-12-31": "62.25000", "2014-09-30": "65.16400", "2014-06-30": "62.27000", "2014-03-31": "62.27200", "2013-12-31": "62.27200", "2013-09-30": "62.26900", "2013-06-30": "62.26200", "2013-03-31": "62.25900", "2012-12-31": "62.26500", "2012-09-30": "62.26000", "2012-06-30": "62.25600", "2012-03-31": "62.26600", "2011-12-31": "62.26100", "2011-09-30": "62.28500", "2011-06-30": "62.59000", "2011-03-31": "63.02400", "2010-12-31": "63.45100", "2010-09-30": "63.89500", "2010-06-30": "64.44700", "2010-03-31": "65.10300", "2009-12-31": "65.75300", "2009-09-30": "66.49700", "2009-06-30": "67.23100", "2009-03-31": "67.96100", "2008-12-31": "68.71400", "2008-09-30": "69.47800", "2008-06-30": "70.26600", "2008-03-31": "71.11000", "2007-12-31": "71.97600", "2007-09-30": "73.05300", "2007-06-30": "82.32400", "2007-03-31": "83.51700", "2006-12-31": "84.70500", "2006-09-30": "85.91600", "2006-06-30": "71.39500", "2006-03-31": "72.60300", "2005-12-31": "73.82000", "2005-09-30": "90.20400", "2005-06-30": "38.76600", "2005-03-31": "39.96700"}, "Other Long-Term Assets": {"2020-12-31": "13.98600", "2020-09-30": "12.88800", "2020-06-30": "12.61500", "2020-03-31": "12.74100", "2019-12-31": "12.56600", "2019-09-30": "11.58500", "2019-06-30": "11.00000", "2019-03-31": "9.11800", "2018-12-31": "9.76800", "2018-09-30": "9.68500", "2018-06-30": "9.59200", "2018-03-31": "9.68700", "2017-12-31": "7.30400", "2017-09-30": "7.67000", "2017-06-30": "8.02200", "2017-03-31": "7.59500", "2016-12-31": "7.60300", "2016-09-30": "6.68800", "2016-06-30": "7.11100", "2016-03-31": "6.82100", "2015-12-31": "7.27500", "2015-09-30": "7.26400", "2015-06-30": "7.55900", "2015-03-31": "8.06800", "2014-12-31": "8.52400", "2014-09-30": "5.79000", "2014-06-30": "4.55100", "2014-03-31": "3.32100", "2013-12-31": "2.04900", "2013-09-30": "1.55000", "2013-06-30": "1.38200", "2013-03-31": "1.59500", "2012-12-31": "1.65900", "2012-09-30": "1.87400", "2012-06-30": "2.25400", "2012-03-31": "2.67100", "2011-12-31": "2.95300", "2011-09-30": "2.76500", "2011-06-30": "3.11800", "2011-03-31": "2.71300", "2010-12-31": "2.67300", "2010-09-30": "2.60700", "2010-06-30": "2.16500", "2010-03-31": "2.45300", "2009-12-31": "1.82200", "2009-09-30": "2.34600", "2009-06-30": "2.51900", "2009-03-31": "2.44200", "2008-12-31": "2.60600", "2008-09-30": "2.86500", "2008-06-30": "4.04200", "2008-03-31": "4.58500", "2007-12-31": "4.86300", "2007-09-30": "5.48800", "2007-06-30": "5.44100", "2007-03-31": "5.29500", "2006-12-31": "4.71600", "2006-09-30": "4.96700", "2006-06-30": "4.90000", "2006-03-31": "2.91300", "2005-12-31": "2.95100", "2005-09-30": "2.55100", "2005-06-30": "2.96400", "2005-03-31": "2.46900"}, "Total Long-Term Assets": {"2020-12-31": "131.37100", "2020-09-30": "128.59300", "2020-06-30": "128.63000", "2020-03-31": "131.08900", "2019-12-31": "140.23800", "2019-09-30": "138.70200", "2019-06-30": "132.62600", "2019-03-31": "128.21500", "2018-12-31": "91.76800", "2018-09-30": "87.85300", "2018-06-30": "87.76500", "2018-03-31": "88.33100", "2017-12-31": "86.92200", "2017-09-30": "87.88100", "2017-06-30": "87.90300", "2017-03-31": "87.24800", "2016-12-31": "90.12200", "2016-09-30": "93.84200", "2016-06-30": "93.90600", "2016-03-31": "92.96700", "2015-12-31": "95.33200", "2015-09-30": "91.11200", "2015-06-30": "89.63300", "2015-03-31": "89.17700", "2014-12-31": "88.30900", "2014-09-30": "87.75000", "2014-06-30": "82.29800", "2014-03-31": "80.13900", "2013-12-31": "79.09000", "2013-09-30": "78.74200", "2013-06-30": "78.49100", "2013-03-31": "79.32000", "2012-12-31": "80.30600", "2012-09-30": "80.48300", "2012-06-30": "81.48600", "2012-03-31": "82.89500", "2011-12-31": "85.08600", "2011-09-30": "89.26600", "2011-06-30": "89.33700", "2011-03-31": "90.92900", "2010-12-31": "91.48400", "2010-09-30": "94.72800", "2010-06-30": "93.92600", "2010-03-31": "95.09000", "2009-12-31": "95.95700", "2009-09-30": "98.70900", "2009-06-30": "101.60200", "2009-03-31": "103.65800", "2008-12-31": "106.94000", "2008-09-30": "108.77900", "2008-06-30": "115.77500", "2008-03-31": "126.63100", "2007-12-31": "121.29900", "2007-09-30": "124.85500", "2007-06-30": "129.97800", "2007-03-31": "122.25100", "2006-12-31": "127.79000", "2006-09-30": "131.45700", "2006-06-30": "132.90200", "2006-03-31": "134.80800", "2005-12-31": "141.17100", "2005-09-30": "149.13900", "2005-06-30": "97.31600", "2005-03-31": "102.28000"}, "Total Assets": {"2020-12-31": "465.41200", "2020-09-30": "416.98100", "2020-06-30": "380.38900", "2020-03-31": "348.04400", "2019-12-31": "372.27900", "2019-09-30": "380.29700", "2019-06-30": "372.18300", "2019-03-31": "359.51100", "2018-12-31": "307.15000", "2018-09-30": "291.00800", "2018-06-30": "292.49500", "2018-03-31": "307.18200", "2017-12-31": "314.99500", "2017-09-30": "326.24900", "2017-06-30": "284.73500", "2017-03-31": "287.34200", "2016-12-31": "297.14000", "2016-09-30": "316.08100", "2016-06-30": "293.87600", "2016-03-31": "303.17200", "2015-12-31": "332.24300", "2015-09-30": "322.74700", "2015-06-30": "300.30200", "2015-03-31": "300.31900", "2014-12-31": "318.17000", "2014-09-30": "304.61600", "2014-06-30": "288.61800", "2014-03-31": "290.74400", "2013-12-31": "297.82800", "2013-09-30": "287.44400", "2013-06-30": "268.84100", "2013-03-31": "264.54100", "2012-12-31": "261.81300", "2012-09-30": "275.82900", "2012-06-30": "261.89800", "2012-03-31": "258.32400", "2011-12-31": "259.60000", "2011-09-30": "262.73100", "2011-06-30": "267.76200", "2011-03-31": "271.84400", "2010-12-31": "280.46400", "2010-09-30": "269.54900", "2010-06-30": "270.74000", "2010-03-31": "270.42800", "2009-12-31": "264.71100", "2009-09-30": "255.74400", "2009-06-30": "241.35200", "2009-03-31": "250.41800", "2008-12-31": "270.22100", "2008-09-30": "274.56100", "2008-06-30": "284.74000", "2008-03-31": "271.48800", "2007-12-31": "271.66000", "2007-09-30": "282.53700", "2007-06-30": "295.32100", "2007-03-31": "293.17200", "2006-12-31": "314.89300", "2006-09-30": "293.23600", "2006-06-30": "285.48000", "2006-03-31": "273.42900", "2005-12-31": "273.39800", "2005-09-30": "288.97100", "2005-06-30": "284.74900", "2005-03-31": "299.06100"}, "Total Current Liabilities": {"2020-12-31": "196.98600", "2020-09-30": "185.08900", "2020-06-30": "183.42100", "2020-03-31": "176.18800", "2019-12-31": "181.59600", "2019-09-30": "182.49400", "2019-06-30": "169.13200", "2019-03-31": "165.53400", "2018-12-31": "145.26400", "2018-09-30": "136.60600", "2018-06-30": "148.02700", "2018-03-31": "142.80500", "2017-12-31": "124.25500", "2017-09-30": "122.43200", "2017-06-30": "117.86500", "2017-03-31": "129.81600", "2016-12-31": "117.64300", "2016-09-30": "119.27600", "2016-06-30": "110.10500", "2016-03-31": "119.11700", "2015-12-31": "127.18500", "2015-09-30": "119.65100", "2015-06-30": "102.85600", "2015-03-31": "107.00400", "2014-12-31": "122.81500", "2014-09-30": "106.82300", "2014-06-30": "99.86500", "2014-03-31": "99.92900", "2013-12-31": "104.18800", "2013-09-30": "99.79300", "2013-06-30": "90.80900", "2013-03-31": "90.47700", "2012-12-31": "91.14100", "2012-09-30": "97.29800", "2012-06-30": "89.70600", "2012-03-31": "85.86200", "2011-12-31": "88.12300", "2011-09-30": "92.46100", "2011-06-30": "87.17100", "2011-03-31": "83.12500", "2010-12-31": "86.38200", "2010-09-30": "82.31400", "2010-06-30": "79.02500", "2010-03-31": "78.69100", "2009-12-31": "70.95100", "2009-09-30": "68.99300", "2009-06-30": "65.46900", "2009-03-31": "66.81100", "2008-12-31": "77.44600", "2008-09-30": "78.67900", "2008-06-30": "82.20900", "2008-03-31": "81.93300", "2007-12-31": "78.48200", "2007-09-30": "74.84300", "2007-06-30": "77.62800", "2007-03-31": "70.80900", "2006-12-31": "76.07200", "2006-09-30": "73.43900", "2006-06-30": "72.23500", "2006-03-31": "60.74100", "2005-12-31": "66.98500", "2005-09-30": "67.24900", "2005-06-30": "51.36000", "2005-03-31": "49.05700"}, "Long Term Debt": {"2020-12-31": "", "2020-09-30": "", "2020-06-30": "", "2020-03-31": "", "2019-12-31": "", "2019-09-30": "", "2019-06-30": "", "2019-03-31": "", "2018-12-31": "", "2018-09-30": "", "2018-06-30": "", "2018-03-31": "", "2017-12-31": "", "2017-09-30": "", "2017-06-30": "", "2017-03-31": "", "2016-12-31": "", "2016-09-30": "", "2016-06-30": "", "2016-03-31": "", "2015-12-31": "", "2015-09-30": "", "2015-06-30": "", "2015-03-31": "", "2014-12-31": "", "2014-09-30": "", "2014-06-30": "", "2014-03-31": "", "2013-12-31": "", "2013-09-30": "", "2013-06-30": "", "2013-03-31": "", "2012-12-31": "", "2012-09-30": "", "2012-06-30": "", "2012-03-31": "", "2011-12-31": "", "2011-09-30": "", "2011-06-30": "", "2011-03-31": "", "2010-12-31": "", "2010-09-30": "", "2010-06-30": "", "2010-03-31": "", "2009-12-31": "", "2009-09-30": "", "2009-06-30": "", "2009-03-31": "", "2008-12-31": "", "2008-09-30": "", "2008-06-30": "", "2008-03-31": "", "2007-12-31": "", "2007-09-30": "", "2007-06-30": "", "2007-03-31": "", "2006-12-31": "", "2006-09-30": "", "2006-06-30": "", "2006-03-31": "", "2005-12-31": "", "2005-09-30": "0.03800", "2005-06-30": "0.07500", "2005-03-31": "0.11200"}, "Other Non-Current Liabilities": {"2020-12-31": "21.68600", "2020-09-30": "16.30200", "2020-06-30": "15.75900", "2020-03-31": "15.89400", "2019-12-31": "15.98900", "2019-09-30": "12.22400", "2019-06-30": "12.56400", "2019-03-31": "12.68100", "2018-12-31": "14.68600", "2018-09-30": "14.72400", "2018-06-30": "15.22600", "2018-03-31": "16.42900", "2017-12-31": "13.57900", "2017-09-30": "9.46300", "2017-06-30": "9.18400", "2017-03-31": "9.65800", "2016-12-31": "7.14600", "2016-09-30": "9.77100", "2016-06-30": "8.78900", "2016-03-31": "9.08900", "2015-12-31": "5.72000", "2015-09-30": "12.73300", "2015-06-30": "13.55000", "2015-03-31": "14.53400", "2014-12-31": "4.40700", "2014-09-30": "13.31100", "2014-06-30": "12.43500", "2014-03-31": "13.12500", "2013-12-31": "4.15600", "2013-09-30": "10.76100", "2013-06-30": "10.62600", "2013-03-31": "11.01800", "2012-12-31": "2.73700", "2012-09-30": "8.97100", "2012-06-30": "8.86300", "2012-03-31": "9.12000", "2011-12-31": "2.78500", "2011-09-30": "8.97100", "2011-06-30": "9.88800", "2011-03-31": "10.08900", "2010-12-31": "2.83800", "2010-09-30": "10.43400", "2010-06-30": "10.42200", "2010-03-31": "10.62900", "2009-12-31": "2.56500", "2009-09-30": "10.36200", "2009-06-30": "12.93500", "2009-03-31": "13.07500", "2008-12-31": "4.54900", "2008-09-30": "8.65000", "2008-06-30": "7.84800", "2008-03-31": "7.14400", "2007-12-31": "0.69200", "2007-09-30": "7.99000", "2007-06-30": "9.07200", "2007-03-31": "2.00600", "2006-12-31": "0.55800", "2006-09-30": "2.48200", "2006-06-30": "0.98200", "2006-03-31": "", "2005-12-31": "1.01500", "2005-09-30": "", "2005-06-30": "", "2005-03-31": ""}, "Total Long Term Liabilities": {"2020-12-31": "49.52900", "2020-09-30": "43.91500", "2020-06-30": "44.19000", "2020-03-31": "45.98700", "2019-12-31": "48.40500", "2019-09-30": "46.15300", "2019-06-30": "48.36400", "2019-03-31": "48.57700", "2018-12-31": "14.73900", "2018-09-30": "14.72400", "2018-06-30": "15.22600", "2018-03-31": "16.42900", "2017-12-31": "15.78400", "2017-09-30": "9.46300", "2017-06-30": "9.18400", "2017-03-31": "9.65800", "2016-12-31": "10.13100", "2016-09-30": "9.77100", "2016-06-30": "8.78900", "2016-03-31": "9.08900", "2015-12-31": "9.56600", "2015-09-30": "12.73300", "2015-06-30": "13.55000", "2015-03-31": "14.53400", "2014-12-31": "13.33200", "2014-09-30": "13.31100", "2014-06-30": "12.43500", "2014-03-31": "13.12500", "2013-12-31": "12.05400", "2013-09-30": "10.76100", "2013-06-30": "10.62600", "2013-03-31": "11.01800", "2012-12-31": "9.16300", "2012-09-30": "8.97100", "2012-06-30": "8.86300", "2012-03-31": "9.12000", "2011-12-31": "9.39700", "2011-09-30": "8.97100", "2011-06-30": "9.88800", "2011-03-31": "10.08900", "2010-12-31": "10.28200", "2010-09-30": "10.43400", "2010-06-30": "10.42200", "2010-03-31": "10.62900", "2009-12-31": "10.39500", "2009-09-30": "10.36200", "2009-06-30": "12.93500", "2009-03-31": "13.07500", "2008-12-31": "12.93600", "2008-09-30": "8.65000", "2008-06-30": "7.84800", "2008-03-31": "7.14400", "2007-12-31": "7.47300", "2007-09-30": "7.99000", "2007-06-30": "9.07200", "2007-03-31": "2.00600", "2006-12-31": "1.68100", "2006-09-30": "2.48200", "2006-06-30": "0.98200", "2006-03-31": "0.92700", "2005-12-31": "1.01500", "2005-09-30": "4.23200", "2005-06-30": "0.83600", "2005-03-31": "0.84800"}, "Total Liabilities": {"2020-12-31": "246.51500", "2020-09-30": "229.00400", "2020-06-30": "227.61100", "2020-03-31": "222.17500", "2019-12-31": "230.00100", "2019-09-30": "228.64700", "2019-06-30": "217.49600", "2019-03-31": "214.11100", "2018-12-31": "160.00300", "2018-09-30": "151.33000", "2018-06-30": "163.25300", "2018-03-31": "159.23400", "2017-12-31": "140.03900", "2017-09-30": "131.89500", "2017-06-30": "127.04900", "2017-03-31": "139.47400", "2016-12-31": "127.77400", "2016-09-30": "129.04700", "2016-06-30": "118.89400", "2016-03-31": "128.20600", "2015-12-31": "136.75100", "2015-09-30": "132.38400", "2015-06-30": "116.40600", "2015-03-31": "121.53800", "2014-12-31": "136.14700", "2014-09-30": "120.13400", "2014-06-30": "112.30000", "2014-03-31": "113.05400", "2013-12-31": "116.24200", "2013-09-30": "110.55400", "2013-06-30": "101.43500", "2013-03-31": "101.49500", "2012-12-31": "100.30400", "2012-09-30": "106.26900", "2012-06-30": "98.56900", "2012-03-31": "94.98200", "2011-12-31": "97.52000", "2011-09-30": "101.43200", "2011-06-30": "97.05900", "2011-03-31": "93.21400", "2010-12-31": "96.66400", "2010-09-30": "92.74800", "2010-06-30": "89.44700", "2010-03-31": "89.32000", "2009-12-31": "81.34600", "2009-09-30": "79.35500", "2009-06-30": "78.40400", "2009-03-31": "79.88600", "2008-12-31": "90.38200", "2008-09-30": "87.32900", "2008-06-30": "90.05700", "2008-03-31": "89.07700", "2007-12-31": "85.95500", "2007-09-30": "82.83300", "2007-06-30": "86.70000", "2007-03-31": "72.81500", "2006-12-31": "77.75300", "2006-09-30": "75.92100", "2006-06-30": "73.21700", "2006-03-31": "61.66800", "2005-12-31": "68.00000", "2005-09-30": "71.48100", "2005-06-30": "52.19600", "2005-03-31": "49.90500"}, "Common Stock Net": {"2020-12-31": "0.63500", "2020-09-30": "0.63500", "2020-06-30": "0.63500", "2020-03-31": "0.63500", "2019-12-31": "0.63500", "2019-09-30": "0.63900", "2019-06-30": "0.64300", "2019-03-31": "0.64600", "2018-12-31": "0.64900", "2018-09-30": "0.65400", "2018-06-30": "0.65800", "2018-03-31": "0.66800", "2017-12-31": "0.67800", "2017-09-30": "0.68900", "2017-06-30": "0.68900", "2017-03-31": "0.69400", "2016-12-31": "0.70200", "2016-09-30": "0.71200", "2016-06-30": "0.71600", "2016-03-31": "0.72100", "2015-12-31": "0.72800", "2015-09-30": "0.73100", "2015-06-30": "0.73400", "2015-03-31": "0.73800", "2014-12-31": "0.74100", "2014-09-30": "0.74600", "2014-06-30": "0.75100", "2014-03-31": "0.75800", "2013-12-31": "0.76400", "2013-09-30": "0.19200", "2013-06-30": "0.19300", "2013-03-31": "0.19500", "2012-12-31": "0.78500", "2012-09-30": "0.19900", "2012-06-30": "0.20000", "2012-03-31": "0.20300", "2011-12-31": "0.20400", "2011-09-30": "0.20400", "2011-06-30": "0.21100", "2011-03-31": "0.21600", "2010-12-31": "0.21700", "2010-09-30": "0.21600", "2010-06-30": "0.22200", "2010-03-31": "0.22400", "2009-12-31": "0.22500", "2009-09-30": "0.22500", "2009-06-30": "0.22500", "2009-03-31": "0.22700", "2008-12-31": "0.23400", "2008-09-30": "0.24000", "2008-06-30": "0.24500", "2008-03-31": "0.24400", "2007-12-31": "0.24900", "2007-09-30": "0.25400", "2007-06-30": "0.26100", "2007-03-31": "0.26900", "2006-12-31": "0.27600", "2006-09-30": "0.27000", "2006-06-30": "0.27000", "2006-03-31": "0.27400", "2005-12-31": "0.27200", "2005-09-30": "0.27800", "2005-06-30": "0.28700", "2005-03-31": "0.29600"}, "Retained Earnings (Accumulated Deficit)": {"2020-12-31": "236.52400", "2020-09-30": "206.73500", "2020-06-30": "173.12500", "2020-03-31": "146.55200", "2019-12-31": "159.49000", "2019-09-30": "169.56000", "2019-06-30": "170.66800", "2019-03-31": "161.35600", "2018-12-31": "163.35900", "2018-09-30": "156.91200", "2018-06-30": "143.99400", "2018-03-31": "159.28800", "2017-12-31": "186.11700", "2017-09-30": "202.71700", "2017-06-30": "170.11900", "2017-03-31": "161.17500", "2016-12-31": "184.55800", "2016-09-30": "200.34300", "2016-06-30": "188.36200", "2016-03-31": "186.49600", "2015-12-31": "207.07000", "2015-09-30": "201.67300", "2015-06-30": "193.31200", "2015-03-31": "188.43700", "2014-12-31": "191.30500", "2014-09-30": "191.93700", "2014-06-30": "182.07100", "2014-03-31": "183.69500", "2013-12-31": "188.60400", "2013-09-30": "184.67600", "2013-06-30": "174.76800", "2013-03-31": "167.63400", "2012-12-31": "165.42700", "2012-09-30": "173.24800", "2012-06-30": "168.88400", "2012-03-31": "167.16400", "2011-12-31": "166.98900", "2011-09-30": "164.39200", "2011-06-30": "171.37100", "2011-03-31": "179.35500", "2010-12-31": "184.15200", "2010-09-30": "177.70700", "2010-06-30": "183.41200", "2010-03-31": "182.37900", "2009-12-31": "182.38700", "2009-09-30": "176.51300", "2009-06-30": "165.53000", "2009-03-31": "174.29400", "2008-12-31": "182.88200", "2008-09-30": "186.00900", "2008-06-30": "181.70000", "2008-03-31": "172.62100", "2007-12-31": "165.18900", "2007-09-30": "156.73600", "2007-06-30": "148.85100", "2007-03-31": "139.83900", "2006-12-31": "136.32100", "2006-09-30": "131.50700", "2006-06-30": "126.26300", "2006-03-31": "119.27800", "2005-12-31": "116.99000", "2005-09-30": "118.13600", "2005-06-30": "113.31700", "2005-03-31": "110.54400"}, "Comprehensive Income": {"2020-12-31": "-18.26200", "2020-09-30": "-19.39300", "2020-06-30": "-20.98200", "2020-03-31": "-21.31800", "2019-12-31": "-17.84700", "2019-09-30": "-18.54900", "2019-06-30": "-16.62400", "2019-03-31": "-16.60200", "2018-12-31": "-16.86100", "2018-09-30": "-17.88800", "2018-06-30": "-15.41000", "2018-03-31": "-12.00800", "2017-12-31": "-11.83900", "2017-09-30": "-12.74600", "2017-06-30": "-13.12200", "2017-03-31": "-14.00100", "2016-12-31": "-15.89400", "2016-09-30": "-14.02100", "2016-06-30": "-14.09600", "2016-03-31": "-12.25100", "2015-12-31": "-12.30600", "2015-09-30": "-12.04100", "2015-06-30": "-10.15000", "2015-03-31": "-10.39400", "2014-12-31": "-10.02300", "2014-09-30": "-8.20100", "2014-06-30": "-6.50400", "2014-03-31": "-6.76300", "2013-12-31": "-7.78200", "2013-09-30": "-7.97800", "2013-06-30": "-7.55500", "2013-03-31": "-4.78300", "2012-12-31": "-4.70300", "2012-09-30": "-3.88700", "2012-06-30": "-5.75500", "2012-03-31": "-4.02500", "2011-12-31": "-5.11300", "2011-09-30": "-3.29700", "2011-06-30": "-0.87900", "2011-03-31": "-0.94100", "2010-12-31": "-1.05600", "2010-09-30": "-1.12200", "2010-06-30": "-2.34100", "2010-03-31": "-1.49500", "2009-12-31": "-2.13900", "2009-09-30": "-2.66100", "2009-06-30": "-2.80700", "2009-03-31": "-3.98900", "2008-12-31": "-3.27700", "2008-09-30": "-1.53200", "2008-06-30": "0.69700", "2008-03-31": "1.51800", "2007-12-31": "2.52300", "2007-09-30": "3.02900", "2007-06-30": "3.14800", "2007-03-31": "2.05300", "2006-12-31": "1.83900", "2006-09-30": "1.18000", "2006-06-30": "0.72300", "2006-03-31": "0.74900", "2005-12-31": "0.86300", "2005-09-30": "0.55600", "2005-06-30": "0.67300", "2005-03-31": "0.62400"}, "Other Share Holders Equity": {"2020-12-31": "", "2020-09-30": "", "2020-06-30": "", "2020-03-31": "", "2019-12-31": "", "2019-09-30": "", "2019-06-30": "", "2019-03-31": "", "2018-12-31": "", "2018-09-30": "", "2018-06-30": "", "2018-03-31": "", "2017-12-31": "", "2017-09-30": "", "2017-06-30": "", "2017-03-31": "", "2016-12-31": "", "2016-09-30": "", "2016-06-30": "", "2016-03-31": "", "2015-12-31": "", "2015-09-30": "", "2015-06-30": "", "2015-03-31": "", "2014-12-31": "", "2014-09-30": "", "2014-06-30": "", "2014-03-31": "", "2013-12-31": "", "2013-09-30": "", "2013-06-30": "", "2013-03-31": "", "2012-12-31": "", "2012-09-30": "", "2012-06-30": "", "2012-03-31": "", "2011-12-31": "", "2011-09-30": "", "2011-06-30": "", "2011-03-31": "", "2010-12-31": "", "2010-09-30": "", "2010-06-30": "", "2010-03-31": "", "2009-12-31": "", "2009-09-30": "", "2009-06-30": "", "2009-03-31": "", "2008-12-31": "", "2008-09-30": "", "2008-06-30": "", "2008-03-31": "", "2007-12-31": "", "2007-09-30": "", "2007-06-30": "", "2007-03-31": "", "2006-12-31": "", "2006-09-30": "", "2006-06-30": "", "2006-03-31": "", "2005-12-31": "", "2005-09-30": "", "2005-06-30": "", "2005-03-31": ""}, "Share Holder Equity": {"2020-12-31": "218.89700", "2020-09-30": "187.97700", "2020-06-30": "152.77800", "2020-03-31": "125.86900", "2019-12-31": "142.27800", "2019-09-30": "151.65000", "2019-06-30": "154.68700", "2019-03-31": "145.40000", "2018-12-31": "147.14700", "2018-09-30": "139.67800", "2018-06-30": "129.24200", "2018-03-31": "147.94800", "2017-12-31": "174.95600", "2017-09-30": "194.35400", "2017-06-30": "157.68600", "2017-03-31": "147.86800", "2016-12-31": "169.36600", "2016-09-30": "187.03400", "2016-06-30": "174.98200", "2016-03-31": "174.96600", "2015-12-31": "195.49200", "2015-09-30": "190.36300", "2015-06-30": "183.89600", "2015-03-31": "178.78100", "2014-12-31": "182.02300", "2014-09-30": "184.48200", "2014-06-30": "176.31800", "2014-03-31": "177.69000", "2013-12-31": "181.58600", "2013-09-30": "176.89000", "2013-06-30": "167.40600", "2013-03-31": "163.04600", "2012-12-31": "161.50900", "2012-09-30": "169.56000", "2012-06-30": "163.32900", "2012-03-31": "163.34200", "2011-12-31": "162.08000", "2011-09-30": "161.29900", "2011-06-30": "170.70300", "2011-03-31": "178.63000", "2010-12-31": "183.80000", "2010-09-30": "176.80100", "2010-06-30": "181.29300", "2010-03-31": "181.10800", "2009-12-31": "183.36500", "2009-09-30": "176.38900", "2009-06-30": "162.94800", "2009-03-31": "170.53200", "2008-12-31": "179.83900", "2008-09-30": "187.23200", "2008-06-30": "194.68300", "2008-03-31": "182.41100", "2007-12-31": "185.70500", "2007-09-30": "199.70400", "2007-06-30": "208.62100", "2007-03-31": "220.35700", "2006-12-31": "237.14000", "2006-09-30": "217.31500", "2006-06-30": "212.26300", "2006-03-31": "211.76100", "2005-12-31": "205.39800", "2005-09-30": "217.49000", "2005-06-30": "232.55300", "2005-03-31": "249.15600"}, "Total Liabilities And Share Holders Equity": {"2020-12-31": "465.41200", "2020-09-30": "416.98100", "2020-06-30": "380.38900", "2020-03-31": "348.04400", "2019-12-31": "372.27900", "2019-09-30": "380.29700", "2019-06-30": "372.18300", "2019-03-31": "359.51100", "2018-12-31": "307.15000", "2018-09-30": "291.00800", "2018-06-30": "292.49500", "2018-03-31": "307.18200", "2017-12-31": "314.99500", "2017-09-30": "326.24900", "2017-06-30": "284.73500", "2017-03-31": "287.34200", "2016-12-31": "297.14000", "2016-09-30": "316.08100", "2016-06-30": "293.87600", "2016-03-31": "303.17200", "2015-12-31": "332.24300", "2015-09-30": "322.74700", "2015-06-30": "300.30200", "2015-03-31": "300.31900", "2014-12-31": "318.17000", "2014-09-30": "304.61600", "2014-06-30": "288.61800", "2014-03-31": "290.74400", "2013-12-31": "297.82800", "2013-09-30": "287.44400", "2013-06-30": "268.84100", "2013-03-31": "264.54100", "2012-12-31": "261.81300", "2012-09-30": "275.82900", "2012-06-30": "261.89800", "2012-03-31": "258.32400", "2011-12-31": "259.60000", "2011-09-30": "262.73100", "2011-06-30": "267.76200", "2011-03-31": "271.84400", "2010-12-31": "280.46400", "2010-09-30": "269.54900", "2010-06-30": "270.74000", "2010-03-31": "270.42800", "2009-12-31": "264.71100", "2009-09-30": "255.74400", "2009-06-30": "241.35200", "2009-03-31": "250.41800", "2008-12-31": "270.22100", "2008-09-30": "274.56100", "2008-06-30": "284.74000", "2008-03-31": "271.48800", "2007-12-31": "271.66000", "2007-09-30": "282.53700", "2007-06-30": "295.32100", "2007-03-31": "293.17200", "2006-12-31": "314.89300", "2006-09-30": "293.23600", "2006-06-30": "285.48000", "2006-03-31": "273.42900", "2005-12-31": "273.39800", "2005-09-30": "288.97100", "2005-06-30": "284.74900", "2005-03-31": "299.06100"}}, "cash flow statement": {"Net Income/Loss": {"2020-12-31": "87.24000", "2019-12-31": "85.76200", "2018-12-31": "104.69000", "2017-12-31": "116.48100", "2016-12-31": "124.23400", "2015-12-31": "103.47500", "2014-12-31": "82.00000", "2013-12-31": "67.29600", "2012-12-31": "51.85300", "2011-12-31": "44.90700", "2010-12-31": "28.06100", "2009-12-31": "16.56200", "2008-12-31": "22.79800", "2007-12-31": "30.75100", "2006-12-31": "19.33100", "2005-12-31": "18.63500"}, "Total Depreciation And Amortization - Cash Flow": {"2020-12-31": "8.94600", "2019-12-31": "7.98700", "2018-12-31": "8.61300", "2017-12-31": "9.06000", "2016-12-31": "9.09000", "2015-12-31": "7.76400", "2014-12-31": "6.37700", "2013-12-31": "5.82500", "2012-12-31": "5.63800", "2011-12-31": "7.28400", "2010-12-31": "9.16100", "2009-12-31": "11.41800", "2008-12-31": "12.69900", "2007-12-31": "13.61700", "2006-12-31": "13.24700", "2005-12-31": "12.07400"}, "Other Non-Cash Items": {"2020-12-31": "35.30900", "2019-12-31": "29.29800", "2018-12-31": "15.95600", "2017-12-31": "18.15100", "2016-12-31": "17.36300", "2015-12-31": "16.10200", "2014-12-31": "7.40700", "2013-12-31": "11.06900", "2012-12-31": "16.47700", "2011-12-31": "15.10500", "2010-12-31": "11.89500", "2009-12-31": "10.76400", "2008-12-31": "12.24400", "2007-12-31": "3.14700", "2006-12-31": "8.19000", "2005-12-31": "4.89400"}, "Total Non-Cash Items": {"2020-12-31": "44.25500", "2019-12-31": "37.28500", "2018-12-31": "24.56900", "2017-12-31": "27.21100", "2016-12-31": "26.45300", "2015-12-31": "23.86600", "2014-12-31": "13.78400", "2013-12-31": "16.89400", "2012-12-31": "22.11500", "2011-12-31": "22.38900", "2010-12-31": "21.05600", "2009-12-31": "22.18200", "2008-12-31": "24.94300", "2007-12-31": "16.76400", "2006-12-31": "21.43700", "2005-12-31": "16.96800"}, "Change In Accounts Receivable": {"2020-12-31": "-6.59200", "2019-12-31": "-1.06500", "2018-12-31": "-9.34100", "2017-12-31": "10.13900", "2016-12-31": "-4.35800", "2015-12-31": "-12.22300", "2014-12-31": "-16.75800", "2013-12-31": "-9.17400", "2012-12-31": "-5.44600", "2011-12-31": "-8.99400", "2010-12-31": "-9.45400", "2009-12-31": "26.65800", "2008-12-31": "7.07700", "2007-12-31": "-10.61800", "2006-12-31": "-1.61700", "2005-12-31": "-8.69200"}, "Change In Inventories": {"2020-12-31": "", "2019-12-31": "", "2018-12-31": "", "2017-12-31": "", "2016-12-31": "", "2015-12-31": "", "2014-12-31": "", "2013-12-31": "", "2012-12-31": "", "2011-12-31": "", "2010-12-31": "", "2009-12-31": "", "2008-12-31": "", "2007-12-31": "", "2006-12-31": "", "2005-12-31": ""}, "Change In Accounts Payable": {"2020-12-31": "", "2019-12-31": "", "2018-12-31": "", "2017-12-31": "", "2016-12-31": "", "2015-12-31": "", "2014-12-31": "", "2013-12-31": "", "2012-12-31": "", "2011-12-31": "", "2010-12-31": "8.27100", "2009-12-31": "", "2008-12-31": "5.99700", "2007-12-31": "-5.33900", "2006-12-31": "3.81400", "2005-12-31": "7.40300"}, "Change In Assets/Liabilities": {"2020-12-31": "17.19300", "2019-12-31": "2.93400", "2018-12-31": "3.21800", "2017-12-31": "13.71300", "2016-12-31": "-3.85100", "2015-12-31": "8.89800", "2014-12-31": "1.27900", "2013-12-31": "6.70700", "2012-12-31": "-1.92000", "2011-12-31": "3.57300", "2010-12-31": "4.97200", "2009-12-31": "6.87600", "2008-12-31": "4.35000", "2007-12-31": "5.18800", "2006-12-31": "0.78800", "2005-12-31": "-2.28800"}, "Total Change In Assets/Liabilities": {"2020-12-31": "9.39000", "2019-12-31": "23.86100", "2018-12-31": "8.09000", "2017-12-31": "20.37400", "2016-12-31": "-11.34100", "2015-12-31": "-7.18800", "2014-12-31": "-1.62200", "2013-12-31": "5.19700", "2012-12-31": "1.30300", "2011-12-31": "-11.47200", "2010-12-31": "0.85500", "2009-12-31": "19.57900", "2008-12-31": "16.10000", "2007-12-31": "-9.24100", "2006-12-31": "3.35200", "2005-12-31": "-2.21800"}, "Cash Flow From Operating Activities": {"2020-12-31": "140.88500", "2019-12-31": "146.90800", "2018-12-31": "137.34900", "2017-12-31": "164.06600", "2016-12-31": "139.34600", "2015-12-31": "120.15300", "2014-12-31": "94.16200", "2013-12-31": "89.38700", "2012-12-31": "75.27100", "2011-12-31": "55.82400", "2010-12-31": "49.97200", "2009-12-31": "58.32300", "2008-12-31": "63.84100", "2007-12-31": "38.27400", "2006-12-31": "44.12000", "2005-12-31": "33.38500"}, "Net Change In Property, Plant, And Equipment": {"2020-12-31": "-2.73000", "2019-12-31": "-15.19300", "2018-12-31": "-7.30600", "2017-12-31": "-6.19900", "2016-12-31": "-6.84300", "2015-12-31": "-11.49200", "2014-12-31": "-9.41500", "2013-12-31": "-4.74000", "2012-12-31": "-7.87300", "2011-12-31": "-5.07400", "2010-12-31": "-5.87100", "2009-12-31": "-2.37800", "2008-12-31": "-7.70800", "2007-12-31": "-9.40100", "2006-12-31": "-9.64100", "2005-12-31": "-8.48800"}, "Net Change In Intangible Assets": {"2020-12-31": "", "2019-12-31": "", "2018-12-31": "", "2017-12-31": "", "2016-12-31": "", "2015-12-31": "", "2014-12-31": "", "2013-12-31": "", "2012-12-31": "", "2011-12-31": "", "2010-12-31": "", "2009-12-31": "", "2008-12-31": "", "2007-12-31": "", "2006-12-31": "", "2005-12-31": ""}, "Net Acquisitions/Divestitures": {"2020-12-31": "", "2019-12-31": "", "2018-12-31": "", "2017-12-31": "", "2016-12-31": "", "2015-12-31": "", "2014-12-31": "-2.77300", "2013-12-31": "", "2012-12-31": "", "2011-12-31": "", "2010-12-31": "", "2009-12-31": "", "2008-12-31": "", "2007-12-31": "", "2006-12-31": "-0.12600", "2005-12-31": ""}, "Net Change In Short-term Investments": {"2020-12-31": "", "2019-12-31": "1.43900", "2018-12-31": "-2.53200", "2017-12-31": "0.42900", "2016-12-31": "10.20100", "2015-12-31": "-15.38500", "2014-12-31": "-0.47900", "2013-12-31": "-3.06500", "2012-12-31": "-0.13600", "2011-12-31": "-3.97300", "2010-12-31": "-7.42500", "2009-12-31": "", "2008-12-31": "", "2007-12-31": "", "2006-12-31": "", "2005-12-31": ""}, "Net Change In Long-Term Investments": {"2020-12-31": "", "2019-12-31": "", "2018-12-31": "", "2017-12-31": "", "2016-12-31": "", "2015-12-31": "13.33400", "2014-12-31": "", "2013-12-31": "", "2012-12-31": "1.00000", "2011-12-31": "4.43800", "2010-12-31": "4.41400", "2009-12-31": "0.08400", "2008-12-31": "21.62300", "2007-12-31": "84.51700", "2006-12-31": "-38.13300", "2005-12-31": "12.33500"}, "Net Change In Investments - Total": {"2020-12-31": "", "2019-12-31": "1.43900", "2018-12-31": "-2.53200", "2017-12-31": "0.42900", "2016-12-31": "10.20100", "2015-12-31": "-2.05100", "2014-12-31": "-0.47900", "2013-12-31": "-3.06500", "2012-12-31": "0.86400", "2011-12-31": "0.46500", "2010-12-31": "-3.01100", "2009-12-31": "0.08400", "2008-12-31": "21.62300", "2007-12-31": "84.51700", "2006-12-31": "-38.13300", "2005-12-31": "12.33500"}, "Investing Activities - Other": {"2020-12-31": "", "2019-12-31": "", "2018-12-31": "", "2017-12-31": "", "2016-12-31": "", "2015-12-31": "", "2014-12-31": "", "2013-12-31": "", "2012-12-31": "", "2011-12-31": "", "2010-12-31": "", "2009-12-31": "", "2008-12-31": "", "2007-12-31": "", "2006-12-31": "", "2005-12-31": ""}, "Cash Flow From Investing Activities": {"2020-12-31": "-2.73000", "2019-12-31": "-13.75400", "2018-12-31": "-9.83800", "2017-12-31": "-5.77000", "2016-12-31": "3.35800", "2015-12-31": "-13.54300", "2014-12-31": "-12.66700", "2013-12-31": "-7.80500", "2012-12-31": "-7.00900", "2011-12-31": "-4.60900", "2010-12-31": "-8.88200", "2009-12-31": "-2.29400", "2008-12-31": "13.91500", "2007-12-31": "75.11600", "2006-12-31": "-47.90000", "2005-12-31": "3.84700"}, "Net Long-Term Debt": {"2020-12-31": "", "2019-12-31": "", "2018-12-31": "", "2017-12-31": "", "2016-12-31": "", "2015-12-31": "", "2014-12-31": "", "2013-12-31": "", "2012-12-31": "", "2011-12-31": "", "2010-12-31": "", "2009-12-31": "", "2008-12-31": "", "2007-12-31": "", "2006-12-31": "-0.14700", "2005-12-31": "-0.10400"}, "Net Current Debt": {"2020-12-31": "", "2019-12-31": "", "2018-12-31": "", "2017-12-31": "", "2016-12-31": "", "2015-12-31": "", "2014-12-31": "", "2013-12-31": "", "2012-12-31": "", "2011-12-31": "", "2010-12-31": "", "2009-12-31": "", "2008-12-31": "", "2007-12-31": "", "2006-12-31": "", "2005-12-31": ""}, "Debt Issuance/Retirement Net - Total": {"2020-12-31": "", "2019-12-31": "", "2018-12-31": "", "2017-12-31": "", "2016-12-31": "", "2015-12-31": "", "2014-12-31": "", "2013-12-31": "", "2012-12-31": "", "2011-12-31": "", "2010-12-31": "", "2009-12-31": "", "2008-12-31": "", "2007-12-31": "", "2006-12-31": "-0.14700", "2005-12-31": "-0.10400"}, "Net Common Equity Issued/Repurchased": {"2020-12-31": "-43.56100", "2019-12-31": "-121.48700", "2018-12-31": "-149.32200", "2017-12-31": "-131.70700", "2016-12-31": "-167.91500", "2015-12-31": "-111.42100", "2014-12-31": "-97.63300", "2013-12-31": "-58.44500", "2012-12-31": "-71.07300", "2011-12-31": "-80.42300", "2010-12-31": "-41.33600", "2009-12-31": "-21.77300", "2008-12-31": "-31.93000", "2007-12-31": "-89.02100", "2006-12-31": "0.12700", "2005-12-31": "-54.33900"}, "Net Total Equity Issued/Repurchased": {"2020-12-31": "-43.56100", "2019-12-31": "-121.48700", "2018-12-31": "-149.32200", "2017-12-31": "-131.70700", "2016-12-31": "-167.91500", "2015-12-31": "-111.42100", "2014-12-31": "-97.63300", "2013-12-31": "-58.44500", "2012-12-31": "-71.07300", "2011-12-31": "-80.42300", "2010-12-31": "-41.33600", "2009-12-31": "-21.77300", "2008-12-31": "-31.93000", "2007-12-31": "-89.02100", "2006-12-31": "0.12700", "2005-12-31": "-54.33900"}, "Total Common And Preferred Stock Dividends Paid": {"2020-12-31": "", "2019-12-31": "", "2018-12-31": "", "2017-12-31": "", "2016-12-31": "", "2015-12-31": "", "2014-12-31": "", "2013-12-31": "", "2012-12-31": "", "2011-12-31": "", "2010-12-31": "", "2009-12-31": "", "2008-12-31": "", "2007-12-31": "", "2006-12-31": "", "2005-12-31": ""}, "Financial Activities - Other": {"2020-12-31": "", "2019-12-31": "", "2018-12-31": "", "2017-12-31": "", "2016-12-31": "5.21400", "2015-12-31": "9.14700", "2014-12-31": "8.56200", "2013-12-31": "6.63700", "2012-12-31": "7.53100", "2011-12-31": "2.47400", "2010-12-31": "0.47500", "2009-12-31": "0.06400", "2008-12-31": "0.10000", "2007-12-31": "0.72100", "2006-12-31": "2.51900", "2005-12-31": ""}, "Cash Flow From Financial Activities": {"2020-12-31": "-43.56100", "2019-12-31": "-121.48700", "2018-12-31": "-149.32200", "2017-12-31": "-131.70700", "2016-12-31": "-162.70100", "2015-12-31": "-102.27400", "2014-12-31": "-89.07100", "2013-12-31": "-51.80800", "2012-12-31": "-63.54200", "2011-12-31": "-77.94900", "2010-12-31": "-40.86100", "2009-12-31": "-21.70900", "2008-12-31": "-31.83000", "2007-12-31": "-88.30000", "2006-12-31": "2.49900", "2005-12-31": "-54.44300"}, "Net Cash Flow": {"2020-12-31": "94.02700", "2019-12-31": "11.55200", "2018-12-31": "-26.39600", "2017-12-31": "29.90700", "2016-12-31": "-22.80100", "2015-12-31": "2.70800", "2014-12-31": "-8.66700", "2013-12-31": "27.63800", "2012-12-31": "4.55700", "2011-12-31": "-28.56400", "2010-12-31": "0.52700", "2009-12-31": "34.47800", "2008-12-31": "41.06400", "2007-12-31": "26.22600", "2006-12-31": "-0.97000", "2005-12-31": "-18.01000"}, "Stock-Based Compensation": {"2020-12-31": "33.35500", "2019-12-31": "31.84100", "2018-12-31": "19.86400", "2017-12-31": "16.22900", "2016-12-31": "15.93400", "2015-12-31": "14.52800", "2014-12-31": "9.67100", "2013-12-31": "7.32500", "2012-12-31": "8.33800", "2011-12-31": "10.37200", "2010-12-31": "10.42000", "2009-12-31": "8.62200", "2008-12-31": "8.86400", "2007-12-31": "6.19900", "2006-12-31": "6.76200", "2005-12-31": "0.18400"}, "Common Stock Dividends Paid": {"2020-12-31": "", "2019-12-31": "", "2018-12-31": "", "2017-12-31": "", "2016-12-31": "", "2015-12-31": "", "2014-12-31": "", "2013-12-31": "", "2012-12-31": "", "2011-12-31": "", "2010-12-31": "", "2009-12-31": "", "2008-12-31": "", "2007-12-31": "", "2006-12-31": "", "2005-12-31": ""}}, "cash flow statement, quarterly": {"Net Income/Loss": {"2020-12-31": 20.54, "2020-09-30": 24.966, "2020-06-30": 19.204, "2020-03-31": "22.53000", "2019-12-31": 16.758, "2019-09-30": 27.107, "2019-06-30": 20.925, "2019-03-31": "20.97200", "2018-12-31": 25.915, "2018-09-30": 28.455, "2018-06-30": 27.668, "2018-03-31": "22.65200", "2017-12-31": 24.514, "2017-09-30": 32.599, "2017-06-30": 31.144, "2017-03-31": "28.22400", "2016-12-31": 29.917, "2016-09-30": 33.496, "2016-06-30": 33.341, "2016-03-31": "27.48000", "2015-12-31": 26.37, "2015-09-30": 27.897, "2015-06-30": 26.004, "2015-03-31": "23.20400", "2014-12-31": 20.354, "2014-09-30": 22.34, "2014-06-30": 20.594, "2014-03-31": "18.71200", "2013-12-31": 16.846, "2013-09-30": 19.688, "2013-06-30": 17.407, "2013-03-31": "13.35500", "2012-12-31": 12.47, "2012-09-30": 13.809, "2012-06-30": 14.172, "2012-03-31": "11.40200", "2011-12-31": 10.525, "2011-09-30": 14.877, "2011-06-30": 12.339, "2011-03-31": "7.16600", "2010-12-31": 6.445, "2010-09-30": 6.232, "2010-06-30": 8.189, "2010-03-31": "7.19500", "2009-12-31": 5.873, "2009-09-30": 10.983, "2009-06-30": -0.556, "2009-03-31": "0.26200", "2008-12-31": 1.978, "2008-09-30": 4.309, "2008-06-30": 9.079, "2008-03-31": "7.43200", "2007-12-31": 8.454, "2007-09-30": 7.885, "2007-06-30": 9.011, "2007-03-31": "5.40100", "2006-12-31": 4.814, "2006-09-30": 5.244, "2006-06-30": 6.985, "2006-03-31": "2.28800", "2005-12-31": 5.735, "2005-09-30": 4.966, "2005-06-30": 2.952, "2005-03-31": "4.98200"}, "Total Depreciation And Amortization - Cash Flow": {"2020-12-31": 2.15, "2020-09-30": 2.193, "2020-06-30": 2.257, "2020-03-31": "2.34600", "2019-12-31": 2.277, "2019-09-30": 1.937, "2019-06-30": 1.859, "2019-03-31": "1.91400", "2018-12-31": 1.997, "2018-09-30": 2.179, "2018-06-30": 2.235, "2018-03-31": "2.20200", "2017-12-31": 2.197, "2017-09-30": 2.275, "2017-06-30": 2.326, "2017-03-31": "2.26200", "2016-12-31": 2.284, "2016-09-30": 2.334, "2016-06-30": 2.266, "2016-03-31": "2.20600", "2015-12-31": 2.108, "2015-09-30": 1.977, "2015-06-30": 1.898, "2015-03-31": "1.78100", "2014-12-31": 1.725, "2014-09-30": 1.675, "2014-06-30": 1.489, "2014-03-31": "1.48800", "2013-12-31": 1.468, "2013-09-30": 1.414, "2013-06-30": 1.459, "2013-03-31": "1.48400", "2012-12-31": 1.497, "2012-09-30": 1.379, "2012-06-30": 1.418, "2012-03-31": "1.34400", "2011-12-31": 1.362, "2011-09-30": 1.698, "2011-06-30": 2.223, "2011-03-31": "2.00100", "2010-12-31": 2.166, "2010-09-30": 2.262, "2010-06-30": 2.318, "2010-03-31": "2.41500", "2009-12-31": 2.578, "2009-09-30": 2.665, "2009-06-30": 3.01, "2009-03-31": "3.16500", "2008-12-31": 3.168, "2008-09-30": 3.125, "2008-06-30": 3.158, "2008-03-31": "3.24800", "2007-12-31": 3.356, "2007-09-30": 3.406, "2007-06-30": 3.354, "2007-03-31": "3.50100", "2006-12-31": 3.333, "2006-09-30": 3.377, "2006-06-30": 3.262, "2006-03-31": "3.27500", "2005-12-31": 3.145, "2005-09-30": 3.053, "2005-06-30": 3.084, "2005-03-31": "2.79200"}, "Other Non-Cash Items": {"2020-12-31": 8.402, "2020-09-30": 8.348, "2020-06-30": 6.607, "2020-03-31": "11.95200", "2019-12-31": 7.989, "2019-09-30": 5.358, "2019-06-30": 6.6, "2019-03-31": "9.35100", "2018-12-31": 2.944, "2018-09-30": 4.335, "2018-06-30": 3.083, "2018-03-31": "5.59400", "2017-12-31": 6.242, "2017-09-30": 2.624, "2017-06-30": 2.158, "2017-03-31": "7.12700", "2016-12-31": 6.246, "2016-09-30": 2.378, "2016-06-30": 2.362, "2016-03-31": "6.37700", "2015-12-31": 4.233, "2015-09-30": 4.812, "2015-06-30": 2.331, "2015-03-31": "4.72600", "2014-12-31": 0.341, "2014-09-30": 1.668, "2014-06-30": 1.711, "2014-03-31": "3.68700", "2013-12-31": 3.988, "2013-09-30": 1.034, "2013-06-30": 2.489, "2013-03-31": "3.55800", "2012-12-31": 6.202, "2012-09-30": 3.088, "2012-06-30": 1.934, "2012-03-31": "5.25300", "2011-12-31": 10.69, "2011-09-30": -1.408, "2011-06-30": 3.923, "2011-03-31": "1.90000", "2010-12-31": 3.453, "2010-09-30": 2.467, "2010-06-30": 2.949, "2010-03-31": "3.02600", "2009-12-31": 4.439, "2009-09-30": 2.283, "2009-06-30": 1.556, "2009-03-31": "2.48600", "2008-12-31": 1.025, "2008-09-30": 8.099, "2008-06-30": 2.446, "2008-03-31": "0.67400", "2007-12-31": -1.185, "2007-09-30": 0.563, "2007-06-30": 2.009, "2007-03-31": "1.76000", "2006-12-31": 1.924, "2006-09-30": 2.417, "2006-06-30": 1.991, "2006-03-31": "1.85800", "2005-12-31": 3.647, "2005-09-30": -2.535, "2005-06-30": 4.069, "2005-03-31": "-0.28700"}, "Total Non-Cash Items": {"2020-12-31": 10.552, "2020-09-30": 10.541, "2020-06-30": 8.864, "2020-03-31": "14.29800", "2019-12-31": 10.266, "2019-09-30": 7.295, "2019-06-30": 8.459, "2019-03-31": "11.26500", "2018-12-31": 4.941, "2018-09-30": 6.514, "2018-06-30": 5.318, "2018-03-31": "7.79600", "2017-12-31": 8.439, "2017-09-30": 4.899, "2017-06-30": 4.484, "2017-03-31": "9.38900", "2016-12-31": 8.53, "2016-09-30": 4.712, "2016-06-30": 4.628, "2016-03-31": "8.58300", "2015-12-31": 6.341, "2015-09-30": 6.789, "2015-06-30": 4.229, "2015-03-31": "6.50700", "2014-12-31": 2.066, "2014-09-30": 3.343, "2014-06-30": 3.2, "2014-03-31": "5.17500", "2013-12-31": 5.456, "2013-09-30": 2.448, "2013-06-30": 3.948, "2013-03-31": "5.04200", "2012-12-31": 7.699, "2012-09-30": 4.467, "2012-06-30": 3.352, "2012-03-31": "6.59700", "2011-12-31": 12.052, "2011-09-30": 0.29, "2011-06-30": 6.146, "2011-03-31": "3.90100", "2010-12-31": 5.619, "2010-09-30": 4.729, "2010-06-30": 5.267, "2010-03-31": "5.44100", "2009-12-31": 7.017, "2009-09-30": 4.948, "2009-06-30": 4.566, "2009-03-31": "5.65100", "2008-12-31": 4.193, "2008-09-30": 11.224, "2008-06-30": 5.604, "2008-03-31": "3.92200", "2007-12-31": 2.171, "2007-09-30": 3.969, "2007-06-30": 5.363, "2007-03-31": "5.26100", "2006-12-31": 5.257, "2006-09-30": 5.794, "2006-06-30": 5.253, "2006-03-31": "5.13300", "2005-12-31": 6.792, "2005-09-30": 0.518, "2005-06-30": 7.153, "2005-03-31": "2.50500"}, "Change In Accounts Receivable": {"2020-12-31": -2.793, "2020-09-30": 3.67, "2020-06-30": 4.748, "2020-03-31": "-12.21700", "2019-12-31": 8.113, "2019-09-30": -8.866, "2019-06-30": 7.166, "2019-03-31": "-7.47800", "2018-12-31": -7.346, "2018-09-30": 5.918, "2018-06-30": -15.415, "2018-03-31": "7.50200", "2017-12-31": 5.044, "2017-09-30": -0.148, "2017-06-30": -11.31, "2017-03-31": "16.55300", "2016-12-31": -2.508, "2016-09-30": -5.963, "2016-06-30": -9.441, "2016-03-31": "13.55400", "2015-12-31": -5.614, "2015-09-30": -9.611, "2015-06-30": 0.562, "2015-03-31": "2.44000", "2014-12-31": 0.389, "2014-09-30": -1.827, "2014-06-30": -19.816, "2014-03-31": "4.49600", "2013-12-31": -2.861, "2013-09-30": 0.658, "2013-06-30": -9.226, "2013-03-31": "2.25500", "2012-12-31": 11.326, "2012-09-30": -8.566, "2012-06-30": -7.579, "2012-03-31": "-0.62700", "2011-12-31": 0.376, "2011-09-30": -4.172, "2011-06-30": -7.637, "2011-03-31": "2.43900", "2010-12-31": 1.17, "2010-09-30": -1.325, "2010-06-30": -4.432, "2010-03-31": "-4.86700", "2009-12-31": 3.869, "2009-09-30": -2.293, "2009-06-30": 7.701, "2009-03-31": "17.38100", "2008-12-31": 5.946, "2008-09-30": 4.971, "2008-06-30": 2.825, "2008-03-31": "-6.66500", "2007-12-31": 0.723, "2007-09-30": -1.902, "2007-06-30": -7.808, "2007-03-31": "-1.63100", "2006-12-31": -7.127, "2006-09-30": -1.484, "2006-06-30": -0.726, "2006-03-31": "7.72000", "2005-12-31": -3.985, "2005-09-30": -3.318, "2005-06-30": 2.589, "2005-03-31": "-3.97800"}, "Change In Inventories": {"2020-12-31": 0, "2020-09-30": 0, "2020-06-30": 0, "2020-03-31": "", "2019-12-31": 0, "2019-09-30": 0, "2019-06-30": 0, "2019-03-31": "", "2018-12-31": 0, "2018-09-30": 0, "2018-06-30": 0, "2018-03-31": "", "2017-12-31": 0, "2017-09-30": 0, "2017-06-30": 0, "2017-03-31": "", "2016-12-31": 0, "2016-09-30": 0, "2016-06-30": 0, "2016-03-31": "", "2015-12-31": 0, "2015-09-30": 0, "2015-06-30": 0, "2015-03-31": "", "2014-12-31": 0, "2014-09-30": 0, "2014-06-30": 0, "2014-03-31": "", "2013-12-31": 0, "2013-09-30": 0, "2013-06-30": 0, "2013-03-31": "", "2012-12-31": 0, "2012-09-30": 0, "2012-06-30": 0, "2012-03-31": "", "2011-12-31": 0, "2011-09-30": 0, "2011-06-30": 0, "2011-03-31": "", "2010-12-31": 0, "2010-09-30": 0, "2010-06-30": 0, "2010-03-31": "", "2009-12-31": 0, "2009-09-30": 0, "2009-06-30": 0, "2009-03-31": "", "2008-12-31": 0, "2008-09-30": 0, "2008-06-30": 0, "2008-03-31": "", "2007-12-31": 0, "2007-09-30": 0, "2007-06-30": 0, "2007-03-31": "", "2006-12-31": 0, "2006-09-30": 0, "2006-06-30": 0, "2006-03-31": "", "2005-12-31": 0, "2005-09-30": 0, "2005-06-30": 0, "2005-03-31": ""}, "Change In Accounts Payable": {"2020-12-31": 0, "2020-09-30": 0, "2020-06-30": 0, "2020-03-31": "", "2019-12-31": 0, "2019-09-30": 0, "2019-06-30": 0, "2019-03-31": "", "2018-12-31": 0, "2018-09-30": 0, "2018-06-30": 0, "2018-03-31": "", "2017-12-31": 0, "2017-09-30": 0, "2017-06-30": 0, "2017-03-31": "", "2016-12-31": 0, "2016-09-30": 0, "2016-06-30": 0, "2016-03-31": "", "2015-12-31": 0, "2015-09-30": 0, "2015-06-30": 0, "2015-03-31": "", "2014-12-31": 0, "2014-09-30": 0, "2014-06-30": 0, "2014-03-31": "", "2013-12-31": 0, "2013-09-30": 0, "2013-06-30": 0, "2013-03-31": "", "2012-12-31": 0, "2012-09-30": 0, "2012-06-30": 0, "2012-03-31": "", "2011-12-31": 0, "2011-09-30": 0, "2011-06-30": 0, "2011-03-31": "", "2010-12-31": 8.271, "2010-09-30": 0, "2010-06-30": 0, "2010-03-31": "", "2009-12-31": 0, "2009-09-30": 0, "2009-06-30": 0, "2009-03-31": "", "2008-12-31": 5.997, "2008-09-30": 0, "2008-06-30": 0, "2008-03-31": "", "2007-12-31": -5.339, "2007-09-30": 0, "2007-06-30": 0, "2007-03-31": "", "2006-12-31": 3.814, "2006-09-30": 0, "2006-06-30": 0, "2006-03-31": "", "2005-12-31": 7.403, "2005-09-30": 0, "2005-06-30": 0, "2005-03-31": ""}, "Change In Assets/Liabilities": {"2020-12-31": -3.97, "2020-09-30": -3.017, "2020-06-30": 17.024, "2020-03-31": "7.15600", "2019-12-31": -5.72, "2019-09-30": -1.351, "2019-06-30": 0.599, "2019-03-31": "9.40600", "2018-12-31": -0.121, "2018-09-30": -7.688, "2018-06-30": 5.397, "2018-03-31": "5.63000", "2017-12-31": 8.484, "2017-09-30": -0.335, "2017-06-30": 2.563, "2017-03-31": "3.00100", "2016-12-31": -2.929, "2016-09-30": 4.779, "2016-06-30": -6.652, "2016-03-31": "0.95100", "2015-12-31": 3.839, "2015-09-30": 6.593, "2015-06-30": 0.834, "2015-03-31": "-2.36800", "2014-12-31": 2.901, "2014-09-30": -3.227, "2014-06-30": 0.559, "2014-03-31": "1.04600", "2013-12-31": -1.8, "2013-09-30": 1.138, "2013-06-30": -2.451, "2013-03-31": "9.82000", "2012-12-31": -5.629, "2012-09-30": 0.183, "2012-06-30": 1.49, "2012-03-31": "2.03600", "2011-12-31": 0.852, "2011-09-30": -1.542, "2011-06-30": -1.331, "2011-03-31": "5.59400", "2010-12-31": 3.911, "2010-09-30": 0.44, "2010-06-30": -0.576, "2010-03-31": "1.19700", "2009-12-31": 3.556, "2009-09-30": 1.964, "2009-06-30": -1.541, "2009-03-31": "2.89700", "2008-12-31": 2.025, "2008-09-30": -0.997, "2008-06-30": 0.784, "2008-03-31": "2.53800", "2007-12-31": -0.301, "2007-09-30": 0.18, "2007-06-30": 0.083, "2007-03-31": "5.22600", "2006-12-31": -2.889, "2006-09-30": -0.223, "2006-06-30": -1.277, "2006-03-31": "5.17700", "2005-12-31": -2.625, "2005-09-30": 0.355, "2005-06-30": -0.791, "2005-03-31": "0.77300"}, "Total Change In Assets/Liabilities": {"2020-12-31": 6.925, "2020-09-30": 6.973, "2020-06-30": 20.732, "2020-03-31": "-25.24000", "2019-12-31": 7.538, "2019-09-30": 5.537, "2019-06-30": 7.836, "2019-03-31": "2.95000", "2018-12-31": 3.175, "2018-09-30": 0.255, "2018-06-30": -16.193, "2018-03-31": "20.85300", "2017-12-31": 14.474, "2017-09-30": 6.546, "2017-06-30": -24.309, "2017-03-31": "23.66300", "2016-12-31": -0.599, "2016-09-30": 3.783, "2016-06-30": -18.888, "2016-03-31": "4.36300", "2015-12-31": 3.408, "2015-09-30": 6.66, "2015-06-30": -2.72, "2015-03-31": "-14.53600", "2014-12-31": 18.025, "2014-09-30": 7.002, "2014-06-30": -21.906, "2014-03-31": "-4.74300", "2013-12-31": 0.699, "2013-09-30": 10.554, "2013-06-30": -7.759, "2013-03-31": "1.70300", "2012-12-31": 3.695, "2012-09-30": -0.819, "2012-06-30": 3.367, "2012-03-31": "-4.94000", "2011-12-31": -7.748, "2011-09-30": 1.703, "2011-06-30": -2.464, "2011-03-31": "-2.96300", "2010-12-31": 2.547, "2010-09-30": 0.538, "2010-06-30": -3.453, "2010-03-31": "1.22300", "2009-12-31": 6.51, "2009-09-30": -0.553, "2009-06-30": 6.83, "2009-03-31": "6.79200", "2008-12-31": 12.147, "2008-09-30": 2.873, "2008-06-30": 6.321, "2008-03-31": "-5.24100", "2007-12-31": 5.088, "2007-09-30": -5.501, "2007-06-30": -1.075, "2007-03-31": "-7.75300", "2006-12-31": -7.297, "2006-09-30": -1.135, "2006-06-30": 9.349, "2006-03-31": "2.43500", "2005-12-31": -8.05, "2005-09-30": 3.038, "2005-06-30": 4.593, "2005-03-31": "-1.79900"}, "Cash Flow From Operating Activities": {"2020-12-31": 38.017, "2020-09-30": 42.48, "2020-06-30": 48.8, "2020-03-31": "11.58800", "2019-12-31": 34.562, "2019-09-30": 39.939, "2019-06-30": 37.22, "2019-03-31": "35.18700", "2018-12-31": 34.031, "2018-09-30": 35.224, "2018-06-30": 16.793, "2018-03-31": "51.30100", "2017-12-31": 47.427, "2017-09-30": 44.044, "2017-06-30": 11.319, "2017-03-31": "61.27600", "2016-12-31": 37.848, "2016-09-30": 41.991, "2016-06-30": 19.081, "2016-03-31": "40.42600", "2015-12-31": 36.119, "2015-09-30": 41.346, "2015-06-30": 27.513, "2015-03-31": "15.17500", "2014-12-31": 40.445, "2014-09-30": 32.685, "2014-06-30": 1.888, "2014-03-31": "19.14400", "2013-12-31": 23.001, "2013-09-30": 32.69, "2013-06-30": 13.596, "2013-03-31": "20.10000", "2012-12-31": 23.864, "2012-09-30": 17.457, "2012-06-30": 20.891, "2012-03-31": "13.05900", "2011-12-31": 14.829, "2011-09-30": 16.87, "2011-06-30": 16.021, "2011-03-31": "8.10400", "2010-12-31": 14.611, "2010-09-30": 11.499, "2010-06-30": 10.003, "2010-03-31": "13.85900", "2009-12-31": 19.4, "2009-09-30": 15.378, "2009-06-30": 10.84, "2009-03-31": "12.70500", "2008-12-31": 18.318, "2008-09-30": 18.406, "2008-06-30": 21.004, "2008-03-31": "6.11300", "2007-12-31": 15.713, "2007-09-30": 6.353, "2007-06-30": 13.299, "2007-03-31": "2.90900", "2006-12-31": 2.774, "2006-09-30": 9.903, "2006-06-30": 21.587, "2006-03-31": "9.85600", "2005-12-31": 4.477, "2005-09-30": 8.522, "2005-06-30": 14.698, "2005-03-31": "5.68800"}, "Net Change In Property, Plant, And Equipment": {"2020-12-31": -0.802, "2020-09-30": -0.176, "2020-06-30": -0.507, "2020-03-31": "-1.24500", "2019-12-31": -3.835, "2019-09-30": -8.053, "2019-06-30": -2.689, "2019-03-31": "-0.61600", "2018-12-31": -1.77, "2018-09-30": -1.481, "2018-06-30": -1.881, "2018-03-31": "-2.17400", "2017-12-31": -2.302, "2017-09-30": -1.194, "2017-06-30": -1.914, "2017-03-31": "-0.78900", "2016-12-31": -1.378, "2016-09-30": -1.358, "2016-06-30": -2.201, "2016-03-31": "-1.90600", "2015-12-31": -1.873, "2015-09-30": -3.85, "2015-06-30": -2.671, "2015-03-31": "-3.09800", "2014-12-31": -2.739, "2014-09-30": -3.096, "2014-06-30": -2.424, "2014-03-31": "-1.15600", "2013-12-31": -1.539, "2013-09-30": -1.568, "2013-06-30": -1.035, "2013-03-31": "-0.59800", "2012-12-31": -3.537, "2012-09-30": -1.086, "2012-06-30": -1.454, "2012-03-31": "-1.79600", "2011-12-31": -1.402, "2011-09-30": -1.676, "2011-06-30": -0.658, "2011-03-31": "-1.33800", "2010-12-31": -1.54, "2010-09-30": -1.625, "2010-06-30": -1.529, "2010-03-31": "-1.17700", "2009-12-31": -0.652, "2009-09-30": -0.366, "2009-06-30": -0.487, "2009-03-31": "-0.87300", "2008-12-31": -0.89, "2008-09-30": -1.258, "2008-06-30": -2.844, "2008-03-31": "-2.71600", "2007-12-31": -1.467, "2007-09-30": -1.467, "2007-06-30": -3.511, "2007-03-31": "-2.95600", "2006-12-31": -2.112, "2006-09-30": -2.731, "2006-06-30": -2.603, "2006-03-31": "-2.19500", "2005-12-31": -1.142, "2005-09-30": -2.698, "2005-06-30": -2.141, "2005-03-31": "-2.50700"}, "Net Change In Intangible Assets": {"2020-12-31": 0, "2020-09-30": 0, "2020-06-30": 0, "2020-03-31": "", "2019-12-31": 0, "2019-09-30": 0, "2019-06-30": 0, "2019-03-31": "", "2018-12-31": 0, "2018-09-30": 0, "2018-06-30": 0, "2018-03-31": "", "2017-12-31": 0, "2017-09-30": 0, "2017-06-30": 0, "2017-03-31": "", "2016-12-31": 0, "2016-09-30": 0, "2016-06-30": 0, "2016-03-31": "", "2015-12-31": 0, "2015-09-30": 0, "2015-06-30": 0, "2015-03-31": "", "2014-12-31": 0, "2014-09-30": 0, "2014-06-30": 0, "2014-03-31": "", "2013-12-31": 0, "2013-09-30": 0, "2013-06-30": 0, "2013-03-31": "", "2012-12-31": 0, "2012-09-30": 0, "2012-06-30": 0, "2012-03-31": "", "2011-12-31": 0, "2011-09-30": 0, "2011-06-30": 0, "2011-03-31": "", "2010-12-31": 0, "2010-09-30": 0, "2010-06-30": 0, "2010-03-31": "", "2009-12-31": 0, "2009-09-30": 0, "2009-06-30": 0, "2009-03-31": "", "2008-12-31": 0, "2008-09-30": 0, "2008-06-30": 0, "2008-03-31": "", "2007-12-31": 0, "2007-09-30": 0, "2007-06-30": 0, "2007-03-31": "", "2006-12-31": 0, "2006-09-30": 0, "2006-06-30": 0, "2006-03-31": "", "2005-12-31": 0, "2005-09-30": 0, "2005-06-30": 0, "2005-03-31": ""}, "Net Acquisitions/Divestitures": {"2020-12-31": 0, "2020-09-30": 0, "2020-06-30": 0, "2020-03-31": "", "2019-12-31": 0, "2019-09-30": 0, "2019-06-30": 0, "2019-03-31": "", "2018-12-31": 0, "2018-09-30": 0, "2018-06-30": 0, "2018-03-31": "", "2017-12-31": 0, "2017-09-30": 0, "2017-06-30": 0, "2017-03-31": "", "2016-12-31": 0, "2016-09-30": 0, "2016-06-30": 0, "2016-03-31": "", "2015-12-31": 0, "2015-09-30": 0, "2015-06-30": 0, "2015-03-31": "", "2014-12-31": 0, "2014-09-30": -2.773, "2014-06-30": 0, "2014-03-31": "", "2013-12-31": 0, "2013-09-30": 0, "2013-06-30": 0, "2013-03-31": "", "2012-12-31": 0, "2012-09-30": 0, "2012-06-30": 0, "2012-03-31": "", "2011-12-31": 0, "2011-09-30": 0, "2011-06-30": 0, "2011-03-31": "", "2010-12-31": 0, "2010-09-30": 0, "2010-06-30": 0, "2010-03-31": "", "2009-12-31": 0, "2009-09-30": 0, "2009-06-30": 0, "2009-03-31": "", "2008-12-31": 0, "2008-09-30": 0, "2008-06-30": 0, "2008-03-31": "", "2007-12-31": 0, "2007-09-30": 0, "2007-06-30": 0, "2007-03-31": "", "2006-12-31": 0, "2006-09-30": -0.126, "2006-06-30": 0, "2006-03-31": "", "2005-12-31": 48.743, "2005-09-30": -48.577, "2005-06-30": -0.034, "2005-03-31": "-0.13200"}, "Net Change In Short-term Investments": {"2020-12-31": 0, "2020-09-30": 0, "2020-06-30": 0, "2020-03-31": "", "2019-12-31": 1.439, "2019-09-30": 0, "2019-06-30": 0, "2019-03-31": "", "2018-12-31": -2.532, "2018-09-30": 0, "2018-06-30": 0, "2018-03-31": "", "2017-12-31": 0.429, "2017-09-30": 0, "2017-06-30": 0, "2017-03-31": "", "2016-12-31": 10.201, "2016-09-30": 0, "2016-06-30": 0, "2016-03-31": "", "2015-12-31": -15.385, "2015-09-30": 0, "2015-06-30": 0, "2015-03-31": "", "2014-12-31": -0.479, "2014-09-30": 0, "2014-06-30": 0, "2014-03-31": "", "2013-12-31": -3.065, "2013-09-30": 0, "2013-06-30": 0, "2013-03-31": "", "2012-12-31": 0.1, "2012-09-30": -0.236, "2012-06-30": 0, "2012-03-31": "", "2011-12-31": -3.973, "2011-09-30": 0, "2011-06-30": 0, "2011-03-31": "", "2010-12-31": -7.425, "2010-09-30": 0, "2010-06-30": 0, "2010-03-31": "", "2009-12-31": 0, "2009-09-30": 0, "2009-06-30": -0.024, "2009-03-31": "0.02400", "2008-12-31": 0, "2008-09-30": 0, "2008-06-30": 0, "2008-03-31": "", "2007-12-31": 0, "2007-09-30": 0, "2007-06-30": 0, "2007-03-31": "", "2006-12-31": 29.631, "2006-09-30": -29.631, "2006-06-30": 0, "2006-03-31": "", "2005-12-31": 0, "2005-09-30": 0, "2005-06-30": 0, "2005-03-31": ""}, "Net Change In Long-Term Investments": {"2020-12-31": 0, "2020-09-30": 0, "2020-06-30": 0, "2020-03-31": "", "2019-12-31": -1.439, "2019-09-30": 0, "2019-06-30": 0, "2019-03-31": "1.43900", "2018-12-31": 5.196, "2018-09-30": 0, "2018-06-30": 7.402, "2018-03-31": "-12.59800", "2017-12-31": 4.487, "2017-09-30": 4.97, "2017-06-30": 2.173, "2017-03-31": "-11.63000", "2016-12-31": -10.201, "2016-09-30": 2.088, "2016-06-30": 6.695, "2016-03-31": "1.41800", "2015-12-31": 15.159, "2015-09-30": -2.272, "2015-06-30": 1.726, "2015-03-31": "-1.27900", "2014-12-31": 1.849, "2014-09-30": -0.408, "2014-06-30": -1.014, "2014-03-31": "-0.42700", "2013-12-31": 2.254, "2013-09-30": -0.199, "2013-06-30": -0.94, "2013-03-31": "-1.11500", "2012-12-31": 1, "2012-09-30": -1.223, "2012-06-30": -0.883, "2012-03-31": "2.10600", "2011-12-31": 3.973, "2011-09-30": 1.188, "2011-06-30": 0.119, "2011-03-31": "-0.84200", "2010-12-31": 12.853, "2010-09-30": -8.537, "2010-06-30": -0.001, "2010-03-31": "0.09900", "2009-12-31": -0.004, "2009-09-30": 0.008, "2009-06-30": 0.08, "2009-03-31": "", "2008-12-31": 0.065, "2008-09-30": 0.025, "2008-06-30": 14.214, "2008-03-31": "7.31900", "2007-12-31": 21.332, "2007-09-30": 17.946, "2007-06-30": 27.221, "2007-03-31": "18.01800", "2006-12-31": -38.133, "2006-09-30": 24.646, "2006-06-30": -12.016, "2006-03-31": "-12.63000", "2005-12-31": -40.16, "2005-09-30": 52.877, "2005-06-30": -37.318, "2005-03-31": "36.93600"}, "Net Change In Investments - Total": {"2020-12-31": 0, "2020-09-30": 0, "2020-06-30": 0, "2020-03-31": "", "2019-12-31": 0, "2019-09-30": 0, "2019-06-30": 0, "2019-03-31": "1.43900", "2018-12-31": 2.664, "2018-09-30": 0, "2018-06-30": 7.402, "2018-03-31": "-12.59800", "2017-12-31": 4.916, "2017-09-30": 4.97, "2017-06-30": 2.173, "2017-03-31": "-11.63000", "2016-12-31": 0, "2016-09-30": 2.088, "2016-06-30": 6.695, "2016-03-31": "1.41800", "2015-12-31": -0.226, "2015-09-30": -2.272, "2015-06-30": 1.726, "2015-03-31": "-1.27900", "2014-12-31": 1.37, "2014-09-30": -0.408, "2014-06-30": -1.014, "2014-03-31": "-0.42700", "2013-12-31": -0.811, "2013-09-30": -0.199, "2013-06-30": -0.94, "2013-03-31": "-1.11500", "2012-12-31": 1.1, "2012-09-30": -1.459, "2012-06-30": -0.883, "2012-03-31": "2.10600", "2011-12-31": 0, "2011-09-30": 1.188, "2011-06-30": 0.119, "2011-03-31": "-0.84200", "2010-12-31": 5.428, "2010-09-30": -8.537, "2010-06-30": -0.001, "2010-03-31": "0.09900", "2009-12-31": -0.004, "2009-09-30": 0.008, "2009-06-30": 0.056, "2009-03-31": "0.02400", "2008-12-31": 0.065, "2008-09-30": 0.025, "2008-06-30": 14.214, "2008-03-31": "7.31900", "2007-12-31": 21.332, "2007-09-30": 17.946, "2007-06-30": 27.221, "2007-03-31": "18.01800", "2006-12-31": -8.502, "2006-09-30": -4.985, "2006-06-30": -12.016, "2006-03-31": "-12.63000", "2005-12-31": -40.16, "2005-09-30": 52.877, "2005-06-30": -37.318, "2005-03-31": "36.93600"}, "Investing Activities - Other": {"2020-12-31": 0, "2020-09-30": 0, "2020-06-30": 0, "2020-03-31": "", "2019-12-31": 0, "2019-09-30": 0, "2019-06-30": 0, "2019-03-31": "", "2018-12-31": 0, "2018-09-30": 0, "2018-06-30": 0, "2018-03-31": "", "2017-12-31": 0, "2017-09-30": 0, "2017-06-30": 0, "2017-03-31": "", "2016-12-31": 0, "2016-09-30": 0, "2016-06-30": 0, "2016-03-31": "", "2015-12-31": 0, "2015-09-30": 0, "2015-06-30": 0, "2015-03-31": "", "2014-12-31": 0, "2014-09-30": 0, "2014-06-30": 0, "2014-03-31": "", "2013-12-31": 0, "2013-09-30": 0, "2013-06-30": 0, "2013-03-31": "", "2012-12-31": 0, "2012-09-30": 0, "2012-06-30": 0, "2012-03-31": "", "2011-12-31": 0, "2011-09-30": 0, "2011-06-30": 0, "2011-03-31": "", "2010-12-31": 0, "2010-09-30": 0, "2010-06-30": 0, "2010-03-31": "", "2009-12-31": 0, "2009-09-30": 0, "2009-06-30": 0, "2009-03-31": "", "2008-12-31": 0, "2008-09-30": 0, "2008-06-30": 0, "2008-03-31": "", "2007-12-31": 0, "2007-09-30": 0, "2007-06-30": 0, "2007-03-31": "", "2006-12-31": 0, "2006-09-30": 0, "2006-06-30": 0, "2006-03-31": "", "2005-12-31": 0, "2005-09-30": 0, "2005-06-30": 0, "2005-03-31": ""}, "Cash Flow From Investing Activities": {"2020-12-31": -0.802, "2020-09-30": -0.176, "2020-06-30": -0.507, "2020-03-31": "-1.24500", "2019-12-31": -3.835, "2019-09-30": -8.053, "2019-06-30": -2.689, "2019-03-31": "0.82300", "2018-12-31": 0.894, "2018-09-30": -1.481, "2018-06-30": 5.521, "2018-03-31": "-14.77200", "2017-12-31": 2.614, "2017-09-30": 3.776, "2017-06-30": 0.259, "2017-03-31": "-12.41900", "2016-12-31": -1.378, "2016-09-30": 0.73, "2016-06-30": 4.494, "2016-03-31": "-0.48800", "2015-12-31": -2.099, "2015-09-30": -6.122, "2015-06-30": -0.945, "2015-03-31": "-4.37700", "2014-12-31": -1.369, "2014-09-30": -6.277, "2014-06-30": -3.438, "2014-03-31": "-1.58300", "2013-12-31": -2.35, "2013-09-30": -1.767, "2013-06-30": -1.975, "2013-03-31": "-1.71300", "2012-12-31": -2.437, "2012-09-30": -2.545, "2012-06-30": -2.337, "2012-03-31": "0.31000", "2011-12-31": -1.402, "2011-09-30": -0.488, "2011-06-30": -0.539, "2011-03-31": "-2.18000", "2010-12-31": 3.888, "2010-09-30": -10.162, "2010-06-30": -1.53, "2010-03-31": "-1.07800", "2009-12-31": -0.656, "2009-09-30": -0.358, "2009-06-30": -0.431, "2009-03-31": "-0.84900", "2008-12-31": -0.825, "2008-09-30": -1.233, "2008-06-30": 11.37, "2008-03-31": "4.60300", "2007-12-31": 19.865, "2007-09-30": 16.479, "2007-06-30": 23.71, "2007-03-31": "15.06200", "2006-12-31": -10.614, "2006-09-30": -7.842, "2006-06-30": -14.619, "2006-03-31": "-14.82500", "2005-12-31": 7.441, "2005-09-30": 1.602, "2005-06-30": -39.493, "2005-03-31": "34.29700"}, "Net Long-Term Debt": {"2020-12-31": 0, "2020-09-30": 0, "2020-06-30": 0, "2020-03-31": "", "2019-12-31": 0, "2019-09-30": 0, "2019-06-30": 0, "2019-03-31": "", "2018-12-31": 0, "2018-09-30": 0, "2018-06-30": 0, "2018-03-31": "", "2017-12-31": 0, "2017-09-30": 0, "2017-06-30": 0, "2017-03-31": "", "2016-12-31": 0, "2016-09-30": 0, "2016-06-30": 0, "2016-03-31": "", "2015-12-31": 0, "2015-09-30": 0, "2015-06-30": 0, "2015-03-31": "", "2014-12-31": 0, "2014-09-30": 0, "2014-06-30": 0, "2014-03-31": "", "2013-12-31": 0, "2013-09-30": 0, "2013-06-30": 0, "2013-03-31": "", "2012-12-31": 0, "2012-09-30": 0, "2012-06-30": 0, "2012-03-31": "", "2011-12-31": 0, "2011-09-30": 0, "2011-06-30": 0, "2011-03-31": "", "2010-12-31": 0, "2010-09-30": 0, "2010-06-30": 0, "2010-03-31": "", "2009-12-31": 0, "2009-09-30": 0, "2009-06-30": 0, "2009-03-31": "", "2008-12-31": 0, "2008-09-30": 0, "2008-06-30": 0, "2008-03-31": "", "2007-12-31": 0, "2007-09-30": 0, "2007-06-30": 0, "2007-03-31": "", "2006-12-31": -0.075, "2006-09-30": 0, "2006-06-30": -0.037, "2006-03-31": "-0.03500", "2005-12-31": 0, "2005-09-30": -0.035, "2005-06-30": -0.035, "2005-03-31": "-0.03400"}, "Net Current Debt": {"2020-12-31": 0, "2020-09-30": 0, "2020-06-30": 0, "2020-03-31": "", "2019-12-31": 0, "2019-09-30": 0, "2019-06-30": 0, "2019-03-31": "", "2018-12-31": 0, "2018-09-30": 0, "2018-06-30": 0, "2018-03-31": "", "2017-12-31": 0, "2017-09-30": 0, "2017-06-30": 0, "2017-03-31": "", "2016-12-31": 0, "2016-09-30": 0, "2016-06-30": 0, "2016-03-31": "", "2015-12-31": 0, "2015-09-30": 0, "2015-06-30": 0, "2015-03-31": "", "2014-12-31": 0, "2014-09-30": 0, "2014-06-30": 0, "2014-03-31": "", "2013-12-31": 0, "2013-09-30": 0, "2013-06-30": 0, "2013-03-31": "", "2012-12-31": 0, "2012-09-30": 0, "2012-06-30": 0, "2012-03-31": "", "2011-12-31": 0, "2011-09-30": 0, "2011-06-30": 0, "2011-03-31": "", "2010-12-31": 0, "2010-09-30": 0, "2010-06-30": 0, "2010-03-31": "", "2009-12-31": 0, "2009-09-30": 0, "2009-06-30": 0, "2009-03-31": "", "2008-12-31": 0, "2008-09-30": 0, "2008-06-30": 0, "2008-03-31": "", "2007-12-31": 0, "2007-09-30": 0, "2007-06-30": 0, "2007-03-31": "", "2006-12-31": 0, "2006-09-30": 0, "2006-06-30": 0, "2006-03-31": "", "2005-12-31": 0, "2005-09-30": 0, "2005-06-30": 0, "2005-03-31": ""}, "Debt Issuance/Retirement Net - Total": {"2020-12-31": 0, "2020-09-30": 0, "2020-06-30": 0, "2020-03-31": "", "2019-12-31": 0, "2019-09-30": 0, "2019-06-30": 0, "2019-03-31": "", "2018-12-31": 0, "2018-09-30": 0, "2018-06-30": 0, "2018-03-31": "", "2017-12-31": 0, "2017-09-30": 0, "2017-06-30": 0, "2017-03-31": "", "2016-12-31": 0, "2016-09-30": 0, "2016-06-30": 0, "2016-03-31": "", "2015-12-31": 0, "2015-09-30": 0, "2015-06-30": 0, "2015-03-31": "", "2014-12-31": 0, "2014-09-30": 0, "2014-06-30": 0, "2014-03-31": "", "2013-12-31": 0, "2013-09-30": 0, "2013-06-30": 0, "2013-03-31": "", "2012-12-31": 0, "2012-09-30": 0, "2012-06-30": 0, "2012-03-31": "", "2011-12-31": 0, "2011-09-30": 0, "2011-06-30": 0, "2011-03-31": "", "2010-12-31": 0, "2010-09-30": 0, "2010-06-30": 0, "2010-03-31": "", "2009-12-31": 0, "2009-09-30": 0, "2009-06-30": 0, "2009-03-31": "", "2008-12-31": 0, "2008-09-30": 0, "2008-06-30": 0, "2008-03-31": "", "2007-12-31": 0, "2007-09-30": 0, "2007-06-30": 0, "2007-03-31": "", "2006-12-31": -0.075, "2006-09-30": 0, "2006-06-30": -0.037, "2006-03-31": "-0.03500", "2005-12-31": 0, "2005-09-30": -0.035, "2005-06-30": -0.035, "2005-03-31": "-0.03400"}, "Net Common Equity Issued/Repurchased": {"2020-12-31": -0.038, "2020-09-30": -0.368, "2020-06-30": -0.123, "2020-03-31": "-43.03200", "2019-12-31": -35.028, "2019-09-30": -36.221, "2019-06-30": -20.078, "2019-03-31": "-30.16000", "2018-12-31": -24.764, "2018-09-30": -20.844, "2018-06-30": -47.899, "2018-03-31": "-55.81500", "2017-12-31": -50.007, "2017-09-30": -0.08, "2017-06-30": -25.001, "2017-03-31": "-56.61900", "2016-12-31": -49.965, "2016-09-30": -25.156, "2016-06-30": -35.021, "2016-03-31": "-57.77300", "2015-12-31": -25.15, "2015-09-30": -25.476, "2015-06-30": -25.04, "2015-03-31": "-35.75500", "2014-12-31": -24.941, "2014-09-30": -15.216, "2014-06-30": -25.027, "2014-03-31": "-32.44900", "2013-12-31": -15.099, "2013-09-30": -12.305, "2013-06-30": -13.19, "2013-03-31": "-17.85100", "2012-12-31": -25.114, "2012-09-30": -13.657, "2012-06-30": -14.923, "2012-03-31": "-17.37900", "2011-12-31": -15.119, "2011-09-30": -24.825, "2011-06-30": -24.42, "2011-03-31": "-16.05900", "2010-12-31": -3.155, "2010-09-30": -14.604, "2010-06-30": -10.72, "2010-03-31": "-12.85700", "2009-12-31": -1.787, "2009-09-30": 0.01, "2009-06-30": -9.722, "2009-03-31": "-10.27400", "2008-12-31": -9.895, "2008-09-30": -11.871, "2008-06-30": 1.637, "2008-03-31": "-11.80100", "2007-12-31": -23.445, "2007-09-30": -18.908, "2007-06-30": -24.035, "2007-03-31": "-22.63300", "2006-12-31": 11.032, "2006-09-30": -3.317, "2006-06-30": -8.69, "2006-03-31": "1.10200", "2005-12-31": -15.151, "2005-09-30": -19.793, "2005-06-30": -19.492, "2005-03-31": "0.09700"}, "Net Total Equity Issued/Repurchased": {"2020-12-31": -0.038, "2020-09-30": -0.368, "2020-06-30": -0.123, "2020-03-31": "-43.03200", "2019-12-31": -35.028, "2019-09-30": -36.221, "2019-06-30": -20.078, "2019-03-31": "-30.16000", "2018-12-31": -24.764, "2018-09-30": -20.844, "2018-06-30": -47.899, "2018-03-31": "-55.81500", "2017-12-31": -50.007, "2017-09-30": -0.08, "2017-06-30": -25.001, "2017-03-31": "-56.61900", "2016-12-31": -49.965, "2016-09-30": -25.156, "2016-06-30": -35.021, "2016-03-31": "-57.77300", "2015-12-31": -25.15, "2015-09-30": -25.476, "2015-06-30": -25.04, "2015-03-31": "-35.75500", "2014-12-31": -24.941, "2014-09-30": -15.216, "2014-06-30": -25.027, "2014-03-31": "-32.44900", "2013-12-31": -15.099, "2013-09-30": -12.305, "2013-06-30": -13.19, "2013-03-31": "-17.85100", "2012-12-31": -25.114, "2012-09-30": -13.657, "2012-06-30": -14.923, "2012-03-31": "-17.37900", "2011-12-31": -15.119, "2011-09-30": -24.825, "2011-06-30": -24.42, "2011-03-31": "-16.05900", "2010-12-31": -3.155, "2010-09-30": -14.604, "2010-06-30": -10.72, "2010-03-31": "-12.85700", "2009-12-31": -1.787, "2009-09-30": 0.01, "2009-06-30": -9.722, "2009-03-31": "-10.27400", "2008-12-31": -9.895, "2008-09-30": -11.871, "2008-06-30": 1.637, "2008-03-31": "-11.80100", "2007-12-31": -23.445, "2007-09-30": -18.908, "2007-06-30": -24.035, "2007-03-31": "-22.63300", "2006-12-31": 11.032, "2006-09-30": -3.317, "2006-06-30": -8.69, "2006-03-31": "1.10200", "2005-12-31": -15.151, "2005-09-30": -19.793, "2005-06-30": -19.492, "2005-03-31": "0.09700"}, "Total Common And Preferred Stock Dividends Paid": {"2020-12-31": 0, "2020-09-30": 0, "2020-06-30": 0, "2020-03-31": "", "2019-12-31": 0, "2019-09-30": 0, "2019-06-30": 0, "2019-03-31": "", "2018-12-31": 0, "2018-09-30": 0, "2018-06-30": 0, "2018-03-31": "", "2017-12-31": 0, "2017-09-30": 0, "2017-06-30": 0, "2017-03-31": "", "2016-12-31": 0, "2016-09-30": 0, "2016-06-30": 0, "2016-03-31": "", "2015-12-31": 0, "2015-09-30": 0, "2015-06-30": 0, "2015-03-31": "", "2014-12-31": 0, "2014-09-30": 0, "2014-06-30": 0, "2014-03-31": "", "2013-12-31": 0, "2013-09-30": 0, "2013-06-30": 0, "2013-03-31": "", "2012-12-31": 0, "2012-09-30": 0, "2012-06-30": 0, "2012-03-31": "", "2011-12-31": 0, "2011-09-30": 0, "2011-06-30": 0, "2011-03-31": "", "2010-12-31": 0, "2010-09-30": 0, "2010-06-30": 0, "2010-03-31": "", "2009-12-31": 0, "2009-09-30": 0, "2009-06-30": 0, "2009-03-31": "", "2008-12-31": 0, "2008-09-30": 0, "2008-06-30": 0, "2008-03-31": "", "2007-12-31": 0, "2007-09-30": 0, "2007-06-30": 0, "2007-03-31": "", "2006-12-31": 0, "2006-09-30": 0, "2006-06-30": 0, "2006-03-31": "", "2005-12-31": 0, "2005-09-30": 0, "2005-06-30": 0, "2005-03-31": ""}, "Financial Activities - Other": {"2020-12-31": 0, "2020-09-30": 0, "2020-06-30": 0, "2020-03-31": "", "2019-12-31": 0, "2019-09-30": 0, "2019-06-30": 0, "2019-03-31": "", "2018-12-31": 0, "2018-09-30": 0, "2018-06-30": 0, "2018-03-31": "", "2017-12-31": 0, "2017-09-30": 0, "2017-06-30": 0, "2017-03-31": "", "2016-12-31": 0.044, "2016-09-30": 0.096, "2016-06-30": 0.051, "2016-03-31": "5.02300", "2015-12-31": 0.734, "2015-09-30": 0.588, "2015-06-30": 1.246, "2015-03-31": "6.57900", "2014-12-31": 1.203, "2014-09-30": 0.443, "2014-06-30": 0.407, "2014-03-31": "6.50900", "2013-12-31": 0.632, "2013-09-30": 1.131, "2013-06-30": 0.711, "2013-03-31": "4.16300", "2012-12-31": 1.805, "2012-09-30": 1.664, "2012-06-30": 0.428, "2012-03-31": "3.63400", "2011-12-31": 1.058, "2011-09-30": 0.218, "2011-06-30": 0.509, "2011-03-31": "0.68900", "2010-12-31": 0.121, "2010-09-30": 0.012, "2010-06-30": 0.213, "2010-03-31": "0.12900", "2009-12-31": 0.035, "2009-09-30": 0.02, "2009-06-30": 0.007, "2009-03-31": "0.00200", "2008-12-31": 0.019, "2008-09-30": 0.005, "2008-06-30": 0.069, "2008-03-31": "0.00700", "2007-12-31": 0.114, "2007-09-30": 0.088, "2007-06-30": 0.248, "2007-03-31": "0.27100", "2006-12-31": 0.727, "2006-09-30": 0.447, "2006-06-30": 0.2, "2006-03-31": "1.14500", "2005-12-31": 0, "2005-09-30": 0, "2005-06-30": 0, "2005-03-31": ""}, "Cash Flow From Financial Activities": {"2020-12-31": -0.038, "2020-09-30": -0.368, "2020-06-30": -0.123, "2020-03-31": "-43.03200", "2019-12-31": -35.028, "2019-09-30": -36.221, "2019-06-30": -20.078, "2019-03-31": "-30.16000", "2018-12-31": -24.764, "2018-09-30": -20.844, "2018-06-30": -47.899, "2018-03-31": "-55.81500", "2017-12-31": -50.007, "2017-09-30": -0.08, "2017-06-30": -25.001, "2017-03-31": "-56.61900", "2016-12-31": -49.921, "2016-09-30": -25.06, "2016-06-30": -34.97, "2016-03-31": "-52.75000", "2015-12-31": -24.416, "2015-09-30": -24.888, "2015-06-30": -23.794, "2015-03-31": "-29.17600", "2014-12-31": -23.738, "2014-09-30": -14.773, "2014-06-30": -24.62, "2014-03-31": "-25.94000", "2013-12-31": -14.467, "2013-09-30": -11.174, "2013-06-30": -12.479, "2013-03-31": "-13.68800", "2012-12-31": -23.309, "2012-09-30": -11.993, "2012-06-30": -14.495, "2012-03-31": "-13.74500", "2011-12-31": -14.061, "2011-09-30": -24.607, "2011-06-30": -23.911, "2011-03-31": "-15.37000", "2010-12-31": -3.034, "2010-09-30": -14.592, "2010-06-30": -10.507, "2010-03-31": "-12.72800", "2009-12-31": -1.752, "2009-09-30": 0.03, "2009-06-30": -9.715, "2009-03-31": "-10.27200", "2008-12-31": -9.876, "2008-09-30": -11.866, "2008-06-30": 1.706, "2008-03-31": "-11.79400", "2007-12-31": -23.331, "2007-09-30": -18.82, "2007-06-30": -23.787, "2007-03-31": "-22.36200", "2006-12-31": 11.684, "2006-09-30": -2.87, "2006-06-30": -8.527, "2006-03-31": "2.21200", "2005-12-31": -15.151, "2005-09-30": -19.828, "2005-06-30": -19.527, "2005-03-31": "0.06300"}, "Net Cash Flow": {"2020-12-31": 38.451, "2020-09-30": 42.616, "2020-06-30": 48.359, "2020-03-31": "-35.39900", "2019-12-31": -2.94, "2019-09-30": -5.783, "2019-06-30": 14.522, "2019-03-31": "5.75300", "2018-12-31": 9.377, "2018-09-30": 10.715, "2018-06-30": -27.634, "2018-03-31": "-18.85400", "2017-12-31": 0.704, "2017-09-30": 48.114, "2017-06-30": -12.504, "2017-03-31": "-6.40700", "2016-12-31": -15.216, "2016-09-30": 17.696, "2016-06-30": -12.677, "2016-03-31": "-12.60400", "2015-12-31": 9.387, "2015-09-30": 8.873, "2015-06-30": 3.067, "2015-03-31": "-18.61900", "2014-12-31": 14.592, "2014-09-30": 9.995, "2014-06-30": -25.528, "2014-03-31": "-7.72600", "2013-12-31": 6.138, "2013-09-30": 19.614, "2013-06-30": -2.47, "2013-03-31": "4.35600", "2012-12-31": -2.353, "2012-09-30": 3.998, "2012-06-30": 2.815, "2012-03-31": "0.09700", "2011-12-31": -1.973, "2011-09-30": -9.247, "2011-06-30": -8.243, "2011-03-31": "-9.10100", "2010-12-31": 15.417, "2010-09-30": -12.336, "2010-06-30": -2.748, "2010-03-31": "0.19400", "2009-12-31": 16.995, "2009-09-30": 15.254, "2009-06-30": 1.7, "2009-03-31": "0.52900", "2008-12-31": 5.937, "2008-09-30": 2.874, "2008-06-30": 33.3, "2008-03-31": "-1.04700", "2007-12-31": 12.144, "2007-09-30": 4.328, "2007-06-30": 13.979, "2007-03-31": "-4.22500", "2006-12-31": 4.93, "2006-09-30": -0.746, "2006-06-30": -1.988, "2006-03-31": "-3.16600", "2005-12-31": -3.771, "2005-09-30": -9.449, "2005-06-30": -44.633, "2005-03-31": "39.84300"}, "Stock-Based Compensation": {"2020-12-31": 9.287, "2020-09-30": 9.012, "2020-06-30": 7.492, "2020-03-31": "7.56400", "2019-12-31": 8.195, "2019-09-30": 8.002, "2019-06-30": 8.462, "2019-03-31": "7.18200", "2018-12-31": 5.291, "2018-09-30": 5.303, "2018-06-30": 4.927, "2018-03-31": "4.34300", "2017-12-31": 5.188, "2017-09-30": 3.773, "2017-06-30": 2.796, "2017-03-31": "4.47200", "2016-12-31": 4.21, "2016-09-30": 3.541, "2016-06-30": 3.495, "2016-03-31": "4.68800", "2015-12-31": 3.441, "2015-09-30": 5.348, "2015-06-30": 2.661, "2015-03-31": "3.07800", "2014-12-31": 2.704, "2014-09-30": 2.297, "2014-06-30": 2.396, "2014-03-31": "2.27400", "2013-12-31": 2.076, "2013-09-30": 1.209, "2013-06-30": 2.133, "2013-03-31": "1.90700", "2012-12-31": 2.543, "2012-09-30": 2.158, "2012-06-30": 1.977, "2012-03-31": "1.66000", "2011-12-31": 3.055, "2011-09-30": 2.503, "2011-06-30": 2.405, "2011-03-31": "2.40900", "2010-12-31": 2.713, "2010-09-30": 2.62, "2010-06-30": 2.502, "2010-03-31": "2.58500", "2009-12-31": 2.31, "2009-09-30": 2.294, "2009-06-30": 1.7, "2009-03-31": "2.31800", "2008-12-31": 2.248, "2008-09-30": 2.279, "2008-06-30": 2.227, "2008-03-31": "2.11000", "2007-12-31": 1.26, "2007-09-30": 1.784, "2007-06-30": 1.585, "2007-03-31": "1.57000", "2006-12-31": 1.218, "2006-09-30": 1.856, "2006-06-30": 1.981, "2006-03-31": "1.70700", "2005-12-31": 0.031, "2005-09-30": 0.031, "2005-06-30": 0.031, "2005-03-31": "0.09100"}, "Common Stock Dividends Paid": {"2020-12-31": 0, "2020-09-30": 0, "2020-06-30": 0, "2020-03-31": "", "2019-12-31": 0, "2019-09-30": 0, "2019-06-30": 0, "2019-03-31": "", "2018-12-31": 0, "2018-09-30": 0, "2018-06-30": 0, "2018-03-31": "", "2017-12-31": 0, "2017-09-30": 0, "2017-06-30": 0, "2017-03-31": "", "2016-12-31": 0, "2016-09-30": 0, "2016-06-30": 0, "2016-03-31": "", "2015-12-31": 0, "2015-09-30": 0, "2015-06-30": 0, "2015-03-31": "", "2014-12-31": 0, "2014-09-30": 0, "2014-06-30": 0, "2014-03-31": "", "2013-12-31": 0, "2013-09-30": 0, "2013-06-30": 0, "2013-03-31": "", "2012-12-31": 0, "2012-09-30": 0, "2012-06-30": 0, "2012-03-31": "", "2011-12-31": 0, "2011-09-30": 0, "2011-06-30": 0, "2011-03-31": "", "2010-12-31": 0, "2010-09-30": 0, "2010-06-30": 0, "2010-03-31": "", "2009-12-31": 0, "2009-09-30": 0, "2009-06-30": 0, "2009-03-31": "", "2008-12-31": 0, "2008-09-30": 0, "2008-06-30": 0, "2008-03-31": "", "2007-12-31": 0, "2007-09-30": 0, "2007-06-30": 0, "2007-03-31": "", "2006-12-31": 0, "2006-09-30": 0, "2006-06-30": 0, "2006-03-31": "", "2005-12-31": 0, "2005-09-30": 0, "2005-06-30": 0, "2005-03-31": ""}}, "financial ratios": {"Current Ratio": {"2019-12-31": "1.27780", "2018-12-31": "1.48270", "2017-12-31": "1.83550", "2016-12-31": "1.75970", "2015-12-31": "1.86270", "2014-12-31": "1.87160", "2013-12-31": "2.09950", "2012-12-31": "1.99150", "2011-12-31": "1.98030", "2010-12-31": "2.18770", "2009-12-31": "2.37850", "2008-12-31": "2.10830", "2007-12-31": "1.91590", "2006-12-31": "2.45960", "2005-12-31": "1.97400"}, "Long-term Debt / Capital": {"2019-12-31": "", "2018-12-31": "", "2017-12-31": "", "2016-12-31": "", "2015-12-31": "", "2014-12-31": "", "2013-12-31": "", "2012-12-31": "", "2011-12-31": "", "2010-12-31": "", "2009-12-31": "", "2008-12-31": "", "2007-12-31": "", "2006-12-31": "", "2005-12-31": ""}, "Debt/Equity Ratio": {"2019-12-31": "", "2018-12-31": "", "2017-12-31": "", "2016-12-31": "", "2015-12-31": "", "2014-12-31": "", "2013-12-31": "", "2012-12-31": "", "2011-12-31": "", "2010-12-31": "", "2009-12-31": "", "2008-12-31": "", "2007-12-31": "", "2006-12-31": "", "2005-12-31": "0.00070"}, "Gross Margin": {"2019-12-31": "53.88500", "2018-12-31": "56.92070", "2017-12-31": "58.67250", "2016-12-31": "58.66740", "2015-12-31": "57.68510", "2014-12-31": "56.80220", "2013-12-31": "56.29840", "2012-12-31": "57.01320", "2011-12-31": "57.75260", "2010-12-31": "56.65280", "2009-12-31": "56.43480", "2008-12-31": "54.94140", "2007-12-31": "56.32500", "2006-12-31": "57.16450", "2005-12-31": "58.90690"}, "Operating Margin": {"2019-12-31": "18.75950", "2018-12-31": "23.94440", "2017-12-31": "31.22190", "2016-12-31": "32.14040", "2015-12-31": "29.01770", "2014-12-31": "25.83280", "2013-12-31": "24.43490", "2012-12-31": "21.28200", "2011-12-31": "18.63700", "2010-12-31": "14.11130", "2009-12-31": "8.57110", "2008-12-31": "7.69960", "2007-12-31": "12.76170", "2006-12-31": "10.64670", "2005-12-31": "12.28760"}, "EBIT Margin": {"2019-12-31": "18.75950", "2018-12-31": "23.94440", "2017-12-31": "31.22190", "2016-12-31": "32.14040", "2015-12-31": "29.01770", "2014-12-31": "25.83280", "2013-12-31": "24.43490", "2012-12-31": "21.28200", "2011-12-31": "18.63700", "2010-12-31": "14.11130", "2009-12-31": "8.57110", "2008-12-31": "7.69960", "2007-12-31": "12.76170", "2006-12-31": "10.64670", "2005-12-31": "12.28760"}, "EBITDA Margin": {"2019-12-31": "20.05200", "2018-12-31": "25.48480", "2017-12-31": "32.74560", "2016-12-31": "33.64400", "2015-12-31": "30.41320", "2014-12-31": "27.12860", "2013-12-31": "25.84010", "2012-12-31": "22.78050", "2011-12-31": "20.84930", "2010-12-31": "17.19460", "2009-12-31": "13.20000", "2008-12-31": "11.46560", "2007-12-31": "16.79750", "2006-12-31": "15.23260", "2005-12-31": "17.18760"}, "Pre-Tax Profit Margin": {"2019-12-31": "18.78420", "2018-12-31": "24.36360", "2017-12-31": "31.08530", "2016-12-31": "32.43810", "2015-12-31": "29.26840", "2014-12-31": "26.01040", "2013-12-31": "24.87440", "2012-12-31": "21.53850", "2011-12-31": "19.20320", "2010-12-31": "14.06320", "2009-12-31": "8.26460", "2008-12-31": "9.34400", "2007-12-31": "14.12740", "2006-12-31": "11.90610", "2005-12-31": "13.37400"}, "Net Profit Margin": {"2019-12-31": "13.87850", "2018-12-31": "18.72280", "2017-12-31": "19.58980", "2016-12-31": "20.54960", "2015-12-31": "18.59820", "2014-12-31": "16.66320", "2013-12-31": "16.23480", "2012-12-31": "13.78160", "2011-12-31": "13.63910", "2010-12-31": "9.44440", "2009-12-31": "6.71430", "2008-12-31": "6.76100", "2007-12-31": "9.11410", "2006-12-31": "6.69200", "2005-12-31": "7.56280"}, "Asset Turnover": {"2019-12-31": "1.65990", "2018-12-31": "1.82050", "2017-12-31": "1.88760", "2016-12-31": "2.03460", "2015-12-31": "1.67460", "2014-12-31": "1.54670", "2013-12-31": "1.39180", "2012-12-31": "1.43710", "2011-12-31": "1.26830", "2010-12-31": "1.05940", "2009-12-31": "0.93180", "2008-12-31": "1.24790", "2007-12-31": "1.24200", "2006-12-31": "0.91740", "2005-12-31": "0.90130"}, "Inventory Turnover Ratio": {"2019-12-31": "", "2018-12-31": "", "2017-12-31": "", "2016-12-31": "", "2015-12-31": "", "2014-12-31": "", "2013-12-31": "", "2012-12-31": "", "2011-12-31": "", "2010-12-31": "", "2009-12-31": "", "2008-12-31": "", "2007-12-31": "", "2006-12-31": "", "2005-12-31": ""}, "Receiveable Turnover": {"2019-12-31": "6.04240", "2018-12-31": "5.54310", "2017-12-31": "6.44680", "2016-12-31": "6.02840", "2015-12-31": "5.71350", "2014-12-31": "5.66760", "2013-12-31": "5.82710", "2012-12-31": "6.05850", "2011-12-31": "5.38670", "2010-12-31": "5.95840", "2009-12-31": "6.50060", "2008-12-31": "5.27730", "2007-12-31": "4.65160", "2006-12-31": "4.74040", "2005-12-31": "4.20320"}, "Days Sales In Receivables": {"2019-12-31": "60.40660", "2018-12-31": "65.84800", "2017-12-31": "56.61680", "2016-12-31": "60.54690", "2015-12-31": "63.88420", "2014-12-31": "64.40150", "2013-12-31": "62.63820", "2012-12-31": "60.24550", "2011-12-31": "67.75910", "2010-12-31": "61.25780", "2009-12-31": "56.14830", "2008-12-31": "69.16360", "2007-12-31": "78.46720", "2006-12-31": "76.99710", "2005-12-31": "86.83870"}, "ROE - Return On Equity": {"2019-12-31": "60.27780", "2018-12-31": "71.14660", "2017-12-31": "66.57730", "2016-12-31": "73.35240", "2015-12-31": "52.93060", "2014-12-31": "45.04930", "2013-12-31": "37.06010", "2012-12-31": "32.10530", "2011-12-31": "27.70670", "2010-12-31": "15.26710", "2009-12-31": "9.03230", "2008-12-31": "12.67690", "2007-12-31": "16.55910", "2006-12-31": "8.15170", "2005-12-31": "9.07260"}, "Return On Tangible Equity": {"2019-12-31": "107.14760", "2018-12-31": "123.29960", "2017-12-31": "103.34760", "2016-12-31": "115.95700", "2015-12-31": "77.64950", "2014-12-31": "68.46280", "2013-12-31": "56.40240", "2012-12-31": "52.24800", "2011-12-31": "44.98840", "2010-12-31": "23.31640", "2009-12-31": "14.08190", "2008-12-31": "20.51560", "2007-12-31": "27.03880", "2006-12-31": "12.68150", "2005-12-31": "14.16270"}, "ROA - Return On Assets": {"2019-12-31": "23.03700", "2018-12-31": "34.08430", "2017-12-31": "36.97870", "2016-12-31": "41.80990", "2015-12-31": "31.14440", "2014-12-31": "25.77240", "2013-12-31": "22.59560", "2012-12-31": "19.80540", "2011-12-31": "17.29850", "2010-12-31": "10.00520", "2009-12-31": "6.25660", "2008-12-31": "8.43680", "2007-12-31": "11.31970", "2006-12-31": "6.13890", "2005-12-31": "6.81610"}, "ROI - Return On Investment": {"2019-12-31": "60.27780", "2018-12-31": "71.14660", "2017-12-31": "66.57730", "2016-12-31": "73.35240", "2015-12-31": "52.93060", "2014-12-31": "45.04930", "2013-12-31": "37.06010", "2012-12-31": "32.10530", "2011-12-31": "27.70670", "2010-12-31": "15.26710", "2009-12-31": "9.03230", "2008-12-31": "12.67690", "2007-12-31": "16.55910", "2006-12-31": "8.15170", "2005-12-31": "9.07260"}, "Book Value Per Share": {"2019-12-31": "2.24210", "2018-12-31": "2.26870", "2017-12-31": "2.58140", "2016-12-31": "2.41150", "2015-12-31": "2.68660", "2014-12-31": "2.45630", "2013-12-31": "2.37760", "2012-12-31": "2.05790", "2011-12-31": "1.98470", "2010-12-31": "2.11460", "2009-12-31": "2.04040", "2008-12-31": "1.90660", "2007-12-31": "1.86450", "2006-12-31": "2.14720", "2005-12-31": "1.88740"}, "Operating Cash Flow Per Share": {"2019-12-31": 0.189, "2018-12-31": -0.2957, "2017-12-31": 0.4294, "2016-12-31": 0.3109, "2015-12-31": 0.3813, "2014-12-31": 0.0946, "2013-12-31": 0.2187, "2012-12-31": 0.2789, "2011-12-31": 0.0929, "2010-12-31": -0.0899, "2009-12-31": -0.0096, "2008-12-31": 0.3059, "2007-12-31": -0.0442, "2006-12-31": 0.1094, "2005-12-31": 0.2849}, "Free Cash Flow Per Share": {"2019-12-31": 0.0657, "2018-12-31": -0.3165, "2017-12-31": 0.4352, "2016-12-31": 0.3712, "2015-12-31": 0.3502, "2014-12-31": 0.0312, "2013-12-31": 0.255, "2012-12-31": 0.2409, "2011-12-31": 0.0992, "2010-12-31": -0.1289, "2009-12-31": 0.0432, "2008-12-31": 0.3127, "2007-12-31": -0.0441, "2006-12-31": 0.0957, "2005-12-31": 0.2125}}, "financial ratios, quarterly": {"Current Ratio": {"2020-09-30": "1.55810", "2020-06-30": "1.37260", "2020-03-31": "1.23140", "2019-12-31": "1.27780", "2019-09-30": "1.32390", "2019-06-30": "1.41640", "2019-03-31": "1.39730", "2018-12-31": "1.48270", "2018-09-30": "1.48720", "2018-06-30": "1.38310", "2018-03-31": "1.53250", "2017-12-31": "1.83550", "2017-09-30": "1.94690", "2017-06-30": "1.67000", "2017-03-31": "1.54140", "2016-12-31": "1.75970", "2016-09-30": "1.86320", "2016-06-30": "1.81620", "2016-03-31": "1.76470", "2015-12-31": "1.86270", "2015-09-30": "1.93590", "2015-06-30": "2.04820", "2015-03-31": "1.97320", "2014-12-31": "1.87160", "2014-09-30": "2.03010", "2014-06-30": "2.06600", "2014-03-31": "2.10750", "2013-12-31": "2.09950", "2013-09-30": "2.09130", "2013-06-30": "2.09620", "2013-03-31": "2.04720", "2012-12-31": "1.99150", "2012-09-30": "2.00770", "2012-06-30": "2.01110", "2012-03-31": "2.04320", "2011-12-31": "1.98030", "2011-09-30": "1.87610", "2011-06-30": "2.04680", "2011-03-31": "2.17640", "2010-12-31": "2.18770", "2010-09-30": "2.12380", "2010-06-30": "2.23740", "2010-03-31": "2.22820", "2009-12-31": "2.37850", "2009-09-30": "2.27610", "2009-06-30": "2.13460", "2009-03-31": "2.19660", "2008-12-31": "2.10830", "2008-09-30": "2.10710", "2008-06-30": "2.05530", "2008-03-31": "1.76800", "2007-12-31": "1.91590", "2007-09-30": "2.10680", "2007-06-30": "2.12990", "2007-03-31": "2.41380", "2006-12-31": "2.45960", "2006-09-30": "2.20290", "2006-06-30": "2.11220", "2006-03-31": "2.28220", "2005-12-31": "1.97400", "2005-09-30": "2.07930", "2005-06-30": "3.64940", "2005-03-31": "4.01130"}, "Long-term Debt / Capital": {"2020-09-30": "", "2020-06-30": "", "2020-03-31": "", "2019-12-31": "", "2019-09-30": "", "2019-06-30": "", "2019-03-31": "", "2018-12-31": "", "2018-09-30": "", "2018-06-30": "", "2018-03-31": "", "2017-12-31": "", "2017-09-30": "", "2017-06-30": "", "2017-03-31": "", "2016-12-31": "", "2016-09-30": "", "2016-06-30": "", "2016-03-31": "", "2015-12-31": "", "2015-09-30": "", "2015-06-30": "", "2015-03-31": "", "2014-12-31": "", "2014-09-30": "", "2014-06-30": "", "2014-03-31": "", "2013-12-31": "", "2013-09-30": "", "2013-06-30": "", "2013-03-31": "", "2012-12-31": "", "2012-09-30": "", "2012-06-30": "", "2012-03-31": "", "2011-12-31": "", "2011-09-30": "", "2011-06-30": "", "2011-03-31": "", "2010-12-31": "", "2010-09-30": "", "2010-06-30": "", "2010-03-31": "", "2009-12-31": "", "2009-09-30": "", "2009-06-30": "", "2009-03-31": "", "2008-12-31": "", "2008-09-30": "", "2008-06-30": "", "2008-03-31": "", "2007-12-31": "", "2007-09-30": "", "2007-06-30": "", "2007-03-31": "", "2006-12-31": "", "2006-09-30": "", "2006-06-30": "", "2006-03-31": "", "2005-12-31": "", "2005-09-30": "0.00020", "2005-06-30": "0.00030", "2005-03-31": "0.00040"}, "Debt/Equity Ratio": {"2020-09-30": "", "2020-06-30": "", "2020-03-31": "", "2019-12-31": "", "2019-09-30": "", "2019-06-30": "", "2019-03-31": "", "2018-12-31": "", "2018-09-30": "", "2018-06-30": "", "2018-03-31": "", "2017-12-31": "", "2017-09-30": "", "2017-06-30": "", "2017-03-31": "", "2016-12-31": "", "2016-09-30": "", "2016-06-30": "", "2016-03-31": "", "2015-12-31": "", "2015-09-30": "", "2015-06-30": "", "2015-03-31": "", "2014-12-31": "", "2014-09-30": "", "2014-06-30": "", "2014-03-31": "", "2013-12-31": "", "2013-09-30": "", "2013-06-30": "", "2013-03-31": "", "2012-12-31": "", "2012-09-30": "", "2012-06-30": "", "2012-03-31": "", "2011-12-31": "", "2011-09-30": "", "2011-06-30": "", "2011-03-31": "", "2010-12-31": "", "2010-09-30": "", "2010-06-30": "", "2010-03-31": "", "2009-12-31": "", "2009-09-30": "", "2009-06-30": "", "2009-03-31": "", "2008-12-31": "", "2008-09-30": "", "2008-06-30": "", "2008-03-31": "", "2007-12-31": "", "2007-09-30": "", "2007-06-30": "", "2007-03-31": "", "2006-12-31": "", "2006-09-30": "0.00020", "2006-06-30": "0.00040", "2006-03-31": "0.00050", "2005-12-31": "0.00070", "2005-09-30": "0.00080", "2005-06-30": "0.00090", "2005-03-31": "0.00100"}, "Gross Margin": {"2020-09-30": "56.46350", "2020-06-30": "53.53170", "2020-03-31": "51.37780", "2019-12-31": "53.01540", "2019-09-30": "54.17290", "2019-06-30": "53.62350", "2019-03-31": "54.73840", "2018-12-31": "56.48560", "2018-09-30": "57.01750", "2018-06-30": "58.35580", "2018-03-31": "55.73680", "2017-12-31": "59.24170", "2017-09-30": "58.74490", "2017-06-30": "59.57400", "2017-03-31": "57.05520", "2016-12-31": "58.75730", "2016-09-30": "59.47920", "2016-06-30": "59.63830", "2016-03-31": "56.75100", "2015-12-31": "57.34370", "2015-09-30": "59.17470", "2015-06-30": "57.75690", "2015-03-31": "56.38430", "2014-12-31": "55.06850", "2014-09-30": "57.11740", "2014-06-30": "57.09620", "2014-03-31": "58.12720", "2013-12-31": "54.45780", "2013-09-30": "58.17150", "2013-06-30": "57.06230", "2013-03-31": "55.44770", "2012-12-31": "54.56750", "2012-09-30": "57.08730", "2012-06-30": "57.94460", "2012-03-31": "58.53240", "2011-12-31": "58.20400", "2011-09-30": "58.00920", "2011-06-30": "59.56770", "2011-03-31": "54.68280", "2010-12-31": "55.02360", "2010-09-30": "55.11120", "2010-06-30": "57.85470", "2010-03-31": "58.50920", "2009-12-31": "58.92600", "2009-09-30": "59.10040", "2009-06-30": "54.57720", "2009-03-31": "52.81220", "2008-12-31": "54.40380", "2008-09-30": "54.14330", "2008-06-30": "57.10690", "2008-03-31": "53.93100", "2007-12-31": "56.26350", "2007-09-30": "55.98360", "2007-06-30": "58.21550", "2007-03-31": "54.59390", "2006-12-31": "59.01940", "2006-09-30": "57.14820", "2006-06-30": "57.71690", "2006-03-31": "54.25660", "2005-12-31": "58.46500", "2005-09-30": "58.18770", "2005-06-30": "60.95100", "2005-03-31": "57.99630"}, "Operating Margin": {"2020-09-30": "23.35520", "2020-06-30": "19.68000", "2020-03-31": "15.72160", "2019-12-31": "16.39250", "2019-09-30": "21.56650", "2019-06-30": "17.87080", "2019-03-31": "19.05340", "2018-12-31": "23.74240", "2018-09-30": "25.35700", "2018-06-30": "25.15310", "2018-03-31": "21.31440", "2017-12-31": "30.23890", "2017-09-30": "33.42160", "2017-06-30": "31.95710", "2017-03-31": "29.07540", "2016-12-31": "30.73070", "2016-09-30": "35.20330", "2016-06-30": "33.74480", "2016-03-31": "28.75950", "2015-12-31": "27.94780", "2015-09-30": "30.69490", "2015-06-30": "29.74210", "2015-03-31": "27.60870", "2014-12-31": "22.29400", "2014-09-30": "28.26330", "2014-06-30": "26.52410", "2014-03-31": "26.46200", "2013-12-31": "22.92500", "2013-09-30": "28.54490", "2013-06-30": "25.54430", "2013-03-31": "20.35280", "2012-12-31": "20.04430", "2012-09-30": "22.61770", "2012-06-30": "22.80930", "2012-03-31": "19.61060", "2011-12-31": "19.39570", "2011-09-30": "22.65600", "2011-06-30": "20.60250", "2011-03-31": "10.53270", "2010-12-31": "12.32650", "2010-09-30": "12.98670", "2010-06-30": "15.47770", "2010-03-31": "15.52830", "2009-12-31": "15.90950", "2009-09-30": "16.93110", "2009-06-30": "-0.72930", "2009-03-31": "1.03080", "2008-12-31": "0.48650", "2008-09-30": "3.91850", "2008-06-30": "14.65800", "2008-03-31": "10.29050", "2007-12-31": "13.55050", "2007-09-30": "12.51580", "2007-06-30": "15.25400", "2007-03-31": "9.31320", "2006-12-31": "11.03070", "2006-09-30": "11.66610", "2006-06-30": "13.91120", "2006-03-31": "4.95820", "2005-12-31": "13.62530", "2005-09-30": "11.63750", "2005-06-30": "10.28040", "2005-03-31": "13.61640"}, "EBIT Margin": {"2020-09-30": "23.35520", "2020-06-30": "19.68000", "2020-03-31": "15.72160", "2019-12-31": "16.39250", "2019-09-30": "21.56650", "2019-06-30": "17.87080", "2019-03-31": "19.05340", "2018-12-31": "23.74240", "2018-09-30": "25.35700", "2018-06-30": "25.15310", "2018-03-31": "21.31440", "2017-12-31": "30.23890", "2017-09-30": "33.42160", "2017-06-30": "31.95710", "2017-03-31": "29.07540", "2016-12-31": "30.73070", "2016-09-30": "35.20330", "2016-06-30": "33.74480", "2016-03-31": "28.75950", "2015-12-31": "27.94780", "2015-09-30": "30.69490", "2015-06-30": "29.74210", "2015-03-31": "27.60870", "2014-12-31": "22.29400", "2014-09-30": "28.26330", "2014-06-30": "26.52410", "2014-03-31": "26.46200", "2013-12-31": "22.92490", "2013-09-30": "28.54490", "2013-06-30": "25.54430", "2013-03-31": "20.35280", "2012-12-31": "20.04430", "2012-09-30": "22.61770", "2012-06-30": "22.80930", "2012-03-31": "19.61060", "2011-12-31": "19.39570", "2011-09-30": "22.65600", "2011-06-30": "20.60250", "2011-03-31": "10.53270", "2010-12-31": "12.32640", "2010-09-30": "12.98670", "2010-06-30": "15.47770", "2010-03-31": "15.52830", "2009-12-31": "15.90950", "2009-09-30": "16.93110", "2009-06-30": "-0.72930", "2009-03-31": "1.03080", "2008-12-31": "0.48650", "2008-09-30": "3.91850", "2008-06-30": "14.65800", "2008-03-31": "10.29050", "2007-12-31": "13.55050", "2007-09-30": "12.51580", "2007-06-30": "15.25400", "2007-03-31": "9.31320", "2006-12-31": "11.03070", "2006-09-30": "11.66610", "2006-06-30": "13.91120", "2006-03-31": "4.95820", "2005-12-31": "13.62530", "2005-09-30": "11.63750", "2005-06-30": "10.28040", "2005-03-31": "13.61640"}, "EBITDA Margin": {"2020-09-30": "", "2020-06-30": "", "2020-03-31": "", "2019-12-31": "", "2019-09-30": "", "2019-06-30": "", "2019-03-31": "", "2018-12-31": "", "2018-09-30": "", "2018-06-30": "", "2018-03-31": "", "2017-12-31": "", "2017-09-30": "", "2017-06-30": "", "2017-03-31": "", "2016-12-31": "", "2016-09-30": "", "2016-06-30": "", "2016-03-31": "", "2015-12-31": "", "2015-09-30": "", "2015-06-30": "", "2015-03-31": "", "2014-12-31": "", "2014-09-30": "", "2014-06-30": "", "2014-03-31": "", "2013-12-31": "", "2013-09-30": "", "2013-06-30": "", "2013-03-31": "", "2012-12-31": "", "2012-09-30": "", "2012-06-30": "", "2012-03-31": "", "2011-12-31": "", "2011-09-30": "", "2011-06-30": "", "2011-03-31": "", "2010-12-31": "", "2010-09-30": "", "2010-06-30": "", "2010-03-31": "", "2009-12-31": "", "2009-09-30": "", "2009-06-30": "", "2009-03-31": "", "2008-12-31": "", "2008-09-30": "", "2008-06-30": "", "2008-03-31": "", "2007-12-31": "", "2007-09-30": "", "2007-06-30": "", "2007-03-31": "", "2006-12-31": "", "2006-09-30": "", "2006-06-30": "", "2006-03-31": "", "2005-12-31": "", "2005-09-30": "", "2005-06-30": "", "2005-03-31": ""}, "Pre-Tax Profit Margin": {"2020-09-30": "22.76020", "2020-06-30": "19.56350", "2020-03-31": "16.64430", "2019-12-31": "16.25200", "2019-09-30": "22.06560", "2019-06-30": "17.82480", "2019-03-31": "18.80340", "2018-12-31": "23.11830", "2018-09-30": "26.43750", "2018-06-30": "25.84810", "2018-03-31": "21.86660", "2017-12-31": "29.83640", "2017-09-30": "33.55700", "2017-06-30": "31.91300", "2017-03-31": "28.81680", "2016-12-31": "31.01250", "2016-09-30": "35.34130", "2016-06-30": "34.16700", "2016-03-31": "29.10650", "2015-12-31": "28.06800", "2015-09-30": "31.11930", "2015-06-30": "30.00020", "2015-03-31": "27.80500", "2014-12-31": "22.94580", "2014-09-30": "28.21950", "2014-06-30": "26.77880", "2014-03-31": "26.25680", "2013-12-31": "22.81530", "2013-09-30": "29.05140", "2013-06-30": "26.75680", "2013-03-31": "20.50910", "2012-12-31": "20.60430", "2012-09-30": "22.36000", "2012-06-30": "23.66650", "2012-03-31": "19.47510", "2011-12-31": "20.17380", "2011-09-30": "23.66300", "2011-06-30": "20.98030", "2011-03-31": "10.55780", "2010-12-31": "12.66060", "2010-09-30": "12.73270", "2010-06-30": "15.86920", "2010-03-31": "14.85480", "2009-12-31": "15.30760", "2009-09-30": "17.32170", "2009-06-30": "-1.42100", "2009-03-31": "0.64780", "2008-12-31": "2.69000", "2008-09-30": "5.03890", "2008-06-30": "15.37630", "2008-03-31": "12.89570", "2007-12-31": "15.43190", "2007-09-30": "14.42980", "2007-06-30": "15.58650", "2007-03-31": "10.70980", "2006-12-31": "12.23150", "2006-09-30": "12.53730", "2006-06-30": "15.51710", "2006-03-31": "6.30560", "2005-12-31": "14.68810", "2005-09-30": "13.04510", "2005-06-30": "11.27280", "2005-03-31": "14.47780"}, "Net Profit Margin": {"2020-09-30": "16.67100", "2020-06-30": "14.15910", "2020-03-31": "14.63910", "2019-12-31": "10.95800", "2019-09-30": "16.70440", "2019-06-30": "13.55760", "2019-03-31": "14.13170", "2018-12-31": "17.95090", "2018-09-30": "19.98930", "2018-06-30": "19.50220", "2018-03-31": "17.34870", "2017-12-31": "17.01350", "2017-09-30": "21.32280", "2017-06-30": "20.20490", "2017-03-31": "19.66980", "2016-12-31": "20.27010", "2016-09-30": "22.00600", "2016-06-30": "21.52530", "2016-03-31": "18.33710", "2015-12-31": "18.64460", "2015-09-30": "19.60380", "2015-06-30": "18.69330", "2015-03-31": "17.37830", "2014-12-31": "15.60850", "2014-09-30": "17.78550", "2014-06-30": "16.80730", "2014-03-31": "16.47720", "2013-12-31": "15.65630", "2013-09-30": "18.26310", "2013-06-30": "16.97980", "2013-03-31": "13.82490", "2012-12-31": "13.07690", "2012-09-30": "14.40820", "2012-06-30": "15.14640", "2012-03-31": "12.46380", "2011-12-31": "12.59890", "2011-09-30": "17.37930", "2011-06-30": "13.95780", "2011-03-31": "9.99300", "2010-12-31": "9.01230", "2010-09-30": "8.42000", "2010-06-30": "10.54730", "2010-03-31": "9.72970", "2009-12-31": "9.45140", "2009-09-30": "16.82080", "2009-06-30": "-0.95190", "2009-03-31": "0.43070", "2008-12-31": "2.61460", "2008-09-30": "5.20810", "2008-06-30": "10.03320", "2008-03-31": "8.41450", "2007-12-31": "9.94670", "2007-09-30": "9.32150", "2007-06-30": "10.05370", "2007-03-31": "6.90750", "2006-12-31": "6.34510", "2006-09-30": "7.25190", "2006-06-30": "8.96650", "2006-03-31": "3.64420", "2005-12-31": "8.63430", "2005-09-30": "7.97020", "2005-06-30": "4.81020", "2005-03-31": "8.84790"}, "Asset Turnover": {"2020-09-30": "0.35910", "2020-06-30": "0.35660", "2020-03-31": "0.44220", "2019-12-31": "0.41080", "2019-09-30": "0.42670", "2019-06-30": "0.41470", "2019-03-31": "0.41280", "2018-12-31": "0.47000", "2018-09-30": "0.48920", "2018-06-30": "0.48500", "2018-03-31": "0.42510", "2017-12-31": "0.45740", "2017-09-30": "0.46860", "2017-06-30": "0.54130", "2017-03-31": "0.49940", "2016-12-31": "0.49670", "2016-09-30": "0.48160", "2016-06-30": "0.52710", "2016-03-31": "0.49430", "2015-12-31": "0.42570", "2015-09-30": "0.44090", "2015-06-30": "0.46320", "2015-03-31": "0.44460", "2014-12-31": "0.40990", "2014-09-30": "0.41230", "2014-06-30": "0.42450", "2014-03-31": "0.39060", "2013-12-31": "0.36130", "2013-09-30": "0.37500", "2013-06-30": "0.38130", "2013-03-31": "0.36520", "2012-12-31": "0.36420", "2012-09-30": "0.34750", "2012-06-30": "0.35730", "2012-03-31": "0.35410", "2011-12-31": "0.32180", "2011-09-30": "0.32580", "2011-06-30": "0.33020", "2011-03-31": "0.26380", "2010-12-31": "0.25500", "2010-09-30": "0.27460", "2010-06-30": "0.28680", "2010-03-31": "0.27350", "2009-12-31": "0.23470", "2009-09-30": "0.25530", "2009-06-30": "0.24200", "2009-03-31": "0.24290", "2008-12-31": "0.28000", "2008-09-30": "0.30130", "2008-06-30": "0.31780", "2008-03-31": "0.32530", "2007-12-31": "0.31290", "2007-09-30": "0.29940", "2007-06-30": "0.30350", "2007-03-31": "0.26670", "2006-12-31": "0.24090", "2006-09-30": "0.24660", "2006-06-30": "0.27290", "2006-03-31": "0.22960", "2005-12-31": "0.24290", "2005-09-30": "0.21560", "2005-06-30": "0.21550", "2005-03-31": "0.18830"}, "Inventory Turnover Ratio": {"2020-09-30": "", "2020-06-30": "", "2020-03-31": "", "2019-12-31": "", "2019-09-30": "", "2019-06-30": "", "2019-03-31": "", "2018-12-31": "", "2018-09-30": "", "2018-06-30": "", "2018-03-31": "", "2017-12-31": "", "2017-09-30": "", "2017-06-30": "", "2017-03-31": "", "2016-12-31": "", "2016-09-30": "", "2016-06-30": "", "2016-03-31": "", "2015-12-31": "", "2015-09-30": "", "2015-06-30": "", "2015-03-31": "", "2014-12-31": "", "2014-09-30": "", "2014-06-30": "", "2014-03-31": "", "2013-12-31": "", "2013-09-30": "", "2013-06-30": "", "2013-03-31": "", "2012-12-31": "", "2012-09-30": "", "2012-06-30": "", "2012-03-31": "", "2011-12-31": "", "2011-09-30": "", "2011-06-30": "", "2011-03-31": "", "2010-12-31": "", "2010-09-30": "", "2010-06-30": "", "2010-03-31": "", "2009-12-31": "", "2009-09-30": "", "2009-06-30": "", "2009-03-31": "", "2008-12-31": "", "2008-09-30": "", "2008-06-30": "", "2008-03-31": "", "2007-12-31": "", "2007-09-30": "", "2007-06-30": "", "2007-03-31": "", "2006-12-31": "", "2006-09-30": "", "2006-06-30": "", "2006-03-31": "", "2005-12-31": "", "2005-09-30": "", "2005-06-30": "", "2005-03-31": ""}, "Receiveable Turnover": {"2020-09-30": "1.42170", "2020-06-30": "1.25470", "2020-03-31": "1.36840", "2019-12-31": "1.51510", "2019-09-30": "1.49700", "2019-06-30": "1.53890", "2019-03-31": "1.38240", "2018-12-31": "1.43110", "2018-09-30": "1.53120", "2018-06-30": "1.43140", "2018-03-31": "1.53100", "2017-12-31": "1.56220", "2017-09-30": "1.57590", "2017-06-30": "1.60070", "2017-03-31": "1.70670", "2016-12-31": "1.47170", "2016-09-30": "1.53910", "2016-06-30": "1.66550", "2016-03-31": "1.78150", "2015-12-31": "1.45240", "2015-09-30": "1.54600", "2015-06-30": "1.67730", "2015-03-31": "1.60750", "2014-12-31": "1.50190", "2014-09-30": "1.42740", "2014-06-30": "1.38630", "2014-03-31": "1.70060", "2013-12-31": "1.51260", "2013-09-30": "1.58010", "2013-06-30": "1.49730", "2013-03-31": "1.62120", "2012-12-31": "1.53550", "2012-09-30": "1.30860", "2012-06-30": "1.45200", "2012-03-31": "1.45260", "2011-12-31": "1.36670", "2011-09-30": "1.50850", "2011-06-30": "1.61900", "2011-03-31": "1.50100", "2010-12-31": "1.43410", "2010-09-30": "1.51770", "2010-06-30": "1.62480", "2010-03-31": "1.73750", "2009-12-31": "1.63760", "2009-09-30": "1.56120", "2009-06-30": "1.45120", "2009-03-31": "1.31680", "2008-12-31": "1.18400", "2008-09-30": "1.16400", "2008-06-30": "1.17370", "2008-03-31": "1.10620", "2007-12-31": "1.17180", "2007-09-30": "1.15610", "2007-06-30": "1.26610", "2007-03-31": "1.24700", "2006-12-31": "1.24510", "2006-09-30": "1.37570", "2006-06-30": "1.49930", "2006-03-31": "1.23740", "2005-12-31": "1.13300", "2005-09-30": "1.14670", "2005-06-30": "1.31930", "2005-03-31": "1.13750"}, "Days Sales In Receivables": {"2020-09-30": "63.30600", "2020-06-30": "71.73130", "2020-03-31": "65.76890", "2019-12-31": "59.40230", "2019-09-30": "60.11850", "2019-06-30": "58.48210", "2019-03-31": "65.10390", "2018-12-31": "62.88710", "2018-09-30": "58.77680", "2018-06-30": "62.87460", "2018-03-31": "58.78620", "2017-12-31": "57.61000", "2017-09-30": "57.10900", "2017-06-30": "56.22480", "2017-03-31": "52.73460", "2016-12-31": "61.15270", "2016-09-30": "58.47430", "2016-06-30": "54.03650", "2016-03-31": "50.51860", "2015-12-31": "61.96570", "2015-09-30": "58.21380", "2015-06-30": "53.65810", "2015-03-31": "55.98590", "2014-12-31": "59.92590", "2014-09-30": "63.05190", "2014-06-30": "64.92080", "2014-03-31": "52.92310", "2013-12-31": "59.50090", "2013-09-30": "56.95690", "2013-06-30": "60.10970", "2013-03-31": "55.51530", "2012-12-31": "58.61200", "2012-09-30": "68.77730", "2012-06-30": "61.98240", "2012-03-31": "61.95840", "2011-12-31": "65.85030", "2011-09-30": "59.66040", "2011-06-30": "55.59110", "2011-03-31": "59.96030", "2010-12-31": "62.75570", "2010-09-30": "59.30000", "2010-06-30": "55.39150", "2010-03-31": "51.79910", "2009-12-31": "54.95820", "2009-09-30": "57.64800", "2009-06-30": "62.01650", "2009-03-31": "68.34820", "2008-12-31": "76.01540", "2008-09-30": "77.31850", "2008-06-30": "76.68050", "2008-03-31": "81.36320", "2007-12-31": "76.80700", "2007-09-30": "77.84630", "2007-06-30": "71.08400", "2007-03-31": "72.17040", "2006-12-31": "72.28590", "2006-09-30": "65.42280", "2006-06-30": "60.02890", "2006-03-31": "72.73390", "2005-12-31": "79.43380", "2005-09-30": "78.48620", "2005-06-30": "68.21900", "2005-03-31": "79.11980"}, "ROE - Return On Equity": {"2020-09-30": "13.28140", "2020-06-30": "12.56990", "2020-03-31": "17.89960", "2019-12-31": "11.77840", "2019-09-30": "17.87470", "2019-06-30": "13.52730", "2019-03-31": "14.42370", "2018-12-31": "17.61160", "2018-09-30": "20.37190", "2018-06-30": "21.40790", "2018-03-31": "15.31080", "2017-12-31": "14.01150", "2017-09-30": "16.77300", "2017-06-30": "19.75060", "2017-03-31": "19.08730", "2016-12-31": "17.66410", "2016-09-30": "17.90900", "2016-06-30": "19.05400", "2016-03-31": "15.70590", "2015-12-31": "13.48900", "2015-09-30": "14.65460", "2015-06-30": "14.14060", "2015-03-31": "12.97900", "2014-12-31": "11.18210", "2014-09-30": "12.10960", "2014-06-30": "11.68000", "2014-03-31": "10.53070", "2013-12-31": "9.27710", "2013-09-30": "11.13010", "2013-06-30": "10.39810", "2013-03-31": "8.19090", "2012-12-31": "7.72090", "2012-09-30": "8.14400", "2012-06-30": "8.67700", "2012-03-31": "6.98040", "2011-12-31": "6.49370", "2011-09-30": "9.22320", "2011-06-30": "7.22830", "2011-03-31": "4.01160", "2010-12-31": "3.50650", "2010-09-30": "3.52490", "2010-06-30": "4.51700", "2010-03-31": "3.97280", "2009-12-31": "3.20290", "2009-09-30": "6.22660", "2009-06-30": "-0.34120", "2009-03-31": "0.15360", "2008-12-31": "1.09990", "2008-09-30": "2.30140", "2008-06-30": "4.66350", "2008-03-31": "4.07430", "2007-12-31": "4.55240", "2007-09-30": "3.94830", "2007-06-30": "4.31930", "2007-03-31": "2.45100", "2006-12-31": "2.03000", "2006-09-30": "2.41310", "2006-06-30": "3.29070", "2006-03-31": "1.08050", "2005-12-31": "2.79210", "2005-09-30": "2.28330", "2005-06-30": "1.26940", "2005-03-31": "1.99960"}, "Return On Tangible Equity": {"2020-09-30": "19.85640", "2020-06-30": "21.21030", "2020-03-31": "35.40500", "2019-12-31": "20.93680", "2019-09-30": "30.31530", "2019-06-30": "22.63430", "2019-03-31": "25.21800", "2018-12-31": "30.52160", "2018-09-30": "36.74700", "2018-06-30": "41.29680", "2018-03-31": "26.43300", "2017-12-31": "21.75000", "2017-09-30": "24.67580", "2017-06-30": "32.63000", "2017-03-31": "32.95730", "2016-12-31": "27.92380", "2016-09-30": "26.84040", "2016-06-30": "29.57150", "2016-03-31": "24.37750", "2015-12-31": "19.78850", "2015-09-30": "21.77310", "2015-06-30": "21.37420", "2015-03-31": "19.90920", "2014-12-31": "16.99380", "2014-09-30": "18.72310", "2014-06-30": "18.05730", "2014-03-31": "16.21240", "2013-12-31": "14.11910", "2013-09-30": "17.17660", "2013-06-30": "16.55540", "2013-03-31": "13.25070", "2012-12-31": "12.56500", "2012-09-30": "12.86950", "2012-06-30": "14.02160", "2012-03-31": "11.28060", "2011-12-31": "10.54410", "2011-09-30": "15.02520", "2011-06-30": "11.41310", "2011-03-31": "6.19860", "2010-12-31": "5.35530", "2010-09-30": "5.51960", "2010-06-30": "7.00840", "2010-03-31": "6.20230", "2009-12-31": "4.99350", "2009-09-30": "9.99440", "2009-06-30": "-0.58090", "2009-03-31": "0.25540", "2008-12-31": "1.78000", "2008-09-30": "3.65930", "2008-06-30": "7.29720", "2008-03-31": "6.67740", "2007-12-31": "7.43350", "2007-09-30": "6.22580", "2007-06-30": "7.13480", "2007-03-31": "3.94690", "2006-12-31": "3.15810", "2006-09-30": "3.99090", "2006-06-30": "4.95850", "2006-03-31": "1.64420", "2005-12-31": "4.35860", "2005-09-30": "3.90150", "2005-06-30": "1.52330", "2005-03-31": "2.38160"}, "ROA - Return On Assets": {"2020-09-30": "5.98730", "2020-06-30": "5.04850", "2020-03-31": "6.47330", "2019-12-31": "4.50150", "2019-09-30": "7.12790", "2019-06-30": "5.62220", "2019-03-31": "5.83350", "2018-12-31": "8.43720", "2018-09-30": "9.77810", "2018-06-30": "9.45930", "2018-03-31": "7.37410", "2017-12-31": "7.78230", "2017-09-30": "9.99210", "2017-06-30": "10.93790", "2017-03-31": "9.82240", "2016-12-31": "10.06830", "2016-09-30": "10.59730", "2016-06-30": "11.34530", "2016-03-31": "9.06420", "2015-12-31": "7.93700", "2015-09-30": "8.64360", "2015-06-30": "8.65930", "2015-03-31": "7.72650", "2014-12-31": "6.39720", "2014-09-30": "7.33380", "2014-06-30": "7.13540", "2014-03-31": "6.43590", "2013-12-31": "5.65630", "2013-09-30": "6.84930", "2013-06-30": "6.47480", "2013-03-31": "5.04840", "2012-12-31": "4.76290", "2012-09-30": "5.00640", "2012-06-30": "5.41130", "2012-03-31": "4.41380", "2011-12-31": "4.05430", "2011-09-30": "5.66240", "2011-06-30": "4.60820", "2011-03-31": "2.63610", "2010-12-31": "2.29800", "2010-09-30": "2.31200", "2010-06-30": "3.02470", "2010-03-31": "2.66060", "2009-12-31": "2.21860", "2009-09-30": "4.29450", "2009-06-30": "-0.23040", "2009-03-31": "0.10460", "2008-12-31": "0.73200", "2008-09-30": "1.56940", "2008-06-30": "3.18850", "2008-03-31": "2.73750", "2007-12-31": "3.11200", "2007-09-30": "2.79080", "2007-06-30": "3.05130", "2007-03-31": "1.84230", "2006-12-31": "1.52880", "2006-09-30": "1.78830", "2006-06-30": "2.44680", "2006-03-31": "0.83680", "2005-12-31": "2.09770", "2005-09-30": "1.71850", "2005-06-30": "1.03670", "2005-03-31": "1.66590"}, "ROI - Return On Investment": {"2020-09-30": "13.28140", "2020-06-30": "12.56990", "2020-03-31": "17.89960", "2019-12-31": "11.77840", "2019-09-30": "17.87470", "2019-06-30": "13.52730", "2019-03-31": "14.42370", "2018-12-31": "17.61160", "2018-09-30": "20.37190", "2018-06-30": "21.40790", "2018-03-31": "15.31080", "2017-12-31": "14.01150", "2017-09-30": "16.77300", "2017-06-30": "19.75060", "2017-03-31": "19.08730", "2016-12-31": "17.66410", "2016-09-30": "17.90900", "2016-06-30": "19.05400", "2016-03-31": "15.70590", "2015-12-31": "13.48900", "2015-09-30": "14.65460", "2015-06-30": "14.14060", "2015-03-31": "12.97900", "2014-12-31": "11.18210", "2014-09-30": "12.10960", "2014-06-30": "11.68000", "2014-03-31": "10.53070", "2013-12-31": "9.27710", "2013-09-30": "11.13010", "2013-06-30": "10.39810", "2013-03-31": "8.19090", "2012-12-31": "7.72090", "2012-09-30": "8.14400", "2012-06-30": "8.67700", "2012-03-31": "6.98040", "2011-12-31": "6.49370", "2011-09-30": "9.22320", "2011-06-30": "7.22830", "2011-03-31": "4.01160", "2010-12-31": "3.50650", "2010-09-30": "3.52490", "2010-06-30": "4.51700", "2010-03-31": "3.97280", "2009-12-31": "3.20290", "2009-09-30": "6.22660", "2009-06-30": "-0.34120", "2009-03-31": "0.15360", "2008-12-31": "1.09990", "2008-09-30": "2.30140", "2008-06-30": "4.66350", "2008-03-31": "4.07430", "2007-12-31": "4.55240", "2007-09-30": "3.94830", "2007-06-30": "4.31930", "2007-03-31": "2.45100", "2006-12-31": "2.03000", "2006-09-30": "2.41310", "2006-06-30": "3.29070", "2006-03-31": "1.08050", "2005-12-31": "2.79210", "2005-09-30": "2.28290", "2005-06-30": "1.26900", "2005-03-31": "1.99870"}, "Book Value Per Share": {"2020-09-30": "2.95910", "2020-06-30": "2.40520", "2020-03-31": "1.98230", "2019-12-31": "2.24210", "2019-09-30": "2.37320", "2019-06-30": "2.40490", "2019-03-31": "2.25100", "2018-12-31": "2.26870", "2018-09-30": "2.13650", "2018-06-30": "1.96540", "2018-03-31": "2.21420", "2017-12-31": "2.58140", "2017-09-30": "2.81960", "2017-06-30": "2.28780", "2017-03-31": "2.12930", "2016-12-31": "2.41150", "2016-09-30": "2.62730", "2016-06-30": "2.44370", "2016-03-31": "2.42550", "2015-12-31": "2.68660", "2015-09-30": "2.60540", "2015-06-30": "2.50460", "2015-03-31": "2.42250", "2014-12-31": "2.45630", "2014-09-30": "2.47150", "2014-06-30": "2.34710", "2014-03-31": "2.34320", "2013-12-31": "2.37760", "2013-09-30": "2.30170", "2013-06-30": "2.16750", "2013-03-31": "2.09340", "2012-12-31": "2.05790", "2012-09-30": "2.12950", "2012-06-30": "2.03930", "2012-03-31": "2.01060", "2011-12-31": "1.98470", "2011-09-30": "1.97340", "2011-06-30": "2.02190", "2011-03-31": "2.06560", "2010-12-31": "2.11460", "2010-09-30": "2.04280", "2010-06-30": "2.04450", "2010-03-31": "2.02520", "2009-12-31": "2.04040", "2009-09-30": "1.95870", "2009-06-30": "1.81050", "2009-03-31": "1.84840", "2008-12-31": "1.90660", "2008-09-30": "1.93250", "2008-06-30": "1.97190", "2008-03-31": "1.85550", "2007-12-31": "1.86450", "2007-09-30": "1.94250", "2007-06-30": "1.98430", "2007-03-31": "2.03620", "2006-12-31": "2.14720", "2006-09-30": "2.01370", "2006-06-30": "1.96290", "2006-03-31": "1.93040", "2005-12-31": "1.88740", "2005-09-30": "1.95580", "2005-06-30": "2.02860", "2005-03-31": "2.10500"}, "Operating Cash Flow Per Share": {"2020-09-30": 0.655, "2020-06-30": 0.7616, "2020-03-31": "0.18010", "2019-12-31": 0.5279, "2019-09-30": 0.6162, "2019-06-30": 0.5728, "2019-03-31": "0.53960", "2018-12-31": 0.4997, "2018-09-30": 0.5444, "2018-06-30": 0.266, "2018-03-31": "0.75740", "2017-12-31": 0.6761, "2017-09-30": 0.6414, "2017-06-30": 0.1734, "2017-03-31": "0.87230", "2016-12-31": 0.5191, "2016-09-30": 0.5908, "2016-06-30": 0.2703, "2016-03-31": "0.55360", "2015-12-31": 0.4836, "2015-09-30": 0.5634, "2015-06-30": 0.3725, "2015-03-31": "0.20340", "2014-12-31": 0.5298, "2014-09-30": 0.4352, "2014-06-30": 0.0273, "2014-03-31": "0.24930", "2013-12-31": 0.291, "2013-09-30": 0.4242, "2013-06-30": 0.1765, "2013-03-31": "0.25530", "2012-12-31": 0.2899, "2012-09-30": 0.2213, "2012-06-30": 0.2589, "2012-03-31": "0.15820", "2011-12-31": 0.1643, "2011-09-30": 0.2081, "2011-06-30": 0.1852, "2011-03-31": "0.09180", "2010-12-31": 0.1556, "2010-09-30": 0.139, "2010-06-30": 0.1082, "2010-03-31": "0.15370", "2009-12-31": 0.2076, "2009-09-30": 0.1759, "2009-06-30": 0.1251, "2009-03-31": "0.13780", "2008-12-31": 0.1928, "2008-09-30": 0.1901, "2008-06-30": 0.2117, "2008-03-31": "0.06140", "2007-12-31": 0.1403, "2007-09-30": 0.0638, "2007-06-30": 0.1205, "2007-03-31": "0.02550", "2006-12-31": 0.0179, "2006-09-30": 0.0903, "2006-06-30": 0.197, "2006-03-31": "0.08910", "2005-12-31": 0.0362, "2005-09-30": 0.0775, "2005-06-30": 0.1242, "2005-03-31": "0.04700"}, "Free Cash Flow Per Share": {"2020-09-30": 0.6523, "2020-06-30": 0.7536, "2020-03-31": "0.16080", "2019-12-31": 0.4693, "2019-09-30": 0.4923, "2019-06-30": 0.5314, "2019-03-31": "0.53020", "2018-12-31": 0.4737, "2018-09-30": 0.5213, "2018-06-30": 0.2372, "2018-03-31": "0.72530", "2017-12-31": 0.6432, "2017-09-30": 0.624, "2017-06-30": 0.1457, "2017-03-31": "0.86110", "2016-12-31": 0.5002, "2016-09-30": 0.5716, "2016-06-30": 0.2395, "2016-03-31": "0.52750", "2015-12-31": 0.4587, "2015-09-30": 0.5108, "2015-06-30": 0.3362, "2015-03-31": "0.16190", "2014-12-31": 0.4941, "2014-09-30": 0.3938, "2014-06-30": -0.0047, "2014-03-31": "0.23420", "2013-12-31": 0.2715, "2013-09-30": 0.4038, "2013-06-30": 0.1632, "2013-03-31": "0.24770", "2012-12-31": 0.2466, "2012-09-30": 0.2075, "2012-06-30": 0.2407, "2012-03-31": "0.13640", "2011-12-31": 0.1486, "2011-09-30": 0.1876, "2011-06-30": 0.1775, "2011-03-31": "0.07660", "2010-12-31": 0.1393, "2010-09-30": 0.1196, "2010-06-30": 0.0915, "2010-03-31": "0.14070", "2009-12-31": 0.2006, "2009-09-30": 0.1717, "2009-06-30": 0.1194, "2009-03-31": "0.12830", "2008-12-31": 0.1829, "2008-09-30": 0.1768, "2008-06-30": 0.183, "2008-03-31": "0.03410", "2007-12-31": 0.1281, "2007-09-30": 0.0483, "2007-06-30": 0.0881, "2007-03-31": "-0.00040", "2006-12-31": 0.0003, "2006-09-30": 0.0655, "2006-06-30": 0.1731, "2006-03-31": "0.06930", "2005-12-31": 0.027, "2005-09-30": 0.0533, "2005-06-30": 0.1059, "2005-03-31": "0.02630"}}, "revenue": {"Manhattan Associates Annual Revenue (Millions of US $)": {"2020": "$586", "2019": "$618", "2018": "$559", "2017": "$595", "2016": "$605", "2015": "$556", "2014": "$492", "2013": "$415", "2012": "$376", "2011": "$329", "2010": "$297", "2009": "$247", "2008": "$337", "2007": "$337", "2006": "$289", "2005": "$246"}, "Manhattan Associates Quarterly Revenue (Millions of US $)": {"2020-12-31": "$147", "2020-09-30": "$150", "2020-06-30": "$136", "2020-03-31": "$154", "2019-12-31": "$153", "2019-09-30": "$162", "2019-06-30": "$154", "2019-03-31": "$148", "2018-12-31": "$144", "2018-09-30": "$142", "2018-06-30": "$142", "2018-03-31": "$131", "2017-12-31": "$144", "2017-09-30": "$153", "2017-06-30": "$154", "2017-03-31": "$143", "2016-12-31": "$148", "2016-09-30": "$152", "2016-06-30": "$155", "2016-03-31": "$150", "2015-12-31": "$141", "2015-09-30": "$142", "2015-06-30": "$139", "2015-03-31": "$134", "2014-12-31": "$130", "2014-09-30": "$126", "2014-06-30": "$123", "2014-03-31": "$114", "2013-12-31": "$108", "2013-09-30": "$108", "2013-06-30": "$103", "2013-03-31": "$97", "2012-12-31": "$95", "2012-09-30": "$96", "2012-06-30": "$94", "2012-03-31": "$91", "2011-12-31": "$84", "2011-09-30": "$86", "2011-06-30": "$88", "2011-03-31": "$72", "2010-12-31": "$72", "2010-09-30": "$74", "2010-06-30": "$78", "2010-03-31": "$74", "2009-12-31": "$62", "2009-09-30": "$65", "2009-06-30": "$58", "2009-03-31": "$61", "2008-12-31": "$76", "2008-09-30": "$83", "2008-06-30": "$90", "2008-03-31": "$88", "2007-12-31": "$85", "2007-09-30": "$85", "2007-06-30": "$90", "2007-03-31": "$78", "2006-12-31": "$76", "2006-09-30": "$72", "2006-06-30": "$78", "2006-03-31": "$63", "2005-12-31": "$66", "2005-09-30": "$62", "2005-06-30": "$61", "2005-03-31": "$56"}}, "gross-profit": {"Manhattan Associates Annual Gross Profit (Millions of US $)": {"2020": "$316", "2019": "$333", "2018": "$318", "2017": "$349", "2016": "$355", "2015": "$321", "2014": "$280", "2013": "$233", "2012": "$215", "2011": "$190", "2010": "$168", "2009": "$139", "2008": "$185", "2007": "$190", "2006": "$165", "2005": "$145"}, "Manhattan Associates Quarterly Gross Profit (Millions of US $)": {"2020-12-31": "$80", "2020-09-30": "$85", "2020-06-30": "$73", "2020-03-31": "$79", "2019-12-31": "$81", "2019-09-30": "$88", "2019-06-30": "$83", "2019-03-31": "$81", "2018-12-31": "$82", "2018-09-30": "$81", "2018-06-30": "$83", "2018-03-31": "$73", "2017-12-31": "$85", "2017-09-30": "$90", "2017-06-30": "$92", "2017-03-31": "$82", "2016-12-31": "$87", "2016-09-30": "$91", "2016-06-30": "$92", "2016-03-31": "$85", "2015-12-31": "$81", "2015-09-30": "$84", "2015-06-30": "$80", "2015-03-31": "$75", "2014-12-31": "$72", "2014-09-30": "$72", "2014-06-30": "$70", "2014-03-31": "$66", "2013-12-31": "$59", "2013-09-30": "$63", "2013-06-30": "$58", "2013-03-31": "$54", "2012-12-31": "$52", "2012-09-30": "$55", "2012-06-30": "$54", "2012-03-31": "$54", "2011-12-31": "$49", "2011-09-30": "$50", "2011-06-30": "$53", "2011-03-31": "$39", "2010-12-31": "$39", "2010-09-30": "$41", "2010-06-30": "$45", "2010-03-31": "$43", "2009-12-31": "$37", "2009-09-30": "$39", "2009-06-30": "$32", "2009-03-31": "$32", "2008-12-31": "$41", "2008-09-30": "$45", "2008-06-30": "$52", "2008-03-31": "$48", "2007-12-31": "$48", "2007-09-30": "$47", "2007-06-30": "$52", "2007-03-31": "$43", "2006-12-31": "$45", "2006-09-30": "$41", "2006-06-30": "$45", "2006-03-31": "$34", "2005-12-31": "$39", "2005-09-30": "$36", "2005-06-30": "$37", "2005-03-31": "$33"}}, "operating-income": {"Manhattan Associates Annual Operating Income (Millions of US $)": {"2020": "$114", "2019": "$116", "2018": "$134", "2017": "$186", "2016": "$194", "2015": "$161", "2014": "$127", "2013": "$101", "2012": "$80", "2011": "$61", "2010": "$42", "2009": "$21", "2008": "$26", "2007": "$43", "2006": "$31", "2005": "$30"}, "Manhattan Associates Quarterly Operating Income (Millions of US $)": {"2020-12-31": "$28", "2020-09-30": "$35", "2020-06-30": "$27", "2020-03-31": "$24", "2019-12-31": "$25", "2019-09-30": "$35", "2019-06-30": "$28", "2019-03-31": "$28", "2018-12-31": "$34", "2018-09-30": "$36", "2018-06-30": "$36", "2018-03-31": "$28", "2017-12-31": "$44", "2017-09-30": "$51", "2017-06-30": "$49", "2017-03-31": "$42", "2016-12-31": "$45", "2016-09-30": "$54", "2016-06-30": "$52", "2016-03-31": "$43", "2015-12-31": "$40", "2015-09-30": "$44", "2015-06-30": "$41", "2015-03-31": "$37", "2014-12-31": "$29", "2014-09-30": "$36", "2014-06-30": "$33", "2014-03-31": "$30", "2013-12-31": "$25", "2013-09-30": "$31", "2013-06-30": "$26", "2013-03-31": "$20", "2012-12-31": "$19", "2012-09-30": "$22", "2012-06-30": "$21", "2012-03-31": "$18", "2011-12-31": "$16", "2011-09-30": "$19", "2011-06-30": "$18", "2011-03-31": "$8", "2010-12-31": "$9", "2010-09-30": "$10", "2010-06-30": "$12", "2010-03-31": "$11", "2009-12-31": "$10", "2009-09-30": "$11", "2009-06-30": "$-0", "2009-03-31": "$1", "2008-12-31": "$0", "2008-09-30": "$3", "2008-06-30": "$13", "2008-03-31": "$9", "2007-12-31": "$12", "2007-09-30": "$11", "2007-06-30": "$14", "2007-03-31": "$7", "2006-12-31": "$8", "2006-09-30": "$8", "2006-06-30": "$11", "2006-03-31": "$3", "2005-12-31": "$9", "2005-09-30": "$7", "2005-06-30": "$6", "2005-03-31": "$8"}}, "ebitda": {"Manhattan Associates Annual EBITDA (Millions of US $)": {"2019": "$124", "2018": "$143", "2017": "$195", "2016": "$203", "2015": "$169", "2014": "$134", "2013": "$107", "2012": "$86", "2011": "$69", "2010": "$51", "2009": "$33", "2008": "$39", "2007": "$57", "2006": "$44", "2005": "$42"}, "Manhattan Associates Quarterly EBITDA (Millions of US $)": {"2020-09-30": "$37", "2020-06-30": "$29", "2020-03-31": "$27", "2019-12-31": "$27", "2019-09-30": "$37", "2019-06-30": "$29", "2019-03-31": "$30", "2018-12-31": "$36", "2018-09-30": "$38", "2018-06-30": "$38", "2018-03-31": "$30", "2017-12-31": "$46", "2017-09-30": "$53", "2017-06-30": "$52", "2017-03-31": "$44", "2016-12-31": "$48", "2016-09-30": "$56", "2016-06-30": "$55", "2016-03-31": "$45", "2015-12-31": "$42", "2015-09-30": "$46", "2015-06-30": "$43", "2015-03-31": "$39", "2014-12-31": "$31", "2014-09-30": "$37", "2014-06-30": "$34", "2014-03-31": "$32", "2013-12-31": "$26", "2013-09-30": "$32", "2013-06-30": "$28", "2013-03-31": "$21", "2012-12-31": "$21", "2012-09-30": "$23", "2012-06-30": "$23", "2012-03-31": "$19", "2011-12-31": "$18", "2011-09-30": "$21", "2011-06-30": "$20", "2011-03-31": "$10", "2010-12-31": "$11", "2010-09-30": "$12", "2010-06-30": "$14", "2010-03-31": "$14", "2009-12-31": "$12", "2009-09-30": "$14", "2009-06-30": "$3", "2009-03-31": "$4", "2008-12-31": "$4", "2008-09-30": "$6", "2008-06-30": "$16", "2008-03-31": "$12", "2007-12-31": "$15", "2007-09-30": "$14", "2007-06-30": "$17", "2007-03-31": "$11", "2006-12-31": "$12", "2006-09-30": "$12", "2006-06-30": "$14", "2006-03-31": "$6", "2005-12-31": "$12", "2005-09-30": "$10", "2005-06-30": "$9", "2005-03-31": "$10"}}, "net-income": {"Manhattan Associates Annual Net Income (Millions of US $)": {"2020": "$87", "2019": "$86", "2018": "$105", "2017": "$116", "2016": "$124", "2015": "$103", "2014": "$82", "2013": "$67", "2012": "$52", "2011": "$45", "2010": "$28", "2009": "$17", "2008": "$23", "2007": "$31", "2006": "$19", "2005": "$19"}, "Manhattan Associates Quarterly Net Income (Millions of US $)": {"2020-12-31": "$21", "2020-09-30": "$25", "2020-06-30": "$19", "2020-03-31": "$23", "2019-12-31": "$17", "2019-09-30": "$27", "2019-06-30": "$21", "2019-03-31": "$21", "2018-12-31": "$26", "2018-09-30": "$28", "2018-06-30": "$28", "2018-03-31": "$23", "2017-12-31": "$25", "2017-09-30": "$33", "2017-06-30": "$31", "2017-03-31": "$28", "2016-12-31": "$30", "2016-09-30": "$33", "2016-06-30": "$33", "2016-03-31": "$27", "2015-12-31": "$26", "2015-09-30": "$28", "2015-06-30": "$26", "2015-03-31": "$23", "2014-12-31": "$20", "2014-09-30": "$22", "2014-06-30": "$21", "2014-03-31": "$19", "2013-12-31": "$17", "2013-09-30": "$20", "2013-06-30": "$17", "2013-03-31": "$13", "2012-12-31": "$12", "2012-09-30": "$14", "2012-06-30": "$14", "2012-03-31": "$11", "2011-12-31": "$11", "2011-09-30": "$15", "2011-06-30": "$12", "2011-03-31": "$7", "2010-12-31": "$6", "2010-09-30": "$6", "2010-06-30": "$8", "2010-03-31": "$7", "2009-12-31": "$6", "2009-09-30": "$11", "2009-06-30": "$-1", "2009-03-31": "$0", "2008-12-31": "$2", "2008-09-30": "$4", "2008-06-30": "$9", "2008-03-31": "$7", "2007-12-31": "$8", "2007-09-30": "$8", "2007-06-30": "$9", "2007-03-31": "$5", "2006-12-31": "$5", "2006-09-30": "$5", "2006-06-30": "$7", "2006-03-31": "$2", "2005-12-31": "$6", "2005-09-30": "$5", "2005-06-30": "$3", "2005-03-31": "$5"}}, "eps-earnings-per-share-diluted": {"Manhattan Associates Annual EPS": {"2020": "$1.36", "2019": "$1.32", "2018": "$1.58", "2017": "$1.68", "2016": "$1.72", "2015": "$1.40", "2014": "$1.08", "2013": "$0.86", "2012": "$0.64", "2011": "$0.52", "2010": "$0.31", "2009": "$0.18", "2008": "$0.24", "2007": "$0.28", "2006": "$0.17", "2005": "$0.16"}, "Manhattan Associates Quarterly EPS": {"2020-12-31": "$0.32", "2020-09-30": "$0.39", "2020-06-30": "$0.30", "2020-03-31": "$0.35", "2019-12-31": "$0.26", "2019-09-30": "$0.42", "2019-06-30": "$0.32", "2019-03-31": "$0.32", "2018-12-31": "$0.40", "2018-09-30": "$0.43", "2018-06-30": "$0.42", "2018-03-31": "$0.33", "2017-12-31": "$0.36", "2017-09-30": "$0.47", "2017-06-30": "$0.45", "2017-03-31": "$0.40", "2016-12-31": "$0.41", "2016-09-30": "$0.47", "2016-06-30": "$0.46", "2016-03-31": "$0.38", "2015-12-31": "$0.36", "2015-09-30": "$0.38", "2015-06-30": "$0.35", "2015-03-31": "$0.31", "2014-12-31": "$0.27", "2014-09-30": "$0.30", "2014-06-30": "$0.27", "2014-03-31": "$0.24", "2013-12-31": "$0.22", "2013-09-30": "$0.25", "2013-06-30": "$0.22", "2013-03-31": "$0.17", "2012-12-31": "$0.16", "2012-09-30": "$0.17", "2012-06-30": "$0.18", "2012-03-31": "$0.14", "2011-12-31": "$0.12", "2011-09-30": "$0.18", "2011-06-30": "$0.14", "2011-03-31": "$0.08", "2010-12-31": "$0.07", "2010-09-30": "$0.07", "2010-06-30": "$0.09", "2010-03-31": "$0.08", "2009-12-31": "$0.06", "2009-09-30": "$0.13", "2009-06-30": "$-0.01", "2009-03-31": "$0.00", "2008-12-31": "$0.02", "2008-09-30": "$0.05", "2008-06-30": "$0.09", "2008-03-31": "$0.08", "2007-12-31": "$0.08", "2007-09-30": "$0.07", "2007-06-30": "$0.08", "2007-03-31": "$0.05", "2006-12-31": "$0.04", "2006-09-30": "$0.05", "2006-06-30": "$0.06", "2006-03-31": "$0.02", "2005-12-31": "$0.05", "2005-09-30": "$0.04", "2005-06-30": "$0.03", "2005-03-31": "$0.04"}}, "shares-outstanding": {"Manhattan Associates Annual Shares Outstanding (Millions of Shares)": {"2020": "64", "2019": "65", "2018": "66", "2017": "69", "2016": "72", "2015": "74", "2014": "76", "2013": "78", "2012": "81", "2011": "86", "2010": "90", "2009": "90", "2008": "97", "2007": "109", "2006": "112", "2005": "117"}, "Manhattan Associates Quarterly Shares Outstanding (Millions of Shares)": {"2020-12-31": "64", "2020-09-30": "64", "2020-06-30": "64", "2020-03-31": "64", "2019-12-31": "65", "2019-09-30": "65", "2019-06-30": "65", "2019-03-31": "65", "2018-12-31": "66", "2018-09-30": "66", "2018-06-30": "67", "2018-03-31": "68", "2017-12-31": "69", "2017-09-30": "69", "2017-06-30": "69", "2017-03-31": "70", "2016-12-31": "72", "2016-09-30": "72", "2016-06-30": "72", "2016-03-31": "73", "2015-12-31": "74", "2015-09-30": "74", "2015-06-30": "74", "2015-03-31": "75", "2014-12-31": "76", "2014-09-30": "75", "2014-06-30": "76", "2014-03-31": "77", "2013-12-31": "78", "2013-09-30": "78", "2013-06-30": "78", "2013-03-31": "79", "2012-12-31": "81", "2012-09-30": "81", "2012-06-30": "81", "2012-03-31": "83", "2011-12-31": "86", "2011-09-30": "85", "2011-06-30": "87", "2011-03-31": "88", "2010-12-31": "90", "2010-09-30": "88", "2010-06-30": "91", "2010-03-31": "90", "2009-12-31": "90", "2009-09-30": "89", "2009-06-30": "90", "2009-03-31": "92", "2008-12-31": "97", "2008-09-30": "98", "2008-06-30": "99", "2008-03-31": "100", "2007-12-31": "109", "2007-09-30": "108", "2007-06-30": "111", "2007-03-31": "114", "2006-12-31": "112", "2006-09-30": "110", "2006-06-30": "110", "2006-03-31": "111", "2005-12-31": "117", "2005-09-30": "116", "2005-06-30": "119", "2005-03-31": "121"}}, "total-assets": {"Manhattan Associates Annual Total Assets (Millions of US $)": {"2019": "$372", "2018": "$307", "2017": "$315", "2016": "$297", "2015": "$332", "2014": "$318", "2013": "$298", "2012": "$262", "2011": "$260", "2010": "$280", "2009": "$265", "2008": "$270", "2007": "$272", "2006": "$315", "2005": "$273"}, "Manhattan Associates Quarterly Total Assets (Millions of US $)": {"2020-09-30": "$417", "2020-06-30": "$380", "2020-03-31": "$348", "2019-12-31": "$372", "2019-09-30": "$380", "2019-06-30": "$372", "2019-03-31": "$360", "2018-12-31": "$307", "2018-09-30": "$291", "2018-06-30": "$292", "2018-03-31": "$307", "2017-12-31": "$315", "2017-09-30": "$326", "2017-06-30": "$285", "2017-03-31": "$287", "2016-12-31": "$297", "2016-09-30": "$316", "2016-06-30": "$294", "2016-03-31": "$303", "2015-12-31": "$332", "2015-09-30": "$323", "2015-06-30": "$300", "2015-03-31": "$300", "2014-12-31": "$318", "2014-09-30": "$305", "2014-06-30": "$289", "2014-03-31": "$291", "2013-12-31": "$298", "2013-09-30": "$287", "2013-06-30": "$269", "2013-03-31": "$265", "2012-12-31": "$262", "2012-09-30": "$276", "2012-06-30": "$262", "2012-03-31": "$258", "2011-12-31": "$260", "2011-09-30": "$263", "2011-06-30": "$268", "2011-03-31": "$272", "2010-12-31": "$280", "2010-09-30": "$270", "2010-06-30": "$271", "2010-03-31": "$270", "2009-12-31": "$265", "2009-09-30": "$256", "2009-06-30": "$241", "2009-03-31": "$250", "2008-12-31": "$270", "2008-09-30": "$275", "2008-06-30": "$285", "2008-03-31": "$271", "2007-12-31": "$272", "2007-09-30": "$283", "2007-06-30": "$295", "2007-03-31": "$293", "2006-12-31": "$315", "2006-09-30": "$293", "2006-06-30": "$285", "2006-03-31": "$273", "2005-12-31": "$273", "2005-09-30": "$289", "2005-06-30": "$285", "2005-03-31": "$299"}}, "cash-on-hand": {"Manhattan Associates Annual Cash on Hand (Millions of US $)": {"2019": "$111", "2018": "$101", "2017": "$126", "2016": "$96", "2015": "$129", "2014": "$124", "2013": "$133", "2012": "$103", "2011": "$98", "2010": "$125", "2009": "$120", "2008": "$86", "2007": "$63", "2006": "$109", "2005": "$56"}, "Manhattan Associates Quarterly Cash on Hand (Millions of US $)": {"2020-09-30": "$166", "2020-06-30": "$124", "2020-03-31": "$75", "2019-12-31": "$111", "2019-09-30": "$114", "2019-06-30": "$119", "2019-03-31": "$105", "2018-12-31": "$101", "2018-09-30": "$94", "2018-06-30": "$83", "2018-03-31": "$119", "2017-12-31": "$126", "2017-09-30": "$130", "2017-06-30": "$87", "2017-03-31": "$101", "2016-12-31": "$96", "2016-09-30": "$111", "2016-06-30": "$95", "2016-03-31": "$115", "2015-12-31": "$129", "2015-09-30": "$119", "2015-06-30": "$108", "2015-03-31": "$107", "2014-12-31": "$124", "2014-09-30": "$112", "2014-06-30": "$101", "2014-03-31": "$126", "2013-12-31": "$133", "2013-09-30": "$126", "2013-06-30": "$107", "2013-03-31": "$109", "2012-12-31": "$103", "2012-09-30": "$107", "2012-06-30": "$101", "2012-03-31": "$97", "2011-12-31": "$98", "2011-09-30": "$101", "2011-06-30": "$109", "2011-03-31": "$118", "2010-12-31": "$125", "2010-09-30": "$114", "2010-06-30": "$118", "2010-03-31": "$120", "2009-12-31": "$120", "2009-09-30": "$103", "2009-06-30": "$88", "2009-03-31": "$86", "2008-12-31": "$86", "2008-09-30": "$80", "2008-06-30": "$77", "2008-03-31": "$48", "2007-12-31": "$63", "2007-09-30": "$69", "2007-06-30": "$80", "2007-03-31": "$92", "2006-12-31": "$109", "2006-09-30": "$93", "2006-06-30": "$84", "2006-03-31": "$71", "2005-12-31": "$56", "2005-09-30": "$65", "2005-06-30": "$130", "2005-03-31": "$132"}}, "long-term-debt": {"Manhattan Associates Annual Long Term Debt (Millions of US $)": {"2019": "$", "2018": "$", "2017": "$", "2016": "$", "2015": "$", "2014": "$", "2013": "$", "2012": "$", "2011": "$", "2010": "$", "2009": "$", "2008": "$", "2007": "$", "2006": "$", "2005": "$"}, "Manhattan Associates Quarterly Long Term Debt (Millions of US $)": {"2020-09-30": "", "2020-06-30": "", "2020-03-31": "", "2019-12-31": "", "2019-09-30": "", "2019-06-30": "", "2019-03-31": "", "2018-12-31": "", "2018-09-30": "", "2018-06-30": "", "2018-03-31": "", "2017-12-31": "", "2017-09-30": "", "2017-06-30": "", "2017-03-31": "", "2016-12-31": "", "2016-09-30": "", "2016-06-30": "", "2016-03-31": "", "2015-12-31": "", "2015-09-30": "", "2015-06-30": "", "2015-03-31": "", "2014-12-31": "", "2014-09-30": "", "2014-06-30": "", "2014-03-31": "", "2013-12-31": "", "2013-09-30": "", "2013-06-30": "", "2013-03-31": "", "2012-12-31": "", "2012-09-30": "", "2012-06-30": "", "2012-03-31": "", "2011-12-31": "", "2011-09-30": "", "2011-06-30": "", "2011-03-31": "", "2010-12-31": "", "2010-09-30": "", "2010-06-30": "", "2010-03-31": "", "2009-12-31": "", "2009-09-30": "", "2009-06-30": "", "2009-03-31": "", "2008-12-31": "", "2008-09-30": "", "2008-06-30": "", "2008-03-31": "", "2007-12-31": "", "2007-09-30": "", "2007-06-30": "", "2007-03-31": "", "2006-12-31": "", "2006-09-30": "", "2006-06-30": "", "2006-03-31": "", "2005-12-31": "", "2005-09-30": "$0", "2005-06-30": "$0", "2005-03-31": "$0"}}, "total-liabilities": {"Manhattan Associates Annual Total Liabilities (Millions of US $)": {"2019": "$230", "2018": "$160", "2017": "$140", "2016": "$128", "2015": "$137", "2014": "$136", "2013": "$116", "2012": "$100", "2011": "$98", "2010": "$97", "2009": "$81", "2008": "$90", "2007": "$86", "2006": "$78", "2005": "$68"}, "Manhattan Associates Quarterly Total Liabilities (Millions of US $)": {"2020-09-30": "$229", "2020-06-30": "$228", "2020-03-31": "$222", "2019-12-31": "$230", "2019-09-30": "$229", "2019-06-30": "$217", "2019-03-31": "$214", "2018-12-31": "$160", "2018-09-30": "$151", "2018-06-30": "$163", "2018-03-31": "$159", "2017-12-31": "$140", "2017-09-30": "$132", "2017-06-30": "$127", "2017-03-31": "$139", "2016-12-31": "$128", "2016-09-30": "$129", "2016-06-30": "$119", "2016-03-31": "$128", "2015-12-31": "$137", "2015-09-30": "$132", "2015-06-30": "$116", "2015-03-31": "$122", "2014-12-31": "$136", "2014-09-30": "$120", "2014-06-30": "$112", "2014-03-31": "$113", "2013-12-31": "$116", "2013-09-30": "$111", "2013-06-30": "$101", "2013-03-31": "$101", "2012-12-31": "$100", "2012-09-30": "$106", "2012-06-30": "$99", "2012-03-31": "$95", "2011-12-31": "$98", "2011-09-30": "$101", "2011-06-30": "$97", "2011-03-31": "$93", "2010-12-31": "$97", "2010-09-30": "$93", "2010-06-30": "$89", "2010-03-31": "$89", "2009-12-31": "$81", "2009-09-30": "$79", "2009-06-30": "$78", "2009-03-31": "$80", "2008-12-31": "$90", "2008-09-30": "$87", "2008-06-30": "$90", "2008-03-31": "$89", "2007-12-31": "$86", "2007-09-30": "$83", "2007-06-30": "$87", "2007-03-31": "$73", "2006-12-31": "$78", "2006-09-30": "$76", "2006-06-30": "$73", "2006-03-31": "$62", "2005-12-31": "$68", "2005-09-30": "$71", "2005-06-30": "$52", "2005-03-31": "$50"}}, "total-share-holder-equity": {"Manhattan Associates Annual Share Holder Equity (Millions of US $)": {"2019": "$142", "2018": "$147", "2017": "$175", "2016": "$169", "2015": "$195", "2014": "$182", "2013": "$182", "2012": "$162", "2011": "$162", "2010": "$184", "2009": "$183", "2008": "$180", "2007": "$186", "2006": "$237", "2005": "$205"}, "Manhattan Associates Quarterly Share Holder Equity (Millions of US $)": {"2020-09-30": "$188", "2020-06-30": "$153", "2020-03-31": "$126", "2019-12-31": "$142", "2019-09-30": "$152", "2019-06-30": "$155", "2019-03-31": "$145", "2018-12-31": "$147", "2018-09-30": "$140", "2018-06-30": "$129", "2018-03-31": "$148", "2017-12-31": "$175", "2017-09-30": "$194", "2017-06-30": "$158", "2017-03-31": "$148", "2016-12-31": "$169", "2016-09-30": "$187", "2016-06-30": "$175", "2016-03-31": "$175", "2015-12-31": "$195", "2015-09-30": "$190", "2015-06-30": "$184", "2015-03-31": "$179", "2014-12-31": "$182", "2014-09-30": "$184", "2014-06-30": "$176", "2014-03-31": "$178", "2013-12-31": "$182", "2013-09-30": "$177", "2013-06-30": "$167", "2013-03-31": "$163", "2012-12-31": "$162", "2012-09-30": "$170", "2012-06-30": "$163", "2012-03-31": "$163", "2011-12-31": "$162", "2011-09-30": "$161", "2011-06-30": "$171", "2011-03-31": "$179", "2010-12-31": "$184", "2010-09-30": "$177", "2010-06-30": "$181", "2010-03-31": "$181", "2009-12-31": "$183", "2009-09-30": "$176", "2009-06-30": "$163", "2009-03-31": "$171", "2008-12-31": "$180", "2008-09-30": "$187", "2008-06-30": "$195", "2008-03-31": "$182", "2007-12-31": "$186", "2007-09-30": "$200", "2007-06-30": "$209", "2007-03-31": "$220", "2006-12-31": "$237", "2006-09-30": "$217", "2006-06-30": "$212", "2006-03-31": "$212", "2005-12-31": "$205", "2005-09-30": "$217", "2005-06-30": "$233", "2005-03-31": "$249"}}, "profit-margins": {"current": "14.88%"}, "gross margin": {"2020-12-31": "54.00%", "2020-09-30": "53.63%", "2020-06-30": "53.06%", "2020-03-31": "53.13%", "2019-12-31": "53.97%", "2019-09-30": "54.93%", "2019-06-30": "55.61%", "2019-03-31": "56.77%", "2018-12-31": "57.07%", "2018-09-30": "57.60%", "2018-06-30": "58.07%", "2018-03-31": "58.42%", "2017-12-31": "58.75%", "2017-09-30": "58.70%", "2017-06-30": "58.96%", "2017-03-31": "58.86%", "2016-12-31": "58.68%", "2016-09-30": "58.36%", "2016-06-30": "58.16%", "2016-03-31": "57.69%", "2015-12-31": "57.55%", "2015-09-30": "57.06%", "2015-06-30": "56.52%", "2015-03-31": "56.34%", "2014-12-31": "56.80%", "2014-09-30": "56.69%", "2014-06-30": "56.95%", "2014-03-31": "56.81%", "2013-12-31": "56.25%", "2013-09-30": "56.33%", "2013-06-30": "56.01%", "2013-03-31": "56.28%", "2012-12-31": "57.18%", "2012-09-30": "58.08%", "2012-06-30": "58.31%", "2012-03-31": "59.03%", "2011-12-31": "57.88%", "2011-09-30": "56.92%", "2011-06-30": "56.21%", "2011-03-31": "55.41%", "2010-12-31": "56.38%", "2010-09-30": "57.64%", "2010-06-30": "58.78%", "2010-03-31": "58.30%", "2009-12-31": "56.91%", "2009-09-30": "55.38%", "2009-06-30": "53.96%", "2009-03-31": "54.84%", "2008-12-31": "55.19%", "2008-09-30": "55.78%", "2008-06-30": "56.03%", "2008-03-31": "56.03%", "2007-12-31": "56.21%", "2007-09-30": "56.84%", "2007-06-30": "57.28%", "2007-03-31": "57.24%", "2006-12-31": "57.09%", "2006-09-30": "56.99%", "2006-06-30": "57.25%", "2006-03-31": "57.94%", "2005-12-31": "59.18%"}, "operating margin": {"2020-12-31": "19.42%", "2020-09-30": "18.72%", "2020-06-30": "18.35%", "2020-03-31": "17.98%", "2019-12-31": "18.80%", "2019-09-30": "20.56%", "2019-06-30": "21.43%", "2019-03-31": "23.26%", "2018-12-31": "23.97%", "2018-09-30": "25.76%", "2018-06-30": "27.89%", "2018-03-31": "29.55%", "2017-12-31": "31.31%", "2017-09-30": "31.27%", "2017-06-30": "31.83%", "2017-03-31": "32.27%", "2016-12-31": "32.07%", "2016-09-30": "31.61%", "2016-06-30": "30.44%", "2016-03-31": "29.37%", "2015-12-31": "29.14%", "2015-09-30": "27.71%", "2015-06-30": "27.03%", "2015-03-31": "26.32%", "2014-12-31": "25.96%", "2014-09-30": "26.33%", "2014-06-30": "26.27%", "2014-03-31": "25.87%", "2013-12-31": "24.52%", "2013-09-30": "23.82%", "2013-06-30": "22.25%", "2013-03-31": "21.47%", "2012-12-31": "21.28%", "2012-09-30": "21.10%", "2012-06-30": "20.85%", "2012-03-31": "20.34%", "2011-12-31": "18.48%", "2011-09-30": "16.98%", "2011-06-30": "14.71%", "2011-03-31": "13.18%", "2010-12-31": "14.09%", "2010-09-30": "14.93%", "2010-06-30": "15.77%", "2010-03-31": "12.36%", "2009-12-31": "8.94%", "2009-09-30": "4.62%", "2009-06-30": "1.44%", "2009-03-31": "5.48%", "2008-12-31": "7.42%", "2008-09-30": "10.69%", "2008-06-30": "12.93%", "2008-03-31": "13.22%", "2007-12-31": "13.02%", "2007-09-30": "12.16%", "2007-06-30": "11.71%", "2007-03-31": "11.18%", "2006-12-31": "10.38%", "2006-09-30": "11.11%", "2006-06-30": "11.15%", "2006-03-31": "9.92%", "2005-12-31": "12.24%"}, "ebitda margin": {"2020-09-30": "20.24%", "2020-06-30": "19.83%", "2020-03-31": "19.26%", "2019-12-31": "19.94%", "2019-09-30": "21.71%", "2019-06-30": "22.62%", "2019-03-31": "24.65%", "2018-12-31": "25.40%", "2018-09-30": "27.19%", "2018-06-30": "29.30%", "2018-03-31": "31.10%", "2017-12-31": "32.83%", "2017-09-30": "32.94%", "2017-06-30": "33.50%", "2017-03-31": "33.95%", "2016-12-31": "33.72%", "2016-09-30": "33.11%", "2016-06-30": "31.97%", "2016-03-31": "30.77%", "2015-12-31": "30.58%", "2015-09-30": "29.17%", "2015-06-30": "28.36%", "2015-03-31": "27.49%", "2014-12-31": "27.18%", "2014-09-30": "27.39%", "2014-06-30": "27.37%", "2014-03-31": "27.25%", "2013-12-31": "25.72%", "2013-09-30": "25.31%", "2013-06-30": "23.79%", "2013-03-31": "23.04%", "2012-12-31": "22.87%", "2012-09-30": "22.74%", "2012-06-30": "22.82%", "2012-03-31": "22.35%", "2011-12-31": "20.91%", "2011-09-30": "19.50%", "2011-06-30": "17.32%", "2011-03-31": "15.88%", "2010-12-31": "17.11%", "2010-09-30": "18.06%", "2010-06-30": "19.35%", "2010-03-31": "16.60%", "2009-12-31": "13.41%", "2009-09-30": "9.62%", "2009-06-30": "6.12%", "2009-03-31": "9.68%", "2008-12-31": "11.28%", "2008-09-30": "14.16%", "2008-06-30": "16.38%", "2008-03-31": "16.67%", "2007-12-31": "16.86%", "2007-09-30": "16.41%", "2007-06-30": "16.46%", "2007-03-31": "16.12%", "2006-12-31": "15.22%", "2006-09-30": "15.77%", "2006-06-30": "15.61%", "2006-03-31": "14.68%", "2005-12-31": "16.73%"}, "pre tax profit margin": {"2020-12-31": "19.59%", "2020-09-30": "18.89%", "2020-06-30": "18.84%", "2020-03-31": "18.46%", "2019-12-31": "18.96%", "2019-09-30": "20.56%", "2019-06-30": "21.60%", "2019-03-31": "23.61%", "2018-12-31": "24.51%", "2018-09-30": "26.30%", "2018-06-30": "28.07%", "2018-03-31": "29.55%", "2017-12-31": "30.98%", "2017-09-30": "31.27%", "2017-06-30": "31.83%", "2017-03-31": "32.44%", "2016-12-31": "32.56%", "2016-09-30": "31.94%", "2016-06-30": "30.78%", "2016-03-31": "29.72%", "2015-12-31": "29.32%", "2015-09-30": "28.07%", "2015-06-30": "27.22%", "2015-03-31": "26.32%", "2014-12-31": "25.96%", "2014-09-30": "26.11%", "2014-06-30": "26.27%", "2014-03-31": "26.10%", "2013-12-31": "24.76%", "2013-09-30": "24.32%", "2013-06-30": "22.51%", "2013-03-31": "21.73%", "2012-12-31": "21.54%", "2012-09-30": "21.37%", "2012-06-30": "21.69%", "2012-03-31": "21.20%", "2011-12-31": "19.39%", "2011-09-30": "17.61%", "2011-06-30": "14.71%", "2011-03-31": "12.84%", "2010-12-31": "13.76%", "2010-09-30": "14.58%", "2010-06-30": "15.77%", "2010-03-31": "11.97%", "2009-12-31": "8.13%", "2009-09-30": "4.62%", "2009-06-30": "1.80%", "2009-03-31": "6.45%", "2008-12-31": "9.20%", "2008-09-30": "12.14%", "2008-06-30": "14.37%", "2008-03-31": "14.37%", "2007-12-31": "13.91%", "2007-09-30": "13.07%", "2007-06-30": "12.66%", "2007-03-31": "12.50%", "2006-12-31": "11.76%", "2006-09-30": "12.54%", "2006-06-30": "12.64%", "2006-03-31": "11.51%", "2005-12-31": "13.47%"}, "net profit margin": {"2020-12-31": "14.99%", "2020-09-30": "14.17%", "2020-06-30": "14.21%", "2020-03-31": "14.13%", "2019-12-31": "13.94%", "2019-09-30": "15.63%", "2019-06-30": "16.33%", "2019-03-31": "17.88%", "2018-12-31": "18.78%", "2018-09-30": "18.60%", "2018-06-30": "19.12%", "2018-03-31": "19.24%", "2017-12-31": "19.70%", "2017-09-30": "20.40%", "2017-06-30": "20.44%", "2017-03-31": "20.74%", "2016-12-31": "20.33%", "2016-09-30": "19.90%", "2016-06-30": "19.39%", "2016-03-31": "18.71%", "2015-12-31": "18.53%", "2015-09-30": "17.80%", "2015-06-30": "17.20%", "2015-03-31": "16.76%", "2014-12-31": "16.63%", "2014-09-30": "16.77%", "2014-06-30": "17.00%", "2014-03-31": "16.86%", "2013-12-31": "16.11%", "2013-09-30": "15.38%", "2013-06-30": "14.32%", "2013-03-31": "13.87%", "2012-12-31": "13.56%", "2012-09-30": "13.70%", "2012-06-30": "14.37%", "2012-03-31": "14.04%", "2011-12-31": "13.64%", "2011-09-30": "12.58%", "2011-06-30": "10.13%", "2011-03-31": "9.12%", "2010-12-31": "9.06%", "2010-09-30": "9.38%", "2010-06-30": "11.47%", "2010-03-31": "8.88%", "2009-12-31": "6.50%", "2009-09-30": "4.62%", "2009-06-30": "1.80%", "2009-03-31": "4.84%", "2008-12-31": "6.53%", "2008-09-30": "8.09%", "2008-06-30": "9.20%", "2008-03-31": "9.20%", "2007-12-31": "8.88%", "2007-09-30": "8.21%", "2007-06-30": "7.59%", "2007-03-31": "7.24%", "2006-12-31": "6.57%", "2006-09-30": "7.17%", "2006-06-30": "7.43%", "2006-03-31": "6.35%", "2005-12-31": "7.76%"}, "pe ratio": {"current": "100.35", "2021-02-05": "125.44", "2020-12-31": "101.13", "2020-09-30": "73.45", "2020-06-30": "70.83", "2020-03-31": "36.90", "2019-12-31": "60.42", "2019-09-30": "55.25", "2019-06-30": "47.16", "2019-03-31": "35.10", "2018-12-31": "26.82", "2018-09-30": "35.45", "2018-06-30": "29.75", "2018-03-31": "26.01", "2017-12-31": "29.49", "2017-09-30": "23.89", "2017-06-30": "27.62", "2017-03-31": "29.74", "2016-12-31": "30.65", "2016-09-30": "34.50", "2016-06-30": "40.59", "2016-03-31": "38.69", "2015-12-31": "47.26", "2015-09-30": "47.60", "2015-06-30": "48.50", "2015-03-31": "44.01", "2014-12-31": "37.70", "2014-09-30": "32.45", "2014-06-30": "34.95", "2014-03-31": "37.37", "2013-12-31": "33.86", "2013-09-30": "29.64", "2013-06-30": "26.70", "2013-03-31": "27.51", "2012-12-31": "23.48", "2012-09-30": "23.47", "2012-06-30": "18.66", "2012-03-31": "20.49", "2011-12-31": "19.28", "2011-09-30": "17.50", "2011-06-30": "23.43", "2011-03-31": "25.98", "2010-12-31": "24.43", "2010-09-30": "24.06", "2010-06-30": "19.13", "2010-03-31": "24.04", "2009-12-31": "32.05", "2009-09-30": "35.44", "2009-06-30": "72.88", "2009-03-31": "27.06", "2008-12-31": "17.00", "2008-09-30": "18.93", "2008-06-30": "18.40", "2008-03-31": "18.49", "2007-12-31": "23.33", "2007-09-30": "28.26", "2007-06-30": "32.08", "2007-03-31": "34.29", "2006-12-31": "43.59"}, "price sales": {"2021-02-05": "14.32", "2020-12-31": "11.54", "2020-09-30": "10.40", "2020-06-30": "10.07", "2020-03-31": "5.18", "2019-12-31": "8.40", "2019-09-30": "8.66", "2019-06-30": "7.72", "2019-03-31": "6.30", "2018-12-31": "5.05", "2018-09-30": "6.58", "2018-06-30": "5.63", "2018-03-31": "4.97", "2017-12-31": "5.79", "2017-09-30": "4.88", "2017-06-30": "5.70", "2017-03-31": "6.23", "2016-12-31": "6.34", "2016-09-30": "7.00", "2016-06-30": "7.98", "2016-03-31": "7.32", "2015-12-31": "8.82", "2015-09-30": "8.52", "2015-06-30": "8.46", "2015-03-31": "7.46", "2014-12-31": "6.29", "2014-09-30": "5.45", "2014-06-30": "5.87", "2014-03-31": "6.30", "2013-12-31": "5.53", "2013-09-30": "4.67", "2013-06-30": "3.93", "2013-03-31": "3.92", "2012-12-31": "3.26", "2012-09-30": "3.24", "2012-06-30": "2.69", "2012-03-31": "2.89", "2011-12-31": "2.65", "2011-09-30": "2.27", "2011-06-30": "2.49", "2011-03-31": "2.48", "2010-12-31": "2.31", "2010-09-30": "2.29", "2010-06-30": "2.22", "2010-03-31": "2.20", "2009-12-31": "2.20", "2009-09-30": "1.79", "2009-06-30": "1.55", "2009-03-31": "1.36", "2008-12-31": "1.16", "2008-09-30": "1.63", "2008-06-30": "1.76", "2008-03-31": "1.76", "2007-12-31": "2.16", "2007-09-30": "2.32", "2007-06-30": "2.47", "2007-03-31": "2.51", "2006-12-31": "2.88"}, "price book": {"current": "37.86", "2021-02-05": "44.09", "2020-09-30": "32.27", "2020-06-30": "39.17", "2020-03-31": "25.13", "2019-12-31": "35.57", "2019-09-30": "33.99", "2019-06-30": "28.83", "2019-03-31": "24.48", "2018-12-31": "18.68", "2018-09-30": "25.56", "2018-06-30": "23.92", "2018-03-31": "18.91", "2017-12-31": "19.19", "2017-09-30": "14.74", "2017-06-30": "21.01", "2017-03-31": "24.44", "2016-12-31": "21.99", "2016-09-30": "21.93", "2016-06-30": "26.24", "2016-03-31": "23.45", "2015-12-31": "24.63", "2015-09-30": "23.93", "2015-06-30": "23.82", "2015-03-31": "20.89", "2014-12-31": "16.58", "2014-09-30": "13.52", "2014-06-30": "14.67", "2014-03-31": "14.95", "2013-12-31": "12.35", "2013-09-30": "10.37", "2013-06-30": "8.90", "2013-03-31": "8.87", "2012-12-31": "7.33", "2012-09-30": "6.72", "2012-06-30": "5.60", "2012-03-31": "5.91", "2011-12-31": "5.10", "2011-09-30": "4.19", "2011-06-30": "4.26", "2011-03-31": "3.96", "2010-12-31": "3.61", "2010-09-30": "3.59", "2010-06-30": "3.37", "2010-03-31": "3.15", "2009-12-31": "2.95", "2009-09-30": "2.58", "2009-06-30": "2.52", "2009-03-31": "2.34", "2008-12-31": "2.07", "2008-09-30": "2.89", "2008-06-30": "3.01", "2008-03-31": "3.09", "2007-12-31": "3.53", "2007-09-30": "3.53", "2007-06-30": "3.52", "2007-03-31": "3.37", "2006-12-31": "3.50", "2006-09-30": "3.00", "2006-06-30": "2.58", "2006-03-31": "2.85"}, "price fcf": {"2021-02-05": "", "2020-09-30": "$2.04", "2020-06-30": "$1.88", "2020-03-31": "$1.65", "2019-12-31": "$2.02", "2019-09-30": "$2.03", "2019-06-30": "$2.06", "2019-03-31": "$1.76", "2018-12-31": "$1.96", "2018-09-30": "$2.13", "2018-06-30": "$2.23", "2018-03-31": "$2.14", "2017-12-31": "$2.27", "2017-09-30": "$2.13", "2017-06-30": "$2.08", "2017-03-31": "$2.17", "2016-12-31": "$1.84", "2016-09-30": "$1.80", "2016-06-30": "$1.74", "2016-03-31": "$1.83", "2015-12-31": "$1.47", "2015-09-30": "$1.50", "2015-06-30": "$1.39", "2015-03-31": "$1.05", "2014-12-31": "$1.12", "2014-09-30": "$0.89", "2014-06-30": "$0.90", "2014-03-31": "$1.07", "2013-12-31": "$1.09", "2013-09-30": "$1.06", "2013-06-30": "$0.87", "2013-03-31": "$0.94", "2012-12-31": "$0.83", "2012-09-30": "$0.73", "2012-06-30": "$0.71", "2012-03-31": "$0.65", "2011-12-31": "$0.59", "2011-09-30": "$0.58", "2011-06-30": "$0.51", "2011-03-31": "$0.43", "2010-12-31": "$0.49", "2010-09-30": "$0.55", "2010-06-30": "$0.60", "2010-03-31": "$0.63", "2009-12-31": "$0.62", "2009-09-30": "$0.60", "2009-06-30": "$0.61", "2009-03-31": "$0.67", "2008-12-31": "$0.58", "2008-09-30": "$0.52", "2008-06-30": "$0.39", "2008-03-31": "$0.30", "2007-12-31": "$0.26", "2007-09-30": "$0.14", "2007-06-30": "$0.15", "2007-03-31": "$0.24", "2006-12-31": "$0.31"}, "net worth": {"value": "$8.29B"}, "current ratio": {"2020-12-31": "1.70", "2020-09-30": "1.56", "2020-06-30": "1.37", "2020-03-31": "1.23", "2019-12-31": "1.28", "2019-09-30": "1.32", "2019-06-30": "1.42", "2019-03-31": "1.40", "2018-12-31": "1.48", "2018-09-30": "1.49", "2018-06-30": "1.38", "2018-03-31": "1.53", "2017-12-31": "1.84", "2017-09-30": "1.95", "2017-06-30": "1.67", "2017-03-31": "1.54", "2016-12-31": "1.76", "2016-09-30": "1.86", "2016-06-30": "1.82", "2016-03-31": "1.77", "2015-12-31": "1.86", "2015-09-30": "1.94", "2015-06-30": "2.05", "2015-03-31": "1.97", "2014-12-31": "1.87", "2014-09-30": "2.03", "2014-06-30": "2.07", "2014-03-31": "2.11", "2013-12-31": "2.10", "2013-09-30": "2.09", "2013-06-30": "2.10", "2013-03-31": "2.05", "2012-12-31": "1.99", "2012-09-30": "2.01", "2012-06-30": "2.01", "2012-03-31": "2.04", "2011-12-31": "1.98", "2011-09-30": "1.88", "2011-06-30": "2.05", "2011-03-31": "2.18", "2010-12-31": "2.19", "2010-09-30": "2.12", "2010-06-30": "2.24", "2010-03-31": "2.23", "2009-12-31": "2.38", "2009-09-30": "2.28", "2009-06-30": "2.14", "2009-03-31": "2.20", "2008-12-31": "2.11", "2008-09-30": "2.11", "2008-06-30": "2.06", "2008-03-31": "1.77", "2007-12-31": "1.92", "2007-09-30": "2.11", "2007-06-30": "2.13", "2007-03-31": "2.41", "2006-12-31": "2.46", "2006-09-30": "2.20", "2006-06-30": "2.11", "2006-03-31": "2.28", "2005-12-31": "1.97", "2005-09-30": "2.08", "2005-06-30": "3.65", "2005-03-31": "4.01"}, "quick ratio": {"2020-12-31": "0.00", "2020-09-30": "0.00", "2020-06-30": "0.00", "2020-03-31": "0.00", "2019-12-31": "0.00", "2019-09-30": "0.00", "2019-06-30": "0.00", "2019-03-31": "0.00", "2018-12-31": "0.00", "2018-09-30": "0.00", "2018-06-30": "0.00", "2018-03-31": "0.00", "2017-12-31": "0.00", "2017-09-30": "0.00", "2017-06-30": "0.00", "2017-03-31": "0.00", "2016-12-31": "0.00", "2016-09-30": "0.00", "2016-06-30": "0.00", "2016-03-31": "0.00", "2015-12-31": "0.00", "2015-09-30": "0.00", "2015-06-30": "0.00", "2015-03-31": "0.00", "2014-12-31": "0.00", "2014-09-30": "0.00", "2014-06-30": "0.00", "2014-03-31": "0.00", "2013-12-31": "0.00", "2013-09-30": "0.00", "2013-06-30": "0.00", "2013-03-31": "0.00", "2012-12-31": "0.00", "2012-09-30": "0.00", "2012-06-30": "0.00", "2012-03-31": "0.00", "2011-12-31": "0.00", "2011-09-30": "0.00", "2011-06-30": "0.00", "2011-03-31": "0.00", "2010-12-31": "0.00", "2010-09-30": "0.00", "2010-06-30": "0.00", "2010-03-31": "0.00", "2009-12-31": "0.00", "2009-09-30": "0.00", "2009-06-30": "0.00", "2009-03-31": "0.00", "2008-12-31": "0.00", "2008-09-30": "0.00", "2008-06-30": "0.00", "2008-03-31": "0.00", "2007-12-31": "0.00", "2007-09-30": "0.00", "2007-06-30": "0.00", "2007-03-31": "0.00", "2006-12-31": "0.00", "2006-09-30": "0.00", "2006-06-30": "0.00", "2006-03-31": "0.00", "2005-12-31": "0.00", "2005-09-30": "0.00", "2005-06-30": "0.00", "2005-03-31": "0.00"}, "debt equity ratio": {"current": "0.00", "2020-12-31": "1.13", "2020-09-30": "1.22", "2020-06-30": "1.49", "2020-03-31": "1.77", "2019-12-31": "1.62", "2019-09-30": "1.51", "2019-06-30": "1.41", "2019-03-31": "1.47", "2018-12-31": "1.09", "2018-09-30": "1.08", "2018-06-30": "1.26", "2018-03-31": "1.08", "2017-12-31": "0.80", "2017-09-30": "0.68", "2017-06-30": "0.81", "2017-03-31": "0.94", "2016-12-31": "0.75", "2016-09-30": "0.69", "2016-06-30": "0.68", "2016-03-31": "0.73", "2015-12-31": "0.70", "2015-09-30": "0.70", "2015-06-30": "0.63", "2015-03-31": "0.68", "2014-12-31": "0.75", "2014-09-30": "0.65", "2014-06-30": "0.64", "2014-03-31": "0.64", "2013-12-31": "0.64", "2013-09-30": "0.63", "2013-06-30": "0.61", "2013-03-31": "0.62", "2012-12-31": "0.62", "2012-09-30": "0.63", "2012-06-30": "0.60", "2012-03-31": "0.58", "2011-12-31": "0.60", "2011-09-30": "0.63", "2011-06-30": "0.57", "2011-03-31": "0.52", "2010-12-31": "0.53", "2010-09-30": "0.53", "2010-06-30": "0.49", "2010-03-31": "0.49", "2009-12-31": "0.44", "2009-09-30": "0.45", "2009-06-30": "0.48", "2009-03-31": "0.47", "2008-12-31": "0.50", "2008-09-30": "0.47", "2008-06-30": "0.46", "2008-03-31": "0.49", "2007-12-31": "0.46", "2007-09-30": "0.42", "2007-06-30": "0.42", "2007-03-31": "0.33", "2006-12-31": "0.33", "2006-09-30": "0.35", "2006-06-30": "0.35", "2006-03-31": "0.29", "2005-12-31": "0.33", "2005-09-30": "0.33", "2005-06-30": "0.22", "2005-03-31": "0.20"}, "return on equity": {"2020-12-31": "51.31%", "2020-09-30": "55.17%", "2020-06-30": "60.03%", "2020-03-31": "61.22%", "2019-12-31": "57.91%", "2019-09-30": "63.44%", "2019-06-30": "65.42%", "2019-03-31": "73.44%", "2018-12-31": "74.47%", "2018-09-30": "70.27%", "2018-06-30": "67.49%", "2018-03-31": "66.37%", "2017-12-31": "69.33%", "2017-09-30": "72.94%", "2017-06-30": "73.72%", "2017-03-31": "73.05%", "2016-12-31": "69.69%", "2016-09-30": "65.03%", "2016-06-30": "62.04%", "2016-03-31": "57.53%", "2015-12-31": "55.08%", "2015-09-30": "52.79%", "2015-06-30": "49.93%", "2015-03-31": "47.71%", "2014-12-31": "45.56%", "2014-09-30": "43.89%", "2014-06-30": "43.20%", "2014-03-31": "41.48%", "2013-12-31": "38.90%", "2013-09-30": "37.07%", "2013-06-30": "33.84%", "2013-03-31": "32.22%", "2012-12-31": "31.00%", "2012-09-30": "30.40%", "2012-06-30": "31.43%", "2012-03-31": "29.83%", "2011-12-31": "26.75%", "2011-09-30": "23.02%", "2011-06-30": "17.44%", "2011-03-31": "14.98%", "2010-12-31": "14.94%", "2010-09-30": "14.96%", "2010-06-30": "17.75%", "2010-03-31": "13.09%", "2009-12-31": "9.24%", "2009-09-30": "6.96%", "2009-06-30": "2.85%", "2009-03-31": "8.19%", "2008-12-31": "11.83%", "2008-09-30": "14.93%", "2008-06-30": "16.78%", "2008-03-31": "16.47%", "2007-12-31": "14.72%", "2007-09-30": "12.47%", "2007-06-30": "10.87%", "2007-03-31": "9.93%", "2006-12-31": "8.66%", "2006-09-30": "9.46%", "2006-06-30": "9.46%", "2006-03-31": "7.38%", "2005-12-31": "8.41%"}, "return on assets": {"2020-12-31": "21.86%", "2020-09-30": "22.15%", "2020-06-30": "23.24%", "2020-03-31": "23.91%", "2019-12-31": "23.18%", "2019-09-30": "26.78%", "2019-06-30": "28.87%", "2019-03-31": "32.96%", "2018-12-31": "35.09%", "2018-09-30": "34.52%", "2018-06-30": "35.16%", "2018-03-31": "36.33%", "2017-12-31": "38.58%", "2017-09-30": "40.84%", "2017-06-30": "41.18%", "2017-03-31": "41.54%", "2016-12-31": "40.66%", "2016-09-30": "38.23%", "2016-06-30": "36.42%", "2016-03-31": "34.02%", "2015-12-31": "32.83%", "2015-09-30": "31.27%", "2015-06-30": "29.76%", "2015-03-31": "28.38%", "2014-12-31": "27.27%", "2014-09-30": "26.71%", "2014-06-30": "26.44%", "2014-03-31": "25.50%", "2013-12-31": "23.95%", "2013-09-30": "22.90%", "2013-06-30": "20.90%", "2013-03-31": "19.91%", "2012-12-31": "19.28%", "2012-09-30": "18.94%", "2012-06-30": "19.56%", "2012-03-31": "18.68%", "2011-12-31": "16.93%", "2011-09-30": "14.77%", "2011-06-30": "11.38%", "2011-03-31": "9.88%", "2010-12-31": "9.90%", "2010-09-30": "10.04%", "2010-06-30": "12.05%", "2010-03-31": "8.91%", "2009-12-31": "6.32%", "2009-09-30": "4.72%", "2009-06-30": "1.93%", "2009-03-31": "5.56%", "2008-12-31": "7.99%", "2008-09-30": "10.15%", "2008-06-30": "11.52%", "2008-03-31": "11.42%", "2007-12-31": "10.50%", "2007-09-30": "9.11%", "2007-06-30": "8.03%", "2007-03-31": "7.42%", "2006-12-31": "6.52%", "2006-09-30": "7.12%", "2006-06-30": "7.14%", "2006-03-31": "5.71%", "2005-12-31": "6.63%"}, "return on investments": {"2020-12-31": "inf%", "2020-09-30": "inf%", "2020-06-30": "inf%", "2020-03-31": "inf%", "2019-12-31": "inf%", "2019-09-30": "inf%", "2019-06-30": "inf%", "2019-03-31": "inf%", "2018-12-31": "inf%", "2018-09-30": "inf%", "2018-06-30": "inf%", "2018-03-31": "inf%", "2017-12-31": "inf%", "2017-09-30": "inf%", "2017-06-30": "inf%", "2017-03-31": "inf%", "2016-12-31": "inf%", "2016-09-30": "inf%", "2016-06-30": "inf%", "2016-03-31": "inf%", "2015-12-31": "inf%", "2015-09-30": "inf%", "2015-06-30": "inf%", "2015-03-31": "inf%", "2014-12-31": "inf%", "2014-09-30": "inf%", "2014-06-30": "inf%", "2014-03-31": "inf%", "2013-12-31": "inf%", "2013-09-30": "inf%", "2013-06-30": "inf%", "2013-03-31": "inf%", "2012-12-31": "inf%", "2012-09-30": "inf%", "2012-06-30": "inf%", "2012-03-31": "inf%", "2011-12-31": "inf%", "2011-09-30": "inf%", "2011-06-30": "inf%", "2011-03-31": "inf%", "2010-12-31": "inf%", "2010-09-30": "inf%", "2010-06-30": "inf%", "2010-03-31": "inf%", "2009-12-31": "inf%", "2009-09-30": "inf%", "2009-06-30": "inf%", "2009-03-31": "inf%", "2008-12-31": "inf%", "2008-09-30": "inf%", "2008-06-30": "inf%", "2008-03-31": "inf%", "2007-12-31": "inf%", "2007-09-30": "inf%", "2007-06-30": "inf%", "2007-03-31": "inf%", "2006-12-31": "inf%", "2006-09-30": "inf%", "2006-06-30": "55.05%", "2006-03-31": "22.17%", "2005-12-31": "17.14%"}, "return on tangible equity": {"2020-09-30": "93.07%", "2020-06-30": "106.17%", "2020-03-31": "108.31%", "2019-12-31": "100.00%", "2019-09-30": "108.88%", "2019-06-30": "113.95%", "2019-03-31": "132.05%", "2018-12-31": "133.33%", "2018-09-30": "121.28%", "2018-06-30": "109.55%", "2018-03-31": "105.16%", "2017-12-31": "109.86%", "2017-09-30": "116.19%", "2017-06-30": "118.16%", "2017-03-31": "115.08%", "2016-12-31": "107.42%", "2016-09-30": "98.35%", "2016-06-30": "93.63%", "2016-03-31": "86.29%", "2015-12-31": "82.40%", "2015-09-30": "79.67%", "2015-06-30": "76.15%", "2015-03-31": "73.19%", "2014-12-31": "70.09%", "2014-09-30": "67.67%", "2014-06-30": "66.52%", "2014-03-31": "64.32%", "2013-12-31": "60.91%", "2013-09-30": "59.05%", "2013-06-30": "54.37%", "2013-03-31": "51.96%", "2012-12-31": "50.00%", "2012-09-30": "48.90%", "2012-06-30": "50.87%", "2012-03-31": "48.04%", "2011-12-31": "42.55%", "2011-09-30": "36.12%", "2011-06-30": "27.13%", "2011-03-31": "23.18%", "2010-12-31": "23.18%", "2010-09-30": "23.28%", "2010-06-30": "27.77%", "2010-03-31": "20.91%", "2009-12-31": "14.99%", "2009-09-30": "11.43%", "2009-06-30": "4.67%", "2009-03-31": "13.16%", "2008-12-31": "18.97%", "2008-09-30": "23.98%", "2008-06-30": "26.89%", "2008-03-31": "26.78%", "2007-12-31": "23.81%", "2007-09-30": "19.93%", "2007-06-30": "17.58%", "2007-03-31": "15.69%", "2006-12-31": "13.50%", "2006-09-30": "14.73%", "2006-06-30": "14.84%", "2006-03-31": "10.81%", "2005-12-31": "11.48%"}, "dividend yield history": {"last payout": "$0.00", "last yield": "0.00%"}}