{"ticker": "MAN", "price": {"title": "ManpowerGroup Historical Annual Stock Price Data", "value": 90.88, "historical": {"2021": {"Average Stock Price": "92.5117", "Year Open": "89.8700", "Year High": "96.5000", "Year Low": "86.9100", "Year Close": "90.8800", "Annual % Change": "0.78%"}, "2020": {"Average Stock Price": "76.3742", "Year Open": "97.9600", "Year High": "99.2700", "Year Low": "51.6700", "Year Close": "90.1800", "Annual % Change": "-7.13%"}, "2019": {"Average Stock Price": "87.2505", "Year Open": "65.0600", "Year High": "97.3600", "Year Low": "63.7200", "Year Close": "97.1000", "Annual % Change": "49.85%"}, "2018": {"Average Stock Price": "96.4726", "Year Open": "126.7500", "Year High": "136.0200", "Year Low": "62.5900", "Year Close": "64.8000", "Annual % Change": "-48.62%"}, "2017": {"Average Stock Price": "109.3264", "Year Open": "90.9900", "Year High": "130.3800", "Year Low": "89.8100", "Year Close": "126.1100", "Annual % Change": "41.90%"}, "2016": {"Average Stock Price": "76.3594", "Year Open": "81.8200", "Year High": "92.8300", "Year Low": "59.9000", "Year Close": "88.8700", "Annual % Change": "5.43%"}, "2015": {"Average Stock Price": "84.8189", "Year Open": "67.4700", "Year High": "96.5600", "Year Low": "63.7900", "Year Close": "84.2900", "Annual % Change": "23.65%"}, "2014": {"Average Stock Price": "76.2315", "Year Open": "85.5300", "Year High": "86.7300", "Year Low": "59.0000", "Year Close": "68.1700", "Annual % Change": "-20.60%"}, "2013": {"Average Stock Price": "63.6568", "Year Open": "43.4900", "Year High": "86.6600", "Year Low": "43.4900", "Year Close": "85.8600", "Annual % Change": "102.31%"}, "2012": {"Average Stock Price": "39.4860", "Year Open": "37.0100", "Year High": "47.9000", "Year Low": "32.4100", "Year Close": "42.4400", "Annual % Change": "18.71%"}, "2011": {"Average Stock Price": "51.3458", "Year Open": "64.2100", "Year High": "68.6700", "Year Low": "32.3200", "Year Close": "35.7500", "Annual % Change": "-43.04%"}, "2010": {"Average Stock Price": "52.5678", "Year Open": "56.4100", "Year High": "65.1400", "Year Low": "40.5800", "Year Close": "62.7600", "Annual % Change": "14.99%"}, "2009": {"Average Stock Price": "43.6804", "Year Open": "34.9600", "Year High": "61.4800", "Year Low": "23.7500", "Year Close": "54.5800", "Annual % Change": "60.58%"}, "2008": {"Average Stock Price": "49.3241", "Year Open": "55.0500", "Year High": "70.3500", "Year Low": "23.6000", "Year Close": "33.9900", "Annual % Change": "-40.26%"}, "2007": {"Average Stock Price": "75.1420", "Year Open": "76.2700", "Year High": "95.0500", "Year Low": "56.2000", "Year Close": "56.9000", "Annual % Change": "-24.06%"}, "2006": {"Average Stock Price": "61.6949", "Year Open": "46.1400", "Year High": "76.7700", "Year Low": "46.1400", "Year Close": "74.9300", "Annual % Change": "61.14%"}, "2005": {"Average Stock Price": "44.1107", "Year Open": "47.4600", "Year High": "48.6500", "Year Low": "38.5500", "Year Close": "46.5000", "Annual % Change": "-3.73%"}, "2004": {"Average Stock Price": "45.9816", "Year Open": "47.1900", "Year High": "50.7700", "Year Low": "38.7100", "Year Close": "48.3000", "Annual % Change": "2.59%"}, "2003": {"Average Stock Price": "37.2992", "Year Open": "33.0500", "Year High": "47.5400", "Year Low": "27.5000", "Year Close": "47.0800", "Annual % Change": "47.59%"}, "2002": {"Average Stock Price": "35.6277", "Year Open": "33.5400", "Year High": "42.9700", "Year Low": "25.0000", "Year Close": "31.9000", "Annual % Change": "-5.37%"}, "2001": {"Average Stock Price": "31.3864", "Year Open": "36.0000", "Year High": "37.5600", "Year Low": "24.3500", "Year Close": "33.7100", "Annual % Change": "-11.29%"}, "2000": {"Average Stock Price": "34.2134", "Year Open": "36.6200", "Year High": "39.8100", "Year Low": "26.7500", "Year Close": "38.0000", "Annual % Change": "0.98%"}, "1999": {"Average Stock Price": "26.8185", "Year Open": "23.6900", "Year High": "38.6900", "Year Low": "21.0000", "Year Close": "37.6300", "Annual % Change": "49.38%"}, "1998": {"Average Stock Price": "31.5348", "Year Open": "35.0000", "Year High": "44.8800", "Year Low": "19.3800", "Year Close": "25.1900", "Annual % Change": "-28.54%"}, "1997": {"Average Stock Price": "39.7885", "Year Open": "32.1300", "Year High": "50.3800", "Year Low": "30.0000", "Year Close": "35.2500", "Annual % Change": "8.46%"}, "1996": {"Average Stock Price": "33.1308", "Year Open": "27.0000", "Year High": "42.0000", "Year Low": "24.0000", "Year Close": "32.5000", "Annual % Change": "15.54%"}, "1995": {"Average Stock Price": "28.6834", "Year Open": "26.8800", "Year High": "34.1300", "Year Low": "24.5000", "Year Close": "28.1300", "Annual % Change": "0.00%"}, "1994": {"Average Stock Price": "22.9046", "Year Open": "17.3800", "Year High": "29.7500", "Year Low": "17.1300", "Year Close": "28.1300", "Annual % Change": "59.56%"}, "1993": {"Average Stock Price": "15.6670", "Year Open": "14.3800", "Year High": "17.6300", "Year Low": "13.6300", "Year Close": "17.6300", "Annual % Change": "21.59%"}, "1992": {"Average Stock Price": "14.7463", "Year Open": "14.2500", "Year High": "16.5000", "Year Low": "13.5000", "Year Close": "14.5000", "Annual % Change": "-1.69%"}, "1991": {"Average Stock Price": "13.0622", "Year Open": "10.6300", "Year High": "15.0000", "Year Low": "10.2500", "Year Close": "14.7500", "Annual % Change": "38.76%"}, "1990": {"Average Stock Price": "12.7021", "Year Open": "14.7500", "Year High": "16.0000", "Year Low": "9.2500", "Year Close": "10.6300", "Annual % Change": "-27.29%"}, "1989": {"Average Stock Price": "16.2660", "Year Open": "15.7500", "Year High": "18.5000", "Year Low": "13.1200", "Year Close": "14.6200", "Annual % Change": "-2.53%"}}}, "market cap": {"value": "$5.23B"}, "income statement": {"Revenue": {"2020-12-31": "18001.00000", "2019-12-31": "20863.50000", "2018-12-31": "21991.20000", "2017-12-31": "21034.30000", "2016-12-31": "19654.10000", "2015-12-31": "19329.90000", "2014-12-31": "20762.80000", "2013-12-31": "20250.50000", "2012-12-31": "20678.00000", "2011-12-31": "22006.00000", "2010-12-31": "18866.50000", "2009-12-31": "16038.70000", "2008-12-31": "21537.10000", "2007-12-31": "20486.10000", "2006-12-31": "17562.50000", "2005-12-31": "15845.40000"}, "Cost Of Goods Sold": {"2020-12-31": "15176.30000", "2019-12-31": "17488.40000", "2018-12-31": "18412.20000", "2017-12-31": "17549.70000", "2016-12-31": "16320.30000", "2015-12-31": "16034.10000", "2014-12-31": "17274.60000", "2013-12-31": "16883.80000", "2012-12-31": "17236.00000", "2011-12-31": "18299.70000", "2010-12-31": "15621.10000", "2009-12-31": "13220.50000", "2008-12-31": "17450.20000", "2007-12-31": "16651.70000", "2006-12-31": "14416.50000", "2005-12-31": "13013.60000"}, "Gross Profit": {"2020-12-31": "2824.70000", "2019-12-31": "3375.10000", "2018-12-31": "3579.00000", "2017-12-31": "3484.60200", "2016-12-31": "3333.80000", "2015-12-31": "3295.80100", "2014-12-31": "3488.20100", "2013-12-31": "3366.69900", "2012-12-31": "3442.00000", "2011-12-31": "3706.30100", "2010-12-31": "3245.40000", "2009-12-31": "2818.20000", "2008-12-31": "4086.90000", "2007-12-31": "3834.40000", "2006-12-31": "3146.00000", "2005-12-31": "2831.80100"}, "Research And Development Expenses": {"2020-12-31": "", "2019-12-31": "", "2018-12-31": "", "2017-12-31": "", "2016-12-31": "", "2015-12-31": "", "2014-12-31": "", "2013-12-31": "", "2012-12-31": "", "2011-12-31": "", "2010-12-31": "", "2009-12-31": "", "2008-12-31": "", "2007-12-31": "", "2006-12-31": "", "2005-12-31": ""}, "SG&A Expenses": {"2020-12-31": "2570.30000", "2019-12-31": "2666.20000", "2018-12-31": "2782.30000", "2017-12-31": "2695.40000", "2016-12-31": "2588.30000", "2015-12-31": "2606.90000", "2014-12-31": "2768.30000", "2013-12-31": "2854.80000", "2012-12-31": "3030.30000", "2011-12-31": "3182.10000", "2010-12-31": "2938.60000", "2009-12-31": "2715.50000", "2008-12-31": "3430.30000", "2007-12-31": "3023.20000", "2006-12-31": "2613.90000", "2005-12-31": "2403.00000"}, "Other Operating Income Or Expenses": {"2020-12-31": "", "2019-12-31": "", "2018-12-31": "", "2017-12-31": "", "2016-12-31": "", "2015-12-31": "", "2014-12-31": "", "2013-12-31": "", "2012-12-31": "", "2011-12-31": "", "2010-12-31": "", "2009-12-31": "", "2008-12-31": "", "2007-12-31": "", "2006-12-31": "", "2005-12-31": ""}, "Operating Expenses": {"2020-12-31": "17813.40000", "2019-12-31": "20218.60000", "2018-12-31": "21194.50000", "2017-12-31": "20245.10000", "2016-12-31": "18908.60000", "2015-12-31": "18641.00000", "2014-12-31": "20042.90000", "2013-12-31": "19738.60000", "2012-12-31": "20266.30000", "2011-12-31": "21481.80000", "2010-12-31": "18988.50000", "2009-12-31": "15997.00000", "2008-12-31": "21043.60000", "2007-12-31": "19674.90000", "2006-12-31": "17030.40000", "2005-12-31": "15416.60000"}, "Operating Income": {"2020-12-31": "187.59960", "2019-12-31": "644.90040", "2018-12-31": "796.69920", "2017-12-31": "789.20120", "2016-12-31": "745.50000", "2015-12-31": "688.90040", "2014-12-31": "719.90040", "2013-12-31": "511.89840", "2012-12-31": "411.69920", "2011-12-31": "524.20120", "2010-12-31": "-122.00000", "2009-12-31": "41.70020", "2008-12-31": "493.50000", "2007-12-31": "811.20120", "2006-12-31": "532.09960", "2005-12-31": "428.80080"}, "Total Non-Operating Income/Expense": {"2020-12-31": "-39.90000", "2019-12-31": "40.60000", "2018-12-31": "-42.00000", "2017-12-31": "-51.90000", "2016-12-31": "-44.20000", "2015-12-31": "-28.20000", "2014-12-31": "-38.30000", "2013-12-31": "-36.40000", "2012-12-31": "-43.30000", "2011-12-31": "-44.30000", "2010-12-31": "-43.20000", "2009-12-31": "-64.60000", "2008-12-31": "-50.90000", "2007-12-31": "-34.20000", "2006-12-31": "-50.20000", "2005-12-31": "-41.80000"}, "Pre-Tax Income": {"2020-12-31": "147.70000", "2019-12-31": "685.50000", "2018-12-31": "754.70000", "2017-12-31": "737.30000", "2016-12-31": "701.30000", "2015-12-31": "660.70000", "2014-12-31": "681.60000", "2013-12-31": "475.50000", "2012-12-31": "368.40000", "2011-12-31": "479.90000", "2010-12-31": "-165.20000", "2009-12-31": "-22.90000", "2008-12-31": "442.60000", "2007-12-31": "777.00000", "2006-12-31": "481.90000", "2005-12-31": "387.00000"}, "Income Taxes": {"2020-12-31": "123.90000", "2019-12-31": "219.80000", "2018-12-31": "198.00000", "2017-12-31": "191.90000", "2016-12-31": "257.60000", "2015-12-31": "241.50000", "2014-12-31": "254.00000", "2013-12-31": "187.50000", "2012-12-31": "170.80000", "2011-12-31": "228.30000", "2010-12-31": "98.40000", "2009-12-31": "-13.70000", "2008-12-31": "237.10000", "2007-12-31": "303.30000", "2006-12-31": "176.20000", "2005-12-31": "131.90000"}, "Income After Taxes": {"2020-12-31": "23.80000", "2019-12-31": "465.70000", "2018-12-31": "556.70000", "2017-12-31": "545.40000", "2016-12-31": "443.70000", "2015-12-31": "419.20000", "2014-12-31": "427.60000", "2013-12-31": "288.00000", "2012-12-31": "197.60000", "2011-12-31": "251.60000", "2010-12-31": "-263.60000", "2009-12-31": "-9.20000", "2008-12-31": "205.50000", "2007-12-31": "473.70000", "2006-12-31": "305.70000", "2005-12-31": "255.10000"}, "Other Income": {"2020-12-31": "", "2019-12-31": "", "2018-12-31": "", "2017-12-31": "", "2016-12-31": "", "2015-12-31": "", "2014-12-31": "", "2013-12-31": "", "2012-12-31": "", "2011-12-31": "", "2010-12-31": "", "2009-12-31": "", "2008-12-31": "", "2007-12-31": "", "2006-12-31": "", "2005-12-31": ""}, "Income From Continuous Operations": {"2020-12-31": "23.80000", "2019-12-31": "465.70000", "2018-12-31": "556.70000", "2017-12-31": "545.40000", "2016-12-31": "443.70000", "2015-12-31": "419.20000", "2014-12-31": "427.60000", "2013-12-31": "288.00000", "2012-12-31": "197.60000", "2011-12-31": "251.60000", "2010-12-31": "-263.60000", "2009-12-31": "-9.20000", "2008-12-31": "205.50000", "2007-12-31": "473.70000", "2006-12-31": "305.70000", "2005-12-31": "255.10000"}, "Income From Discontinued Operations": {"2020-12-31": "", "2019-12-31": "", "2018-12-31": "", "2017-12-31": "", "2016-12-31": "", "2015-12-31": "", "2014-12-31": "", "2013-12-31": "", "2012-12-31": "", "2011-12-31": "", "2010-12-31": "", "2009-12-31": "", "2008-12-31": "", "2007-12-31": "", "2006-12-31": "92.30000", "2005-12-31": "5.00000"}, "Net Income": {"2020-12-31": "23.80000", "2019-12-31": "465.70000", "2018-12-31": "556.70000", "2017-12-31": "545.40000", "2016-12-31": "443.70000", "2015-12-31": "419.20000", "2014-12-31": "427.60000", "2013-12-31": "288.00000", "2012-12-31": "197.60000", "2011-12-31": "251.60000", "2010-12-31": "-263.60000", "2009-12-31": "-9.20000", "2008-12-31": "205.50000", "2007-12-31": "473.70000", "2006-12-31": "398.00000", "2005-12-31": "260.10000"}, "EBITDA": {"2020-12-31": "263.89960", "2019-12-31": "722.10040", "2018-12-31": "882.49920", "2017-12-31": "873.60120", "2016-12-31": "830.80000", "2015-12-31": "766.60040", "2014-12-31": "803.70040", "2013-12-31": "606.19840", "2012-12-31": "512.19920", "2011-12-31": "628.60120", "2010-12-31": "-11.90000", "2009-12-31": "138.90020", "2008-12-31": "600.60000", "2007-12-31": "910.20120", "2006-12-31": "620.89960", "2005-12-31": "523.60080"}, "EBIT": {"2020-12-31": "187.59960", "2019-12-31": "644.90040", "2018-12-31": "796.69920", "2017-12-31": "789.20120", "2016-12-31": "745.50000", "2015-12-31": "688.90040", "2014-12-31": "719.90040", "2013-12-31": "511.89840", "2012-12-31": "411.69920", "2011-12-31": "524.20120", "2010-12-31": "-122.00000", "2009-12-31": "41.70020", "2008-12-31": "493.50000", "2007-12-31": "811.20120", "2006-12-31": "532.09960", "2005-12-31": "428.80080"}, "Basic Shares Outstanding": {"2020-12-31": "58.00000", "2019-12-31": "59.90000", "2018-12-31": "64.60000", "2017-12-31": "67.10000", "2016-12-31": "70.10000", "2015-12-31": "76.80000", "2014-12-31": "79.50000", "2013-12-31": "78.00000", "2012-12-31": "79.50000", "2011-12-31": "81.60000", "2010-12-31": "81.00000", "2009-12-31": "78.30000", "2008-12-31": "78.70000", "2007-12-31": "83.10000", "2006-12-31": "86.20000", "2005-12-31": "88.10000"}, "Shares Outstanding": {"2020-12-31": "58.30000", "2019-12-31": "60.30000", "2018-12-31": "65.10000", "2017-12-31": "67.90000", "2016-12-31": "70.80000", "2015-12-31": "77.70000", "2014-12-31": "80.70000", "2013-12-31": "79.60000", "2012-12-31": "80.10000", "2011-12-31": "82.80000", "2010-12-31": "81.00000", "2009-12-31": "78.30000", "2008-12-31": "79.70000", "2007-12-31": "84.60000", "2006-12-31": "87.70000", "2005-12-31": "91.10000"}, "Basic EPS": {"2020-12-31": "0.41000", "2019-12-31": "7.78000", "2018-12-31": "8.62000", "2017-12-31": "8.13000", "2016-12-31": "6.33000", "2015-12-31": "5.46000", "2014-12-31": "5.38000", "2013-12-31": "3.69000", "2012-12-31": "2.49000", "2011-12-31": "3.08000", "2010-12-31": "-3.26000", "2009-12-31": "-0.12000", "2008-12-31": "2.61000", "2007-12-31": "5.70000", "2006-12-31": "4.62000", "2005-12-31": "2.95000"}, "EPS - Earnings Per Share": {"2020-12-31": "0.41000", "2019-12-31": "7.72000", "2018-12-31": "8.56000", "2017-12-31": "8.04000", "2016-12-31": "6.27000", "2015-12-31": "5.40000", "2014-12-31": "5.30000", "2013-12-31": "3.62000", "2012-12-31": "2.47000", "2011-12-31": "3.04000", "2010-12-31": "-3.26000", "2009-12-31": "-0.12000", "2008-12-31": "2.58000", "2007-12-31": "5.60000", "2006-12-31": "4.54000", "2005-12-31": "2.87000"}}, "income statement, quarterly": {"Revenue": {"2020-12-31": "5054.90000", "2020-09-30": "4584.80000", "2020-06-30": "3742.20000", "2020-03-31": "4619.10000", "2019-12-31": "5196.60000", "2019-09-30": "5248.90000", "2019-06-30": "5373.10000", "2019-03-31": "5044.90000", "2018-12-31": "5393.20000", "2018-09-30": "5418.70000", "2018-06-30": "5656.90000", "2018-03-31": "5522.40000", "2017-12-31": "5637.50100", "2017-09-30": "5464.80000", "2017-06-30": "5174.80000", "2017-03-31": "4757.20000", "2016-12-31": "4956.09900", "2016-09-30": "5088.20000", "2016-06-30": "5022.10000", "2016-03-31": "4587.70000", "2015-12-31": "4953.90000", "2015-09-30": "4972.50000", "2015-06-30": "4861.30000", "2015-03-31": "4542.20000", "2014-12-31": "5121.10100", "2014-09-30": "5416.00000", "2014-06-30": "5321.70000", "2014-03-31": "4904.00000", "2013-12-31": "5252.10000", "2013-09-30": "5188.80000", "2013-06-30": "5040.70000", "2013-03-31": "4768.90000", "2012-12-31": "5202.60000", "2012-09-30": "5172.30000", "2012-06-30": "5206.70000", "2012-03-31": "5096.40000", "2011-12-31": "5484.00000", "2011-09-30": "5782.30000", "2011-06-30": "5667.30000", "2011-03-31": "5072.40000", "2010-12-31": "5209.60100", "2010-09-30": "4972.00000", "2010-06-30": "4585.60000", "2010-03-31": "4099.30000", "2009-12-31": "4412.60000", "2009-09-30": "4189.60000", "2009-06-30": "3793.50000", "2009-03-31": "3643.00000", "2008-12-31": "4577.19900", "2008-09-30": "5668.40000", "2008-06-30": "5904.90000", "2008-03-31": "5386.60000", "2007-12-31": "5620.69900", "2007-09-30": "5295.40000", "2007-06-30": "5034.40000", "2007-03-31": "4535.60000", "2006-12-31": "4710.70000", "2006-09-30": "4590.00000", "2006-06-30": "4384.60000", "2006-03-31": "3877.20000", "2005-12-31": "3888.20000", "2005-09-30": "4144.80000", "2005-06-30": "4053.70000", "2005-03-31": "3758.70000"}, "Cost Of Goods Sold": {"2020-12-31": "4256.00000", "2020-09-30": "3859.70000", "2020-06-30": "3165.50000", "2020-03-31": "3895.10000", "2019-12-31": "4337.00000", "2019-09-30": "4408.60000", "2019-06-30": "4502.70000", "2019-03-31": "4240.10000", "2018-12-31": "4512.89900", "2018-09-30": "4528.10000", "2018-06-30": "4734.20000", "2018-03-31": "4637.00000", "2017-12-31": "4702.99900", "2017-09-30": "4564.20000", "2017-06-30": "4313.10000", "2017-03-31": "3969.40000", "2016-12-31": "4115.10100", "2016-09-30": "4229.90000", "2016-06-30": "4161.40000", "2016-03-31": "3813.90000", "2015-12-31": "4102.79900", "2015-09-30": "4120.40000", "2015-06-30": "4030.70000", "2015-03-31": "3780.20000", "2014-12-31": "4252.29900", "2014-09-30": "4510.40000", "2014-06-30": "4424.40000", "2014-03-31": "4087.50000", "2013-12-31": "4365.50100", "2013-09-30": "4335.20000", "2013-06-30": "4204.30000", "2013-03-31": "3978.80000", "2012-12-31": "4325.90000", "2012-09-30": "4316.10000", "2012-06-30": "4345.00000", "2012-03-31": "4249.00000", "2011-12-31": "4548.80000", "2011-09-30": "4831.00000", "2011-06-30": "4705.10000", "2011-03-31": "4214.80000", "2010-12-31": "4303.89900", "2010-09-30": "4130.80000", "2010-06-30": "3788.60000", "2010-03-31": "3397.80000", "2009-12-31": "3656.50000", "2009-09-30": "3485.50000", "2009-06-30": "3101.20000", "2009-03-31": "2977.30000", "2008-12-31": "3639.20000", "2008-09-30": "4640.80000", "2008-06-30": "4751.30000", "2008-03-31": "4418.90000", "2007-12-31": "4584.79900", "2007-09-30": "4321.00000", "2007-06-30": "4010.30000", "2007-03-31": "3735.60000", "2006-12-31": "3844.90000", "2006-09-30": "3785.80000", "2006-06-30": "3601.80000", "2006-03-31": "3184.00000", "2005-12-31": "3234.19900", "2005-09-30": "3388.20000", "2005-06-30": "3314.50000", "2005-03-31": "3076.70000"}, "Gross Profit": {"2020-12-31": "798.89990", "2020-09-30": "725.09990", "2020-06-30": "576.70000", "2020-03-31": "724.00000", "2019-12-31": "859.59960", "2019-09-30": "840.29980", "2019-06-30": "870.39990", "2019-03-31": "804.79980", "2018-12-31": "880.30030", "2018-09-30": "890.60010", "2018-06-30": "922.69970", "2018-03-31": "885.39990", "2017-12-31": "934.50240", "2017-09-30": "900.59960", "2017-06-30": "861.69970", "2017-03-31": "787.80030", "2016-12-31": "840.99800", "2016-09-30": "858.30030", "2016-06-30": "860.70020", "2016-03-31": "773.80030", "2015-12-31": "851.10160", "2015-09-30": "852.10010", "2015-06-30": "830.59990", "2015-03-31": "762.00020", "2014-12-31": "868.80180", "2014-09-30": "905.60010", "2014-06-30": "897.30030", "2014-03-31": "816.50000", "2013-12-31": "886.59910", "2013-09-30": "853.59960", "2013-06-30": "836.40040", "2013-03-31": "790.09990", "2012-12-31": "876.69970", "2012-09-30": "856.19970", "2012-06-30": "861.70020", "2012-03-31": "847.39990", "2011-12-31": "935.20070", "2011-09-30": "951.29980", "2011-06-30": "962.19970", "2011-03-31": "857.60010", "2010-12-31": "905.70120", "2010-09-30": "841.20020", "2010-06-30": "797.00000", "2010-03-31": "701.49980", "2009-12-31": "756.09990", "2009-09-30": "704.10010", "2009-06-30": "692.30000", "2009-03-31": "665.70000", "2008-12-31": "937.99900", "2008-09-30": "1027.60000", "2008-06-30": "1153.60000", "2008-03-31": "967.70020", "2007-12-31": "1035.89900", "2007-09-30": "974.39990", "2007-06-30": "1024.10000", "2007-03-31": "800.00000", "2006-12-31": "865.79980", "2006-09-30": "804.20000", "2006-06-30": "782.80000", "2006-03-31": "693.20000", "2005-12-31": "654.00100", "2005-09-30": "756.59990", "2005-06-30": "739.20000", "2005-03-31": "682.00000"}, "Research And Development Expenses": {"2020-12-31": "", "2020-09-30": "", "2020-06-30": "", "2020-03-31": "", "2019-12-31": "", "2019-09-30": "", "2019-06-30": "", "2019-03-31": "", "2018-12-31": "", "2018-09-30": "", "2018-06-30": "", "2018-03-31": "", "2017-12-31": "", "2017-09-30": "", "2017-06-30": "", "2017-03-31": "", "2016-12-31": "", "2016-09-30": "", "2016-06-30": "", "2016-03-31": "", "2015-12-31": "", "2015-09-30": "", "2015-06-30": "", "2015-03-31": "", "2014-12-31": "", "2014-09-30": "", "2014-06-30": "", "2014-03-31": "", "2013-12-31": "", "2013-09-30": "", "2013-06-30": "", "2013-03-31": "", "2012-12-31": "", "2012-09-30": "", "2012-06-30": "", "2012-03-31": "", "2011-12-31": "", "2011-09-30": "", "2011-06-30": "", "2011-03-31": "", "2010-12-31": "", "2010-09-30": "", "2010-06-30": "", "2010-03-31": "", "2009-12-31": "", "2009-09-30": "", "2009-06-30": "", "2009-03-31": "", "2008-12-31": "", "2008-09-30": "", "2008-06-30": "", "2008-03-31": "", "2007-12-31": "", "2007-09-30": "", "2007-06-30": "", "2007-03-31": "", "2006-12-31": "", "2006-09-30": "", "2006-06-30": "", "2006-03-31": "", "2005-12-31": "", "2005-09-30": "", "2005-06-30": "", "2005-03-31": ""}, "SG&A Expenses": {"2020-12-31": "660.60000", "2020-09-30": "663.50000", "2020-06-30": "559.90000", "2020-03-31": "686.30000", "2019-12-31": "667.99990", "2019-09-30": "623.30000", "2019-06-30": "675.60000", "2019-03-31": "699.30000", "2018-12-31": "662.39990", "2018-09-30": "673.90000", "2018-06-30": "714.40000", "2018-03-31": "731.60000", "2017-12-31": "697.09990", "2017-09-30": "671.90000", "2017-06-30": "666.50000", "2017-03-31": "659.90000", "2016-12-31": "634.30020", "2016-09-30": "647.20000", "2016-06-30": "664.70000", "2016-03-31": "642.10000", "2015-12-31": "669.99980", "2015-09-30": "645.80000", "2015-06-30": "651.90000", "2015-03-31": "639.20000", "2014-12-31": "675.50000", "2014-09-30": "693.30000", "2014-06-30": "709.90000", "2014-03-31": "689.60000", "2013-12-31": "719.60000", "2013-09-30": "691.20000", "2013-06-30": "708.30000", "2013-03-31": "735.70000", "2012-12-31": "771.80020", "2012-09-30": "737.60000", "2012-06-30": "767.30000", "2012-03-31": "753.60000", "2011-12-31": "805.40000", "2011-09-30": "793.30000", "2011-06-30": "811.40000", "2011-03-31": "772.00000", "2010-12-31": "819.50000", "2010-09-30": "732.30000", "2010-06-30": "717.90000", "2010-03-31": "668.90000", "2009-12-31": "713.29990", "2009-09-30": "664.60000", "2009-06-30": "673.30000", "2009-03-31": "664.30000", "2008-12-31": "804.80000", "2008-09-30": "843.50000", "2008-06-30": "946.30000", "2008-03-31": "835.70000", "2007-12-31": "826.90000", "2007-09-30": "752.50000", "2007-06-30": "747.10000", "2007-03-31": "696.70000", "2006-12-31": "695.99990", "2006-09-30": "640.30000", "2006-06-30": "644.70000", "2006-03-31": "632.90000", "2005-12-31": "529.40000", "2005-09-30": "624.60000", "2005-06-30": "629.50000", "2005-03-31": "619.50000"}, "Other Operating Income Or Expenses": {"2020-12-31": "", "2020-09-30": "", "2020-06-30": "", "2020-03-31": "", "2019-12-31": "", "2019-09-30": "", "2019-06-30": "", "2019-03-31": "", "2018-12-31": "", "2018-09-30": "", "2018-06-30": "", "2018-03-31": "", "2017-12-31": "", "2017-09-30": "", "2017-06-30": "", "2017-03-31": "", "2016-12-31": "", "2016-09-30": "", "2016-06-30": "", "2016-03-31": "", "2015-12-31": "", "2015-09-30": "", "2015-06-30": "", "2015-03-31": "", "2014-12-31": "", "2014-09-30": "", "2014-06-30": "", "2014-03-31": "", "2013-12-31": "", "2013-09-30": "", "2013-06-30": "", "2013-03-31": "", "2012-12-31": "", "2012-09-30": "", "2012-06-30": "", "2012-03-31": "", "2011-12-31": "", "2011-09-30": "", "2011-06-30": "", "2011-03-31": "", "2010-12-31": "", "2010-09-30": "", "2010-06-30": "", "2010-03-31": "", "2009-12-31": "", "2009-09-30": "", "2009-06-30": "", "2009-03-31": "", "2008-12-31": "", "2008-09-30": "", "2008-06-30": "", "2008-03-31": "", "2007-12-31": "", "2007-09-30": "", "2007-06-30": "", "2007-03-31": "", "2006-12-31": "", "2006-09-30": "", "2006-06-30": "", "2006-03-31": "", "2005-12-31": "", "2005-09-30": "", "2005-06-30": "", "2005-03-31": ""}, "Operating Expenses": {"2020-12-31": "4916.60000", "2020-09-30": "4523.20000", "2020-06-30": "3792.20000", "2020-03-31": "4581.40000", "2019-12-31": "5004.99900", "2019-09-30": "5031.90000", "2019-06-30": "5242.30000", "2019-03-31": "4939.40000", "2018-12-31": "5175.30000", "2018-09-30": "5202.00000", "2018-06-30": "5448.60000", "2018-03-31": "5368.60000", "2017-12-31": "5400.10100", "2017-09-30": "5236.10000", "2017-06-30": "4979.60000", "2017-03-31": "4629.30000", "2016-12-31": "4749.40000", "2016-09-30": "4877.10000", "2016-06-30": "4826.10000", "2016-03-31": "4456.00000", "2015-12-31": "4772.80100", "2015-09-30": "4766.20000", "2015-06-30": "4682.60000", "2015-03-31": "4419.40000", "2014-12-31": "4927.80100", "2014-09-30": "5203.70000", "2014-06-30": "5134.30000", "2014-03-31": "4777.10000", "2013-12-31": "5085.10200", "2013-09-30": "5026.40000", "2013-06-30": "4912.60000", "2013-03-31": "4714.50000", "2012-12-31": "5097.70100", "2012-09-30": "5053.70000", "2012-06-30": "5112.30000", "2012-03-31": "5002.60000", "2011-12-31": "5354.19900", "2011-09-30": "5624.30000", "2011-06-30": "5516.50000", "2011-03-31": "4986.80000", "2010-12-31": "5552.20000", "2010-09-30": "4863.10000", "2010-06-30": "4506.50000", "2010-03-31": "4066.70000", "2009-12-31": "4369.80000", "2009-09-30": "4211.10000", "2009-06-30": "3774.50000", "2009-03-31": "3641.60000", "2008-12-31": "4444.00000", "2008-09-30": "5647.40000", "2008-06-30": "5697.60000", "2008-03-31": "5254.60000", "2007-12-31": "5411.69800", "2007-09-30": "5073.50000", "2007-06-30": "4757.40000", "2007-03-31": "4432.30000", "2006-12-31": "4540.90100", "2006-09-30": "4426.10000", "2006-06-30": "4246.50000", "2006-03-31": "3816.90000", "2005-12-31": "3763.60000", "2005-09-30": "4012.80000", "2005-06-30": "3944.00000", "2005-03-31": "3696.20000"}, "Operating Income": {"2020-12-31": "138.29980", "2020-09-30": "61.59960", "2020-06-30": "-50.00020", "2020-03-31": "37.70020", "2019-12-31": "191.60160", "2019-09-30": "217.00000", "2019-06-30": "130.79980", "2019-03-31": "105.50000", "2018-12-31": "217.89940", "2018-09-30": "216.70020", "2018-06-30": "208.29980", "2018-03-31": "153.79980", "2017-12-31": "237.40040", "2017-09-30": "228.69970", "2017-06-30": "195.19970", "2017-03-31": "127.90040", "2016-12-31": "206.69820", "2016-09-30": "211.10010", "2016-06-30": "196.00000", "2016-03-31": "131.70020", "2015-12-31": "181.09910", "2015-09-30": "206.30030", "2015-06-30": "178.69970", "2015-03-31": "122.80030", "2014-12-31": "193.29930", "2014-09-30": "212.30030", "2014-06-30": "187.40040", "2014-03-31": "126.89990", "2013-12-31": "166.99850", "2013-09-30": "162.39940", "2013-06-30": "128.10060", "2013-03-31": "54.39990", "2012-12-31": "104.89940", "2012-09-30": "118.59960", "2012-06-30": "94.40040", "2012-03-31": "93.79980", "2011-12-31": "129.80130", "2011-09-30": "158.00000", "2011-06-30": "150.79980", "2011-03-31": "85.60010", "2010-12-31": "-342.59960", "2010-09-30": "108.90040", "2010-06-30": "79.10010", "2010-03-31": "32.59960", "2009-12-31": "42.79930", "2009-09-30": "-21.50000", "2009-06-30": "19.00000", "2009-03-31": "1.39990", "2008-12-31": "133.19920", "2008-09-30": "21.00000", "2008-06-30": "207.30030", "2008-03-31": "132.00000", "2007-12-31": "209.00100", "2007-09-30": "221.89990", "2007-06-30": "277.00000", "2007-03-31": "103.29980", "2006-12-31": "169.79930", "2006-09-30": "163.89990", "2006-06-30": "138.10010", "2006-03-31": "60.30010", "2005-12-31": "124.60060", "2005-09-30": "132.00000", "2005-06-30": "109.70000", "2005-03-31": "62.50000"}, "Total Non-Operating Income/Expense": {"2020-12-31": "-7.60000", "2020-09-30": "-6.00000", "2020-06-30": "-5.80000", "2020-03-31": "-20.50000", "2019-12-31": "-5.50000", "2019-09-30": "-12.20000", "2019-06-30": "70.20000", "2019-03-31": "-11.90000", "2018-12-31": "-3.60000", "2018-09-30": "-11.80000", "2018-06-30": "-10.50000", "2018-03-31": "-16.10000", "2017-12-31": "-13.40000", "2017-09-30": "-11.70000", "2017-06-30": "-11.00000", "2017-03-31": "-15.80000", "2016-12-31": "-9.80000", "2016-09-30": "-11.40000", "2016-06-30": "-10.30000", "2016-03-31": "-12.70000", "2015-12-31": "-1.00000", "2015-09-30": "-9.40000", "2015-06-30": "-7.20000", "2015-03-31": "-10.60000", "2014-12-31": "-11.30000", "2014-09-30": "-9.90000", "2014-06-30": "-7.90000", "2014-03-31": "-9.20000", "2013-12-31": "-9.20000", "2013-09-30": "-5.40000", "2013-06-30": "-10.30000", "2013-03-31": "-11.50000", "2012-12-31": "-10.10000", "2012-09-30": "-10.10000", "2012-06-30": "-11.30000", "2012-03-31": "-11.80000", "2011-12-31": "-10.40000", "2011-09-30": "-11.00000", "2011-06-30": "-11.80000", "2011-03-31": "-11.10000", "2010-12-31": "-10.00000", "2010-09-30": "-8.40000", "2010-06-30": "-11.90000", "2010-03-31": "-12.90000", "2009-12-31": "-12.60000", "2009-09-30": "-29.30000", "2009-06-30": "-10.80000", "2009-03-31": "-11.90000", "2008-12-31": "-12.30000", "2008-09-30": "-13.40000", "2008-06-30": "-13.90000", "2008-03-31": "-11.30000", "2007-12-31": "-7.80000", "2007-09-30": "-9.10000", "2007-06-30": "-7.70000", "2007-03-31": "-9.60000", "2006-12-31": "-14.10000", "2006-09-30": "-10.60000", "2006-06-30": "-12.50000", "2006-03-31": "-13.00000", "2005-12-31": "-6.90000", "2005-09-30": "-11.90000", "2005-06-30": "-11.30000", "2005-03-31": "-11.70000"}, "Pre-Tax Income": {"2020-12-31": "130.70000", "2020-09-30": "55.60000", "2020-06-30": "-55.80000", "2020-03-31": "17.20000", "2019-12-31": "186.10000", "2019-09-30": "204.80000", "2019-06-30": "201.00000", "2019-03-31": "93.60000", "2018-12-31": "214.30010", "2018-09-30": "204.90000", "2018-06-30": "197.80000", "2018-03-31": "137.70000", "2017-12-31": "224.00000", "2017-09-30": "217.00000", "2017-06-30": "184.20000", "2017-03-31": "112.10000", "2016-12-31": "196.90000", "2016-09-30": "199.70000", "2016-06-30": "185.70000", "2016-03-31": "119.00000", "2015-12-31": "180.10000", "2015-09-30": "196.90000", "2015-06-30": "171.50000", "2015-03-31": "112.20000", "2014-12-31": "182.00000", "2014-09-30": "202.40000", "2014-06-30": "179.50000", "2014-03-31": "117.70000", "2013-12-31": "157.80000", "2013-09-30": "157.00000", "2013-06-30": "117.80000", "2013-03-31": "42.90000", "2012-12-31": "94.80000", "2012-09-30": "108.50000", "2012-06-30": "83.10000", "2012-03-31": "82.00000", "2011-12-31": "119.40000", "2011-09-30": "147.00000", "2011-06-30": "139.00000", "2011-03-31": "74.50000", "2010-12-31": "-352.60000", "2010-09-30": "100.50000", "2010-06-30": "67.20000", "2010-03-31": "19.70000", "2009-12-31": "30.20000", "2009-09-30": "-50.80000", "2009-06-30": "8.20000", "2009-03-31": "-10.50000", "2008-12-31": "120.90000", "2008-09-30": "7.60000", "2008-06-30": "193.40000", "2008-03-31": "120.70000", "2007-12-31": "201.20000", "2007-09-30": "212.80000", "2007-06-30": "269.30000", "2007-03-31": "93.70000", "2006-12-31": "155.70000", "2006-09-30": "153.30000", "2006-06-30": "125.60000", "2006-03-31": "47.30000", "2005-12-31": "117.70000", "2005-09-30": "120.10000", "2005-06-30": "98.40000", "2005-03-31": "50.80000"}, "Income Taxes": {"2020-12-31": "54.50000", "2020-09-30": "45.30000", "2020-06-30": "8.60000", "2020-03-31": "15.50000", "2019-12-31": "47.30000", "2019-09-30": "58.70000", "2019-06-30": "73.70000", "2019-03-31": "40.10000", "2018-12-31": "56.00000", "2018-09-30": "46.90000", "2018-06-30": "54.40000", "2018-03-31": "40.70000", "2017-12-31": "7.70000", "2017-09-30": "79.30000", "2017-06-30": "67.20000", "2017-03-31": "37.70000", "2016-12-31": "69.50000", "2016-09-30": "70.50000", "2016-06-30": "70.30000", "2016-03-31": "47.30000", "2015-12-31": "56.20000", "2015-09-30": "73.00000", "2015-06-30": "65.80000", "2015-03-31": "46.50000", "2014-12-31": "64.80000", "2014-09-30": "71.90000", "2014-06-30": "69.70000", "2014-03-31": "47.60000", "2013-12-31": "56.60000", "2013-09-30": "62.30000", "2013-06-30": "49.60000", "2013-03-31": "19.00000", "2012-12-31": "41.50000", "2012-09-30": "45.40000", "2012-06-30": "42.10000", "2012-03-31": "41.80000", "2011-12-31": "55.80000", "2011-09-30": "67.40000", "2011-06-30": "66.30000", "2011-03-31": "38.80000", "2010-12-31": "-2.20000", "2010-09-30": "49.20000", "2010-06-30": "34.50000", "2010-03-31": "16.90000", "2009-12-31": "1.10000", "2009-09-30": "2.00000", "2009-06-30": "-8.10000", "2009-03-31": "-8.70000", "2008-12-31": "55.10000", "2008-09-30": "50.80000", "2008-06-30": "86.00000", "2008-03-31": "45.20000", "2007-12-31": "79.10000", "2007-09-30": "81.10000", "2007-06-30": "108.90000", "2007-03-31": "34.20000", "2006-12-31": "56.10000", "2006-09-30": "56.30000", "2006-06-30": "46.00000", "2006-03-31": "17.80000", "2005-12-31": "33.60000", "2005-09-30": "43.80000", "2005-06-30": "35.90000", "2005-03-31": "18.60000"}, "Income After Taxes": {"2020-12-31": "76.20000", "2020-09-30": "10.30000", "2020-06-30": "-64.40000", "2020-03-31": "1.70000", "2019-12-31": "138.80000", "2019-09-30": "146.10000", "2019-06-30": "127.30000", "2019-03-31": "53.50000", "2018-12-31": "158.30000", "2018-09-30": "158.00000", "2018-06-30": "143.40000", "2018-03-31": "97.00000", "2017-12-31": "216.30000", "2017-09-30": "137.70000", "2017-06-30": "117.00000", "2017-03-31": "74.40000", "2016-12-31": "127.40000", "2016-09-30": "129.20000", "2016-06-30": "115.40000", "2016-03-31": "71.70000", "2015-12-31": "123.90000", "2015-09-30": "123.90000", "2015-06-30": "105.70000", "2015-03-31": "65.70000", "2014-12-31": "117.20000", "2014-09-30": "130.50000", "2014-06-30": "109.80000", "2014-03-31": "70.10000", "2013-12-31": "101.20000", "2013-09-30": "94.70000", "2013-06-30": "68.20000", "2013-03-31": "23.90000", "2012-12-31": "53.30000", "2012-09-30": "63.10000", "2012-06-30": "41.00000", "2012-03-31": "40.20000", "2011-12-31": "63.60000", "2011-09-30": "79.60000", "2011-06-30": "72.70000", "2011-03-31": "35.70000", "2010-12-31": "-350.40000", "2010-09-30": "51.30000", "2010-06-30": "32.70000", "2010-03-31": "2.80000", "2009-12-31": "29.10000", "2009-09-30": "-52.80000", "2009-06-30": "16.30000", "2009-03-31": "-1.80000", "2008-12-31": "65.80000", "2008-09-30": "-43.20000", "2008-06-30": "107.40000", "2008-03-31": "75.50000", "2007-12-31": "122.10000", "2007-09-30": "131.70000", "2007-06-30": "160.40000", "2007-03-31": "59.50000", "2006-12-31": "99.60000", "2006-09-30": "97.00000", "2006-06-30": "79.60000", "2006-03-31": "29.50000", "2005-12-31": "84.10000", "2005-09-30": "76.30000", "2005-06-30": "62.50000", "2005-03-31": "32.20000"}, "Other Income": {"2020-12-31": "", "2020-09-30": "", "2020-06-30": "", "2020-03-31": "", "2019-12-31": "", "2019-09-30": "", "2019-06-30": "", "2019-03-31": "", "2018-12-31": "", "2018-09-30": "", "2018-06-30": "", "2018-03-31": "", "2017-12-31": "", "2017-09-30": "", "2017-06-30": "", "2017-03-31": "", "2016-12-31": "", "2016-09-30": "", "2016-06-30": "", "2016-03-31": "", "2015-12-31": "", "2015-09-30": "", "2015-06-30": "", "2015-03-31": "", "2014-12-31": "", "2014-09-30": "", "2014-06-30": "", "2014-03-31": "", "2013-12-31": "", "2013-09-30": "", "2013-06-30": "", "2013-03-31": "", "2012-12-31": "", "2012-09-30": "", "2012-06-30": "", "2012-03-31": "", "2011-12-31": "", "2011-09-30": "", "2011-06-30": "", "2011-03-31": "", "2010-12-31": "", "2010-09-30": "", "2010-06-30": "", "2010-03-31": "", "2009-12-31": "", "2009-09-30": "", "2009-06-30": "", "2009-03-31": "", "2008-12-31": "", "2008-09-30": "", "2008-06-30": "", "2008-03-31": "", "2007-12-31": "", "2007-09-30": "", "2007-06-30": "", "2007-03-31": "", "2006-12-31": "", "2006-09-30": "", "2006-06-30": "", "2006-03-31": "", "2005-12-31": "", "2005-09-30": "", "2005-06-30": "", "2005-03-31": ""}, "Income From Continuous Operations": {"2020-12-31": "76.20000", "2020-09-30": "10.30000", "2020-06-30": "-64.40000", "2020-03-31": "1.70000", "2019-12-31": "138.80000", "2019-09-30": "146.10000", "2019-06-30": "127.30000", "2019-03-31": "53.50000", "2018-12-31": "158.30000", "2018-09-30": "158.00000", "2018-06-30": "143.40000", "2018-03-31": "97.00000", "2017-12-31": "216.30000", "2017-09-30": "137.70000", "2017-06-30": "117.00000", "2017-03-31": "74.40000", "2016-12-31": "127.40000", "2016-09-30": "129.20000", "2016-06-30": "115.40000", "2016-03-31": "71.70000", "2015-12-31": "123.90000", "2015-09-30": "123.90000", "2015-06-30": "105.70000", "2015-03-31": "65.70000", "2014-12-31": "117.20000", "2014-09-30": "130.50000", "2014-06-30": "109.80000", "2014-03-31": "70.10000", "2013-12-31": "101.20000", "2013-09-30": "94.70000", "2013-06-30": "68.20000", "2013-03-31": "23.90000", "2012-12-31": "53.30000", "2012-09-30": "63.10000", "2012-06-30": "41.00000", "2012-03-31": "40.20000", "2011-12-31": "63.60000", "2011-09-30": "79.60000", "2011-06-30": "72.70000", "2011-03-31": "35.70000", "2010-12-31": "-350.40000", "2010-09-30": "51.30000", "2010-06-30": "32.70000", "2010-03-31": "2.80000", "2009-12-31": "29.10000", "2009-09-30": "-52.80000", "2009-06-30": "16.30000", "2009-03-31": "-1.80000", "2008-12-31": "65.80000", "2008-09-30": "-43.20000", "2008-06-30": "107.40000", "2008-03-31": "75.50000", "2007-12-31": "122.10000", "2007-09-30": "131.70000", "2007-06-30": "160.40000", "2007-03-31": "59.50000", "2006-12-31": "99.60000", "2006-09-30": "97.00000", "2006-06-30": "79.60000", "2006-03-31": "29.50000", "2005-12-31": "84.10000", "2005-09-30": "76.30000", "2005-06-30": "62.50000", "2005-03-31": "32.20000"}, "Income From Discontinued Operations": {"2020-12-31": "", "2020-09-30": "", "2020-06-30": "", "2020-03-31": "", "2019-12-31": "", "2019-09-30": "", "2019-06-30": "", "2019-03-31": "", "2018-12-31": "", "2018-09-30": "", "2018-06-30": "", "2018-03-31": "", "2017-12-31": "", "2017-09-30": "", "2017-06-30": "", "2017-03-31": "", "2016-12-31": "", "2016-09-30": "", "2016-06-30": "", "2016-03-31": "", "2015-12-31": "", "2015-09-30": "", "2015-06-30": "", "2015-03-31": "", "2014-12-31": "", "2014-09-30": "", "2014-06-30": "", "2014-03-31": "", "2013-12-31": "", "2013-09-30": "", "2013-06-30": "", "2013-03-31": "", "2012-12-31": "", "2012-09-30": "", "2012-06-30": "", "2012-03-31": "", "2011-12-31": "", "2011-09-30": "", "2011-06-30": "", "2011-03-31": "", "2010-12-31": "", "2010-09-30": "", "2010-06-30": "", "2010-03-31": "", "2009-12-31": "", "2009-09-30": "", "2009-06-30": "", "2009-03-31": "", "2008-12-31": "", "2008-09-30": "", "2008-06-30": "", "2008-03-31": "", "2007-12-31": "", "2007-09-30": "", "2007-06-30": "", "2007-03-31": "", "2006-12-31": "64.80000", "2006-09-30": "3.60000", "2006-06-30": "0.80000", "2006-03-31": "23.10000", "2005-12-31": "", "2005-09-30": "", "2005-06-30": "", "2005-03-31": ""}, "Net Income": {"2020-12-31": "76.20000", "2020-09-30": "10.30000", "2020-06-30": "-64.40000", "2020-03-31": "1.70000", "2019-12-31": "138.80000", "2019-09-30": "146.10000", "2019-06-30": "127.30000", "2019-03-31": "53.50000", "2018-12-31": "158.30000", "2018-09-30": "158.00000", "2018-06-30": "143.40000", "2018-03-31": "97.00000", "2017-12-31": "216.30000", "2017-09-30": "137.70000", "2017-06-30": "117.00000", "2017-03-31": "74.40000", "2016-12-31": "127.40000", "2016-09-30": "129.20000", "2016-06-30": "115.40000", "2016-03-31": "71.70000", "2015-12-31": "123.90000", "2015-09-30": "123.90000", "2015-06-30": "105.70000", "2015-03-31": "65.70000", "2014-12-31": "117.20000", "2014-09-30": "130.50000", "2014-06-30": "109.80000", "2014-03-31": "70.10000", "2013-12-31": "101.20000", "2013-09-30": "94.70000", "2013-06-30": "68.20000", "2013-03-31": "23.90000", "2012-12-31": "53.30000", "2012-09-30": "63.10000", "2012-06-30": "41.00000", "2012-03-31": "40.20000", "2011-12-31": "63.60000", "2011-09-30": "79.60000", "2011-06-30": "72.70000", "2011-03-31": "35.70000", "2010-12-31": "-350.40000", "2010-09-30": "51.30000", "2010-06-30": "32.70000", "2010-03-31": "2.80000", "2009-12-31": "29.10000", "2009-09-30": "-52.80000", "2009-06-30": "16.30000", "2009-03-31": "-1.80000", "2008-12-31": "65.80000", "2008-09-30": "-43.20000", "2008-06-30": "107.40000", "2008-03-31": "75.50000", "2007-12-31": "122.10000", "2007-09-30": "131.70000", "2007-06-30": "160.40000", "2007-03-31": "59.50000", "2006-12-31": "164.40000", "2006-09-30": "100.60000", "2006-06-30": "80.40000", "2006-03-31": "52.60000", "2005-12-31": "89.10000", "2005-09-30": "76.30000", "2005-06-30": "62.50000", "2005-03-31": "32.20000"}, "EBITDA": {"2020-12-31": "", "2020-09-30": "79.99960", "2020-06-30": "-31.60020", "2020-03-31": "56.30020", "2019-12-31": "211.70160", "2019-09-30": "235.10000", "2019-06-30": "150.39980", "2019-03-31": "124.90000", "2018-12-31": "238.89940", "2018-09-30": "238.60020", "2018-06-30": "229.49980", "2018-03-31": "175.49980", "2017-12-31": "259.50040", "2017-09-30": "250.29970", "2017-06-30": "215.59970", "2017-03-31": "148.20040", "2016-12-31": "227.99820", "2016-09-30": "232.50010", "2016-06-30": "217.30000", "2016-03-31": "153.00020", "2015-12-31": "201.69910", "2015-09-30": "225.80030", "2015-06-30": "197.59970", "2015-03-31": "141.50030", "2014-12-31": "212.79930", "2014-09-30": "233.40030", "2014-06-30": "209.00040", "2014-03-31": "148.49990", "2013-12-31": "190.39850", "2013-09-30": "185.29940", "2013-06-30": "151.90060", "2013-03-31": "78.59990", "2012-12-31": "130.39940", "2012-09-30": "144.39960", "2012-06-30": "119.30040", "2012-03-31": "118.09980", "2011-12-31": "155.90130", "2011-09-30": "184.20000", "2011-06-30": "176.99980", "2011-03-31": "111.50010", "2010-12-31": "-312.69960", "2010-09-30": "138.60040", "2010-06-30": "108.20010", "2010-03-31": "53.99960", "2009-12-31": "67.19930", "2009-09-30": "4.40000", "2009-06-30": "42.70000", "2009-03-31": "24.59990", "2008-12-31": "158.39920", "2008-09-30": "49.50000", "2008-06-30": "236.00030", "2008-03-31": "156.70000", "2007-12-31": "239.80100", "2007-09-30": "245.99990", "2007-06-30": "299.60000", "2007-03-31": "124.79980", "2006-12-31": "192.79930", "2006-09-30": "185.89990", "2006-06-30": "160.10010", "2006-03-31": "82.10010", "2005-12-31": "149.80060", "2005-09-30": "154.20000", "2005-06-30": "132.09990", "2005-03-31": "87.50000"}, "EBIT": {"2020-12-31": "138.29980", "2020-09-30": "61.59960", "2020-06-30": "-50.00020", "2020-03-31": "37.70020", "2019-12-31": "191.60060", "2019-09-30": "217.00000", "2019-06-30": "130.79980", "2019-03-31": "105.50000", "2018-12-31": "217.89940", "2018-09-30": "216.70020", "2018-06-30": "208.29980", "2018-03-31": "153.79980", "2017-12-31": "237.40140", "2017-09-30": "228.69970", "2017-06-30": "195.19970", "2017-03-31": "127.90040", "2016-12-31": "206.69970", "2016-09-30": "211.10010", "2016-06-30": "196.00000", "2016-03-31": "131.70020", "2015-12-31": "181.10010", "2015-09-30": "206.30030", "2015-06-30": "178.69970", "2015-03-31": "122.80030", "2014-12-31": "193.29980", "2014-09-30": "212.30030", "2014-06-30": "187.40040", "2014-03-31": "126.89990", "2013-12-31": "166.99850", "2013-09-30": "162.39940", "2013-06-30": "128.10060", "2013-03-31": "54.39990", "2012-12-31": "104.89940", "2012-09-30": "118.59960", "2012-06-30": "94.40040", "2012-03-31": "93.79980", "2011-12-31": "129.80130", "2011-09-30": "158.00000", "2011-06-30": "150.79980", "2011-03-31": "85.60010", "2010-12-31": "-342.60010", "2010-09-30": "108.90040", "2010-06-30": "79.10010", "2010-03-31": "32.59960", "2009-12-31": "42.80030", "2009-09-30": "-21.50000", "2009-06-30": "19.00000", "2009-03-31": "1.39990", "2008-12-31": "133.19970", "2008-09-30": "21.00000", "2008-06-30": "207.30030", "2008-03-31": "132.00000", "2007-12-31": "209.00150", "2007-09-30": "221.89990", "2007-06-30": "277.00000", "2007-03-31": "103.29980", "2006-12-31": "169.79960", "2006-09-30": "163.89990", "2006-06-30": "138.10010", "2006-03-31": "60.30010", "2005-12-31": "124.60080", "2005-09-30": "132.00000", "2005-06-30": "109.70000", "2005-03-31": "62.50000"}, "Basic Shares Outstanding": {"2020-12-31": "57.00000", "2020-09-30": "58.20000", "2020-06-30": "58.20000", "2020-03-31": "58.70000", "2019-12-31": "59.90000", "2019-09-30": "59.90000", "2019-06-30": "60.00000", "2019-03-31": "60.60000", "2018-12-31": "64.60000", "2018-09-30": "64.50000", "2018-06-30": "65.70000", "2018-03-31": "66.30000", "2017-12-31": "67.10000", "2017-09-30": "66.80000", "2017-06-30": "67.40000", "2017-03-31": "67.70000", "2016-12-31": "70.10000", "2016-09-30": "68.40000", "2016-06-30": "71.60000", "2016-03-31": "72.80000", "2015-12-31": "76.80000", "2015-09-30": "76.10000", "2015-06-30": "78.30000", "2015-03-31": "78.70000", "2014-12-31": "79.50000", "2014-09-30": "79.70000", "2014-06-30": "79.90000", "2014-03-31": "79.80000", "2013-12-31": "78.00000", "2013-09-30": "78.40000", "2013-06-30": "77.40000", "2013-03-31": "77.10000", "2012-12-31": "79.50000", "2012-09-30": "79.50000", "2012-06-30": "80.10000", "2012-03-31": "80.20000", "2011-12-31": "81.60000", "2011-09-30": "81.70000", "2011-06-30": "82.00000", "2011-03-31": "81.90000", "2010-12-31": "81.00000", "2010-09-30": "81.90000", "2010-06-30": "81.50000", "2010-03-31": "78.60000", "2009-12-31": "78.30000", "2009-09-30": "78.40000", "2009-06-30": "78.30000", "2009-03-31": "78.10000", "2008-12-31": "78.70000", "2008-09-30": "78.60000", "2008-06-30": "79.20000", "2008-03-31": "79.50000", "2007-12-31": "83.10000", "2007-09-30": "82.70000", "2007-06-30": "84.40000", "2007-03-31": "84.90000", "2006-12-31": "86.20000", "2006-09-30": "85.30000", "2006-06-30": "87.30000", "2006-03-31": "87.40000", "2005-12-31": "88.10000", "2005-09-30": "87.00000", "2005-06-30": "88.60000", "2005-03-31": "89.80000"}, "Shares Outstanding": {"2020-12-31": "57.40000", "2020-09-30": "58.50000", "2020-06-30": "58.20000", "2020-03-31": "59.00000", "2019-12-31": "60.30000", "2019-09-30": "60.30000", "2019-06-30": "60.40000", "2019-03-31": "61.00000", "2018-12-31": "65.10000", "2018-09-30": "65.00000", "2018-06-30": "66.10000", "2018-03-31": "66.90000", "2017-12-31": "67.90000", "2017-09-30": "67.60000", "2017-06-30": "68.00000", "2017-03-31": "68.40000", "2016-12-31": "70.80000", "2016-09-30": "69.00000", "2016-06-30": "72.30000", "2016-03-31": "73.50000", "2015-12-31": "77.70000", "2015-09-30": "77.00000", "2015-06-30": "79.30000", "2015-03-31": "79.60000", "2014-12-31": "80.70000", "2014-09-30": "81.10000", "2014-06-30": "81.40000", "2014-03-31": "81.20000", "2013-12-31": "79.60000", "2013-09-30": "80.00000", "2013-06-30": "78.60000", "2013-03-31": "78.20000", "2012-12-31": "80.10000", "2012-09-30": "80.00000", "2012-06-30": "80.40000", "2012-03-31": "80.90000", "2011-12-31": "82.80000", "2011-09-30": "82.40000", "2011-06-30": "83.30000", "2011-03-31": "83.60000", "2010-12-31": "81.00000", "2010-09-30": "82.70000", "2010-06-30": "82.50000", "2010-03-31": "79.90000", "2009-12-31": "78.30000", "2009-09-30": "78.40000", "2009-06-30": "78.80000", "2009-03-31": "78.10000", "2008-12-31": "79.70000", "2008-09-30": "78.60000", "2008-06-30": "80.30000", "2008-03-31": "80.30000", "2007-12-31": "84.60000", "2007-09-30": "84.10000", "2007-06-30": "86.20000", "2007-03-31": "86.50000", "2006-12-31": "87.70000", "2006-09-30": "86.70000", "2006-06-30": "88.70000", "2006-03-31": "88.70000", "2005-12-31": "91.10000", "2005-09-30": "88.20000", "2005-06-30": "89.50000", "2005-03-31": "96.90000"}, "Basic EPS": {"2020-12-31": "1.34000", "2020-09-30": "0.18000", "2020-06-30": "-1.11000", "2020-03-31": "0.03000", "2019-12-31": "2.34000", "2019-09-30": "2.44000", "2019-06-30": "2.12000", "2019-03-31": "0.88000", "2018-12-31": "2.53000", "2018-09-30": "2.45000", "2018-06-30": "2.18000", "2018-03-31": "1.46000", "2017-12-31": "3.23000", "2017-09-30": "2.06000", "2017-06-30": "1.74000", "2017-03-31": "1.10000", "2016-12-31": "1.85000", "2016-09-30": "1.89000", "2016-06-30": "1.61000", "2016-03-31": "0.98000", "2015-12-31": "1.65000", "2015-09-30": "1.63000", "2015-06-30": "1.35000", "2015-03-31": "0.83000", "2014-12-31": "1.49000", "2014-09-30": "1.64000", "2014-06-30": "1.37000", "2014-03-31": "0.88000", "2013-12-31": "1.29000", "2013-09-30": "1.21000", "2013-06-30": "0.88000", "2013-03-31": "0.31000", "2012-12-31": "0.69000", "2012-09-30": "0.79000", "2012-06-30": "0.51000", "2012-03-31": "0.50000", "2011-12-31": "0.78000", "2011-09-30": "0.97000", "2011-06-30": "0.89000", "2011-03-31": "0.44000", "2010-12-31": "-4.33000", "2010-09-30": "0.63000", "2010-06-30": "0.40000", "2010-03-31": "0.04000", "2009-12-31": "0.36000", "2009-09-30": "-0.67000", "2009-06-30": "0.21000", "2009-03-31": "-0.02000", "2008-12-31": "0.85000", "2008-09-30": "-0.55000", "2008-06-30": "1.36000", "2008-03-31": "0.95000", "2007-12-31": "1.51000", "2007-09-30": "1.59000", "2007-06-30": "1.90000", "2007-03-31": "0.70000", "2006-12-31": "1.92000", "2006-09-30": "1.18000", "2006-06-30": "0.92000", "2006-03-31": "0.60000", "2005-12-31": "1.00000", "2005-09-30": "0.88000", "2005-06-30": "0.71000", "2005-03-31": "0.36000"}, "EPS - Earnings Per Share": {"2020-12-31": "1.33000", "2020-09-30": "0.18000", "2020-06-30": "-1.11000", "2020-03-31": "0.03000", "2019-12-31": "2.31000", "2019-09-30": "2.42000", "2019-06-30": "2.11000", "2019-03-31": "0.88000", "2018-12-31": "2.51000", "2018-09-30": "2.43000", "2018-06-30": "2.17000", "2018-03-31": "1.45000", "2017-12-31": "3.19000", "2017-09-30": "2.04000", "2017-06-30": "1.72000", "2017-03-31": "1.09000", "2016-12-31": "1.82000", "2016-09-30": "1.87000", "2016-06-30": "1.60000", "2016-03-31": "0.98000", "2015-12-31": "1.63000", "2015-09-30": "1.61000", "2015-06-30": "1.33000", "2015-03-31": "0.83000", "2014-12-31": "1.48000", "2014-09-30": "1.61000", "2014-06-30": "1.35000", "2014-03-31": "0.86000", "2013-12-31": "1.26000", "2013-09-30": "1.18000", "2013-06-30": "0.87000", "2013-03-31": "0.31000", "2012-12-31": "0.67000", "2012-09-30": "0.79000", "2012-06-30": "0.51000", "2012-03-31": "0.50000", "2011-12-31": "0.77000", "2011-09-30": "0.97000", "2011-06-30": "0.87000", "2011-03-31": "0.43000", "2010-12-31": "-4.32000", "2010-09-30": "0.62000", "2010-06-30": "0.40000", "2010-03-31": "0.04000", "2009-12-31": "0.36000", "2009-09-30": "-0.67000", "2009-06-30": "0.21000", "2009-03-31": "-0.02000", "2008-12-31": "0.85000", "2008-09-30": "-0.55000", "2008-06-30": "1.34000", "2008-03-31": "0.94000", "2007-12-31": "1.48000", "2007-09-30": "1.57000", "2007-06-30": "1.86000", "2007-03-31": "0.69000", "2006-12-31": "1.88000", "2006-09-30": "1.16000", "2006-06-30": "0.91000", "2006-03-31": "0.59000", "2005-12-31": "0.95000", "2005-09-30": "0.87000", "2005-06-30": "0.70000", "2005-03-31": "0.35000"}}, "balance sheet": {"Cash On Hand": {"2020-12-31": "1567.10000", "2019-12-31": "1025.80000", "2018-12-31": "591.90000", "2017-12-31": "689.00000", "2016-12-31": "598.50000", "2015-12-31": "730.50000", "2014-12-31": "699.20000", "2013-12-31": "737.60000", "2012-12-31": "648.10000", "2011-12-31": "580.50000", "2010-12-31": "772.60000", "2009-12-31": "1014.60000", "2008-12-31": "874.00000", "2007-12-31": "537.50000", "2006-12-31": "687.90000", "2005-12-31": "454.90000"}, "Receivables": {"2020-12-31": "4912.40000", "2019-12-31": "5273.10000", "2018-12-31": "5276.10000", "2017-12-31": "5370.50000", "2016-12-31": "4413.10000", "2015-12-31": "4243.00000", "2014-12-31": "4134.50000", "2013-12-31": "4277.90000", "2012-12-31": "4179.00000", "2011-12-31": "4181.30000", "2010-12-31": "3844.10000", "2009-12-31": "3070.80000", "2008-12-31": "3629.70000", "2007-12-31": "4478.80000", "2006-12-31": "3837.20000", "2005-12-31": "3208.20000"}, "Inventory": {"2020-12-31": "", "2019-12-31": "", "2018-12-31": "", "2017-12-31": "", "2016-12-31": "", "2015-12-31": "", "2014-12-31": "", "2013-12-31": "", "2012-12-31": "", "2011-12-31": "", "2010-12-31": "", "2009-12-31": "", "2008-12-31": "", "2007-12-31": "", "2006-12-31": "", "2005-12-31": ""}, "Pre-Paid Expenses": {"2020-12-31": "186.90000", "2019-12-31": "185.60000", "2018-12-31": "129.10000", "2017-12-31": "111.70000", "2016-12-31": "121.30000", "2015-12-31": "119.00000", "2014-12-31": "147.80000", "2013-12-31": "161.30000", "2012-12-31": "172.90000", "2011-12-31": "176.30000", "2010-12-31": "197.60000", "2009-12-31": "179.60000", "2008-12-31": "119.90000", "2007-12-31": "122.20000", "2006-12-31": "90.50000", "2005-12-31": "107.50000"}, "Other Current Assets": {"2020-12-31": "", "2019-12-31": "", "2018-12-31": "", "2017-12-31": "", "2016-12-31": "", "2015-12-31": "", "2014-12-31": "", "2013-12-31": "", "2012-12-31": "", "2011-12-31": "", "2010-12-31": "", "2009-12-31": "", "2008-12-31": "", "2007-12-31": "", "2006-12-31": "", "2005-12-31": ""}, "Total Current Assets": {"2020-12-31": "6666.40000", "2019-12-31": "6484.50000", "2018-12-31": "5997.10000", "2017-12-31": "6171.20000", "2016-12-31": "5132.90000", "2015-12-31": "5092.50000", "2014-12-31": "4981.50000", "2013-12-31": "5243.00000", "2012-12-31": "5060.60000", "2011-12-31": "4990.50000", "2010-12-31": "4874.00000", "2009-12-31": "4332.40000", "2008-12-31": "4690.10000", "2007-12-31": "5214.80000", "2006-12-31": "4682.00000", "2005-12-31": "3841.70000"}, "Property, Plant, And Equipment": {"2020-12-31": "135.10000", "2019-12-31": "143.30000", "2018-12-31": "152.60000", "2017-12-31": "157.70000", "2016-12-31": "147.30000", "2015-12-31": "147.10000", "2014-12-31": "149.10000", "2013-12-31": "166.00000", "2012-12-31": "184.80000", "2011-12-31": "174.50000", "2010-12-31": "170.30000", "2009-12-31": "176.40000", "2008-12-31": "213.40000", "2007-12-31": "221.20000", "2006-12-31": "202.10000", "2005-12-31": "196.40000"}, "Long-Term Investments": {"2020-12-31": "", "2019-12-31": "", "2018-12-31": "", "2017-12-31": "", "2016-12-31": "", "2015-12-31": "", "2014-12-31": "", "2013-12-31": "", "2012-12-31": "", "2011-12-31": "", "2010-12-31": "", "2009-12-31": "", "2008-12-31": "", "2007-12-31": "", "2006-12-31": "", "2005-12-31": ""}, "Goodwill And Intangible Assets": {"2020-12-31": "1474.40000", "2019-12-31": "1528.70000", "2018-12-31": "1543.40000", "2017-12-31": "1627.00000", "2016-12-31": "1534.30000", "2015-12-31": "1583.90000", "2014-12-31": "1362.00000", "2013-12-31": "1400.00000", "2012-12-31": "1371.90000", "2011-12-31": "1339.60000", "2010-12-31": "1330.30000", "2009-12-31": "1357.50000", "2008-12-31": "1388.10000", "2007-12-31": "1410.70000", "2006-12-31": "1293.60000", "2005-12-31": "1256.50000"}, "Other Long-Term Assets": {"2020-12-31": "651.60000", "2019-12-31": "618.80000", "2018-12-31": "826.70000", "2017-12-31": "927.70000", "2016-12-31": "759.70000", "2015-12-31": "694.00000", "2014-12-31": "688.60000", "2013-12-31": "479.30000", "2012-12-31": "395.30000", "2011-12-31": "395.10000", "2010-12-31": "355.10000", "2009-12-31": "347.50000", "2008-12-31": "330.60000", "2007-12-31": "377.70000", "2006-12-31": "336.40000", "2005-12-31": "273.80000"}, "Total Long-Term Assets": {"2020-12-31": "2679.80000", "2019-12-31": "2739.30000", "2018-12-31": "2522.70000", "2017-12-31": "2712.40000", "2016-12-31": "2441.30000", "2015-12-31": "2425.00000", "2014-12-31": "2199.70000", "2013-12-31": "2045.30000", "2012-12-31": "1952.00000", "2011-12-31": "1909.20000", "2010-12-31": "1855.70000", "2009-12-31": "1881.40000", "2008-12-31": "1932.10000", "2007-12-31": "2009.60000", "2006-12-31": "1832.10000", "2005-12-31": "1726.70000"}, "Total Assets": {"2020-12-31": "9346.20000", "2019-12-31": "9223.80000", "2018-12-31": "8519.80000", "2017-12-31": "8883.60000", "2016-12-31": "7574.20000", "2015-12-31": "7517.50000", "2014-12-31": "7181.20000", "2013-12-31": "7288.30000", "2012-12-31": "7012.60000", "2011-12-31": "6899.70000", "2010-12-31": "6729.70000", "2009-12-31": "6213.80000", "2008-12-31": "6622.20000", "2007-12-31": "7224.40000", "2006-12-31": "6514.10000", "2005-12-31": "5568.40000"}, "Total Current Liabilities": {"2020-12-31": "4684.60000", "2019-12-31": "4441.40000", "2018-12-31": "4175.90000", "2017-12-31": "4810.40000", "2016-12-31": "3658.80000", "2015-12-31": "3451.00000", "2014-12-31": "3353.80000", "2013-12-31": "3509.60000", "2012-12-31": "3677.20000", "2011-12-31": "3762.20000", "2010-12-31": "3290.10000", "2009-12-31": "2603.00000", "2008-12-31": "2907.50000", "2007-12-31": "3255.50000", "2006-12-31": "2881.60000", "2005-12-31": "2580.50000"}, "Long Term Debt": {"2020-12-31": "1103.50000", "2019-12-31": "1012.40000", "2018-12-31": "1025.30000", "2017-12-31": "478.10000", "2016-12-31": "785.60000", "2015-12-31": "810.90000", "2014-12-31": "422.60000", "2013-12-31": "481.90000", "2012-12-31": "462.10000", "2011-12-31": "266.00000", "2010-12-31": "669.30000", "2009-12-31": "715.60000", "2008-12-31": "837.30000", "2007-12-31": "874.80000", "2006-12-31": "791.20000", "2005-12-31": "475.00000"}, "Other Non-Current Liabilities": {"2020-12-31": "781.20000", "2019-12-31": "671.80000", "2018-12-31": "620.10000", "2017-12-31": "737.50000", "2016-12-31": "683.40000", "2015-12-31": "563.10000", "2014-12-31": "461.80000", "2013-12-31": "382.60000", "2012-12-31": "372.50000", "2011-12-31": "388.10000", "2010-12-31": "373.10000", "2009-12-31": "358.70000", "2008-12-31": "418.00000", "2007-12-31": "424.80000", "2006-12-31": "367.10000", "2005-12-31": "366.30000"}, "Total Long Term Liabilities": {"2020-12-31": "2208.00000", "2019-12-31": "2020.90000", "2018-12-31": "1645.40000", "2017-12-31": "1215.60000", "2016-12-31": "1469.00000", "2015-12-31": "1374.00000", "2014-12-31": "884.40000", "2013-12-31": "864.50000", "2012-12-31": "834.60000", "2011-12-31": "654.10000", "2010-12-31": "1042.40000", "2009-12-31": "1074.30000", "2008-12-31": "1255.30000", "2007-12-31": "1299.60000", "2006-12-31": "1158.30000", "2005-12-31": "841.30000"}, "Total Liabilities": {"2020-12-31": "6892.60000", "2019-12-31": "6462.30000", "2018-12-31": "5821.30000", "2017-12-31": "6026.00000", "2016-12-31": "5127.80000", "2015-12-31": "4825.00000", "2014-12-31": "4238.20000", "2013-12-31": "4374.10000", "2012-12-31": "4511.80000", "2011-12-31": "4416.30000", "2010-12-31": "4332.50000", "2009-12-31": "3677.30000", "2008-12-31": "4162.80000", "2007-12-31": "4555.10000", "2006-12-31": "4039.90000", "2005-12-31": "3421.80000"}, "Common Stock Net": {"2020-12-31": "1.20000", "2019-12-31": "1.20000", "2018-12-31": "1.20000", "2017-12-31": "1.20000", "2016-12-31": "1.20000", "2015-12-31": "1.20000", "2014-12-31": "1.10000", "2013-12-31": "1.10000", "2012-12-31": "1.10000", "2011-12-31": "1.10000", "2010-12-31": "1.10000", "2009-12-31": "1.00000", "2008-12-31": "1.00000", "2007-12-31": "1.00000", "2006-12-31": "1.00000", "2005-12-31": "1.00000"}, "Retained Earnings (Accumulated Deficit)": {"2020-12-31": "3388.80000", "2019-12-31": "3494.10000", "2018-12-31": "3157.70000", "2017-12-31": "2713.00000", "2016-12-31": "2291.30000", "2015-12-31": "1966.00000", "2014-12-31": "1667.80000", "2013-12-31": "1317.50000", "2012-12-31": "1101.50000", "2011-12-31": "971.70000", "2010-12-31": "785.20000", "2009-12-31": "1109.60000", "2008-12-31": "1176.80000", "2007-12-31": "1040.30000", "2006-12-31": "617.00000", "2005-12-31": "269.90000"}, "Comprehensive Income": {"2020-12-31": "-397.30000", "2019-12-31": "-441.00000", "2018-12-31": "-399.80000", "2017-12-31": "-288.20000", "2016-12-31": "-426.10000", "2015-12-31": "-286.00000", "2014-12-31": "-155.20000", "2013-12-31": "82.20000", "2012-12-31": "34.40000", "2011-12-31": "35.30000", "2010-12-31": "87.00000", "2009-12-31": "106.90000", "2008-12-31": "-8.90000", "2007-12-31": "257.60000", "2006-12-31": "120.60000", "2005-12-31": "-11.00000"}, "Other Share Holders Equity": {"2020-12-31": "", "2019-12-31": "", "2018-12-31": "", "2017-12-31": "", "2016-12-31": "", "2015-12-31": "", "2014-12-31": "", "2013-12-31": "", "2012-12-31": "", "2011-12-31": "", "2010-12-31": "", "2009-12-31": "", "2008-12-31": "", "2007-12-31": "", "2006-12-31": "", "2005-12-31": ""}, "Share Holder Equity": {"2020-12-31": "2453.60000", "2019-12-31": "2761.50000", "2018-12-31": "2698.50000", "2017-12-31": "2857.60000", "2016-12-31": "2446.40000", "2015-12-31": "2692.50000", "2014-12-31": "2943.00000", "2013-12-31": "2914.20000", "2012-12-31": "2500.80000", "2011-12-31": "2483.40000", "2010-12-31": "2397.20000", "2009-12-31": "2536.50000", "2008-12-31": "2459.40000", "2007-12-31": "2669.30000", "2006-12-31": "2474.20000", "2005-12-31": "2146.60000"}, "Total Liabilities And Share Holders Equity": {"2020-12-31": "9346.20000", "2019-12-31": "9223.80000", "2018-12-31": "8519.80000", "2017-12-31": "8883.60000", "2016-12-31": "7574.20000", "2015-12-31": "7517.50000", "2014-12-31": "7181.20000", "2013-12-31": "7288.30000", "2012-12-31": "7012.60000", "2011-12-31": "6899.70000", "2010-12-31": "6729.70000", "2009-12-31": "6213.80000", "2008-12-31": "6622.20000", "2007-12-31": "7224.40000", "2006-12-31": "6514.10000", "2005-12-31": "5568.40000"}}, "balance sheet, quarterly": {"Cash On Hand": {"2020-12-31": "1567.10000", "2020-09-30": "1587.70000", "2020-06-30": "1438.60000", "2020-03-31": "1099.50000", "2019-12-31": "1025.80000", "2019-09-30": "807.10000", "2019-06-30": "770.40000", "2019-03-31": "566.30000", "2018-12-31": "591.90000", "2018-09-30": "682.60000", "2018-06-30": "767.50000", "2018-03-31": "552.20000", "2017-12-31": "689.00000", "2017-09-30": "666.90000", "2017-06-30": "573.10000", "2017-03-31": "724.40000", "2016-12-31": "598.50000", "2016-09-30": "503.10000", "2016-06-30": "546.30000", "2016-03-31": "747.60000", "2015-12-31": "730.50000", "2015-09-30": "652.50000", "2015-06-30": "465.90000", "2015-03-31": "627.60000", "2014-12-31": "699.20000", "2014-09-30": "660.70000", "2014-06-30": "638.50000", "2014-03-31": "696.50000", "2013-12-31": "737.60000", "2013-09-30": "488.70000", "2013-06-30": "280.90000", "2013-03-31": "583.40000", "2012-12-31": "648.10000", "2012-09-30": "444.60000", "2012-06-30": "454.60000", "2012-03-31": "553.50000", "2011-12-31": "580.50000", "2011-09-30": "563.50000", "2011-06-30": "543.50000", "2011-03-31": "649.50000", "2010-12-31": "772.60000", "2010-09-30": "598.30000", "2010-06-30": "552.50000", "2010-03-31": "943.80000", "2009-12-31": "1014.60000", "2009-09-30": "1200.60000", "2009-06-30": "1107.30000", "2009-03-31": "1001.00000", "2008-12-31": "874.00000", "2008-09-30": "632.00000", "2008-06-30": "561.30000", "2008-03-31": "640.50000", "2007-12-31": "537.50000", "2007-09-30": "538.80000", "2007-06-30": "710.80000", "2007-03-31": "727.30000", "2006-12-31": "687.90000", "2006-09-30": "484.50000", "2006-06-30": "768.10000", "2006-03-31": "554.50000", "2005-12-31": "454.90000", "2005-09-30": "431.70000", "2005-06-30": "363.30000", "2005-03-31": "396.80000"}, "Receivables": {"2020-12-31": "4912.40000", "2020-09-30": "4535.70000", "2020-06-30": "4224.60000", "2020-03-31": "4748.50000", "2019-12-31": "5273.10000", "2019-09-30": "5122.10000", "2019-06-30": "5415.60000", "2019-03-31": "5186.30000", "2018-12-31": "5276.10000", "2018-09-30": "5331.30000", "2018-06-30": "5363.90000", "2018-03-31": "5408.30000", "2017-12-31": "5370.50000", "2017-09-30": "5181.00000", "2017-06-30": "4927.40000", "2017-03-31": "4430.60000", "2016-12-31": "4413.10000", "2016-09-30": "4581.90000", "2016-06-30": "4462.30000", "2016-03-31": "4308.30000", "2015-12-31": "4243.00000", "2015-09-30": "4278.90000", "2015-06-30": "4214.20000", "2015-03-31": "3903.00000", "2014-12-31": "4134.50000", "2014-09-30": "4381.40000", "2014-06-30": "4501.00000", "2014-03-31": "4244.10000", "2013-12-31": "4277.90000", "2013-09-30": "4294.10000", "2013-06-30": "4172.00000", "2013-03-31": "4042.00000", "2012-12-31": "4179.00000", "2012-09-30": "4395.00000", "2012-06-30": "4266.20000", "2012-03-31": "4232.70000", "2011-12-31": "4181.30000", "2011-09-30": "4342.00000", "2011-06-30": "4496.80000", "2011-03-31": "4201.00000", "2010-12-31": "3844.10000", "2010-09-30": "3890.90000", "2010-06-30": "3415.70000", "2010-03-31": "3075.70000", "2009-12-31": "3070.80000", "2009-09-30": "3158.80000", "2009-06-30": "2944.90000", "2009-03-31": "2939.40000", "2008-12-31": "3629.70000", "2008-09-30": "4290.20000", "2008-06-30": "4857.60000", "2008-03-31": "4724.60000", "2007-12-31": "4478.80000", "2007-09-30": "4537.30000", "2007-06-30": "4214.90000", "2007-03-31": "3775.20000", "2006-12-31": "3837.20000", "2006-09-30": "3772.10000", "2006-06-30": "3610.80000", "2006-03-31": "3162.20000", "2005-12-31": "3208.20000", "2005-09-30": "3214.40000", "2005-06-30": "3084.70000", "2005-03-31": "3002.40000"}, "Inventory": {"2020-12-31": "", "2020-09-30": "", "2020-06-30": "", "2020-03-31": "", "2019-12-31": "", "2019-09-30": "", "2019-06-30": "", "2019-03-31": "", "2018-12-31": "", "2018-09-30": "", "2018-06-30": "", "2018-03-31": "", "2017-12-31": "", "2017-09-30": "", "2017-06-30": "", "2017-03-31": "", "2016-12-31": "", "2016-09-30": "", "2016-06-30": "", "2016-03-31": "", "2015-12-31": "", "2015-09-30": "", "2015-06-30": "", "2015-03-31": "", "2014-12-31": "", "2014-09-30": "", "2014-06-30": "", "2014-03-31": "", "2013-12-31": "", "2013-09-30": "", "2013-06-30": "", "2013-03-31": "", "2012-12-31": "", "2012-09-30": "", "2012-06-30": "", "2012-03-31": "", "2011-12-31": "", "2011-09-30": "", "2011-06-30": "", "2011-03-31": "", "2010-12-31": "", "2010-09-30": "", "2010-06-30": "", "2010-03-31": "", "2009-12-31": "", "2009-09-30": "", "2009-06-30": "", "2009-03-31": "", "2008-12-31": "", "2008-09-30": "", "2008-06-30": "", "2008-03-31": "", "2007-12-31": "", "2007-09-30": "", "2007-06-30": "", "2007-03-31": "", "2006-12-31": "", "2006-09-30": "", "2006-06-30": "", "2006-03-31": "", "2005-12-31": "", "2005-09-30": "", "2005-06-30": "", "2005-03-31": ""}, "Pre-Paid Expenses": {"2020-12-31": "186.90000", "2020-09-30": "224.70000", "2020-06-30": "229.50000", "2020-03-31": "211.10000", "2019-12-31": "185.60000", "2019-09-30": "145.60000", "2019-06-30": "190.80000", "2019-03-31": "282.80000", "2018-12-31": "129.10000", "2018-09-30": "150.40000", "2018-06-30": "137.90000", "2018-03-31": "366.50000", "2017-12-31": "111.70000", "2017-09-30": "125.70000", "2017-06-30": "120.60000", "2017-03-31": "145.80000", "2016-12-31": "121.30000", "2016-09-30": "112.10000", "2016-06-30": "107.90000", "2016-03-31": "128.20000", "2015-12-31": "119.00000", "2015-09-30": "126.40000", "2015-06-30": "261.50000", "2015-03-31": "160.20000", "2014-12-31": "147.80000", "2014-09-30": "120.90000", "2014-06-30": "132.60000", "2014-03-31": "142.80000", "2013-12-31": "161.30000", "2013-09-30": "158.90000", "2013-06-30": "158.60000", "2013-03-31": "180.40000", "2012-12-31": "172.90000", "2012-09-30": "173.20000", "2012-06-30": "190.00000", "2012-03-31": "189.70000", "2011-12-31": "176.30000", "2011-09-30": "166.10000", "2011-06-30": "182.10000", "2011-03-31": "204.90000", "2010-12-31": "197.60000", "2010-09-30": "146.10000", "2010-06-30": "172.40000", "2010-03-31": "202.40000", "2009-12-31": "179.60000", "2009-09-30": "191.50000", "2009-06-30": "166.40000", "2009-03-31": "152.50000", "2008-12-31": "119.90000", "2008-09-30": "177.90000", "2008-06-30": "150.40000", "2008-03-31": "138.80000", "2007-12-31": "122.20000", "2007-09-30": "130.70000", "2007-06-30": "134.90000", "2007-03-31": "118.40000", "2006-12-31": "90.50000", "2006-09-30": "104.40000", "2006-06-30": "109.60000", "2006-03-31": "129.00000", "2005-12-31": "107.50000", "2005-09-30": "98.00000", "2005-06-30": "92.70000", "2005-03-31": "110.10000"}, "Other Current Assets": {"2020-12-31": "", "2020-09-30": "", "2020-06-30": "", "2020-03-31": "", "2019-12-31": "", "2019-09-30": "", "2019-06-30": "", "2019-03-31": "", "2018-12-31": "", "2018-09-30": "", "2018-06-30": "", "2018-03-31": "", "2017-12-31": "", "2017-09-30": "", "2017-06-30": "", "2017-03-31": "", "2016-12-31": "", "2016-09-30": "", "2016-06-30": "", "2016-03-31": "", "2015-12-31": "", "2015-09-30": "", "2015-06-30": "", "2015-03-31": "", "2014-12-31": "", "2014-09-30": "", "2014-06-30": "", "2014-03-31": "", "2013-12-31": "", "2013-09-30": "", "2013-06-30": "", "2013-03-31": "", "2012-12-31": "", "2012-09-30": "", "2012-06-30": "", "2012-03-31": "", "2011-12-31": "", "2011-09-30": "", "2011-06-30": "", "2011-03-31": "", "2010-12-31": "", "2010-09-30": "", "2010-06-30": "", "2010-03-31": "", "2009-12-31": "", "2009-09-30": "", "2009-06-30": "", "2009-03-31": "", "2008-12-31": "", "2008-09-30": "", "2008-06-30": "", "2008-03-31": "", "2007-12-31": "", "2007-09-30": "", "2007-06-30": "", "2007-03-31": "", "2006-12-31": "", "2006-09-30": "", "2006-06-30": "", "2006-03-31": "", "2005-12-31": "", "2005-09-30": "", "2005-06-30": "", "2005-03-31": ""}, "Total Current Assets": {"2020-12-31": "6666.40000", "2020-09-30": "6348.10000", "2020-06-30": "5892.70000", "2020-03-31": "6059.10000", "2019-12-31": "6484.50000", "2019-09-30": "6074.80000", "2019-06-30": "6376.80000", "2019-03-31": "6035.40000", "2018-12-31": "5997.10000", "2018-09-30": "6164.30000", "2018-06-30": "6269.30000", "2018-03-31": "6327.00000", "2017-12-31": "6171.20000", "2017-09-30": "5973.60000", "2017-06-30": "5621.10000", "2017-03-31": "5300.80000", "2016-12-31": "5132.90000", "2016-09-30": "5197.10000", "2016-06-30": "5116.50000", "2016-03-31": "5184.10000", "2015-12-31": "5092.50000", "2015-09-30": "5107.60000", "2015-06-30": "4992.80000", "2015-03-31": "4737.70000", "2014-12-31": "4981.50000", "2014-09-30": "5213.70000", "2014-06-30": "5325.30000", "2014-03-31": "5150.60000", "2013-12-31": "5243.00000", "2013-09-30": "5011.20000", "2013-06-30": "4687.70000", "2013-03-31": "4885.80000", "2012-12-31": "5060.60000", "2012-09-30": "5082.30000", "2012-06-30": "4971.70000", "2012-03-31": "5032.40000", "2011-12-31": "4990.50000", "2011-09-30": "5129.80000", "2011-06-30": "5288.60000", "2011-03-31": "5116.50000", "2010-12-31": "4874.00000", "2010-09-30": "4709.20000", "2010-06-30": "4206.00000", "2010-03-31": "4277.60000", "2009-12-31": "4332.40000", "2009-09-30": "4610.00000", "2009-06-30": "4277.80000", "2009-03-31": "4155.60000", "2008-12-31": "4690.10000", "2008-09-30": "5163.40000", "2008-06-30": "5657.10000", "2008-03-31": "5590.50000", "2007-12-31": "5214.80000", "2007-09-30": "5295.60000", "2007-06-30": "5137.00000", "2007-03-31": "4688.20000", "2006-12-31": "4682.00000", "2006-09-30": "4456.50000", "2006-06-30": "4583.30000", "2006-03-31": "3929.70000", "2005-12-31": "3841.70000", "2005-09-30": "3848.60000", "2005-06-30": "3648.40000", "2005-03-31": "3620.70000"}, "Property, Plant, And Equipment": {"2020-12-31": "135.10000", "2020-09-30": "132.50000", "2020-06-30": "136.40000", "2020-03-31": "138.40000", "2019-12-31": "143.30000", "2019-09-30": "140.00000", "2019-06-30": "147.70000", "2019-03-31": "146.40000", "2018-12-31": "152.60000", "2018-09-30": "150.00000", "2018-06-30": "149.30000", "2018-03-31": "158.40000", "2017-12-31": "157.70000", "2017-09-30": "154.30000", "2017-06-30": "154.90000", "2017-03-31": "147.20000", "2016-12-31": "147.30000", "2016-09-30": "153.50000", "2016-06-30": "153.40000", "2016-03-31": "154.10000", "2015-12-31": "147.10000", "2015-09-30": "142.80000", "2015-06-30": "139.60000", "2015-03-31": "138.20000", "2014-12-31": "149.10000", "2014-09-30": "149.80000", "2014-06-30": "160.80000", "2014-03-31": "160.80000", "2013-12-31": "166.00000", "2013-09-30": "171.90000", "2013-06-30": "174.30000", "2013-03-31": "177.80000", "2012-12-31": "184.80000", "2012-09-30": "176.90000", "2012-06-30": "175.00000", "2012-03-31": "180.90000", "2011-12-31": "174.50000", "2011-09-30": "172.70000", "2011-06-30": "180.90000", "2011-03-31": "171.60000", "2010-12-31": "170.30000", "2010-09-30": "173.60000", "2010-06-30": "162.70000", "2010-03-31": "162.60000", "2009-12-31": "176.40000", "2009-09-30": "193.20000", "2009-06-30": "195.20000", "2009-03-31": "194.90000", "2008-12-31": "213.40000", "2008-09-30": "219.00000", "2008-06-30": "241.00000", "2008-03-31": "230.80000", "2007-12-31": "221.20000", "2007-09-30": "212.30000", "2007-06-30": "206.50000", "2007-03-31": "201.40000", "2006-12-31": "202.10000", "2006-09-30": "194.60000", "2006-06-30": "201.60000", "2006-03-31": "194.30000", "2005-12-31": "196.40000", "2005-09-30": "197.90000", "2005-06-30": "200.20000", "2005-03-31": "212.70000"}, "Long-Term Investments": {"2020-12-31": "", "2020-09-30": "", "2020-06-30": "", "2020-03-31": "", "2019-12-31": "", "2019-09-30": "", "2019-06-30": "", "2019-03-31": "", "2018-12-31": "", "2018-09-30": "", "2018-06-30": "", "2018-03-31": "", "2017-12-31": "", "2017-09-30": "", "2017-06-30": "", "2017-03-31": "", "2016-12-31": "", "2016-09-30": "", "2016-06-30": "", "2016-03-31": "", "2015-12-31": "", "2015-09-30": "", "2015-06-30": "", "2015-03-31": "", "2014-12-31": "", "2014-09-30": "", "2014-06-30": "", "2014-03-31": "", "2013-12-31": "", "2013-09-30": "", "2013-06-30": "", "2013-03-31": "", "2012-12-31": "", "2012-09-30": "", "2012-06-30": "", "2012-03-31": "", "2011-12-31": "", "2011-09-30": "", "2011-06-30": "", "2011-03-31": "", "2010-12-31": "", "2010-09-30": "", "2010-06-30": "", "2010-03-31": "", "2009-12-31": "", "2009-09-30": "", "2009-06-30": "", "2009-03-31": "", "2008-12-31": "", "2008-09-30": "", "2008-06-30": "", "2008-03-31": "", "2007-12-31": "", "2007-09-30": "", "2007-06-30": "", "2007-03-31": "", "2006-12-31": "", "2006-09-30": "", "2006-06-30": "", "2006-03-31": "", "2005-12-31": "", "2005-09-30": "", "2005-06-30": "", "2005-03-31": ""}, "Goodwill And Intangible Assets": {"2020-12-31": "1474.40000", "2020-09-30": "1450.10000", "2020-06-30": "1433.30000", "2020-03-31": "1493.30000", "2019-12-31": "1528.70000", "2019-09-30": "1504.70000", "2019-06-30": "1538.70000", "2019-03-31": "1531.80000", "2018-12-31": "1543.40000", "2018-09-30": "1571.60000", "2018-06-30": "1586.50000", "2018-03-31": "1636.30000", "2017-12-31": "1627.00000", "2017-09-30": "1610.10000", "2017-06-30": "1582.20000", "2017-03-31": "1543.60000", "2016-12-31": "1534.30000", "2016-09-30": "1593.20000", "2016-06-30": "1587.60000", "2016-03-31": "1597.30000", "2015-12-31": "1583.90000", "2015-09-30": "1575.10000", "2015-06-30": "1358.60000", "2015-03-31": "1333.40000", "2014-12-31": "1362.00000", "2014-09-30": "1389.80000", "2014-06-30": "1434.10000", "2014-03-31": "1411.40000", "2013-12-31": "1400.00000", "2013-09-30": "1373.90000", "2013-06-30": "1360.30000", "2013-03-31": "1352.80000", "2012-12-31": "1371.90000", "2012-09-30": "1366.30000", "2012-06-30": "1360.10000", "2012-03-31": "1342.90000", "2011-12-31": "1339.60000", "2011-09-30": "1356.40000", "2011-06-30": "1350.50000", "2011-03-31": "1335.70000", "2010-12-31": "1330.30000", "2010-09-30": "1758.00000", "2010-06-30": "1732.30000", "2010-03-31": "1334.90000", "2009-12-31": "1357.50000", "2009-09-30": "1362.60000", "2009-06-30": "1419.90000", "2009-03-31": "1376.70000", "2008-12-31": "1388.10000", "2008-09-30": "1410.80000", "2008-06-30": "1602.30000", "2008-03-31": "1413.20000", "2007-12-31": "1410.70000", "2007-09-30": "1402.20000", "2007-06-30": "1323.10000", "2007-03-31": "1305.70000", "2006-12-31": "1293.60000", "2006-09-30": "1279.90000", "2006-06-30": "1281.10000", "2006-03-31": "1264.90000", "2005-12-31": "1256.50000", "2005-09-30": "1265.80000", "2005-06-30": "1268.20000", "2005-03-31": "1286.00000"}, "Other Long-Term Assets": {"2020-12-31": "651.60000", "2020-09-30": "610.70000", "2020-06-30": "588.10000", "2020-03-31": "570.40000", "2019-12-31": "618.80000", "2019-09-30": "618.10000", "2019-06-30": "526.60000", "2019-03-31": "670.80000", "2018-12-31": "826.70000", "2018-09-30": "839.40000", "2018-06-30": "807.70000", "2018-03-31": "774.40000", "2017-12-31": "927.70000", "2017-09-30": "843.70000", "2017-06-30": "781.30000", "2017-03-31": "687.30000", "2016-12-31": "759.70000", "2016-09-30": "776.60000", "2016-06-30": "648.50000", "2016-03-31": "612.60000", "2015-12-31": "694.00000", "2015-09-30": "618.90000", "2015-06-30": "581.70000", "2015-03-31": "645.80000", "2014-12-31": "688.60000", "2014-09-30": "627.40000", "2014-06-30": "613.60000", "2014-03-31": "557.20000", "2013-12-31": "479.30000", "2013-09-30": "549.10000", "2013-06-30": "451.00000", "2013-03-31": "386.90000", "2012-12-31": "395.30000", "2012-09-30": "379.60000", "2012-06-30": "400.70000", "2012-03-31": "417.10000", "2011-12-31": "395.10000", "2011-09-30": "416.80000", "2011-06-30": "456.60000", "2011-03-31": "393.60000", "2010-12-31": "355.10000", "2010-09-30": "374.60000", "2010-06-30": "326.90000", "2010-03-31": "339.90000", "2009-12-31": "347.50000", "2009-09-30": "343.60000", "2009-06-30": "349.00000", "2009-03-31": "294.10000", "2008-12-31": "330.60000", "2008-09-30": "321.20000", "2008-06-30": "387.10000", "2008-03-31": "423.20000", "2007-12-31": "377.70000", "2007-09-30": "385.10000", "2007-06-30": "329.90000", "2007-03-31": "364.40000", "2006-12-31": "336.40000", "2006-09-30": "308.50000", "2006-06-30": "334.20000", "2006-03-31": "294.40000", "2005-12-31": "273.80000", "2005-09-30": "301.50000", "2005-06-30": "307.00000", "2005-03-31": "298.30000"}, "Total Long-Term Assets": {"2020-12-31": "2679.80000", "2020-09-30": "2601.20000", "2020-06-30": "2566.90000", "2020-03-31": "2617.80000", "2019-12-31": "2739.30000", "2019-09-30": "2678.40000", "2019-06-30": "2671.50000", "2019-03-31": "2783.00000", "2018-12-31": "2522.70000", "2018-09-30": "2561.00000", "2018-06-30": "2543.50000", "2018-03-31": "2569.10000", "2017-12-31": "2712.40000", "2017-09-30": "2608.10000", "2017-06-30": "2518.40000", "2017-03-31": "2378.10000", "2016-12-31": "2441.30000", "2016-09-30": "2523.30000", "2016-06-30": "2389.50000", "2016-03-31": "2364.00000", "2015-12-31": "2425.00000", "2015-09-30": "2336.80000", "2015-06-30": "2079.90000", "2015-03-31": "2117.40000", "2014-12-31": "2199.70000", "2014-09-30": "2167.00000", "2014-06-30": "2208.50000", "2014-03-31": "2129.40000", "2013-12-31": "2045.30000", "2013-09-30": "2094.90000", "2013-06-30": "1985.60000", "2013-03-31": "1917.50000", "2012-12-31": "1952.00000", "2012-09-30": "1922.80000", "2012-06-30": "1935.80000", "2012-03-31": "1940.90000", "2011-12-31": "1909.20000", "2011-09-30": "1945.90000", "2011-06-30": "1988.00000", "2011-03-31": "1900.90000", "2010-12-31": "1855.70000", "2010-09-30": "2306.20000", "2010-06-30": "2221.90000", "2010-03-31": "1837.40000", "2009-12-31": "1881.40000", "2009-09-30": "1899.40000", "2009-06-30": "1964.10000", "2009-03-31": "1865.70000", "2008-12-31": "1932.10000", "2008-09-30": "1951.00000", "2008-06-30": "2230.40000", "2008-03-31": "2067.20000", "2007-12-31": "2009.60000", "2007-09-30": "1999.60000", "2007-06-30": "1859.50000", "2007-03-31": "1871.50000", "2006-12-31": "1832.10000", "2006-09-30": "1783.00000", "2006-06-30": "1816.90000", "2006-03-31": "1753.60000", "2005-12-31": "1726.70000", "2005-09-30": "1765.20000", "2005-06-30": "1775.40000", "2005-03-31": "1797.00000"}, "Total Assets": {"2020-12-31": "9346.20000", "2020-09-30": "8949.30000", "2020-06-30": "8459.60000", "2020-03-31": "8676.90000", "2019-12-31": "9223.80000", "2019-09-30": "8753.20000", "2019-06-30": "9048.30000", "2019-03-31": "8818.40000", "2018-12-31": "8519.80000", "2018-09-30": "8725.30000", "2018-06-30": "8812.80000", "2018-03-31": "8896.10000", "2017-12-31": "8883.60000", "2017-09-30": "8581.70000", "2017-06-30": "8139.50000", "2017-03-31": "7678.90000", "2016-12-31": "7574.20000", "2016-09-30": "7720.40000", "2016-06-30": "7506.00000", "2016-03-31": "7548.10000", "2015-12-31": "7517.50000", "2015-09-30": "7444.40000", "2015-06-30": "7072.70000", "2015-03-31": "6855.10000", "2014-12-31": "7181.20000", "2014-09-30": "7380.70000", "2014-06-30": "7533.80000", "2014-03-31": "7280.00000", "2013-12-31": "7288.30000", "2013-09-30": "7106.10000", "2013-06-30": "6673.30000", "2013-03-31": "6803.30000", "2012-12-31": "7012.60000", "2012-09-30": "7005.10000", "2012-06-30": "6907.50000", "2012-03-31": "6973.30000", "2011-12-31": "6899.70000", "2011-09-30": "7075.70000", "2011-06-30": "7276.60000", "2011-03-31": "7017.40000", "2010-12-31": "6729.70000", "2010-09-30": "7015.40000", "2010-06-30": "6427.90000", "2010-03-31": "6115.00000", "2009-12-31": "6213.80000", "2009-09-30": "6509.40000", "2009-06-30": "6241.90000", "2009-03-31": "6021.30000", "2008-12-31": "6622.20000", "2008-09-30": "7114.40000", "2008-06-30": "7887.50000", "2008-03-31": "7657.70000", "2007-12-31": "7224.40000", "2007-09-30": "7295.20000", "2007-06-30": "6996.50000", "2007-03-31": "6559.70000", "2006-12-31": "6514.10000", "2006-09-30": "6239.50000", "2006-06-30": "6400.20000", "2006-03-31": "5683.30000", "2005-12-31": "5568.40000", "2005-09-30": "5613.80000", "2005-06-30": "5423.80000", "2005-03-31": "5417.70000"}, "Total Current Liabilities": {"2020-12-31": "4684.60000", "2020-09-30": "4275.50000", "2020-06-30": "3937.60000", "2020-03-31": "4075.50000", "2019-12-31": "4441.40000", "2019-09-30": "4111.30000", "2019-06-30": "4359.90000", "2019-03-31": "4216.80000", "2018-12-31": "4175.90000", "2018-09-30": "4192.60000", "2018-06-30": "4235.00000", "2018-03-31": "4750.00000", "2017-12-31": "4810.40000", "2017-09-30": "4626.20000", "2017-06-30": "4356.70000", "2017-03-31": "3647.20000", "2016-12-31": "3658.80000", "2016-09-30": "3731.30000", "2016-06-30": "3575.40000", "2016-03-31": "3451.00000", "2015-12-31": "3451.00000", "2015-09-30": "3464.70000", "2015-06-30": "3363.70000", "2015-03-31": "3161.20000", "2014-12-31": "3353.80000", "2014-09-30": "3475.20000", "2014-06-30": "3561.60000", "2014-03-31": "3424.40000", "2013-12-31": "3509.60000", "2013-09-30": "3460.70000", "2013-06-30": "3321.10000", "2013-03-31": "3475.10000", "2012-12-31": "3677.20000", "2012-09-30": "3613.90000", "2012-06-30": "3568.00000", "2012-03-31": "3726.90000", "2011-12-31": "3762.20000", "2011-09-30": "3882.10000", "2011-06-30": "4024.30000", "2011-03-31": "3421.10000", "2010-12-31": "3290.10000", "2010-09-30": "3191.70000", "2010-06-30": "2791.60000", "2010-03-31": "2592.70000", "2009-12-31": "2603.00000", "2009-09-30": "2870.20000", "2009-06-30": "2508.20000", "2009-03-31": "2452.70000", "2008-12-31": "2907.50000", "2008-09-30": "3333.30000", "2008-06-30": "3607.70000", "2008-03-31": "3448.80000", "2007-12-31": "3255.50000", "2007-09-30": "3371.50000", "2007-06-30": "3079.80000", "2007-03-31": "2842.80000", "2006-12-31": "2881.60000", "2006-09-30": "2839.30000", "2006-06-30": "2974.40000", "2006-03-31": "2604.30000", "2005-12-31": "2580.50000", "2005-09-30": "2658.60000", "2005-06-30": "2275.90000", "2005-03-31": "2427.80000"}, "Long Term Debt": {"2020-12-31": "1103.50000", "2020-09-30": "1058.50000", "2020-06-30": "1014.30000", "2020-03-31": "995.59990", "2019-12-31": "1012.40000", "2019-09-30": "983.20010", "2019-06-30": "1025.80000", "2019-03-31": "1003.30000", "2018-12-31": "1025.30000", "2018-09-30": "1037.50000", "2018-06-30": "1045.20000", "2018-03-31": "491.10000", "2017-12-31": "478.10000", "2017-09-30": "470.60000", "2017-06-30": "454.80000", "2017-03-31": "796.00000", "2016-12-31": "785.60000", "2016-09-30": "839.70000", "2016-06-30": "829.80000", "2016-03-31": "850.00000", "2015-12-31": "810.90000", "2015-09-30": "840.80000", "2015-06-30": "390.70000", "2015-03-31": "376.10000", "2014-12-31": "422.60000", "2014-09-30": "443.80000", "2014-06-30": "481.40000", "2014-03-31": "484.30000", "2013-12-31": "481.90000", "2013-09-30": "476.20000", "2013-06-30": "455.50000", "2013-03-31": "448.90000", "2012-12-31": "462.10000", "2012-09-30": "451.40000", "2012-06-30": "446.30000", "2012-03-31": "267.60000", "2011-12-31": "266.00000", "2011-09-30": "268.20000", "2011-06-30": "290.60000", "2011-03-31": "708.10000", "2010-12-31": "669.30000", "2010-09-30": "681.80000", "2010-06-30": "611.90000", "2010-03-31": "675.50000", "2009-12-31": "715.60000", "2009-09-30": "731.60000", "2009-06-30": "841.80000", "2009-03-31": "794.60000", "2008-12-31": "837.30000", "2008-09-30": "844.80000", "2008-06-30": "944.50000", "2008-03-31": "946.00000", "2007-12-31": "874.80000", "2007-09-30": "855.30000", "2007-06-30": "811.90000", "2007-03-31": "800.50000", "2006-12-31": "791.20000", "2006-09-30": "759.90000", "2006-06-30": "766.30000", "2006-03-31": "485.70000", "2005-12-31": "475.00000", "2005-09-30": "481.30000", "2005-06-30": "727.10000", "2005-03-31": "411.80000"}, "Other Non-Current Liabilities": {"2020-12-31": "781.20000", "2020-09-30": "691.10000", "2020-06-30": "656.40000", "2020-03-31": "650.10000", "2019-12-31": "671.80000", "2019-09-30": "628.50000", "2019-06-30": "633.80000", "2019-03-31": "628.90000", "2018-12-31": "620.10000", "2018-09-30": "685.00000", "2018-06-30": "685.10000", "2018-03-31": "716.00000", "2017-12-31": "737.50000", "2017-09-30": "762.20000", "2017-06-30": "728.60000", "2017-03-31": "703.60000", "2016-12-31": "683.40000", "2016-09-30": "676.60000", "2016-06-30": "586.00000", "2016-03-31": "572.40000", "2015-12-31": "563.10000", "2015-09-30": "453.70000", "2015-06-30": "460.30000", "2015-03-31": "457.40000", "2014-12-31": "461.80000", "2014-09-30": "421.80000", "2014-06-30": "408.40000", "2014-03-31": "395.50000", "2013-12-31": "382.60000", "2013-09-30": "375.80000", "2013-06-30": "364.20000", "2013-03-31": "378.20000", "2012-12-31": "372.50000", "2012-09-30": "371.40000", "2012-06-30": "382.30000", "2012-03-31": "410.30000", "2011-12-31": "388.10000", "2011-09-30": "399.40000", "2011-06-30": "406.00000", "2011-03-31": "390.90000", "2010-12-31": "373.10000", "2010-09-30": "376.30000", "2010-06-30": "396.00000", "2010-03-31": "360.20000", "2009-12-31": "358.70000", "2009-09-30": "341.40000", "2009-06-30": "348.40000", "2009-03-31": "367.30000", "2008-12-31": "418.00000", "2008-09-30": "366.20000", "2008-06-30": "431.20000", "2008-03-31": "442.30000", "2007-12-31": "424.80000", "2007-09-30": "456.20000", "2007-06-30": "439.20000", "2007-03-31": "416.10000", "2006-12-31": "367.10000", "2006-09-30": "399.60000", "2006-06-30": "390.60000", "2006-03-31": "388.00000", "2005-12-31": "366.30000", "2005-09-30": "364.70000", "2005-06-30": "381.40000", "2005-03-31": "383.20000"}, "Total Long Term Liabilities": {"2020-12-31": "2208.00000", "2020-09-30": "2068.40000", "2020-06-30": "1979.20000", "2020-03-31": "1962.40000", "2019-12-31": "2020.90000", "2019-09-30": "1925.80000", "2019-06-30": "1993.90000", "2019-03-31": "1951.70000", "2018-12-31": "1645.40000", "2018-09-30": "1722.50000", "2018-06-30": "1730.30000", "2018-03-31": "1207.10000", "2017-12-31": "1215.60000", "2017-09-30": "1232.80000", "2017-06-30": "1183.40000", "2017-03-31": "1499.60000", "2016-12-31": "1469.00000", "2016-09-30": "1516.30000", "2016-06-30": "1415.80000", "2016-03-31": "1422.40000", "2015-12-31": "1374.00000", "2015-09-30": "1294.50000", "2015-06-30": "851.00000", "2015-03-31": "833.50000", "2014-12-31": "884.40000", "2014-09-30": "865.60000", "2014-06-30": "889.80000", "2014-03-31": "879.80000", "2013-12-31": "864.50000", "2013-09-30": "852.00000", "2013-06-30": "819.70000", "2013-03-31": "827.10000", "2012-12-31": "834.60000", "2012-09-30": "822.80000", "2012-06-30": "828.60000", "2012-03-31": "677.90000", "2011-12-31": "654.10000", "2011-09-30": "667.60000", "2011-06-30": "696.60000", "2011-03-31": "1099.00000", "2010-12-31": "1042.40000", "2010-09-30": "1058.10000", "2010-06-30": "1007.90000", "2010-03-31": "1035.70000", "2009-12-31": "1074.30000", "2009-09-30": "1073.00000", "2009-06-30": "1190.20000", "2009-03-31": "1161.90000", "2008-12-31": "1255.30000", "2008-09-30": "1211.00000", "2008-06-30": "1375.70000", "2008-03-31": "1388.30000", "2007-12-31": "1299.60000", "2007-09-30": "1311.50000", "2007-06-30": "1251.10000", "2007-03-31": "1216.60000", "2006-12-31": "1158.30000", "2006-09-30": "1159.50000", "2006-06-30": "1156.90000", "2006-03-31": "873.70000", "2005-12-31": "841.30000", "2005-09-30": "846.00000", "2005-06-30": "1108.50000", "2005-03-31": "795.00000"}, "Total Liabilities": {"2020-12-31": "6892.60000", "2020-09-30": "6343.90000", "2020-06-30": "5916.80000", "2020-03-31": "6037.90000", "2019-12-31": "6462.30000", "2019-09-30": "6037.10000", "2019-06-30": "6353.80000", "2019-03-31": "6168.50000", "2018-12-31": "5821.30000", "2018-09-30": "5915.10000", "2018-06-30": "5965.30000", "2018-03-31": "5957.10000", "2017-12-31": "6026.00000", "2017-09-30": "5859.00000", "2017-06-30": "5540.10000", "2017-03-31": "5146.80000", "2016-12-31": "5127.80000", "2016-09-30": "5247.60000", "2016-06-30": "4991.20000", "2016-03-31": "4873.40000", "2015-12-31": "4825.00000", "2015-09-30": "4759.20000", "2015-06-30": "4214.70000", "2015-03-31": "3994.70000", "2014-12-31": "4238.20000", "2014-09-30": "4340.80000", "2014-06-30": "4451.40000", "2014-03-31": "4304.20000", "2013-12-31": "4374.10000", "2013-09-30": "4312.70000", "2013-06-30": "4140.80000", "2013-03-31": "4302.20000", "2012-12-31": "4511.80000", "2012-09-30": "4436.70000", "2012-06-30": "4396.60000", "2012-03-31": "4404.80000", "2011-12-31": "4416.30000", "2011-09-30": "4549.70000", "2011-06-30": "4720.90000", "2011-03-31": "4520.10000", "2010-12-31": "4332.50000", "2010-09-30": "4249.80000", "2010-06-30": "3799.50000", "2010-03-31": "3628.40000", "2009-12-31": "3677.30000", "2009-09-30": "3943.20000", "2009-06-30": "3698.40000", "2009-03-31": "3614.60000", "2008-12-31": "4162.80000", "2008-09-30": "4544.30000", "2008-06-30": "4983.40000", "2008-03-31": "4837.10000", "2007-12-31": "4555.10000", "2007-09-30": "4683.00000", "2007-06-30": "4330.90000", "2007-03-31": "4059.40000", "2006-12-31": "4039.90000", "2006-09-30": "3998.80000", "2006-06-30": "4131.30000", "2006-03-31": "3478.00000", "2005-12-31": "3421.80000", "2005-09-30": "3504.60000", "2005-06-30": "3384.40000", "2005-03-31": "3222.80000"}, "Common Stock Net": {"2020-12-31": "1.20000", "2020-09-30": "1.20000", "2020-06-30": "1.20000", "2020-03-31": "1.20000", "2019-12-31": "1.20000", "2019-09-30": "1.20000", "2019-06-30": "1.20000", "2019-03-31": "1.20000", "2018-12-31": "1.20000", "2018-09-30": "1.20000", "2018-06-30": "1.20000", "2018-03-31": "1.20000", "2017-12-31": "1.20000", "2017-09-30": "1.20000", "2017-06-30": "1.20000", "2017-03-31": "1.20000", "2016-12-31": "1.20000", "2016-09-30": "1.20000", "2016-06-30": "1.20000", "2016-03-31": "1.20000", "2015-12-31": "1.20000", "2015-09-30": "1.10000", "2015-06-30": "1.10000", "2015-03-31": "1.10000", "2014-12-31": "1.10000", "2014-09-30": "1.10000", "2014-06-30": "1.10000", "2014-03-31": "1.10000", "2013-12-31": "1.10000", "2013-09-30": "1.10000", "2013-06-30": "1.10000", "2013-03-31": "1.10000", "2012-12-31": "1.10000", "2012-09-30": "1.10000", "2012-06-30": "1.10000", "2012-03-31": "1.10000", "2011-12-31": "1.10000", "2011-09-30": "1.10000", "2011-06-30": "1.10000", "2011-03-31": "1.10000", "2010-12-31": "1.10000", "2010-09-30": "1.10000", "2010-06-30": "1.00000", "2010-03-31": "1.00000", "2009-12-31": "1.00000", "2009-09-30": "1.00000", "2009-06-30": "1.00000", "2009-03-31": "1.00000", "2008-12-31": "1.00000", "2008-09-30": "1.00000", "2008-06-30": "1.00000", "2008-03-31": "1.00000", "2007-12-31": "1.00000", "2007-09-30": "1.00000", "2007-06-30": "1.00000", "2007-03-31": "1.00000", "2006-12-31": "1.00000", "2006-09-30": "1.00000", "2006-06-30": "1.00000", "2006-03-31": "1.00000", "2005-12-31": "1.00000", "2005-09-30": "1.00000", "2005-06-30": "1.00000", "2005-03-31": "1.00000"}, "Retained Earnings (Accumulated Deficit)": {"2020-12-31": "3388.80000", "2020-09-30": "3378.50000", "2020-06-30": "3368.20000", "2020-03-31": "3495.80000", "2019-12-31": "3494.10000", "2019-09-30": "3419.40000", "2019-06-30": "3273.30000", "2019-03-31": "3211.20000", "2018-12-31": "3157.70000", "2018-09-30": "3060.70000", "2018-06-30": "2902.70000", "2018-03-31": "2825.30000", "2017-12-31": "2713.00000", "2017-09-30": "2558.20000", "2017-06-30": "2420.50000", "2017-03-31": "2365.70000", "2016-12-31": "2291.30000", "2016-09-30": "2221.50000", "2016-06-30": "2092.30000", "2016-03-31": "2037.70000", "2015-12-31": "1966.00000", "2015-09-30": "1901.00000", "2015-06-30": "1777.10000", "2015-03-31": "1733.50000", "2014-12-31": "1667.80000", "2014-09-30": "1588.90000", "2014-06-30": "1458.40000", "2014-03-31": "1387.60000", "2013-12-31": "1317.50000", "2013-09-30": "1252.80000", "2013-06-30": "1158.10000", "2013-03-31": "1125.40000", "2012-12-31": "1101.50000", "2012-09-30": "1081.70000", "2012-06-30": "1018.60000", "2012-03-31": "1011.90000", "2011-12-31": "971.70000", "2011-09-30": "940.40000", "2011-06-30": "860.80000", "2011-03-31": "820.90000", "2010-12-31": "785.20000", "2010-09-30": "1165.80000", "2010-06-30": "1114.50000", "2010-03-31": "1112.40000", "2009-12-31": "1109.60000", "2009-09-30": "1143.50000", "2009-06-30": "1193.80000", "2009-03-31": "1203.50000", "2008-12-31": "1176.80000", "2008-09-30": "1150.80000", "2008-06-30": "1194.00000", "2008-03-31": "1115.90000", "2007-12-31": "1040.30000", "2007-09-30": "937.20000", "2007-06-30": "805.50000", "2007-03-31": "672.20000", "2006-12-31": "617.00000", "2006-09-30": "479.80000", "2006-06-30": "379.20000", "2006-03-31": "322.50000", "2005-12-31": "269.90000", "2005-09-30": "204.40000", "2005-06-30": "128.00000", "2005-03-31": "83.20000"}, "Comprehensive Income": {"2020-12-31": "-397.30000", "2020-09-30": "-432.80000", "2020-06-30": "-479.10000", "2020-03-31": "-505.80000", "2019-12-31": "-441.00000", "2019-09-30": "-452.50000", "2019-06-30": "-416.50000", "2019-03-31": "-401.80000", "2018-12-31": "-399.80000", "2018-09-30": "-393.20000", "2018-06-30": "-375.90000", "2018-03-31": "-264.10000", "2017-12-31": "-288.20000", "2017-09-30": "-290.60000", "2017-06-30": "-324.70000", "2017-03-31": "-385.40000", "2016-12-31": "-426.10000", "2016-09-30": "-324.70000", "2016-06-30": "-317.30000", "2016-03-31": "-265.70000", "2015-12-31": "-286.00000", "2015-09-30": "-267.80000", "2015-06-30": "-217.70000", "2015-03-31": "-274.80000", "2014-12-31": "-155.20000", "2014-09-30": "-44.80000", "2014-06-30": "90.20000", "2014-03-31": "82.10000", "2013-12-31": "82.20000", "2013-09-30": "75.30000", "2013-06-30": "-22.90000", "2013-03-31": "-6.90000", "2012-12-31": "34.40000", "2012-09-30": "33.70000", "2012-06-30": "35.40000", "2012-03-31": "74.80000", "2011-12-31": "35.30000", "2011-09-30": "63.10000", "2011-06-30": "157.50000", "2011-03-31": "137.80000", "2010-12-31": "87.00000", "2010-09-30": "94.40000", "2010-06-30": "-20.00000", "2010-03-31": "43.90000", "2009-12-31": "106.90000", "2009-09-30": "113.40000", "2009-06-30": "49.20000", "2009-03-31": "-96.80000", "2008-12-31": "-8.90000", "2008-09-30": "135.60000", "2008-06-30": "356.80000", "2008-03-31": "358.90000", "2007-12-31": "257.60000", "2007-09-30": "241.40000", "2007-06-30": "164.40000", "2007-03-31": "136.20000", "2006-12-31": "120.60000", "2006-09-30": "47.80000", "2006-06-30": "68.80000", "2006-03-31": "-3.00000", "2005-12-31": "-11.00000", "2005-09-30": "15.10000", "2005-06-30": "31.40000", "2005-03-31": "78.00000"}, "Other Share Holders Equity": {"2020-12-31": "", "2020-09-30": "", "2020-06-30": "", "2020-03-31": "", "2019-12-31": "", "2019-09-30": "", "2019-06-30": "", "2019-03-31": "", "2018-12-31": "", "2018-09-30": "", "2018-06-30": "", "2018-03-31": "", "2017-12-31": "", "2017-09-30": "", "2017-06-30": "", "2017-03-31": "", "2016-12-31": "", "2016-09-30": "", "2016-06-30": "", "2016-03-31": "", "2015-12-31": "", "2015-09-30": "", "2015-06-30": "", "2015-03-31": "", "2014-12-31": "", "2014-09-30": "", "2014-06-30": "", "2014-03-31": "", "2013-12-31": "", "2013-09-30": "", "2013-06-30": "", "2013-03-31": "", "2012-12-31": "", "2012-09-30": "", "2012-06-30": "", "2012-03-31": "", "2011-12-31": "", "2011-09-30": "", "2011-06-30": "", "2011-03-31": "", "2010-12-31": "", "2010-09-30": "", "2010-06-30": "", "2010-03-31": "", "2009-12-31": "", "2009-09-30": "", "2009-06-30": "", "2009-03-31": "", "2008-12-31": "", "2008-09-30": "", "2008-06-30": "", "2008-03-31": "", "2007-12-31": "", "2007-09-30": "", "2007-06-30": "", "2007-03-31": "", "2006-12-31": "", "2006-09-30": "", "2006-06-30": "", "2006-03-31": "", "2005-12-31": "", "2005-09-30": "", "2005-06-30": "", "2005-03-31": ""}, "Share Holder Equity": {"2020-12-31": "2453.60000", "2020-09-30": "2605.40000", "2020-06-30": "2542.80000", "2020-03-31": "2639.00000", "2019-12-31": "2761.50000", "2019-09-30": "2716.10000", "2019-06-30": "2694.50000", "2019-03-31": "2649.90000", "2018-12-31": "2698.50000", "2018-09-30": "2810.20000", "2018-06-30": "2847.50000", "2018-03-31": "2939.00000", "2017-12-31": "2857.60000", "2017-09-30": "2722.70000", "2017-06-30": "2599.40000", "2017-03-31": "2532.10000", "2016-12-31": "2446.40000", "2016-09-30": "2472.80000", "2016-06-30": "2514.80000", "2016-03-31": "2674.70000", "2015-12-31": "2692.50000", "2015-09-30": "2685.20000", "2015-06-30": "2858.00000", "2015-03-31": "2860.40000", "2014-12-31": "2943.00000", "2014-09-30": "3039.90000", "2014-06-30": "3082.40000", "2014-03-31": "2975.80000", "2013-12-31": "2914.20000", "2013-09-30": "2793.40000", "2013-06-30": "2532.50000", "2013-03-31": "2501.10000", "2012-12-31": "2500.80000", "2012-09-30": "2568.40000", "2012-06-30": "2510.90000", "2012-03-31": "2568.50000", "2011-12-31": "2483.40000", "2011-09-30": "2526.00000", "2011-06-30": "2555.70000", "2011-03-31": "2497.30000", "2010-12-31": "2397.20000", "2010-09-30": "2765.60000", "2010-06-30": "2628.40000", "2010-03-31": "2486.60000", "2009-12-31": "2536.50000", "2009-09-30": "2566.20000", "2009-06-30": "2543.50000", "2009-03-31": "2406.70000", "2008-12-31": "2459.40000", "2008-09-30": "2570.10000", "2008-06-30": "2904.10000", "2008-03-31": "2820.60000", "2007-12-31": "2669.30000", "2007-09-30": "2612.20000", "2007-06-30": "2665.60000", "2007-03-31": "2500.30000", "2006-12-31": "2474.20000", "2006-09-30": "2240.70000", "2006-06-30": "2268.90000", "2006-03-31": "2205.30000", "2005-12-31": "2146.60000", "2005-09-30": "2109.20000", "2005-06-30": "2039.40000", "2005-03-31": "2194.90000"}, "Total Liabilities And Share Holders Equity": {"2020-12-31": "9346.20000", "2020-09-30": "8949.30000", "2020-06-30": "8459.60000", "2020-03-31": "8676.90000", "2019-12-31": "9223.80000", "2019-09-30": "8753.20000", "2019-06-30": "9048.30000", "2019-03-31": "8818.40000", "2018-12-31": "8519.80000", "2018-09-30": "8725.30000", "2018-06-30": "8812.80000", "2018-03-31": "8896.10000", "2017-12-31": "8883.60000", "2017-09-30": "8581.70000", "2017-06-30": "8139.50000", "2017-03-31": "7678.90000", "2016-12-31": "7574.20000", "2016-09-30": "7720.40000", "2016-06-30": "7506.00000", "2016-03-31": "7548.10000", "2015-12-31": "7517.50000", "2015-09-30": "7444.40000", "2015-06-30": "7072.70000", "2015-03-31": "6855.10000", "2014-12-31": "7181.20000", "2014-09-30": "7380.70000", "2014-06-30": "7533.80000", "2014-03-31": "7280.00000", "2013-12-31": "7288.30000", "2013-09-30": "7106.10000", "2013-06-30": "6673.30000", "2013-03-31": "6803.30000", "2012-12-31": "7012.60000", "2012-09-30": "7005.10000", "2012-06-30": "6907.50000", "2012-03-31": "6973.30000", "2011-12-31": "6899.70000", "2011-09-30": "7075.70000", "2011-06-30": "7276.60000", "2011-03-31": "7017.40000", "2010-12-31": "6729.70000", "2010-09-30": "7015.40000", "2010-06-30": "6427.90000", "2010-03-31": "6115.00000", "2009-12-31": "6213.80000", "2009-09-30": "6509.40000", "2009-06-30": "6241.90000", "2009-03-31": "6021.30000", "2008-12-31": "6622.20000", "2008-09-30": "7114.40000", "2008-06-30": "7887.50000", "2008-03-31": "7657.70000", "2007-12-31": "7224.40000", "2007-09-30": "7295.20000", "2007-06-30": "6996.50000", "2007-03-31": "6559.70000", "2006-12-31": "6514.10000", "2006-09-30": "6239.50000", "2006-06-30": "6400.20000", "2006-03-31": "5683.30000", "2005-12-31": "5568.40000", "2005-09-30": "5613.80000", "2005-06-30": "5423.80000", "2005-03-31": "5417.70000"}}, "cash flow statement": {"Net Income/Loss": {"2020-12-31": "23.80000", "2019-12-31": "465.70000", "2018-12-31": "556.70000", "2017-12-31": "545.40000", "2016-12-31": "443.70000", "2015-12-31": "419.20000", "2014-12-31": "427.60000", "2013-12-31": "288.00000", "2012-12-31": "197.60000", "2011-12-31": "251.60000", "2010-12-31": "-263.60000", "2009-12-31": "-9.20000", "2008-12-31": "205.50000", "2007-12-31": "473.70000", "2006-12-31": "398.00000", "2005-12-31": "260.10000"}, "Total Depreciation And Amortization - Cash Flow": {"2020-12-31": "76.30000", "2019-12-31": "77.20000", "2018-12-31": "85.80000", "2017-12-31": "84.40000", "2016-12-31": "85.30000", "2015-12-31": "77.70000", "2014-12-31": "83.80000", "2013-12-31": "94.30000", "2012-12-31": "100.50000", "2011-12-31": "104.40000", "2010-12-31": "110.10000", "2009-12-31": "97.20000", "2008-12-31": "107.10000", "2007-12-31": "99.00000", "2006-12-31": "88.80000", "2005-12-31": "94.80000"}, "Other Non-Cash Items": {"2020-12-31": "132.70000", "2019-12-31": "-41.70000", "2018-12-31": "38.90000", "2017-12-31": "-150.00000", "2016-12-31": "120.70000", "2015-12-31": "131.20000", "2014-12-31": "109.00000", "2013-12-31": "65.30000", "2012-12-31": "47.30000", "2011-12-31": "80.80000", "2010-12-31": "412.00000", "2009-12-31": "86.90000", "2008-12-31": "174.30000", "2007-12-31": "65.40000", "2006-12-31": "-99.70000", "2005-12-31": "71.10000"}, "Total Non-Cash Items": {"2020-12-31": "209.00000", "2019-12-31": "35.50000", "2018-12-31": "124.70000", "2017-12-31": "-65.60000", "2016-12-31": "206.00000", "2015-12-31": "208.90000", "2014-12-31": "192.80000", "2013-12-31": "159.60000", "2012-12-31": "147.80000", "2011-12-31": "185.20000", "2010-12-31": "522.10000", "2009-12-31": "184.10000", "2008-12-31": "281.40000", "2007-12-31": "164.40000", "2006-12-31": "-10.90000", "2005-12-31": "165.90000"}, "Change In Accounts Receivable": {"2020-12-31": "586.90000", "2019-12-31": "-80.20000", "2018-12-31": "-146.40000", "2017-12-31": "-544.90000", "2016-12-31": "-317.20000", "2015-12-31": "-369.80000", "2014-12-31": "-270.50000", "2013-12-31": "-82.60000", "2012-12-31": "48.30000", "2011-12-31": "-417.10000", "2010-12-31": "-708.10000", "2009-12-31": "663.60000", "2008-12-31": "575.00000", "2007-12-31": "-316.00000", "2006-12-31": "-381.00000", "2005-12-31": "-350.40000"}, "Change In Inventories": {"2020-12-31": "", "2019-12-31": "", "2018-12-31": "", "2017-12-31": "", "2016-12-31": "", "2015-12-31": "", "2014-12-31": "", "2013-12-31": "", "2012-12-31": "", "2011-12-31": "", "2010-12-31": "", "2009-12-31": "", "2008-12-31": "", "2007-12-31": "", "2006-12-31": "", "2005-12-31": ""}, "Change In Accounts Payable": {"2020-12-31": "", "2019-12-31": "", "2018-12-31": "", "2017-12-31": "", "2016-12-31": "", "2015-12-31": "", "2014-12-31": "", "2013-12-31": "", "2012-12-31": "", "2011-12-31": "", "2010-12-31": "", "2009-12-31": "", "2008-12-31": "", "2007-12-31": "", "2006-12-31": "", "2005-12-31": ""}, "Change In Assets/Liabilities": {"2020-12-31": "116.70000", "2019-12-31": "393.40000", "2018-12-31": "-51.90000", "2017-12-31": "466.00000", "2016-12-31": "267.50000", "2015-12-31": "253.20000", "2014-12-31": "-43.70000", "2013-12-31": "31.70000", "2012-12-31": "-62.10000", "2011-12-31": "49.50000", "2010-12-31": "631.70000", "2009-12-31": "-424.20000", "2008-12-31": "-269.90000", "2007-12-31": "110.10000", "2006-12-31": "353.00000", "2005-12-31": "193.20000"}, "Total Change In Assets/Liabilities": {"2020-12-31": "703.60000", "2019-12-31": "313.20000", "2018-12-31": "-198.30000", "2017-12-31": "-78.90000", "2016-12-31": "-49.70000", "2015-12-31": "-116.60000", "2014-12-31": "-314.20000", "2013-12-31": "-50.90000", "2012-12-31": "-13.80000", "2011-12-31": "-367.60000", "2010-12-31": "-76.40000", "2009-12-31": "239.40000", "2008-12-31": "305.10000", "2007-12-31": "-205.90000", "2006-12-31": "-28.00000", "2005-12-31": "-157.20000"}, "Cash Flow From Operating Activities": {"2020-12-31": "936.40000", "2019-12-31": "814.40000", "2018-12-31": "483.10000", "2017-12-31": "400.90000", "2016-12-31": "600.00000", "2015-12-31": "511.50000", "2014-12-31": "306.20000", "2013-12-31": "396.70000", "2012-12-31": "331.60000", "2011-12-31": "69.20000", "2010-12-31": "182.10000", "2009-12-31": "414.30000", "2008-12-31": "792.00000", "2007-12-31": "432.20000", "2006-12-31": "359.10000", "2005-12-31": "268.80000"}, "Net Change In Property, Plant, And Equipment": {"2020-12-31": "-50.70000", "2019-12-31": "-52.90000", "2018-12-31": "-64.70000", "2017-12-31": "-54.70000", "2016-12-31": "-56.90000", "2015-12-31": "-37.60000", "2014-12-31": "-49.40000", "2013-12-31": "-44.70000", "2012-12-31": "-68.30000", "2011-12-31": "-60.50000", "2010-12-31": "-53.60000", "2009-12-31": "-31.50000", "2008-12-31": "-87.20000", "2007-12-31": "-78.70000", "2006-12-31": "-74.70000", "2005-12-31": "-72.80000"}, "Net Change In Intangible Assets": {"2020-12-31": "", "2019-12-31": "", "2018-12-31": "", "2017-12-31": "", "2016-12-31": "", "2015-12-31": "", "2014-12-31": "", "2013-12-31": "", "2012-12-31": "", "2011-12-31": "", "2010-12-31": "", "2009-12-31": "", "2008-12-31": "", "2007-12-31": "", "2006-12-31": "", "2005-12-31": ""}, "Net Acquisitions/Divestitures": {"2020-12-31": "8.30000", "2019-12-31": "94.60000", "2018-12-31": "9.80000", "2017-12-31": "-19.80000", "2016-12-31": "-57.60000", "2015-12-31": "-260.50000", "2014-12-31": "-32.00000", "2013-12-31": "-46.30000", "2012-12-31": "-49.00000", "2011-12-31": "-49.00000", "2010-12-31": "-270.00000", "2009-12-31": "-21.60000", "2008-12-31": "-242.00000", "2007-12-31": "-122.80000", "2006-12-31": "119.70000", "2005-12-31": "-12.90000"}, "Net Change In Short-term Investments": {"2020-12-31": "", "2019-12-31": "", "2018-12-31": "", "2017-12-31": "", "2016-12-31": "", "2015-12-31": "", "2014-12-31": "", "2013-12-31": "", "2012-12-31": "", "2011-12-31": "", "2010-12-31": "", "2009-12-31": "", "2008-12-31": "", "2007-12-31": "", "2006-12-31": "", "2005-12-31": ""}, "Net Change In Long-Term Investments": {"2020-12-31": "", "2019-12-31": "", "2018-12-31": "", "2017-12-31": "", "2016-12-31": "4.10000", "2015-12-31": "", "2014-12-31": "", "2013-12-31": "3.40000", "2012-12-31": "", "2011-12-31": "", "2010-12-31": "", "2009-12-31": "13.30000", "2008-12-31": "", "2007-12-31": "", "2006-12-31": "", "2005-12-31": ""}, "Net Change In Investments - Total": {"2020-12-31": "", "2019-12-31": "", "2018-12-31": "", "2017-12-31": "", "2016-12-31": "4.10000", "2015-12-31": "", "2014-12-31": "", "2013-12-31": "3.40000", "2012-12-31": "", "2011-12-31": "", "2010-12-31": "", "2009-12-31": "13.30000", "2008-12-31": "", "2007-12-31": "", "2006-12-31": "", "2005-12-31": ""}, "Investing Activities - Other": {"2020-12-31": "", "2019-12-31": "-57.90000", "2018-12-31": "", "2017-12-31": "", "2016-12-31": "", "2015-12-31": "", "2014-12-31": "", "2013-12-31": "", "2012-12-31": "", "2011-12-31": "", "2010-12-31": "", "2009-12-31": "", "2008-12-31": "", "2007-12-31": "", "2006-12-31": "", "2005-12-31": ""}, "Cash Flow From Investing Activities": {"2020-12-31": "-42.40000", "2019-12-31": "-16.20000", "2018-12-31": "-54.90000", "2017-12-31": "-74.50000", "2016-12-31": "-110.40000", "2015-12-31": "-298.10000", "2014-12-31": "-81.40000", "2013-12-31": "-87.60000", "2012-12-31": "-117.30000", "2011-12-31": "-109.50000", "2010-12-31": "-323.60000", "2009-12-31": "-39.80000", "2008-12-31": "-329.20000", "2007-12-31": "-201.50000", "2006-12-31": "45.00000", "2005-12-31": "-85.70000"}, "Net Long-Term Debt": {"2020-12-31": "2.30000", "2019-12-31": "8.30000", "2018-12-31": "174.70000", "2017-12-31": "-0.30000", "2016-12-31": "-6.40000", "2015-12-31": "452.00000", "2014-12-31": "-2.60000", "2013-12-31": "-265.60000", "2012-12-31": "48.40000", "2011-12-31": "-0.30000", "2010-12-31": "0.70000", "2009-12-31": "-212.80000", "2008-12-31": "63.00000", "2007-12-31": "-1.20000", "2006-12-31": "-7.50000", "2005-12-31": "-27.49990"}, "Net Current Debt": {"2020-12-31": "-40.80000", "2019-12-31": "11.20000", "2018-12-31": "3.50000", "2017-12-31": "5.50000", "2016-12-31": "-0.30000", "2015-12-31": "4.10000", "2014-12-31": "16.00000", "2013-12-31": "-5.70000", "2012-12-31": "-6.70000", "2011-12-31": "15.60000", "2010-12-31": "-15.60000", "2009-12-31": "-14.60000", "2008-12-31": "16.00000", "2007-12-31": "6.10000", "2006-12-31": "9.70000", "2005-12-31": "-4.30000"}, "Debt Issuance/Retirement Net - Total": {"2020-12-31": "-38.50000", "2019-12-31": "19.50000", "2018-12-31": "178.20000", "2017-12-31": "5.20000", "2016-12-31": "-6.70000", "2015-12-31": "456.10000", "2014-12-31": "13.40000", "2013-12-31": "-271.30000", "2012-12-31": "41.70000", "2011-12-31": "15.30000", "2010-12-31": "-14.90000", "2009-12-31": "-227.40000", "2008-12-31": "79.00000", "2007-12-31": "4.90000", "2006-12-31": "2.20000", "2005-12-31": "-31.79990"}, "Net Common Equity Issued/Repurchased": {"2020-12-31": "-257.30000", "2019-12-31": "-196.00000", "2018-12-31": "-495.50000", "2017-12-31": "-159.70000", "2016-12-31": "-464.20000", "2015-12-31": "-476.10000", "2014-12-31": "-118.00000", "2013-12-31": "101.00000", "2012-12-31": "-132.20000", "2011-12-31": "-75.00000", "2010-12-31": "-7.70000", "2009-12-31": "14.20000", "2008-12-31": "-113.20000", "2007-12-31": "-384.20000", "2006-12-31": "-181.90000", "2005-12-31": "-189.60000"}, "Net Total Equity Issued/Repurchased": {"2020-12-31": "-257.30000", "2019-12-31": "-196.00000", "2018-12-31": "-495.50000", "2017-12-31": "-159.70000", "2016-12-31": "-464.20000", "2015-12-31": "-476.10000", "2014-12-31": "-118.00000", "2013-12-31": "101.00000", "2012-12-31": "-132.20000", "2011-12-31": "-75.00000", "2010-12-31": "-7.70000", "2009-12-31": "14.20000", "2008-12-31": "-113.20000", "2007-12-31": "-384.20000", "2006-12-31": "-181.90000", "2005-12-31": "-189.60000"}, "Total Common And Preferred Stock Dividends Paid": {"2020-12-31": "-129.10000", "2019-12-31": "-128.80000", "2018-12-31": "-127.30000", "2017-12-31": "-123.70000", "2016-12-31": "-118.40000", "2015-12-31": "-121.00000", "2014-12-31": "-77.30000", "2013-12-31": "-72.00000", "2012-12-31": "-67.80000", "2011-12-31": "-65.10000", "2010-12-31": "-60.80000", "2009-12-31": "-58.00000", "2008-12-31": "-58.10000", "2007-12-31": "-57.10000", "2006-12-31": "-50.90000", "2005-12-31": "-41.20000"}, "Financial Activities - Other": {"2020-12-31": "-10.30000", "2019-12-31": "-32.10000", "2018-12-31": "-40.30000", "2017-12-31": "-41.10000", "2016-12-31": "-8.30000", "2015-12-31": "-3.20000", "2014-12-31": "-6.30000", "2013-12-31": "16.10000", "2012-12-31": "-6.30000", "2011-12-31": "1.30000", "2010-12-31": "1.30000", "2009-12-31": "0.50000", "2008-12-31": "0.50000", "2007-12-31": "4.60000", "2006-12-31": "8.20000", "2005-12-31": "50.70000"}, "Cash Flow From Financial Activities": {"2020-12-31": "-435.20000", "2019-12-31": "-337.40000", "2018-12-31": "-484.90000", "2017-12-31": "-319.30000", "2016-12-31": "-597.60000", "2015-12-31": "-144.20000", "2014-12-31": "-188.20000", "2013-12-31": "-226.20000", "2012-12-31": "-164.60000", "2011-12-31": "-123.50000", "2010-12-31": "-82.10000", "2009-12-31": "-270.70000", "2008-12-31": "-91.80000", "2007-12-31": "-431.80000", "2006-12-31": "-222.40000", "2005-12-31": "-211.90000"}, "Net Cash Flow": {"2020-12-31": "541.30000", "2019-12-31": "433.90000", "2018-12-31": "-97.10000", "2017-12-31": "90.50000", "2016-12-31": "-132.00000", "2015-12-31": "31.30000", "2014-12-31": "-38.40000", "2013-12-31": "89.50000", "2012-12-31": "67.60000", "2011-12-31": "-192.10000", "2010-12-31": "-242.00000", "2009-12-31": "140.60000", "2008-12-31": "336.50000", "2007-12-31": "-150.40000", "2006-12-31": "233.00000", "2005-12-31": "-76.90000"}, "Stock-Based Compensation": {"2020-12-31": "24.20000", "2019-12-31": "26.30000", "2018-12-31": "27.80000", "2017-12-31": "28.70000", "2016-12-31": "27.10000", "2015-12-31": "31.10000", "2014-12-31": "40.60000", "2013-12-31": "31.50000", "2012-12-31": "30.00000", "2011-12-31": "31.40000", "2010-12-31": "24.10000", "2009-12-31": "17.50000", "2008-12-31": "21.10000", "2007-12-31": "26.00000", "2006-12-31": "22.50000", "2005-12-31": "1.70000"}, "Common Stock Dividends Paid": {"2020-12-31": "-129.10000", "2019-12-31": "-128.80000", "2018-12-31": "-127.30000", "2017-12-31": "-123.70000", "2016-12-31": "-118.40000", "2015-12-31": "-121.00000", "2014-12-31": "-77.30000", "2013-12-31": "-72.00000", "2012-12-31": "-67.80000", "2011-12-31": "-65.10000", "2010-12-31": "-60.80000", "2009-12-31": "-58.00000", "2008-12-31": "-58.10000", "2007-12-31": "-57.10000", "2006-12-31": "-50.90000", "2005-12-31": "-41.20000"}}, "cash flow statement, quarterly": {"Net Income/Loss": {"2020-12-31": 76.2, "2020-09-30": 10.3, "2020-06-30": -64.4, "2020-03-31": "1.70000", "2019-12-31": 138.8, "2019-09-30": 146.1, "2019-06-30": 127.3, "2019-03-31": "53.50000", "2018-12-31": 158.3, "2018-09-30": 158, "2018-06-30": 143.4, "2018-03-31": "97.00000", "2017-12-31": 216.3, "2017-09-30": 137.7, "2017-06-30": 117, "2017-03-31": "74.40000", "2016-12-31": 127.4, "2016-09-30": 129.2, "2016-06-30": 115.4, "2016-03-31": "71.70000", "2015-12-31": 123.9, "2015-09-30": 123.9, "2015-06-30": 105.7, "2015-03-31": "65.70000", "2014-12-31": 117.2, "2014-09-30": 130.5, "2014-06-30": 109.8, "2014-03-31": "70.10000", "2013-12-31": 101.2, "2013-09-30": 94.7, "2013-06-30": 68.2, "2013-03-31": "23.90000", "2012-12-31": 53.3, "2012-09-30": 63.1, "2012-06-30": 41, "2012-03-31": "40.20000", "2011-12-31": 63.6, "2011-09-30": 79.6, "2011-06-30": 72.7, "2011-03-31": "35.70000", "2010-12-31": -350.4, "2010-09-30": 51.3, "2010-06-30": 32.7, "2010-03-31": "2.80000", "2009-12-31": 29.1, "2009-09-30": -52.8, "2009-06-30": 16.3, "2009-03-31": "-1.80000", "2008-12-31": 65.8, "2008-09-30": -43.2, "2008-06-30": 107.4, "2008-03-31": "75.50000", "2007-12-31": 122.1, "2007-09-30": 131.7, "2007-06-30": 160.4, "2007-03-31": "59.50000", "2006-12-31": 164.4, "2006-09-30": 100.6, "2006-06-30": 80.4, "2006-03-31": "52.60000", "2005-12-31": 89.1, "2005-09-30": 76.3, "2005-06-30": 62.5, "2005-03-31": "32.20000"}, "Total Depreciation And Amortization - Cash Flow": {"2020-12-31": 20.9, "2020-09-30": 18.4, "2020-06-30": 18.4, "2020-03-31": "18.60000", "2019-12-31": 20.1, "2019-09-30": 18.1, "2019-06-30": 19.6, "2019-03-31": "19.40000", "2018-12-31": 21, "2018-09-30": 21.9, "2018-06-30": 21.2, "2018-03-31": "21.70000", "2017-12-31": 22.1, "2017-09-30": 21.6, "2017-06-30": 20.4, "2017-03-31": "20.30000", "2016-12-31": 21.3, "2016-09-30": 21.4, "2016-06-30": 21.3, "2016-03-31": "21.30000", "2015-12-31": 20.6, "2015-09-30": 19.5, "2015-06-30": 18.9, "2015-03-31": "18.70000", "2014-12-31": 19.5, "2014-09-30": 21.1, "2014-06-30": 21.6, "2014-03-31": "21.60000", "2013-12-31": 23.4, "2013-09-30": 22.9, "2013-06-30": 23.8, "2013-03-31": "24.20000", "2012-12-31": 25.5, "2012-09-30": 25.8, "2012-06-30": 24.9, "2012-03-31": "24.30000", "2011-12-31": 26.1, "2011-09-30": 26.2, "2011-06-30": 26.2, "2011-03-31": "25.90000", "2010-12-31": 29.9, "2010-09-30": 29.7, "2010-06-30": 29.1, "2010-03-31": "21.40000", "2009-12-31": 24.4, "2009-09-30": 25.9, "2009-06-30": 23.7, "2009-03-31": "23.20000", "2008-12-31": 25.2, "2008-09-30": 28.5, "2008-06-30": 28.7, "2008-03-31": "24.70000", "2007-12-31": 30.8, "2007-09-30": 24.1, "2007-06-30": 22.6, "2007-03-31": "21.50000", "2006-12-31": 23, "2006-09-30": 22, "2006-06-30": 22, "2006-03-31": "21.80000", "2005-12-31": 25.2, "2005-09-30": 22.2, "2005-06-30": 22.4, "2005-03-31": "25.00000"}, "Other Non-Cash Items": {"2020-12-31": -2.9, "2020-09-30": 49.8, "2020-06-30": 81, "2020-03-31": "4.80000", "2019-12-31": -44.1, "2019-09-30": -19.3, "2019-06-30": 10.8, "2019-03-31": "10.90000", "2018-12-31": 13.4, "2018-09-30": 18.4, "2018-06-30": 6.4, "2018-03-31": "0.70000", "2017-12-31": -225.5, "2017-09-30": 24.6, "2017-06-30": 24.2, "2017-03-31": "26.70000", "2016-12-31": 48.9, "2016-09-30": 18, "2016-06-30": 28.2, "2016-03-31": "25.60000", "2015-12-31": 27.3, "2015-09-30": 35.4, "2015-06-30": 38.5, "2015-03-31": "30.00000", "2014-12-31": 56.2, "2014-09-30": 16.5, "2014-06-30": 22.6, "2014-03-31": "13.70000", "2013-12-31": 28, "2013-09-30": 6.2, "2013-06-30": 16.3, "2013-03-31": "14.80000", "2012-12-31": 17.4, "2012-09-30": 8.7, "2012-06-30": 10.1, "2012-03-31": "11.10000", "2011-12-31": 40.4, "2011-09-30": 3.5, "2011-06-30": 26.2, "2011-03-31": "10.70000", "2010-12-31": 417.8, "2010-09-30": -23.1, "2010-06-30": 17.3, "2010-03-31": "", "2009-12-31": -5.6, "2009-09-30": 98.9, "2009-06-30": -19, "2009-03-31": "12.60000", "2008-12-31": 19, "2008-09-30": 124, "2008-06-30": 17.3, "2008-03-31": "14.00000", "2007-12-31": 48.4, "2007-09-30": -40, "2007-06-30": 32.8, "2007-03-31": "24.20000", "2006-12-31": -75.7, "2006-09-30": 10.2, "2006-06-30": -2.9, "2006-03-31": "-31.30000", "2005-12-31": 63.2, "2005-09-30": 5.7, "2005-06-30": 7.4, "2005-03-31": "-5.20000"}, "Total Non-Cash Items": {"2020-12-31": 18, "2020-09-30": 68.2, "2020-06-30": 99.4, "2020-03-31": "23.40000", "2019-12-31": -24, "2019-09-30": -1.2, "2019-06-30": 30.4, "2019-03-31": "30.30000", "2018-12-31": 34.4, "2018-09-30": 40.3, "2018-06-30": 27.6, "2018-03-31": "22.40000", "2017-12-31": -203.4, "2017-09-30": 46.2, "2017-06-30": 44.6, "2017-03-31": "47.00000", "2016-12-31": 70.2, "2016-09-30": 39.4, "2016-06-30": 49.5, "2016-03-31": "46.90000", "2015-12-31": 47.9, "2015-09-30": 54.9, "2015-06-30": 57.4, "2015-03-31": "48.70000", "2014-12-31": 75.7, "2014-09-30": 37.6, "2014-06-30": 44.2, "2014-03-31": "35.30000", "2013-12-31": 51.4, "2013-09-30": 29.1, "2013-06-30": 40.1, "2013-03-31": "39.00000", "2012-12-31": 42.9, "2012-09-30": 34.5, "2012-06-30": 35, "2012-03-31": "35.40000", "2011-12-31": 66.5, "2011-09-30": 29.7, "2011-06-30": 52.4, "2011-03-31": "36.60000", "2010-12-31": 447.7, "2010-09-30": 6.6, "2010-06-30": 46.4, "2010-03-31": "21.40000", "2009-12-31": 18.8, "2009-09-30": 124.8, "2009-06-30": 4.7, "2009-03-31": "35.80000", "2008-12-31": 44.2, "2008-09-30": 152.5, "2008-06-30": 46, "2008-03-31": "38.70000", "2007-12-31": 79.2, "2007-09-30": -15.9, "2007-06-30": 55.4, "2007-03-31": "45.70000", "2006-12-31": -52.7, "2006-09-30": 32.2, "2006-06-30": 19.1, "2006-03-31": "-9.50000", "2005-12-31": 88.4, "2005-09-30": 27.9, "2005-06-30": 29.8, "2005-03-31": "19.80000"}, "Change In Accounts Receivable": {"2020-12-31": -198.9, "2020-09-30": -202.5, "2020-06-30": 610, "2020-03-31": "378.30000", "2019-12-31": -19.3, "2019-09-30": 60, "2019-06-30": -150.3, "2019-03-31": "29.40000", "2018-12-31": -5.6, "2018-09-30": -8.8, "2018-06-30": -198.7, "2018-03-31": "66.70000", "2017-12-31": -145.4, "2017-09-30": -140.7, "2017-06-30": -309.1, "2017-03-31": "50.30000", "2016-12-31": -39.9, "2016-09-30": -94.5, "2016-06-30": -227, "2016-03-31": "44.20000", "2015-12-31": -38.1, "2015-09-30": -51.6, "2015-06-30": -225.8, "2015-03-31": "-54.30000", "2014-12-31": 84.9, "2014-09-30": -131.8, "2014-06-30": -251.4, "2014-03-31": "27.80000", "2013-12-31": 46.2, "2013-09-30": -9.8, "2013-06-30": -139.2, "2013-03-31": "20.20000", "2012-12-31": 246, "2012-09-30": -70, "2012-06-30": -162.1, "2012-03-31": "34.40000", "2011-12-31": 104.6, "2011-09-30": -96.6, "2011-06-30": -212.2, "2011-03-31": "-212.90000", "2010-12-31": 22.1, "2010-09-30": -250.1, "2010-06-30": -353, "2010-03-31": "-127.10000", "2009-12-31": 8.4, "2009-09-30": -104.3, "2009-06-30": 187.2, "2009-03-31": "572.30000", "2008-12-31": 498.2, "2008-09-30": 152.6, "2008-06-30": -104.4, "2008-03-31": "28.60000", "2007-12-31": 114.1, "2007-09-30": -133.9, "2007-06-30": -384.4, "2007-03-31": "88.20000", "2006-12-31": 15.2, "2006-09-30": -179.8, "2006-06-30": -293.3, "2006-03-31": "76.90000", "2005-12-31": -43.3, "2005-09-30": -166.2, "2005-06-30": -261.6, "2005-03-31": "120.70000"}, "Change In Inventories": {"2020-12-31": 0, "2020-09-30": 0, "2020-06-30": 0, "2020-03-31": "", "2019-12-31": 0, "2019-09-30": 0, "2019-06-30": 0, "2019-03-31": "", "2018-12-31": 0, "2018-09-30": 0, "2018-06-30": 0, "2018-03-31": "", "2017-12-31": 0, "2017-09-30": 0, "2017-06-30": 0, "2017-03-31": "", "2016-12-31": 0, "2016-09-30": 0, "2016-06-30": 0, "2016-03-31": "", "2015-12-31": 0, "2015-09-30": 0, "2015-06-30": 0, "2015-03-31": "", "2014-12-31": 0, "2014-09-30": 0, "2014-06-30": 0, "2014-03-31": "", "2013-12-31": 0, "2013-09-30": 0, "2013-06-30": 0, "2013-03-31": "", "2012-12-31": 0, "2012-09-30": 0, "2012-06-30": 0, "2012-03-31": "", "2011-12-31": 0, "2011-09-30": 0, "2011-06-30": 0, "2011-03-31": "", "2010-12-31": 0, "2010-09-30": 0, "2010-06-30": 0, "2010-03-31": "", "2009-12-31": 0, "2009-09-30": 0, "2009-06-30": 0, "2009-03-31": "", "2008-12-31": 0, "2008-09-30": 0, "2008-06-30": 0, "2008-03-31": "", "2007-12-31": 0, "2007-09-30": 0, "2007-06-30": 0, "2007-03-31": "", "2006-12-31": 0, "2006-09-30": 0, "2006-06-30": 0, "2006-03-31": "", "2005-12-31": 0, "2005-09-30": 0, "2005-06-30": 0, "2005-03-31": ""}, "Change In Accounts Payable": {"2020-12-31": 0, "2020-09-30": 0, "2020-06-30": 0, "2020-03-31": "", "2019-12-31": 0, "2019-09-30": 0, "2019-06-30": 0, "2019-03-31": "", "2018-12-31": 0, "2018-09-30": 0, "2018-06-30": 0, "2018-03-31": "", "2017-12-31": 0, "2017-09-30": 0, "2017-06-30": 0, "2017-03-31": "", "2016-12-31": 0, "2016-09-30": 0, "2016-06-30": 0, "2016-03-31": "", "2015-12-31": 0, "2015-09-30": 0, "2015-06-30": 0, "2015-03-31": "", "2014-12-31": 0, "2014-09-30": 0, "2014-06-30": 0, "2014-03-31": "", "2013-12-31": 0, "2013-09-30": 0, "2013-06-30": 0, "2013-03-31": "", "2012-12-31": 0, "2012-09-30": 0, "2012-06-30": 0, "2012-03-31": "", "2011-12-31": 0, "2011-09-30": 0, "2011-06-30": 0, "2011-03-31": "", "2010-12-31": 0, "2010-09-30": 0, "2010-06-30": 0, "2010-03-31": "", "2009-12-31": 0, "2009-09-30": 0, "2009-06-30": 0, "2009-03-31": "", "2008-12-31": 0, "2008-09-30": 0, "2008-06-30": 0, "2008-03-31": "", "2007-12-31": 0, "2007-09-30": 0, "2007-06-30": 0, "2007-03-31": "", "2006-12-31": 0, "2006-09-30": 0, "2006-06-30": 0, "2006-03-31": "", "2005-12-31": 0, "2005-09-30": 0, "2005-06-30": 0, "2005-03-31": ""}, "Change In Assets/Liabilities": {"2020-12-31": 325.4, "2020-09-30": 243.6, "2020-06-30": -229.9, "2020-03-31": "-222.40000", "2019-12-31": 223.5, "2019-09-30": 13.4, "2019-06-30": 167.8, "2019-03-31": "-11.30000", "2018-12-31": -6, "2018-09-30": -63.1, "2018-06-30": 261.7, "2018-03-31": "-244.50000", "2017-12-31": 245.9, "2017-09-30": 96.3, "2017-06-30": 104.5, "2017-03-31": "19.30000", "2016-12-31": 39.8, "2016-09-30": 66.3, "2016-06-30": 159.6, "2016-03-31": "1.80000", "2015-12-31": 95, "2015-09-30": 116.8, "2015-06-30": 79.2, "2015-03-31": "-37.80000", "2014-12-31": -76.5, "2014-09-30": 84.6, "2014-06-30": 96.9, "2014-03-31": "-148.70000", "2013-12-31": 86.2, "2013-09-30": 69.3, "2013-06-30": 21.6, "2013-03-31": "-145.40000", "2012-12-31": 4, "2012-09-30": -2.6, "2012-06-30": 67.2, "2012-03-31": "-130.70000", "2011-12-31": -92.1, "2011-09-30": 106, "2011-06-30": 54.7, "2011-03-31": "-19.10000", "2010-12-31": 119.1, "2010-09-30": 201.5, "2010-06-30": 251.2, "2010-03-31": "59.90000", "2009-12-31": -53.9, "2009-09-30": 64.9, "2009-06-30": -78.7, "2009-03-31": "-356.50000", "2008-12-31": -265.4, "2008-09-30": -78.5, "2008-06-30": 111, "2008-03-31": "-37.00000", "2007-12-31": -182.4, "2007-09-30": 176, "2007-06-30": 207.1, "2007-03-31": "-90.60000", "2006-12-31": 6.1, "2006-09-30": 137.5, "2006-06-30": 254.9, "2006-03-31": "-45.50000", "2005-12-31": -40.4, "2005-09-30": 137.8, "2005-06-30": 182.2, "2005-03-31": "-86.40000"}, "Total Change In Assets/Liabilities": {"2020-12-31": 126.5, "2020-09-30": 41.1, "2020-06-30": 380.1, "2020-03-31": "155.90000", "2019-12-31": 204.2, "2019-09-30": 73.4, "2019-06-30": 17.5, "2019-03-31": "18.10000", "2018-12-31": -11.6, "2018-09-30": -71.9, "2018-06-30": 63, "2018-03-31": "-177.80000", "2017-12-31": 100.5, "2017-09-30": -44.4, "2017-06-30": -204.6, "2017-03-31": "69.60000", "2016-12-31": -0.1, "2016-09-30": -28.2, "2016-06-30": -67.4, "2016-03-31": "46.00000", "2015-12-31": 56.9, "2015-09-30": 65.2, "2015-06-30": -146.6, "2015-03-31": "-92.10000", "2014-12-31": 8.4, "2014-09-30": -47.2, "2014-06-30": -154.5, "2014-03-31": "-120.90000", "2013-12-31": 132.4, "2013-09-30": 59.5, "2013-06-30": -117.6, "2013-03-31": "-125.20000", "2012-12-31": 250, "2012-09-30": -72.6, "2012-06-30": -94.9, "2012-03-31": "-96.30000", "2011-12-31": 12.5, "2011-09-30": 9.4, "2011-06-30": -157.5, "2011-03-31": "-232.00000", "2010-12-31": 141.2, "2010-09-30": -48.6, "2010-06-30": -101.8, "2010-03-31": "-67.20000", "2009-12-31": -45.5, "2009-09-30": -39.4, "2009-06-30": 108.5, "2009-03-31": "215.80000", "2008-12-31": 232.8, "2008-09-30": 74.1, "2008-06-30": 6.6, "2008-03-31": "-8.40000", "2007-12-31": -68.3, "2007-09-30": 42.1, "2007-06-30": -177.3, "2007-03-31": "-2.40000", "2006-12-31": 21.3, "2006-09-30": -42.3, "2006-06-30": -38.4, "2006-03-31": "31.40000", "2005-12-31": -83.7, "2005-09-30": -28.4, "2005-06-30": -79.4, "2005-03-31": "34.30000"}, "Cash Flow From Operating Activities": {"2020-12-31": 220.7, "2020-09-30": 119.6, "2020-06-30": 415.1, "2020-03-31": "181.00000", "2019-12-31": 319, "2019-09-30": 218.3, "2019-06-30": 175.2, "2019-03-31": "101.90000", "2018-12-31": 181.1, "2018-09-30": 126.4, "2018-06-30": 234, "2018-03-31": "-58.40000", "2017-12-31": 113.4, "2017-09-30": 139.5, "2017-06-30": -43, "2017-03-31": "191.00000", "2016-12-31": 197.5, "2016-09-30": 140.4, "2016-06-30": 97.5, "2016-03-31": "164.60000", "2015-12-31": 228.7, "2015-09-30": 244, "2015-06-30": 16.5, "2015-03-31": "22.30000", "2014-12-31": 201.3, "2014-09-30": 120.9, "2014-06-30": -0.5, "2014-03-31": "-15.50000", "2013-12-31": 285, "2013-09-30": 183.3, "2013-06-30": -9.3, "2013-03-31": "-62.30000", "2012-12-31": 346.2, "2012-09-30": 25, "2012-06-30": -18.9, "2012-03-31": "-20.70000", "2011-12-31": 142.6, "2011-09-30": 118.7, "2011-06-30": -32.4, "2011-03-31": "-159.70000", "2010-12-31": 238.5, "2010-09-30": 9.3, "2010-06-30": -22.7, "2010-03-31": "-43.00000", "2009-12-31": 2.4, "2009-09-30": 32.6, "2009-06-30": 129.5, "2009-03-31": "249.80000", "2008-12-31": 342.8, "2008-09-30": 183.4, "2008-06-30": 160, "2008-03-31": "105.80000", "2007-12-31": 133, "2007-09-30": 157.9, "2007-06-30": 38.5, "2007-03-31": "102.80000", "2006-12-31": 133, "2006-09-30": 90.5, "2006-06-30": 61.1, "2006-03-31": "74.50000", "2005-12-31": 93.8, "2005-09-30": 75.8, "2005-06-30": 12.9, "2005-03-31": "86.30000"}, "Net Change In Property, Plant, And Equipment": {"2020-12-31": -20.2, "2020-09-30": -11.6, "2020-06-30": -9.8, "2020-03-31": "-9.10000", "2019-12-31": -16.7, "2019-09-30": -12.2, "2019-06-30": -14, "2019-03-31": "-10.00000", "2018-12-31": -24.9, "2018-09-30": -13, "2018-06-30": -20, "2018-03-31": "-6.80000", "2017-12-31": -26.4, "2017-09-30": -2.8, "2017-06-30": -14.7, "2017-03-31": "-10.80000", "2016-12-31": -14.3, "2016-09-30": -11.8, "2016-06-30": -14.2, "2016-03-31": "-16.60000", "2015-12-31": -4.3, "2015-09-30": -13.2, "2015-06-30": -10.5, "2015-03-31": "-9.60000", "2014-12-31": -17.9, "2014-09-30": -11.2, "2014-06-30": -12, "2014-03-31": "-8.30000", "2013-12-31": -13.7, "2013-09-30": -7.6, "2013-06-30": -11.2, "2013-03-31": "-12.20000", "2012-12-31": -22.1, "2012-09-30": -13.3, "2012-06-30": -13.3, "2012-03-31": "-19.60000", "2011-12-31": -18.9, "2011-09-30": -16.8, "2011-06-30": -14.7, "2011-03-31": "-10.10000", "2010-12-31": -14.9, "2010-09-30": -13.1, "2010-06-30": -18.1, "2010-03-31": "-7.50000", "2009-12-31": -7.8, "2009-09-30": -8.9, "2009-06-30": -6.9, "2009-03-31": "-7.90000", "2008-12-31": -20.7, "2008-09-30": -19.5, "2008-06-30": -25, "2008-03-31": "-22.00000", "2007-12-31": -16.6, "2007-09-30": -25.3, "2007-06-30": -21.6, "2007-03-31": "-15.20000", "2006-12-31": -31, "2006-09-30": -12, "2006-06-30": -18.7, "2006-03-31": "-13.00000", "2005-12-31": -21.4, "2005-09-30": -18.4, "2005-06-30": -15.1, "2005-03-31": "-17.90000"}, "Net Change In Intangible Assets": {"2020-12-31": 0, "2020-09-30": 0, "2020-06-30": 0, "2020-03-31": "", "2019-12-31": 0, "2019-09-30": 0, "2019-06-30": 0, "2019-03-31": "", "2018-12-31": 0, "2018-09-30": 0, "2018-06-30": 0, "2018-03-31": "", "2017-12-31": 0, "2017-09-30": 0, "2017-06-30": 0, "2017-03-31": "", "2016-12-31": 0, "2016-09-30": 0, "2016-06-30": 0, "2016-03-31": "", "2015-12-31": 0, "2015-09-30": 0, "2015-06-30": 0, "2015-03-31": "", "2014-12-31": 0, "2014-09-30": 0, "2014-06-30": 0, "2014-03-31": "", "2013-12-31": 0, "2013-09-30": 0, "2013-06-30": 0, "2013-03-31": "", "2012-12-31": 0, "2012-09-30": 0, "2012-06-30": 0, "2012-03-31": "", "2011-12-31": 0, "2011-09-30": 0, "2011-06-30": 0, "2011-03-31": "", "2010-12-31": 0, "2010-09-30": 0, "2010-06-30": 0, "2010-03-31": "", "2009-12-31": 0, "2009-09-30": 0, "2009-06-30": 0, "2009-03-31": "", "2008-12-31": 0, "2008-09-30": 0, "2008-06-30": 0, "2008-03-31": "", "2007-12-31": 0, "2007-09-30": 0, "2007-06-30": 0, "2007-03-31": "", "2006-12-31": 0, "2006-09-30": 0, "2006-06-30": 0, "2006-03-31": "", "2005-12-31": 0, "2005-09-30": 0, "2005-06-30": 0, "2005-03-31": ""}, "Net Acquisitions/Divestitures": {"2020-12-31": 0.3, "2020-09-30": 7.2, "2020-06-30": 0, "2020-03-31": "0.80000", "2019-12-31": 0.5, "2019-09-30": -28.6, "2019-06-30": 119.2, "2019-03-31": "3.50000", "2018-12-31": 10.2, "2018-09-30": 1.1, "2018-06-30": 6.7, "2018-03-31": "-8.20000", "2017-12-31": 7.5, "2017-09-30": -6.1, "2017-06-30": -9.5, "2017-03-31": "-11.70000", "2016-12-31": -0.7, "2016-09-30": -15.7, "2016-06-30": -27.4, "2016-03-31": "-13.80000", "2015-12-31": -19.8, "2015-09-30": -210.3, "2015-06-30": -20.3, "2015-03-31": "-10.10000", "2014-12-31": -6.9, "2014-09-30": -1.4, "2014-06-30": -14.3, "2014-03-31": "-9.40000", "2013-12-31": -28.1, "2013-09-30": -1.3, "2013-06-30": -16.9, "2013-03-31": "", "2012-12-31": -3, "2012-09-30": -12, "2012-06-30": -32.5, "2012-03-31": "-1.50000", "2011-12-31": -16.9, "2011-09-30": -16.9, "2011-06-30": -15.2, "2011-03-31": "", "2010-12-31": -9.4, "2010-09-30": -2.1, "2010-06-30": -258.4, "2010-03-31": "-0.10000", "2009-12-31": -0.3, "2009-09-30": 0.4, "2009-06-30": -11.1, "2009-03-31": "-10.60000", "2008-12-31": -17.6, "2008-09-30": -28.9, "2008-06-30": -194.7, "2008-03-31": "-0.80000", "2007-12-31": -22.6, "2007-09-30": -82.1, "2007-06-30": -13.1, "2007-03-31": "-5.00000", "2006-12-31": 97.9, "2006-09-30": -0.6, "2006-06-30": 0, "2006-03-31": "22.40000", "2005-12-31": -9.4, "2005-09-30": -0.4, "2005-06-30": -0.9, "2005-03-31": "-2.20000"}, "Net Change In Short-term Investments": {"2020-12-31": 0, "2020-09-30": 0, "2020-06-30": 0, "2020-03-31": "", "2019-12-31": 0, "2019-09-30": 0, "2019-06-30": 0, "2019-03-31": "", "2018-12-31": 0, "2018-09-30": 0, "2018-06-30": 0, "2018-03-31": "", "2017-12-31": 0, "2017-09-30": 0, "2017-06-30": 0, "2017-03-31": "", "2016-12-31": 0, "2016-09-30": 0, "2016-06-30": 0, "2016-03-31": "", "2015-12-31": 0, "2015-09-30": 0, "2015-06-30": 0, "2015-03-31": "", "2014-12-31": 0, "2014-09-30": 0, "2014-06-30": 0, "2014-03-31": "", "2013-12-31": 0, "2013-09-30": 0, "2013-06-30": 0, "2013-03-31": "", "2012-12-31": 0, "2012-09-30": 0, "2012-06-30": 0, "2012-03-31": "", "2011-12-31": 0, "2011-09-30": 0, "2011-06-30": 0, "2011-03-31": "", "2010-12-31": 0, "2010-09-30": 0, "2010-06-30": 0, "2010-03-31": "", "2009-12-31": 0, "2009-09-30": 0, "2009-06-30": 0, "2009-03-31": "", "2008-12-31": 0, "2008-09-30": 0, "2008-06-30": 0, "2008-03-31": "", "2007-12-31": 0, "2007-09-30": 0, "2007-06-30": 0, "2007-03-31": "", "2006-12-31": 0, "2006-09-30": 0, "2006-06-30": 0, "2006-03-31": "", "2005-12-31": 0, "2005-09-30": 0, "2005-06-30": 0, "2005-03-31": ""}, "Net Change In Long-Term Investments": {"2020-12-31": 0, "2020-09-30": 0, "2020-06-30": 0, "2020-03-31": "", "2019-12-31": 0, "2019-09-30": 0, "2019-06-30": 0, "2019-03-31": "", "2018-12-31": 0, "2018-09-30": 0, "2018-06-30": 0, "2018-03-31": "", "2017-12-31": 0, "2017-09-30": -3.1, "2017-06-30": 2.4, "2017-03-31": "0.70000", "2016-12-31": 0.6, "2016-09-30": 1.1, "2016-06-30": 2, "2016-03-31": "0.40000", "2015-12-31": -4.8, "2015-09-30": 1.3, "2015-06-30": 3.5, "2015-03-31": "", "2014-12-31": 0, "2014-09-30": 0, "2014-06-30": 0, "2014-03-31": "", "2013-12-31": 3.4, "2013-09-30": 0, "2013-06-30": 0, "2013-03-31": "", "2012-12-31": 0, "2012-09-30": 0, "2012-06-30": 0, "2012-03-31": "", "2011-12-31": 0, "2011-09-30": 0, "2011-06-30": 0, "2011-03-31": "", "2010-12-31": 0, "2010-09-30": 0, "2010-06-30": 0, "2010-03-31": "", "2009-12-31": 0, "2009-09-30": 13.3, "2009-06-30": 0, "2009-03-31": "", "2008-12-31": 0, "2008-09-30": 0, "2008-06-30": 0, "2008-03-31": "", "2007-12-31": 0, "2007-09-30": 0, "2007-06-30": 0, "2007-03-31": "", "2006-12-31": -8.8, "2006-09-30": 0, "2006-06-30": 0, "2006-03-31": "8.80000", "2005-12-31": 0, "2005-09-30": 0, "2005-06-30": 0, "2005-03-31": ""}, "Net Change In Investments - Total": {"2020-12-31": 0, "2020-09-30": 0, "2020-06-30": 0, "2020-03-31": "", "2019-12-31": 0, "2019-09-30": 0, "2019-06-30": 0, "2019-03-31": "", "2018-12-31": 0, "2018-09-30": 0, "2018-06-30": 0, "2018-03-31": "", "2017-12-31": 0, "2017-09-30": -3.1, "2017-06-30": 2.4, "2017-03-31": "0.70000", "2016-12-31": 0.6, "2016-09-30": 1.1, "2016-06-30": 2, "2016-03-31": "0.40000", "2015-12-31": -4.8, "2015-09-30": 1.3, "2015-06-30": 3.5, "2015-03-31": "", "2014-12-31": 0, "2014-09-30": 0, "2014-06-30": 0, "2014-03-31": "", "2013-12-31": 3.4, "2013-09-30": 0, "2013-06-30": 0, "2013-03-31": "", "2012-12-31": 0, "2012-09-30": 0, "2012-06-30": 0, "2012-03-31": "", "2011-12-31": 0, "2011-09-30": 0, "2011-06-30": 0, "2011-03-31": "", "2010-12-31": 0, "2010-09-30": 0, "2010-06-30": 0, "2010-03-31": "", "2009-12-31": 0, "2009-09-30": 13.3, "2009-06-30": 0, "2009-03-31": "", "2008-12-31": 0, "2008-09-30": 0, "2008-06-30": 0, "2008-03-31": "", "2007-12-31": 0, "2007-09-30": 0, "2007-06-30": 0, "2007-03-31": "", "2006-12-31": -8.8, "2006-09-30": 0, "2006-06-30": 0, "2006-03-31": "8.80000", "2005-12-31": 0, "2005-09-30": 0, "2005-06-30": 0, "2005-03-31": ""}, "Investing Activities - Other": {"2020-12-31": 0, "2020-09-30": 0, "2020-06-30": 0, "2020-03-31": "", "2019-12-31": 0, "2019-09-30": -57.9, "2019-06-30": 0, "2019-03-31": "", "2018-12-31": 0, "2018-09-30": 0, "2018-06-30": 0, "2018-03-31": "", "2017-12-31": 0, "2017-09-30": 0, "2017-06-30": 0, "2017-03-31": "", "2016-12-31": 0, "2016-09-30": 0, "2016-06-30": 0, "2016-03-31": "", "2015-12-31": 0, "2015-09-30": 0, "2015-06-30": 0, "2015-03-31": "", "2014-12-31": 0, "2014-09-30": 0, "2014-06-30": 0, "2014-03-31": "", "2013-12-31": 0, "2013-09-30": 0, "2013-06-30": 0, "2013-03-31": "", "2012-12-31": 0, "2012-09-30": 0, "2012-06-30": 0, "2012-03-31": "", "2011-12-31": 0, "2011-09-30": 0, "2011-06-30": 0, "2011-03-31": "", "2010-12-31": 0, "2010-09-30": 0, "2010-06-30": 0, "2010-03-31": "", "2009-12-31": 0, "2009-09-30": 0, "2009-06-30": 0, "2009-03-31": "", "2008-12-31": 0, "2008-09-30": 0, "2008-06-30": 0, "2008-03-31": "", "2007-12-31": 0, "2007-09-30": 0, "2007-06-30": 0, "2007-03-31": "", "2006-12-31": 0, "2006-09-30": 0, "2006-06-30": 0, "2006-03-31": "", "2005-12-31": 0, "2005-09-30": 0, "2005-06-30": 0, "2005-03-31": ""}, "Cash Flow From Investing Activities": {"2020-12-31": -19.9, "2020-09-30": -4.4, "2020-06-30": -9.8, "2020-03-31": "-8.30000", "2019-12-31": -16.2, "2019-09-30": -98.7, "2019-06-30": 105.2, "2019-03-31": "-6.50000", "2018-12-31": -14.7, "2018-09-30": -11.9, "2018-06-30": -13.3, "2018-03-31": "-15.00000", "2017-12-31": -18.9, "2017-09-30": -12, "2017-06-30": -21.8, "2017-03-31": "-21.80000", "2016-12-31": -14.4, "2016-09-30": -26.4, "2016-06-30": -39.6, "2016-03-31": "-30.00000", "2015-12-31": -28.9, "2015-09-30": -222.2, "2015-06-30": -27.3, "2015-03-31": "-19.70000", "2014-12-31": -24.8, "2014-09-30": -12.6, "2014-06-30": -26.3, "2014-03-31": "-17.70000", "2013-12-31": -38.4, "2013-09-30": -8.9, "2013-06-30": -28.1, "2013-03-31": "-12.20000", "2012-12-31": -25.1, "2012-09-30": -25.3, "2012-06-30": -45.8, "2012-03-31": "-21.10000", "2011-12-31": -35.8, "2011-09-30": -33.7, "2011-06-30": -29.9, "2011-03-31": "-10.10000", "2010-12-31": -24.3, "2010-09-30": -15.2, "2010-06-30": -276.5, "2010-03-31": "-7.60000", "2009-12-31": -8.1, "2009-09-30": 4.8, "2009-06-30": -18, "2009-03-31": "-18.50000", "2008-12-31": -38.3, "2008-09-30": -48.4, "2008-06-30": -219.7, "2008-03-31": "-22.80000", "2007-12-31": -39.2, "2007-09-30": -107.4, "2007-06-30": -34.7, "2007-03-31": "-20.20000", "2006-12-31": 58.1, "2006-09-30": -12.6, "2006-06-30": -18.7, "2006-03-31": "18.20000", "2005-12-31": -30.8, "2005-09-30": -18.8, "2005-06-30": -16, "2005-03-31": "-20.10000"}, "Net Long-Term Debt": {"2020-12-31": 0.4, "2020-09-30": 0.9, "2020-06-30": 0.8, "2020-03-31": "0.20000", "2019-12-31": 0, "2019-09-30": 0.8, "2019-06-30": 7.2, "2019-03-31": "0.30000", "2018-12-31": -0.3, "2018-09-30": -0.2, "2018-06-30": 175.3, "2018-03-31": "-0.10000", "2017-12-31": -0.1, "2017-09-30": 0, "2017-06-30": -0.1, "2017-03-31": "-0.10000", "2016-12-31": -0.1, "2016-09-30": -0.3, "2016-06-30": -0.1, "2016-03-31": "-5.90000", "2015-12-31": 0, "2015-09-30": 453.4, "2015-06-30": -0.3, "2015-03-31": "-1.10000", "2014-12-31": -1, "2014-09-30": -0.4, "2014-06-30": -0.6, "2014-03-31": "-0.60000", "2013-12-31": -0.5, "2013-09-30": 2.3, "2013-06-30": -267.1, "2013-03-31": "-0.30000", "2012-12-31": -1, "2012-09-30": -1.6, "2012-06-30": 59.3, "2012-03-31": "-8.30000", "2011-12-31": 0, "2011-09-30": -0.3, "2011-06-30": 0, "2011-03-31": "", "2010-12-31": 0.3, "2010-09-30": -0.2, "2010-06-30": -0.2, "2010-03-31": "0.80000", "2009-12-31": -149.2, "2009-09-30": -63.6, "2009-06-30": 0, "2009-03-31": "", "2008-12-31": -24.4, "2008-09-30": 87.4, "2008-06-30": 0, "2008-03-31": "", "2007-12-31": -16.9, "2007-09-30": 16.1, "2007-06-30": 0, "2007-03-31": "-0.40000", "2006-12-31": -2.3, "2006-09-30": -254.3, "2006-06-30": 249.5, "2006-03-31": "-0.40000", "2005-12-31": 6.9001, "2005-09-30": -0.4001, "2005-06-30": 166.1001, "2005-03-31": "-200.10000"}, "Net Current Debt": {"2020-12-31": -10.2, "2020-09-30": -12.8, "2020-06-30": -8.2, "2020-03-31": "-9.60000", "2019-12-31": 13.2, "2019-09-30": 1, "2019-06-30": -5.3, "2019-03-31": "2.30000", "2018-12-31": 8.5, "2018-09-30": -0.5, "2018-06-30": -0.2, "2018-03-31": "-4.30000", "2017-12-31": 7.9, "2017-09-30": 1.8, "2017-06-30": -0.6, "2017-03-31": "-3.60000", "2016-12-31": 3.6, "2016-09-30": 11.1, "2016-06-30": -5.1, "2016-03-31": "-9.90000", "2015-12-31": 6.4, "2015-09-30": -0.5, "2015-06-30": -5.2, "2015-03-31": "3.40000", "2014-12-31": 5.8, "2014-09-30": -5.7, "2014-06-30": 2.6, "2014-03-31": "13.30000", "2013-12-31": -4.6, "2013-09-30": -38.7, "2013-06-30": 35.4, "2013-03-31": "2.20000", "2012-12-31": 1.7, "2012-09-30": -13, "2012-06-30": -4.9, "2012-03-31": "9.50000", "2011-12-31": 9.3, "2011-09-30": 1.9, "2011-06-30": -5.2, "2011-03-31": "9.60000", "2010-12-31": 3.9, "2010-09-30": -14, "2010-06-30": -5.7, "2010-03-31": "0.20000", "2009-12-31": 10.5, "2009-09-30": 59.9, "2009-06-30": -29.5, "2009-03-31": "-55.50000", "2008-12-31": 16, "2008-09-30": -26, "2008-06-30": 15.1, "2008-03-31": "10.90000", "2007-12-31": 6.1, "2007-09-30": -3.4, "2007-06-30": -0.8, "2007-03-31": "4.20000", "2006-12-31": 5.1, "2006-09-30": 2.9, "2006-06-30": -1.9, "2006-03-31": "3.60000", "2005-12-31": -13.1, "2005-09-30": 7.2, "2005-06-30": -3.1, "2005-03-31": "4.70000"}, "Debt Issuance/Retirement Net - Total": {"2020-12-31": -9.8, "2020-09-30": -11.9, "2020-06-30": -7.4, "2020-03-31": "-9.40000", "2019-12-31": 13.2, "2019-09-30": 1.8, "2019-06-30": 1.9, "2019-03-31": "2.60000", "2018-12-31": 8.2, "2018-09-30": -0.7, "2018-06-30": 175.1, "2018-03-31": "-4.40000", "2017-12-31": 7.8, "2017-09-30": 1.8, "2017-06-30": -0.7, "2017-03-31": "-3.70000", "2016-12-31": 3.5, "2016-09-30": 10.8, "2016-06-30": -5.2, "2016-03-31": "-15.80000", "2015-12-31": 6.4, "2015-09-30": 452.9, "2015-06-30": -5.5, "2015-03-31": "2.30000", "2014-12-31": 4.8, "2014-09-30": -6.1, "2014-06-30": 2, "2014-03-31": "12.70000", "2013-12-31": -5.1, "2013-09-30": -36.4, "2013-06-30": -231.7, "2013-03-31": "1.90000", "2012-12-31": 0.7, "2012-09-30": -14.6, "2012-06-30": 54.4, "2012-03-31": "1.20000", "2011-12-31": 9.3, "2011-09-30": 1.6, "2011-06-30": -5.2, "2011-03-31": "9.60000", "2010-12-31": 4.2, "2010-09-30": -14.2, "2010-06-30": -5.9, "2010-03-31": "1.00000", "2009-12-31": -138.7, "2009-09-30": -3.7, "2009-06-30": -29.5, "2009-03-31": "-55.50000", "2008-12-31": -8.4, "2008-09-30": 61.4, "2008-06-30": 15.1, "2008-03-31": "10.90000", "2007-12-31": -10.8, "2007-09-30": 12.7, "2007-06-30": -0.8, "2007-03-31": "3.80000", "2006-12-31": 2.8, "2006-09-30": -251.4, "2006-06-30": 247.6, "2006-03-31": "3.20000", "2005-12-31": -6.1999, "2005-09-30": 6.7999, "2005-06-30": 163.0001, "2005-03-31": "-195.40000"}, "Net Common Equity Issued/Repurchased": {"2020-12-31": -200.9, "2020-09-30": 0.6, "2020-06-30": -3.2, "2020-03-31": "-53.80000", "2019-12-31": -50.5, "2019-09-30": -50, "2019-06-30": 4.6, "2019-03-31": "-100.10000", "2018-12-31": -201, "2018-09-30": -185.3, "2018-06-30": -62.7, "2018-03-31": "-46.50000", "2017-12-31": -22.5, "2017-09-30": -55.5, "2017-06-30": -58.5, "2017-03-31": "-23.20000", "2016-12-31": -7.1, "2016-09-30": -168.5, "2016-06-30": -173.3, "2016-03-31": "-115.30000", "2015-12-31": -52.7, "2015-09-30": -283.8, "2015-06-30": -112.2, "2015-03-31": "-27.40000", "2014-12-31": -69.7, "2014-09-30": -50.5, "2014-06-30": 12.9, "2014-03-31": "-10.70000", "2013-12-31": 35.2, "2013-09-30": 50.8, "2013-06-30": 4.8, "2013-03-31": "10.20000", "2012-12-31": -92.8, "2012-09-30": -10.7, "2012-06-30": -32.2, "2012-03-31": "3.50000", "2011-12-31": -51.1, "2011-09-30": -22.9, "2011-06-30": -6.2, "2011-03-31": "5.20000", "2010-12-31": 12.1, "2010-09-30": -34.6, "2010-06-30": 9.9, "2010-03-31": "4.90000", "2009-12-31": 4.5, "2009-09-30": 4.2, "2009-06-30": 0.8, "2009-03-31": "4.70000", "2008-12-31": -0.4, "2008-09-30": -71.2, "2008-06-30": 2.3, "2008-03-31": "-43.90000", "2007-12-31": -58.8, "2007-09-30": -268.1, "2007-06-30": -4.6, "2007-03-31": "-52.70000", "2006-12-31": 8.8, "2006-09-30": -112.2, "2006-06-30": -72, "2006-03-31": "-6.50000", "2005-12-31": -3.8, "2005-09-30": 9.3, "2005-06-30": -154.2, "2005-03-31": "-40.90000"}, "Net Total Equity Issued/Repurchased": {"2020-12-31": -200.9, "2020-09-30": 0.6, "2020-06-30": -3.2, "2020-03-31": "-53.80000", "2019-12-31": -50.5, "2019-09-30": -50, "2019-06-30": 4.6, "2019-03-31": "-100.10000", "2018-12-31": -201, "2018-09-30": -185.3, "2018-06-30": -62.7, "2018-03-31": "-46.50000", "2017-12-31": -22.5, "2017-09-30": -55.5, "2017-06-30": -58.5, "2017-03-31": "-23.20000", "2016-12-31": -7.1, "2016-09-30": -168.5, "2016-06-30": -173.3, "2016-03-31": "-115.30000", "2015-12-31": -52.7, "2015-09-30": -283.8, "2015-06-30": -112.2, "2015-03-31": "-27.40000", "2014-12-31": -69.7, "2014-09-30": -50.5, "2014-06-30": 12.9, "2014-03-31": "-10.70000", "2013-12-31": 35.2, "2013-09-30": 50.8, "2013-06-30": 4.8, "2013-03-31": "10.20000", "2012-12-31": -92.8, "2012-09-30": -10.7, "2012-06-30": -32.2, "2012-03-31": "3.50000", "2011-12-31": -51.1, "2011-09-30": -22.9, "2011-06-30": -6.2, "2011-03-31": "5.20000", "2010-12-31": 12.1, "2010-09-30": -34.6, "2010-06-30": 9.9, "2010-03-31": "4.90000", "2009-12-31": 4.5, "2009-09-30": 4.2, "2009-06-30": 0.8, "2009-03-31": "4.70000", "2008-12-31": -0.4, "2008-09-30": -71.2, "2008-06-30": 2.3, "2008-03-31": "-43.90000", "2007-12-31": -58.8, "2007-09-30": -268.1, "2007-06-30": -4.6, "2007-03-31": "-52.70000", "2006-12-31": 8.8, "2006-09-30": -112.2, "2006-06-30": -72, "2006-03-31": "-6.50000", "2005-12-31": -3.8, "2005-09-30": 9.3, "2005-06-30": -154.2, "2005-03-31": "-40.90000"}, "Total Common And Preferred Stock Dividends Paid": {"2020-12-31": -65.9, "2020-09-30": 0, "2020-06-30": -63.2, "2020-03-31": "", "2019-12-31": -63.6, "2019-09-30": 0, "2019-06-30": -65.2, "2019-03-31": "", "2018-12-31": -61.3, "2018-09-30": 0, "2018-06-30": -66, "2018-03-31": "", "2017-12-31": -61.5, "2017-09-30": 0, "2017-06-30": -62.2, "2017-03-31": "", "2016-12-31": -57.6, "2016-09-30": 0, "2016-06-30": -60.8, "2016-03-31": "", "2015-12-31": -58.9, "2015-09-30": 0, "2015-06-30": -62.1, "2015-03-31": "", "2014-12-31": -38.3, "2014-09-30": 0, "2014-06-30": -39, "2014-03-31": "", "2013-12-31": -36.5, "2013-09-30": 0, "2013-06-30": -35.5, "2013-03-31": "", "2012-12-31": -33.5, "2012-09-30": 0, "2012-06-30": -34.3, "2012-03-31": "", "2011-12-31": -32.3, "2011-09-30": 0, "2011-06-30": -32.8, "2011-03-31": "", "2010-12-31": -30.2, "2010-09-30": 0, "2010-06-30": -30.6, "2010-03-31": "", "2009-12-31": -29, "2009-09-30": 0, "2009-06-30": -29, "2009-03-31": "", "2008-12-31": -28.9, "2008-09-30": 0, "2008-06-30": -29.2, "2008-03-31": "", "2007-12-31": -30, "2007-09-30": 0, "2007-06-30": -27.1, "2007-03-31": "", "2006-12-31": -27.2, "2006-09-30": 0, "2006-06-30": -23.7, "2006-03-31": "", "2005-12-31": -23.6, "2005-09-30": 0, "2005-06-30": -17.6, "2005-03-31": ""}, "Financial Activities - Other": {"2020-12-31": -0.2, "2020-09-30": -1, "2020-06-30": -2.6, "2020-03-31": "-6.50000", "2019-12-31": 0.1, "2019-09-30": 0, "2019-06-30": -26.2, "2019-03-31": "-6.00000", "2018-12-31": -0.1, "2018-09-30": -3.5, "2018-06-30": -10.5, "2018-03-31": "-26.20000", "2017-12-31": -10, "2017-09-30": -1.9, "2017-06-30": -0.5, "2017-03-31": "-28.70000", "2016-12-31": 1.2, "2016-09-30": -3.4, "2016-06-30": -2.9, "2016-03-31": "-3.20000", "2015-12-31": 0.7, "2015-09-30": 2.4, "2015-06-30": 1.3, "2015-03-31": "-7.60000", "2014-12-31": -0.8, "2014-09-30": 0.6, "2014-06-30": 2.1, "2014-03-31": "-8.20000", "2013-12-31": 4.1, "2013-09-30": 9, "2013-06-30": 2, "2013-03-31": "1.00000", "2012-12-31": -1.5, "2012-09-30": 0, "2012-06-30": -0.3, "2012-03-31": "-4.50000", "2011-12-31": 0.1, "2011-09-30": 0.1, "2011-06-30": 0.6, "2011-03-31": "0.50000", "2010-12-31": 0.5, "2010-09-30": 0, "2010-06-30": 0.7, "2010-03-31": "0.10000", "2009-12-31": 0.4, "2009-09-30": 0, "2009-06-30": 0, "2009-03-31": "0.10000", "2008-12-31": 0, "2008-09-30": 0.4, "2008-06-30": 0, "2008-03-31": "0.10000", "2007-12-31": -0.9, "2007-09-30": 0.1, "2007-06-30": 3.1, "2007-03-31": "2.30000", "2006-12-31": 1.2, "2006-09-30": 5.4, "2006-06-30": -1.1, "2006-03-31": "2.70000", "2005-12-31": 0, "2005-09-30": 0, "2005-06-30": 0, "2005-03-31": "50.70000"}, "Cash Flow From Financial Activities": {"2020-12-31": -276.8, "2020-09-30": -12.3, "2020-06-30": -76.4, "2020-03-31": "-69.70000", "2019-12-31": -100.8, "2019-09-30": -48.2, "2019-06-30": -84.9, "2019-03-31": "-103.50000", "2018-12-31": -254.2, "2018-09-30": -189.5, "2018-06-30": 35.9, "2018-03-31": "-77.10000", "2017-12-31": -86.2, "2017-09-30": -55.6, "2017-06-30": -121.9, "2017-03-31": "-55.60000", "2016-12-31": -60, "2016-09-30": -161.1, "2016-06-30": -242.2, "2016-03-31": "-134.30000", "2015-12-31": -104.5, "2015-09-30": 171.5, "2015-06-30": -178.5, "2015-03-31": "-32.70000", "2014-12-31": -104, "2014-09-30": -56, "2014-06-30": -22, "2014-03-31": "-6.20000", "2013-12-31": -2.3, "2013-09-30": 23.4, "2013-06-30": -260.4, "2013-03-31": "13.10000", "2012-12-31": -127.1, "2012-09-30": -25.3, "2012-06-30": -12.4, "2012-03-31": "0.20000", "2011-12-31": -74, "2011-09-30": -21.2, "2011-06-30": -43.6, "2011-03-31": "15.30000", "2010-12-31": -13.4, "2010-09-30": -48.8, "2010-06-30": -25.9, "2010-03-31": "6.00000", "2009-12-31": -162.8, "2009-09-30": 0.5, "2009-06-30": -57.7, "2009-03-31": "-50.70000", "2008-12-31": -37.7, "2008-09-30": -9.4, "2008-06-30": -11.8, "2008-03-31": "-32.90000", "2007-12-31": -100.5, "2007-09-30": -255.3, "2007-06-30": -29.4, "2007-03-31": "-46.60000", "2006-12-31": -14.4, "2006-09-30": -358.2, "2006-06-30": 150.8, "2006-03-31": "-0.60000", "2005-12-31": -33.6, "2005-09-30": 16.1, "2005-06-30": -8.8, "2005-03-31": "-185.60000"}, "Net Cash Flow": {"2020-12-31": -20.6, "2020-09-30": 149.1, "2020-06-30": 339.1, "2020-03-31": "73.70000", "2019-12-31": 218.7, "2019-09-30": 36.7, "2019-06-30": 204.1, "2019-03-31": "-25.60000", "2018-12-31": -90.7, "2018-09-30": -84.9, "2018-06-30": 215.3, "2018-03-31": "-136.80000", "2017-12-31": 22.1, "2017-09-30": 93.8, "2017-06-30": -151.3, "2017-03-31": "125.90000", "2016-12-31": 95.4, "2016-09-30": -43.2, "2016-06-30": -201.3, "2016-03-31": "17.10000", "2015-12-31": 78, "2015-09-30": 186.6, "2015-06-30": -161.7, "2015-03-31": "-71.60000", "2014-12-31": 38.5, "2014-09-30": 22.2, "2014-06-30": -58, "2014-03-31": "-41.10000", "2013-12-31": 248.9, "2013-09-30": 207.8, "2013-06-30": -302.5, "2013-03-31": "-64.70000", "2012-12-31": 203.5, "2012-09-30": -10, "2012-06-30": -98.9, "2012-03-31": "-27.00000", "2011-12-31": 17, "2011-09-30": 20, "2011-06-30": -106, "2011-03-31": "-123.10000", "2010-12-31": 174.3, "2010-09-30": 45.8, "2010-06-30": -391.3, "2010-03-31": "-70.80000", "2009-12-31": -186, "2009-09-30": 93.3, "2009-06-30": 106.3, "2009-03-31": "127.00000", "2008-12-31": 242, "2008-09-30": 70.7, "2008-06-30": -79.2, "2008-03-31": "103.00000", "2007-12-31": -1.3, "2007-09-30": -172, "2007-06-30": -16.5, "2007-03-31": "39.40000", "2006-12-31": 203.4, "2006-09-30": -283.6, "2006-06-30": 213.6, "2006-03-31": "99.60000", "2005-12-31": 23.2, "2005-09-30": 68.4, "2005-06-30": -33.5, "2005-03-31": "-135.00000"}, "Stock-Based Compensation": {"2020-12-31": 5.8, "2020-09-30": 6.9, "2020-06-30": 6.9, "2020-03-31": "4.60000", "2019-12-31": 7.5, "2019-09-30": 5.9, "2019-06-30": 8.3, "2019-03-31": "4.60000", "2018-12-31": 8.3, "2018-09-30": 6.7, "2018-06-30": 5.3, "2018-03-31": "7.50000", "2017-12-31": 7.3, "2017-09-30": 6.6, "2017-06-30": 7.6, "2017-03-31": "7.20000", "2016-12-31": 6.1, "2016-09-30": 6.1, "2016-06-30": 7.7, "2016-03-31": "7.20000", "2015-12-31": 8.2, "2015-09-30": 8.1, "2015-06-30": 8.1, "2015-03-31": "6.70000", "2014-12-31": 6.3, "2014-09-30": 10.4, "2014-06-30": 13.1, "2014-03-31": "10.80000", "2013-12-31": 8.7, "2013-09-30": 8, "2013-06-30": 8.3, "2013-03-31": "6.50000", "2012-12-31": 7.2, "2012-09-30": 7.9, "2012-06-30": 8, "2012-03-31": "6.90000", "2011-12-31": 6.7, "2011-09-30": 8.2, "2011-06-30": 8.3, "2011-03-31": "8.20000", "2010-12-31": 6.2, "2010-09-30": 6.4, "2010-06-30": 6, "2010-03-31": "5.50000", "2009-12-31": 5, "2009-09-30": 5, "2009-06-30": 3.4, "2009-03-31": "4.10000", "2008-12-31": 5.8, "2008-09-30": 1, "2008-06-30": 5.4, "2008-03-31": "8.90000", "2007-12-31": 7.2, "2007-09-30": 7, "2007-06-30": 6.1, "2007-03-31": "5.70000", "2006-12-31": 6.6, "2006-09-30": 5.7, "2006-06-30": 5.6, "2006-03-31": "4.60000", "2005-12-31": 0.5, "2005-09-30": 0.4, "2005-06-30": 0.5, "2005-03-31": "0.30000"}, "Common Stock Dividends Paid": {"2020-12-31": -65.9, "2020-09-30": 0, "2020-06-30": -63.2, "2020-03-31": "", "2019-12-31": -63.6, "2019-09-30": 0, "2019-06-30": -65.2, "2019-03-31": "", "2018-12-31": -61.3, "2018-09-30": 0, "2018-06-30": -66, "2018-03-31": "", "2017-12-31": -61.5, "2017-09-30": 0, "2017-06-30": -62.2, "2017-03-31": "", "2016-12-31": -57.6, "2016-09-30": 0, "2016-06-30": -60.8, "2016-03-31": "", "2015-12-31": -58.9, "2015-09-30": 0, "2015-06-30": -62.1, "2015-03-31": "", "2014-12-31": -38.3, "2014-09-30": 0, "2014-06-30": -39, "2014-03-31": "", "2013-12-31": -36.5, "2013-09-30": 0, "2013-06-30": -35.5, "2013-03-31": "", "2012-12-31": -33.5, "2012-09-30": 0, "2012-06-30": -34.3, "2012-03-31": "", "2011-12-31": -32.3, "2011-09-30": 0, "2011-06-30": -32.8, "2011-03-31": "", "2010-12-31": -30.2, "2010-09-30": 0, "2010-06-30": -30.6, "2010-03-31": "", "2009-12-31": -29, "2009-09-30": 0, "2009-06-30": -29, "2009-03-31": "", "2008-12-31": -28.9, "2008-09-30": 0, "2008-06-30": -29.2, "2008-03-31": "", "2007-12-31": -30, "2007-09-30": 0, "2007-06-30": -27.1, "2007-03-31": "", "2006-12-31": -27.2, "2006-09-30": 0, "2006-06-30": -23.7, "2006-03-31": "", "2005-12-31": -23.6, "2005-09-30": 0, "2005-06-30": -17.6, "2005-03-31": ""}}, "financial ratios": {"Current Ratio": {"2019-12-31": "1.46000", "2018-12-31": "1.43610", "2017-12-31": "1.28290", "2016-12-31": "1.40290", "2015-12-31": "1.47570", "2014-12-31": "1.48530", "2013-12-31": "1.49390", "2012-12-31": "1.37620", "2011-12-31": "1.32650", "2010-12-31": "1.48140", "2009-12-31": "1.66440", "2008-12-31": "1.61310", "2007-12-31": "1.60180", "2006-12-31": "1.62480", "2005-12-31": "1.48870"}, "Long-term Debt / Capital": {"2019-12-31": "0.26830", "2018-12-31": "0.27530", "2017-12-31": "0.14330", "2016-12-31": "0.24310", "2015-12-31": "0.23150", "2014-12-31": "0.12560", "2013-12-31": "0.14190", "2012-12-31": "0.15600", "2011-12-31": "0.09670", "2010-12-31": "0.21830", "2009-12-31": "0.22000", "2008-12-31": "0.25400", "2007-12-31": "0.24680", "2006-12-31": "0.24230", "2005-12-31": "0.18120"}, "Debt/Equity Ratio": {"2019-12-31": "0.38870", "2018-12-31": "0.39850", "2017-12-31": "0.33160", "2016-12-31": "0.33740", "2015-12-31": "0.31760", "2014-12-31": "0.15900", "2013-12-31": "0.17770", "2012-12-31": "0.30790", "2011-12-31": "0.28200", "2010-12-31": "0.29120", "2009-12-31": "0.29860", "2008-12-31": "0.38750", "2007-12-31": "0.34260", "2006-12-31": "0.33270", "2005-12-31": "0.34240"}, "Gross Margin": {"2019-12-31": "16.17710", "2018-12-31": "16.27470", "2017-12-31": "16.56630", "2016-12-31": "16.96240", "2015-12-31": "17.05030", "2014-12-31": "16.80020", "2013-12-31": "16.62530", "2012-12-31": "16.64570", "2011-12-31": "16.84220", "2010-12-31": "17.20190", "2009-12-31": "17.57130", "2008-12-31": "18.97610", "2007-12-31": "18.71710", "2006-12-31": "17.91320", "2005-12-31": "17.87140"}, "Operating Margin": {"2019-12-31": "3.09100", "2018-12-31": "3.62280", "2017-12-31": "3.75200", "2016-12-31": "3.79310", "2015-12-31": "3.56390", "2014-12-31": "3.46730", "2013-12-31": "2.52780", "2012-12-31": "1.99100", "2011-12-31": "2.38210", "2010-12-31": "-0.64660", "2009-12-31": "0.26000", "2008-12-31": "2.29140", "2007-12-31": "3.95980", "2006-12-31": "3.02970", "2005-12-31": "2.70620"}, "EBIT Margin": {"2019-12-31": "3.09100", "2018-12-31": "3.62280", "2017-12-31": "3.75200", "2016-12-31": "3.79310", "2015-12-31": "3.56390", "2014-12-31": "3.46730", "2013-12-31": "2.52780", "2012-12-31": "1.99100", "2011-12-31": "2.38210", "2010-12-31": "-0.64660", "2009-12-31": "0.26000", "2008-12-31": "2.29140", "2007-12-31": "3.95980", "2006-12-31": "3.02970", "2005-12-31": "2.70620"}, "EBITDA Margin": {"2019-12-31": "3.46110", "2018-12-31": "4.01300", "2017-12-31": "4.15320", "2016-12-31": "4.22710", "2015-12-31": "3.96590", "2014-12-31": "3.87090", "2013-12-31": "2.99350", "2012-12-31": "2.47700", "2011-12-31": "2.85650", "2010-12-31": "-0.06310", "2009-12-31": "0.86600", "2008-12-31": "2.78870", "2007-12-31": "4.44300", "2006-12-31": "3.53540", "2005-12-31": "3.30440"}, "Pre-Tax Profit Margin": {"2019-12-31": "3.28560", "2018-12-31": "3.43180", "2017-12-31": "3.50520", "2016-12-31": "3.56820", "2015-12-31": "3.41800", "2014-12-31": "3.28280", "2013-12-31": "2.34810", "2012-12-31": "1.78160", "2011-12-31": "2.18080", "2010-12-31": "-0.87560", "2009-12-31": "-0.14280", "2008-12-31": "2.05510", "2007-12-31": "3.79280", "2006-12-31": "2.74390", "2005-12-31": "2.44230"}, "Net Profit Margin": {"2019-12-31": "2.23210", "2018-12-31": "2.53150", "2017-12-31": "2.59290", "2016-12-31": "2.25750", "2015-12-31": "2.16870", "2014-12-31": "2.05950", "2013-12-31": "1.42220", "2012-12-31": "0.95560", "2011-12-31": "1.14330", "2010-12-31": "-1.39720", "2009-12-31": "-0.05740", "2008-12-31": "0.95420", "2007-12-31": "2.31230", "2006-12-31": "2.26620", "2005-12-31": "1.64150"}, "Asset Turnover": {"2019-12-31": "2.26190", "2018-12-31": "2.58120", "2017-12-31": "2.36780", "2016-12-31": "2.59490", "2015-12-31": "2.57130", "2014-12-31": "2.89130", "2013-12-31": "2.77850", "2012-12-31": "2.94870", "2011-12-31": "3.18940", "2010-12-31": "2.80350", "2009-12-31": "2.58110", "2008-12-31": "3.25230", "2007-12-31": "2.83570", "2006-12-31": "2.69610", "2005-12-31": "2.84560"}, "Inventory Turnover Ratio": {"2019-12-31": "", "2018-12-31": "", "2017-12-31": "", "2016-12-31": "", "2015-12-31": "", "2014-12-31": "", "2013-12-31": "", "2012-12-31": "", "2011-12-31": "", "2010-12-31": "", "2009-12-31": "", "2008-12-31": "", "2007-12-31": "", "2006-12-31": "", "2005-12-31": ""}, "Receiveable Turnover": {"2019-12-31": "3.95660", "2018-12-31": "4.16810", "2017-12-31": "3.91660", "2016-12-31": "4.45360", "2015-12-31": "4.55570", "2014-12-31": "5.02180", "2013-12-31": "4.73370", "2012-12-31": "4.94810", "2011-12-31": "5.26300", "2010-12-31": "4.90790", "2009-12-31": "5.22300", "2008-12-31": "5.93360", "2007-12-31": "4.57400", "2006-12-31": "4.57690", "2005-12-31": "4.93900"}, "Days Sales In Receivables": {"2019-12-31": "92.25110", "2018-12-31": "87.57030", "2017-12-31": "93.19220", "2016-12-31": "81.95650", "2015-12-31": "80.11910", "2014-12-31": "72.68250", "2013-12-31": "77.10590", "2012-12-31": "73.76610", "2011-12-31": "69.35270", "2010-12-31": "74.36970", "2009-12-31": "69.88360", "2008-12-31": "61.51430", "2007-12-31": "79.79860", "2006-12-31": "79.74820", "2005-12-31": "73.90110"}, "ROE - Return On Equity": {"2019-12-31": "16.86400", "2018-12-31": "20.63000", "2017-12-31": "19.08600", "2016-12-31": "18.13690", "2015-12-31": "15.56920", "2014-12-31": "14.52940", "2013-12-31": "9.88260", "2012-12-31": "7.90150", "2011-12-31": "10.13130", "2010-12-31": "-10.99620", "2009-12-31": "-0.36270", "2008-12-31": "8.35570", "2007-12-31": "17.74620", "2006-12-31": "12.35550", "2005-12-31": "11.88390"}, "Return On Tangible Equity": {"2019-12-31": "37.77580", "2018-12-31": "48.19500", "2017-12-31": "44.31990", "2016-12-31": "48.64600", "2015-12-31": "37.81350", "2014-12-31": "27.04620", "2013-12-31": "19.02000", "2012-12-31": "17.50380", "2011-12-31": "21.99680", "2010-12-31": "-24.70710", "2009-12-31": "-0.78030", "2008-12-31": "19.18230", "2007-12-31": "37.63710", "2006-12-31": "25.89360", "2005-12-31": "28.65970"}, "ROA - Return On Assets": {"2019-12-31": "5.04890", "2018-12-31": "6.53420", "2017-12-31": "6.13940", "2016-12-31": "5.85800", "2015-12-31": "5.57630", "2014-12-31": "5.95440", "2013-12-31": "3.95150", "2012-12-31": "2.81780", "2011-12-31": "3.64650", "2010-12-31": "-3.91700", "2009-12-31": "-0.14810", "2008-12-31": "3.10320", "2007-12-31": "6.55690", "2006-12-31": "4.69290", "2005-12-31": "4.58120"}, "ROI - Return On Investment": {"2019-12-31": "12.34000", "2018-12-31": "14.94980", "2017-12-31": "16.35040", "2016-12-31": "13.72830", "2015-12-31": "11.96550", "2014-12-31": "12.70500", "2013-12-31": "8.48030", "2012-12-31": "6.66910", "2011-12-31": "9.15110", "2010-12-31": "-8.59610", "2009-12-31": "-0.28290", "2008-12-31": "6.23350", "2007-12-31": "13.36590", "2006-12-31": "9.36180", "2005-12-31": "9.73070"}, "Book Value Per Share": {"2019-12-31": "47.06510", "2018-12-31": "44.41900", "2017-12-31": "43.24650", "2016-12-31": "36.53030", "2015-12-31": "36.86440", "2014-12-31": "37.67570", "2013-12-31": "36.72310", "2012-12-31": "32.62750", "2011-12-31": "31.07980", "2010-12-31": "29.32000", "2009-12-31": "32.28040", "2008-12-31": "31.54530", "2007-12-31": "33.41930", "2006-12-31": "29.08430", "2005-12-31": "24.56850"}, "Operating Cash Flow Per Share": {"2019-12-31": 6.0849, "2018-12-31": 1.5166, "2017-12-31": -2.5703, "2016-12-31": 1.8916, "2015-12-31": 2.7887, "2014-12-31": -1.1894, "2013-12-31": 0.8439, "2012-12-31": 3.3041, "2011-12-31": -1.4124, "2010-12-31": -3.0431, "2009-12-31": -4.6461, "2008-12-31": 4.8286, "2007-12-31": 1.0141, "2006-12-31": 1.144, "2005-12-31": 2.9506}, "Free Cash Flow Per Share": {"2019-12-31": 6.2015, "2018-12-31": 1.3283, "2017-12-31": -2.5722, "2016-12-31": 1.5718, "2015-12-31": 2.9169, "2014-12-31": -1.2399, "2013-12-31": 1.135, "2012-12-31": 3.182, "2011-12-31": -1.4813, "2010-12-31": -3.3025, "2009-12-31": -3.9543, "2008-12-31": 4.6647, "2007-12-31": 0.9356, "2006-12-31": 1.0914, "2005-12-31": 2.1515}}, "financial ratios, quarterly": {"Current Ratio": {"2020-09-30": "1.48480", "2020-06-30": "1.49650", "2020-03-31": "1.48670", "2019-12-31": "1.46000", "2019-09-30": "1.47760", "2019-06-30": "1.46260", "2019-03-31": "1.43130", "2018-12-31": "1.43610", "2018-09-30": "1.47030", "2018-06-30": "1.48040", "2018-03-31": "1.33200", "2017-12-31": "1.28290", "2017-09-30": "1.29130", "2017-06-30": "1.29020", "2017-03-31": "1.45340", "2016-12-31": "1.40290", "2016-09-30": "1.39280", "2016-06-30": "1.43100", "2016-03-31": "1.50220", "2015-12-31": "1.47570", "2015-09-30": "1.47420", "2015-06-30": "1.48430", "2015-03-31": "1.49870", "2014-12-31": "1.48530", "2014-09-30": "1.50030", "2014-06-30": "1.49520", "2014-03-31": "1.50410", "2013-12-31": "1.49390", "2013-09-30": "1.44800", "2013-06-30": "1.41150", "2013-03-31": "1.40590", "2012-12-31": "1.37620", "2012-09-30": "1.40630", "2012-06-30": "1.39340", "2012-03-31": "1.35030", "2011-12-31": "1.32650", "2011-09-30": "1.32140", "2011-06-30": "1.31420", "2011-03-31": "1.49560", "2010-12-31": "1.48140", "2010-09-30": "1.47550", "2010-06-30": "1.50670", "2010-03-31": "1.64990", "2009-12-31": "1.66440", "2009-09-30": "1.60620", "2009-06-30": "1.70550", "2009-03-31": "1.69430", "2008-12-31": "1.61310", "2008-09-30": "1.54900", "2008-06-30": "1.56810", "2008-03-31": "1.62100", "2007-12-31": "1.60180", "2007-09-30": "1.57070", "2007-06-30": "1.66800", "2007-03-31": "1.64910", "2006-12-31": "1.62480", "2006-09-30": "1.56960", "2006-06-30": "1.54090", "2006-03-31": "1.50890", "2005-12-31": "1.48870", "2005-09-30": "1.44760", "2005-06-30": "1.60310", "2005-03-31": "1.49140"}, "Long-term Debt / Capital": {"2020-09-30": "0.28890", "2020-06-30": "0.28510", "2020-03-31": "0.27390", "2019-12-31": "0.26830", "2019-09-30": "0.26580", "2019-06-30": "0.27570", "2019-03-31": "0.27460", "2018-12-31": "0.27530", "2018-09-30": "0.26960", "2018-06-30": "0.26850", "2018-03-31": "0.14320", "2017-12-31": "0.14330", "2017-09-30": "0.14740", "2017-06-30": "0.14890", "2017-03-31": "0.23920", "2016-12-31": "0.24310", "2016-09-30": "0.25350", "2016-06-30": "0.24810", "2016-03-31": "0.24120", "2015-12-31": "0.23150", "2015-09-30": "0.23850", "2015-06-30": "0.12030", "2015-03-31": "0.11620", "2014-12-31": "0.12560", "2014-09-30": "0.12740", "2014-06-30": "0.13510", "2014-03-31": "0.14000", "2013-12-31": "0.14190", "2013-09-30": "0.14560", "2013-06-30": "0.15240", "2013-03-31": "0.15220", "2012-12-31": "0.15600", "2012-09-30": "0.14950", "2012-06-30": "0.15090", "2012-03-31": "0.09440", "2011-12-31": "0.09670", "2011-09-30": "0.09600", "2011-06-30": "0.10210", "2011-03-31": "0.22090", "2010-12-31": "0.21830", "2010-09-30": "0.19780", "2010-06-30": "0.18880", "2010-03-31": "0.21360", "2009-12-31": "0.22000", "2009-09-30": "0.22180", "2009-06-30": "0.24870", "2009-03-31": "0.24820", "2008-12-31": "0.25400", "2008-09-30": "0.24740", "2008-06-30": "0.24540", "2008-03-31": "0.25120", "2007-12-31": "0.24680", "2007-09-30": "0.24670", "2007-06-30": "0.23350", "2007-03-31": "0.24250", "2006-12-31": "0.24230", "2006-09-30": "0.25320", "2006-06-30": "0.25250", "2006-03-31": "0.18050", "2005-12-31": "0.18120", "2005-09-30": "0.18580", "2005-06-30": "0.26280", "2005-03-31": "0.15800"}, "Debt/Equity Ratio": {"2020-09-30": "0.41750", "2020-06-30": "0.41480", "2020-03-31": "0.39540", "2019-12-31": "0.38870", "2019-09-30": "0.37930", "2019-06-30": "0.39840", "2019-03-31": "0.39850", "2018-12-31": "0.39850", "2018-09-30": "0.38390", "2018-06-30": "0.38230", "2018-03-31": "0.33000", "2017-12-31": "0.33160", "2017-09-30": "0.33910", "2017-06-30": "0.34260", "2017-03-31": "0.32920", "2016-12-31": "0.33740", "2016-09-30": "0.35410", "2016-06-30": "0.33960", "2016-03-31": "0.32890", "2015-12-31": "0.31760", "2015-09-30": "0.32720", "2015-06-30": "0.15050", "2015-03-31": "0.14740", "2014-12-31": "0.15900", "2014-09-30": "0.15920", "2014-06-30": "0.17160", "2014-03-31": "0.17800", "2013-12-31": "0.17770", "2013-09-30": "0.18490", "2013-06-30": "0.21090", "2013-03-31": "0.30030", "2012-12-31": "0.30790", "2012-09-30": "0.29240", "2012-06-30": "0.30070", "2012-03-31": "0.28100", "2011-12-31": "0.28200", "2011-09-30": "0.27850", "2011-06-30": "0.29690", "2011-03-31": "0.29880", "2010-12-31": "0.29120", "2010-09-30": "0.25540", "2010-06-30": "0.24650", "2010-03-31": "0.28860", "2009-12-31": "0.29860", "2009-09-30": "0.35420", "2009-06-30": "0.34350", "2009-03-31": "0.35470", "2008-12-31": "0.38750", "2008-09-30": "0.37830", "2008-06-30": "0.34910", "2008-03-31": "0.35400", "2007-12-31": "0.34260", "2007-09-30": "0.34660", "2007-06-30": "0.31800", "2007-03-31": "0.33460", "2006-12-31": "0.33270", "2006-09-30": "0.35180", "2006-06-30": "0.46170", "2006-03-31": "0.34210", "2005-12-31": "0.34240", "2005-09-30": "0.35820", "2005-06-30": "0.36980", "2005-03-31": "0.28580"}, "Gross Margin": {"2020-09-30": "15.81530", "2020-06-30": "15.41070", "2020-03-31": "15.67410", "2019-12-31": "16.54160", "2019-09-30": "16.00910", "2019-06-30": "16.19920", "2019-03-31": "15.95280", "2018-12-31": "16.32240", "2018-09-30": "16.43570", "2018-06-30": "16.31110", "2018-03-31": "16.03290", "2017-12-31": "16.57650", "2017-09-30": "16.48000", "2017-06-30": "16.65190", "2017-03-31": "16.56020", "2016-12-31": "16.96900", "2016-09-30": "16.86840", "2016-06-30": "17.13830", "2016-03-31": "16.86680", "2015-12-31": "17.18040", "2015-09-30": "17.13630", "2015-06-30": "17.08600", "2015-03-31": "16.77600", "2014-12-31": "16.96510", "2014-09-30": "16.72080", "2014-06-30": "16.86120", "2014-03-31": "16.64970", "2013-12-31": "16.88090", "2013-09-30": "16.45080", "2013-06-30": "16.59290", "2013-03-31": "16.56780", "2012-12-31": "16.85120", "2012-09-30": "16.55360", "2012-06-30": "16.54980", "2012-03-31": "16.62740", "2011-12-31": "17.05330", "2011-09-30": "16.45190", "2011-06-30": "16.97810", "2011-03-31": "16.90720", "2010-12-31": "17.38520", "2010-09-30": "16.91880", "2010-06-30": "17.38050", "2010-03-31": "17.11270", "2009-12-31": "17.13500", "2009-09-30": "16.80590", "2009-06-30": "18.24960", "2009-03-31": "18.27340", "2008-12-31": "20.49290", "2008-09-30": "18.12860", "2008-06-30": "19.53630", "2008-03-31": "17.96500", "2007-12-31": "18.43010", "2007-09-30": "18.40090", "2007-06-30": "20.34210", "2007-03-31": "17.63820", "2006-12-31": "18.37940", "2006-09-30": "17.52070", "2006-06-30": "17.85340", "2006-03-31": "17.87890", "2005-12-31": "16.82020", "2005-09-30": "18.25420", "2005-06-30": "18.23520", "2005-03-31": "18.14460"}, "Operating Margin": {"2020-09-30": "1.34360", "2020-06-30": "-1.33610", "2020-03-31": "0.81620", "2019-12-31": "3.68710", "2019-09-30": "4.13420", "2019-06-30": "2.43430", "2019-03-31": "2.09120", "2018-12-31": "4.04030", "2018-09-30": "3.99910", "2018-06-30": "3.68220", "2018-03-31": "2.78500", "2017-12-31": "4.21110", "2017-09-30": "4.18500", "2017-06-30": "3.77210", "2017-03-31": "2.68860", "2016-12-31": "4.17060", "2016-09-30": "4.14880", "2016-06-30": "3.90280", "2016-03-31": "2.87070", "2015-12-31": "3.65570", "2015-09-30": "4.14880", "2015-06-30": "3.67600", "2015-03-31": "2.70350", "2014-12-31": "3.77460", "2014-09-30": "3.91990", "2014-06-30": "3.52140", "2014-03-31": "2.58770", "2013-12-31": "3.17970", "2013-09-30": "3.12980", "2013-06-30": "2.54130", "2013-03-31": "1.14070", "2012-12-31": "2.01630", "2012-09-30": "2.29300", "2012-06-30": "1.81310", "2012-03-31": "1.84050", "2011-12-31": "2.36690", "2011-09-30": "2.73250", "2011-06-30": "2.66090", "2011-03-31": "1.68760", "2010-12-31": "-6.57630", "2010-09-30": "2.19030", "2010-06-30": "1.72500", "2010-03-31": "0.79520", "2009-12-31": "0.96990", "2009-09-30": "-0.51320", "2009-06-30": "0.50090", "2009-03-31": "0.03840", "2008-12-31": "2.91010", "2008-09-30": "0.37050", "2008-06-30": "3.51060", "2008-03-31": "2.45050", "2007-12-31": "3.71840", "2007-09-30": "4.19040", "2007-06-30": "5.50210", "2007-03-31": "2.27750", "2006-12-31": "3.60450", "2006-09-30": "3.57080", "2006-06-30": "3.14970", "2006-03-31": "1.55520", "2005-12-31": "3.20460", "2005-09-30": "3.18470", "2005-06-30": "2.70620", "2005-03-31": "1.66280"}, "EBIT Margin": {"2020-09-30": "1.34360", "2020-06-30": "-1.33610", "2020-03-31": "0.81620", "2019-12-31": "3.68700", "2019-09-30": "4.13420", "2019-06-30": "2.43430", "2019-03-31": "2.09120", "2018-12-31": "4.04030", "2018-09-30": "3.99910", "2018-06-30": "3.68220", "2018-03-31": "2.78500", "2017-12-31": "4.21110", "2017-09-30": "4.18500", "2017-06-30": "3.77210", "2017-03-31": "2.68860", "2016-12-31": "4.17060", "2016-09-30": "4.14880", "2016-06-30": "3.90280", "2016-03-31": "2.87070", "2015-12-31": "3.65570", "2015-09-30": "4.14880", "2015-06-30": "3.67600", "2015-03-31": "2.70350", "2014-12-31": "3.77460", "2014-09-30": "3.91990", "2014-06-30": "3.52140", "2014-03-31": "2.58770", "2013-12-31": "3.17970", "2013-09-30": "3.12980", "2013-06-30": "2.54130", "2013-03-31": "1.14070", "2012-12-31": "2.01630", "2012-09-30": "2.29300", "2012-06-30": "1.81310", "2012-03-31": "1.84050", "2011-12-31": "2.36690", "2011-09-30": "2.73250", "2011-06-30": "2.66090", "2011-03-31": "1.68760", "2010-12-31": "-6.57630", "2010-09-30": "2.19030", "2010-06-30": "1.72500", "2010-03-31": "0.79520", "2009-12-31": "0.97000", "2009-09-30": "-0.51320", "2009-06-30": "0.50090", "2009-03-31": "0.03840", "2008-12-31": "2.91010", "2008-09-30": "0.37050", "2008-06-30": "3.51060", "2008-03-31": "2.45050", "2007-12-31": "3.71840", "2007-09-30": "4.19040", "2007-06-30": "5.50210", "2007-03-31": "2.27750", "2006-12-31": "3.60460", "2006-09-30": "3.57080", "2006-06-30": "3.14970", "2006-03-31": "1.55520", "2005-12-31": "3.20460", "2005-09-30": "3.18470", "2005-06-30": "2.70620", "2005-03-31": "1.66280"}, "EBITDA Margin": {"2020-09-30": "", "2020-06-30": "", "2020-03-31": "", "2019-12-31": "", "2019-09-30": "", "2019-06-30": "", "2019-03-31": "", "2018-12-31": "", "2018-09-30": "", "2018-06-30": "", "2018-03-31": "", "2017-12-31": "", "2017-09-30": "", "2017-06-30": "", "2017-03-31": "", "2016-12-31": "", "2016-09-30": "", "2016-06-30": "", "2016-03-31": "", "2015-12-31": "", "2015-09-30": "", "2015-06-30": "", "2015-03-31": "", "2014-12-31": "", "2014-09-30": "", "2014-06-30": "", "2014-03-31": "", "2013-12-31": "", "2013-09-30": "", "2013-06-30": "", "2013-03-31": "", "2012-12-31": "", "2012-09-30": "", "2012-06-30": "", "2012-03-31": "", "2011-12-31": "", "2011-09-30": "", "2011-06-30": "", "2011-03-31": "", "2010-12-31": "", "2010-09-30": "", "2010-06-30": "", "2010-03-31": "", "2009-12-31": "", "2009-09-30": "", "2009-06-30": "", "2009-03-31": "", "2008-12-31": "", "2008-09-30": "", "2008-06-30": "", "2008-03-31": "", "2007-12-31": "", "2007-09-30": "", "2007-06-30": "", "2007-03-31": "", "2006-12-31": "", "2006-09-30": "", "2006-06-30": "", "2006-03-31": "", "2005-12-31": "", "2005-09-30": "", "2005-06-30": "", "2005-03-31": ""}, "Pre-Tax Profit Margin": {"2020-09-30": "1.21270", "2020-06-30": "-1.49110", "2020-03-31": "0.37240", "2019-12-31": "3.58120", "2019-09-30": "3.90180", "2019-06-30": "3.74090", "2019-03-31": "1.85530", "2018-12-31": "3.97350", "2018-09-30": "3.78140", "2018-06-30": "3.49660", "2018-03-31": "2.49350", "2017-12-31": "3.97340", "2017-09-30": "3.97090", "2017-06-30": "3.55960", "2017-03-31": "2.35640", "2016-12-31": "3.97290", "2016-09-30": "3.92480", "2016-06-30": "3.69770", "2016-03-31": "2.59390", "2015-12-31": "3.63550", "2015-09-30": "3.95980", "2015-06-30": "3.52790", "2015-03-31": "2.47020", "2014-12-31": "3.55390", "2014-09-30": "3.73710", "2014-06-30": "3.37300", "2014-03-31": "2.40010", "2013-12-31": "3.00450", "2013-09-30": "3.02570", "2013-06-30": "2.33700", "2013-03-31": "0.89960", "2012-12-31": "1.82220", "2012-09-30": "2.09770", "2012-06-30": "1.59600", "2012-03-31": "1.60900", "2011-12-31": "2.17720", "2011-09-30": "2.54220", "2011-06-30": "2.45270", "2011-03-31": "1.46870", "2010-12-31": "-6.76830", "2010-09-30": "2.02130", "2010-06-30": "1.46550", "2010-03-31": "0.48060", "2009-12-31": "0.68440", "2009-09-30": "-1.21250", "2009-06-30": "0.21620", "2009-03-31": "-0.28820", "2008-12-31": "2.64140", "2008-09-30": "0.13410", "2008-06-30": "3.27520", "2008-03-31": "2.24070", "2007-12-31": "3.57960", "2007-09-30": "4.01860", "2007-06-30": "5.34920", "2007-03-31": "2.06590", "2006-12-31": "3.30520", "2006-09-30": "3.33990", "2006-06-30": "2.86460", "2006-03-31": "1.22000", "2005-12-31": "3.02710", "2005-09-30": "2.89760", "2005-06-30": "2.42740", "2005-03-31": "1.35150"}, "Net Profit Margin": {"2020-09-30": "0.22470", "2020-06-30": "-1.72090", "2020-03-31": "0.03680", "2019-12-31": "2.67100", "2019-09-30": "2.78340", "2019-06-30": "2.36920", "2019-03-31": "1.06050", "2018-12-31": "2.93520", "2018-09-30": "2.91580", "2018-06-30": "2.53500", "2018-03-31": "1.75650", "2017-12-31": "3.83680", "2017-09-30": "2.51980", "2017-06-30": "2.26100", "2017-03-31": "1.56390", "2016-12-31": "2.57060", "2016-09-30": "2.53920", "2016-06-30": "2.29780", "2016-03-31": "1.56290", "2015-12-31": "2.50110", "2015-09-30": "2.49170", "2015-06-30": "2.17430", "2015-03-31": "1.44640", "2014-12-31": "2.28860", "2014-09-30": "2.40950", "2014-06-30": "2.06330", "2014-03-31": "1.42940", "2013-12-31": "1.92680", "2013-09-30": "1.82510", "2013-06-30": "1.35300", "2013-03-31": "0.50120", "2012-12-31": "1.02450", "2012-09-30": "1.22000", "2012-06-30": "0.78740", "2012-03-31": "0.78880", "2011-12-31": "1.15970", "2011-09-30": "1.37660", "2011-06-30": "1.28280", "2011-03-31": "0.70380", "2010-12-31": "-6.72600", "2010-09-30": "1.03180", "2010-06-30": "0.71310", "2010-03-31": "0.06830", "2009-12-31": "0.65950", "2009-09-30": "-1.26030", "2009-06-30": "0.42970", "2009-03-31": "-0.04940", "2008-12-31": "1.43760", "2008-09-30": "-0.76210", "2008-06-30": "1.81880", "2008-03-31": "1.40160", "2007-12-31": "2.17230", "2007-09-30": "2.48710", "2007-06-30": "3.18610", "2007-03-31": "1.31180", "2006-12-31": "3.48990", "2006-09-30": "2.19170", "2006-06-30": "1.83370", "2006-03-31": "1.35660", "2005-12-31": "2.29150", "2005-09-30": "1.84090", "2005-06-30": "1.54180", "2005-03-31": "0.85670"}, "Asset Turnover": {"2020-09-30": "0.51230", "2020-06-30": "0.44240", "2020-03-31": "0.53230", "2019-12-31": "0.56340", "2019-09-30": "0.59970", "2019-06-30": "0.59380", "2019-03-31": "0.57210", "2018-12-31": "0.63300", "2018-09-30": "0.62100", "2018-06-30": "0.64190", "2018-03-31": "0.62080", "2017-12-31": "0.63460", "2017-09-30": "0.63680", "2017-06-30": "0.63580", "2017-03-31": "0.61950", "2016-12-31": "0.65430", "2016-09-30": "0.65910", "2016-06-30": "0.66910", "2016-03-31": "0.60780", "2015-12-31": "0.65900", "2015-09-30": "0.66800", "2015-06-30": "0.68730", "2015-03-31": "0.66260", "2014-12-31": "0.71310", "2014-09-30": "0.73380", "2014-06-30": "0.70640", "2014-03-31": "0.67360", "2013-12-31": "0.72060", "2013-09-30": "0.73020", "2013-06-30": "0.75540", "2013-03-31": "0.70100", "2012-12-31": "0.74190", "2012-09-30": "0.73840", "2012-06-30": "0.75380", "2012-03-31": "0.73080", "2011-12-31": "0.79480", "2011-09-30": "0.81720", "2011-06-30": "0.77880", "2011-03-31": "0.72280", "2010-12-31": "0.77410", "2010-09-30": "0.70870", "2010-06-30": "0.71340", "2010-03-31": "0.67040", "2009-12-31": "0.71010", "2009-09-30": "0.64360", "2009-06-30": "0.60770", "2009-03-31": "0.60500", "2008-12-31": "0.69120", "2008-09-30": "0.79680", "2008-06-30": "0.74860", "2008-03-31": "0.70340", "2007-12-31": "0.77800", "2007-09-30": "0.72590", "2007-06-30": "0.71960", "2007-03-31": "0.69140", "2006-12-31": "0.72320", "2006-09-30": "0.73560", "2006-06-30": "0.68510", "2006-03-31": "0.68220", "2005-12-31": "0.69830", "2005-09-30": "0.73830", "2005-06-30": "0.74740", "2005-03-31": "0.69380"}, "Inventory Turnover Ratio": {"2020-09-30": "", "2020-06-30": "", "2020-03-31": "", "2019-12-31": "", "2019-09-30": "", "2019-06-30": "", "2019-03-31": "", "2018-12-31": "", "2018-09-30": "", "2018-06-30": "", "2018-03-31": "", "2017-12-31": "", "2017-09-30": "", "2017-06-30": "", "2017-03-31": "", "2016-12-31": "", "2016-09-30": "", "2016-06-30": "", "2016-03-31": "", "2015-12-31": "", "2015-09-30": "", "2015-06-30": "", "2015-03-31": "", "2014-12-31": "", "2014-09-30": "", "2014-06-30": "", "2014-03-31": "", "2013-12-31": "", "2013-09-30": "", "2013-06-30": "", "2013-03-31": "", "2012-12-31": "", "2012-09-30": "", "2012-06-30": "", "2012-03-31": "", "2011-12-31": "", "2011-09-30": "", "2011-06-30": "", "2011-03-31": "", "2010-12-31": "", "2010-09-30": "", "2010-06-30": "", "2010-03-31": "", "2009-12-31": "", "2009-09-30": "", "2009-06-30": "", "2009-03-31": "", "2008-12-31": "", "2008-09-30": "", "2008-06-30": "", "2008-03-31": "", "2007-12-31": "", "2007-09-30": "", "2007-06-30": "", "2007-03-31": "", "2006-12-31": "", "2006-09-30": "", "2006-06-30": "", "2006-03-31": "", "2005-12-31": "", "2005-09-30": "", "2005-06-30": "", "2005-03-31": ""}, "Receiveable Turnover": {"2020-09-30": "1.01080", "2020-06-30": "0.88580", "2020-03-31": "0.97270", "2019-12-31": "0.98550", "2019-09-30": "1.02480", "2019-06-30": "0.99220", "2019-03-31": "0.97270", "2018-12-31": "1.02220", "2018-09-30": "1.01640", "2018-06-30": "1.05460", "2018-03-31": "1.02110", "2017-12-31": "1.04970", "2017-09-30": "1.05480", "2017-06-30": "1.05020", "2017-03-31": "1.07370", "2016-12-31": "1.12300", "2016-09-30": "1.11050", "2016-06-30": "1.12550", "2016-03-31": "1.06490", "2015-12-31": "1.16750", "2015-09-30": "1.16210", "2015-06-30": "1.15360", "2015-03-31": "1.16380", "2014-12-31": "1.23860", "2014-09-30": "1.23610", "2014-06-30": "1.18230", "2014-03-31": "1.15550", "2013-12-31": "1.22770", "2013-09-30": "1.20840", "2013-06-30": "1.20820", "2013-03-31": "1.17980", "2012-12-31": "1.24490", "2012-09-30": "1.17690", "2012-06-30": "1.22050", "2012-03-31": "1.20410", "2011-12-31": "1.31160", "2011-09-30": "1.33170", "2011-06-30": "1.26030", "2011-03-31": "1.20740", "2010-12-31": "1.35520", "2010-09-30": "1.27790", "2010-06-30": "1.34250", "2010-03-31": "1.33280", "2009-12-31": "1.43700", "2009-09-30": "1.32630", "2009-06-30": "1.28820", "2009-03-31": "1.23940", "2008-12-31": "1.26100", "2008-09-30": "1.32120", "2008-06-30": "1.21560", "2008-03-31": "1.14010", "2007-12-31": "1.25500", "2007-09-30": "1.16710", "2007-06-30": "1.19440", "2007-03-31": "1.20140", "2006-12-31": "1.22760", "2006-09-30": "1.21680", "2006-06-30": "1.21430", "2006-03-31": "1.22610", "2005-12-31": "1.21200", "2005-09-30": "1.28940", "2005-06-30": "1.31410", "2005-03-31": "1.25190"}, "Days Sales In Receivables": {"2020-09-30": "89.03620", "2020-06-30": "101.60170", "2020-03-31": "92.52130", "2019-12-31": "91.32490", "2019-09-30": "87.82580", "2019-06-30": "90.71190", "2019-03-31": "92.52250", "2018-12-31": "88.04590", "2018-09-30": "88.54840", "2018-06-30": "85.33840", "2018-03-31": "88.14050", "2017-12-31": "85.73750", "2017-09-30": "85.32610", "2017-06-30": "85.69720", "2017-03-31": "83.82120", "2016-12-31": "80.13940", "2016-09-30": "81.04460", "2016-06-30": "79.96790", "2016-03-31": "84.51880", "2015-12-31": "77.08470", "2015-09-30": "77.44620", "2015-06-30": "78.01990", "2015-03-31": "77.33480", "2014-12-31": "72.66110", "2014-09-30": "72.80760", "2014-06-30": "76.12040", "2014-03-31": "77.88930", "2013-12-31": "73.30610", "2013-09-30": "74.48140", "2013-06-30": "74.48970", "2013-03-31": "76.28180", "2012-12-31": "72.29270", "2012-09-30": "76.47470", "2012-06-30": "73.74310", "2012-03-31": "74.74750", "2011-12-31": "68.62090", "2011-09-30": "67.58210", "2011-06-30": "71.41180", "2011-03-31": "74.53870", "2010-12-31": "66.40990", "2010-09-30": "70.43060", "2010-06-30": "67.03880", "2010-03-31": "67.52690", "2009-12-31": "62.63250", "2009-09-30": "67.85660", "2009-06-30": "69.86710", "2009-03-31": "72.61760", "2008-12-31": "71.36960", "2008-09-30": "68.11760", "2008-06-30": "74.03750", "2008-03-31": "78.93920", "2007-12-31": "71.71560", "2007-09-30": "77.11540", "2007-06-30": "75.34980", "2007-03-31": "74.91140", "2006-12-31": "73.31140", "2006-09-30": "73.96280", "2006-06-30": "74.11670", "2006-03-31": "73.40300", "2005-12-31": "74.26010", "2005-09-30": "69.79730", "2005-06-30": "68.48630", "2005-03-31": "71.89080"}, "ROE - Return On Equity": {"2020-09-30": "0.39530", "2020-06-30": "-2.53260", "2020-03-31": "0.06440", "2019-12-31": "5.02630", "2019-09-30": "5.37900", "2019-06-30": "4.72440", "2019-03-31": "2.01890", "2018-12-31": "5.86620", "2018-09-30": "5.62240", "2018-06-30": "5.03600", "2018-03-31": "3.30040", "2017-12-31": "7.56930", "2017-09-30": "5.05750", "2017-06-30": "4.50100", "2017-03-31": "2.93830", "2016-12-31": "5.20770", "2016-09-30": "5.22480", "2016-06-30": "4.58880", "2016-03-31": "2.68070", "2015-12-31": "4.60170", "2015-09-30": "4.61420", "2015-06-30": "3.69840", "2015-03-31": "2.29690", "2014-12-31": "3.98230", "2014-09-30": "4.29290", "2014-06-30": "3.56220", "2014-03-31": "2.35570", "2013-12-31": "3.47270", "2013-09-30": "3.39010", "2013-06-30": "2.69300", "2013-03-31": "0.95560", "2012-12-31": "2.13130", "2012-09-30": "2.45680", "2012-06-30": "1.63290", "2012-03-31": "1.56510", "2011-12-31": "2.56100", "2011-09-30": "3.15120", "2011-06-30": "2.84460", "2011-03-31": "1.42950", "2010-12-31": "-14.61710", "2010-09-30": "1.85490", "2010-06-30": "1.24410", "2010-03-31": "0.11260", "2009-12-31": "1.14730", "2009-09-30": "-2.05750", "2009-06-30": "0.64080", "2009-03-31": "-0.07480", "2008-12-31": "2.67540", "2008-09-30": "-1.68090", "2008-06-30": "3.69820", "2008-03-31": "2.67670", "2007-12-31": "4.57420", "2007-09-30": "5.04170", "2007-06-30": "6.01740", "2007-03-31": "2.37970", "2006-12-31": "4.02550", "2006-09-30": "4.32900", "2006-06-30": "3.50830", "2006-03-31": "1.33770", "2005-12-31": "3.91780", "2005-09-30": "3.61750", "2005-06-30": "3.06460", "2005-03-31": "1.46700"}, "Return On Tangible Equity": {"2020-09-30": "0.89150", "2020-06-30": "-5.80440", "2020-03-31": "0.14840", "2019-12-31": "11.25890", "2019-09-30": "12.06040", "2019-06-30": "11.01400", "2019-03-31": "4.78490", "2018-12-31": "13.70440", "2018-09-30": "12.75630", "2018-06-30": "11.37190", "2018-03-31": "7.44610", "2017-12-31": "17.57680", "2017-09-30": "12.37640", "2017-06-30": "11.50220", "2017-03-31": "7.52660", "2016-12-31": "13.96780", "2016-09-30": "14.68850", "2016-06-30": "12.44610", "2016-03-31": "6.65490", "2015-12-31": "11.17630", "2015-09-30": "11.16120", "2015-06-30": "7.04950", "2015-03-31": "4.30260", "2014-12-31": "7.41300", "2014-09-30": "7.90860", "2014-06-30": "6.66140", "2014-03-31": "4.48100", "2013-12-31": "6.68340", "2013-09-30": "6.67140", "2013-06-30": "5.81810", "2013-03-31": "2.08130", "2012-12-31": "4.72140", "2012-09-30": "5.24910", "2012-06-30": "3.56270", "2012-03-31": "3.28000", "2011-12-31": "5.56040", "2011-09-30": "6.80570", "2011-06-30": "6.03220", "2011-03-31": "3.07330", "2010-12-31": "-32.84280", "2010-09-30": "5.09130", "2010-06-30": "3.64910", "2010-03-31": "0.24310", "2009-12-31": "2.46820", "2009-09-30": "-4.38680", "2009-06-30": "1.45070", "2009-03-31": "-0.17480", "2008-12-31": "6.14210", "2008-09-30": "-3.72640", "2008-06-30": "8.25010", "2008-03-31": "5.36450", "2007-12-31": "9.70130", "2007-09-30": "10.88430", "2007-06-30": "11.94790", "2007-03-31": "4.98070", "2006-12-31": "8.43640", "2006-09-30": "10.09580", "2006-06-30": "8.05830", "2006-03-31": "3.13700", "2005-12-31": "9.44840", "2005-09-30": "9.04670", "2005-06-30": "8.10430", "2005-03-31": "3.54270"}, "ROA - Return On Assets": {"2020-09-30": "0.11510", "2020-06-30": "-0.76130", "2020-03-31": "0.01960", "2019-12-31": "1.50480", "2019-09-30": "1.66910", "2019-06-30": "1.40690", "2019-03-31": "0.60670", "2018-12-31": "1.85800", "2018-09-30": "1.81080", "2018-06-30": "1.62720", "2018-03-31": "1.09040", "2017-12-31": "2.43480", "2017-09-30": "1.60460", "2017-06-30": "1.43740", "2017-03-31": "0.96890", "2016-12-31": "1.68200", "2016-09-30": "1.67350", "2016-06-30": "1.53740", "2016-03-31": "0.94990", "2015-12-31": "1.64820", "2015-09-30": "1.66430", "2015-06-30": "1.49450", "2015-03-31": "0.95840", "2014-12-31": "1.63200", "2014-09-30": "1.76810", "2014-06-30": "1.45740", "2014-03-31": "0.96290", "2013-12-31": "1.38850", "2013-09-30": "1.33270", "2013-06-30": "1.02200", "2013-03-31": "0.35130", "2012-12-31": "0.76010", "2012-09-30": "0.90080", "2012-06-30": "0.59360", "2012-03-31": "0.57650", "2011-12-31": "0.92180", "2011-09-30": "1.12500", "2011-06-30": "0.99910", "2011-03-31": "0.50870", "2010-12-31": "-5.20680", "2010-09-30": "0.73120", "2010-06-30": "0.50870", "2010-03-31": "0.04580", "2009-12-31": "0.46830", "2009-09-30": "-0.81110", "2009-06-30": "0.26110", "2009-03-31": "-0.02990", "2008-12-31": "0.99360", "2008-09-30": "-0.60720", "2008-06-30": "1.36160", "2008-03-31": "0.98590", "2007-12-31": "1.69010", "2007-09-30": "1.80530", "2007-06-30": "2.29260", "2007-03-31": "0.90710", "2006-12-31": "1.52900", "2006-09-30": "1.55460", "2006-06-30": "1.24370", "2006-03-31": "0.51910", "2005-12-31": "1.51030", "2005-09-30": "1.35920", "2005-06-30": "1.15230", "2005-03-31": "0.59430"}, "ROI - Return On Investment": {"2020-09-30": "0.28110", "2020-06-30": "-1.81050", "2020-03-31": "0.04680", "2019-12-31": "3.67790", "2019-09-30": "3.94940", "2019-06-30": "3.42180", "2019-03-31": "1.46450", "2018-12-31": "4.25100", "2018-09-30": "4.10630", "2018-06-30": "3.68380", "2018-03-31": "2.82790", "2017-12-31": "6.48440", "2017-09-30": "4.31220", "2017-06-30": "3.83080", "2017-03-31": "2.23550", "2016-12-31": "3.94180", "2016-09-30": "3.90040", "2016-06-30": "3.45030", "2016-03-31": "2.03420", "2015-12-31": "3.53660", "2015-09-30": "3.51390", "2015-06-30": "3.25360", "2015-03-31": "2.03000", "2014-12-31": "3.48230", "2014-09-30": "3.74600", "2014-06-30": "3.08100", "2014-03-31": "2.02600", "2013-12-31": "2.97990", "2013-09-30": "2.89640", "2013-06-30": "2.28250", "2013-03-31": "0.81020", "2012-12-31": "1.79890", "2012-09-30": "2.08950", "2012-06-30": "1.38640", "2012-03-31": "1.41740", "2011-12-31": "2.31320", "2011-09-30": "2.84880", "2011-06-30": "2.55420", "2011-03-31": "1.11370", "2010-12-31": "-11.42670", "2010-09-30": "1.48810", "2010-06-30": "1.00920", "2010-03-31": "0.08850", "2009-12-31": "0.89480", "2009-09-30": "-1.60110", "2009-06-30": "0.48150", "2009-03-31": "-0.05620", "2008-12-31": "1.99590", "2008-09-30": "-1.26500", "2008-06-30": "2.79060", "2008-03-31": "2.00450", "2007-12-31": "3.44520", "2007-09-30": "3.79810", "2007-06-30": "4.61250", "2007-03-31": "1.80260", "2006-12-31": "3.05020", "2006-09-30": "3.23270", "2006-06-30": "2.62260", "2006-03-31": "1.09620", "2005-12-31": "3.20800", "2005-09-30": "2.94540", "2005-06-30": "2.25920", "2005-03-31": "1.23530"}, "Book Value Per Share": {"2020-09-30": "44.85570", "2020-06-30": "42.97590", "2020-03-31": "45.46860", "2019-12-31": "47.06510", "2019-09-30": "45.85060", "2019-06-30": "45.03370", "2019-03-31": "44.36090", "2018-12-31": "44.41900", "2018-09-30": "44.38790", "2018-06-30": "43.57640", "2018-03-31": "44.55260", "2017-12-31": "43.24650", "2017-09-30": "41.09610", "2017-06-30": "38.97090", "2017-03-31": "37.66550", "2016-12-31": "36.53030", "2016-09-30": "36.90030", "2016-06-30": "36.22220", "2016-03-31": "37.32070", "2015-12-31": "36.86440", "2015-09-30": "36.48420", "2015-06-30": "37.16080", "2015-03-31": "36.62200", "2014-12-31": "37.67570", "2014-09-30": "38.41940", "2014-06-30": "38.65900", "2014-03-31": "37.44370", "2013-12-31": "36.72310", "2013-09-30": "35.53720", "2013-06-30": "32.78570", "2013-03-31": "32.45480", "2012-12-31": "32.62750", "2012-09-30": "32.49700", "2012-06-30": "31.65570", "2012-03-31": "32.03980", "2011-12-31": "31.07980", "2011-09-30": "31.06130", "2011-06-30": "31.19750", "2011-03-31": "30.45860", "2010-12-31": "29.32000", "2010-09-30": "33.94830", "2010-06-30": "31.96560", "2010-03-31": "31.55340", "2009-12-31": "32.28040", "2009-09-30": "32.70800", "2009-06-30": "32.46210", "2009-03-31": "30.72590", "2008-12-31": "31.54530", "2008-09-30": "32.96520", "2008-06-30": "36.57930", "2008-03-31": "35.55350", "2007-12-31": "33.41930", "2007-09-30": "32.23190", "2007-06-30": "31.45990", "2007-03-31": "29.54360", "2006-12-31": "29.08430", "2006-09-30": "26.52250", "2006-06-30": "26.19010", "2006-03-31": "25.18930", "2005-12-31": "24.56850", "2005-09-30": "24.15430", "2005-06-30": "23.43490", "2005-03-31": "24.17850"}, "Operating Cash Flow Per Share": {"2020-09-30": 1.9919, "2020-06-30": 7.1745, "2020-03-31": "3.06780", "2019-12-31": 5.2902, "2019-09-30": 3.6279, "2019-06-30": 2.9172, "2019-03-31": "1.67050", "2018-12-31": 2.7747, "2018-09-30": 1.9896, "2018-06-30": 3.5295, "2018-03-31": "-0.87290", "2017-12-31": 1.6513, "2017-09-30": 2.0765, "2017-06-30": -0.6159, "2017-03-31": "2.79240", "2016-12-31": 2.6413, "2016-09-30": 2.2081, "2016-06-30": 1.3857, "2016-03-31": "2.23950", "2015-12-31": 2.9103, "2015-09-30": 3.1834, "2015-06-30": 0.2091, "2015-03-31": "0.28020", "2014-12-31": 2.5008, "2014-09-30": 1.4901, "2014-06-30": -0.0057, "2014-03-31": "-0.19090", "2013-12-31": 3.5874, "2013-09-30": 2.3072, "2013-06-30": -0.1142, "2013-03-31": "-0.79670", "2012-12-31": 4.3223, "2012-09-30": 0.31, "2012-06-30": -0.2366, "2012-03-31": "-0.25590", "2011-12-31": 1.7265, "2011-09-30": 1.4153, "2011-06-30": -0.3958, "2011-03-31": "-1.91030", "2010-12-31": 2.9301, "2010-09-30": 0.1144, "2010-06-30": -0.2582, "2010-03-31": "-0.53820", "2009-12-31": 0.0374, "2009-09-30": 0.4403, "2009-06-30": 1.615, "2009-03-31": "3.19850", "2008-12-31": 4.2223, "2008-09-30": 2.4049, "2008-06-30": 1.9925, "2008-03-31": "1.31760", "2007-12-31": 1.551, "2007-09-30": 1.9185, "2007-06-30": 0.4508, "2007-03-31": "1.18840", "2006-12-31": 1.4868, "2006-09-30": 1.0791, "2006-06-30": 0.6888, "2006-03-31": "0.83990", "2005-12-31": 0.9665, "2005-09-30": 0.8757, "2005-06-30": 0.2178, "2005-03-31": "0.89060"}, "Free Cash Flow Per Share": {"2020-09-30": 1.7953, "2020-06-30": 7.0039, "2020-03-31": "2.91360", "2019-12-31": 5.0132, "2019-09-30": 3.4249, "2019-06-30": 2.6838, "2019-03-31": "1.50660", "2018-12-31": 2.3932, "2018-09-30": 1.7827, "2018-06-30": 3.2257, "2018-03-31": "-0.97460", "2017-12-31": 1.2644, "2017-09-30": 2.0328, "2017-06-30": -0.833, "2017-03-31": "2.63450", "2016-12-31": 2.455, "2016-09-30": 2.0167, "2016-06-30": 1.1856, "2016-03-31": "2.01360", "2015-12-31": 2.8588, "2015-09-30": 3.0045, "2015-06-30": 0.0763, "2015-03-31": "0.15950", "2014-12-31": 2.2771, "2014-09-30": 1.351, "2014-06-30": -0.1528, "2014-03-31": "-0.29310", "2013-12-31": 3.4133, "2013-09-30": 2.2175, "2013-06-30": -0.256, "2013-03-31": "-0.95270", "2012-12-31": 4.0471, "2012-09-30": 0.1417, "2012-06-30": -0.4036, "2012-03-31": "-0.49810", "2011-12-31": 1.5007, "2011-09-30": 1.2082, "2011-06-30": -0.5727, "2011-03-31": "-2.03110", "2010-12-31": 2.7363, "2010-09-30": -0.0432, "2010-06-30": -0.4747, "2010-03-31": "-0.63200", "2009-12-31": -0.0626, "2009-09-30": 0.3259, "2009-06-30": 1.5283, "2009-03-31": "3.09730", "2008-12-31": 3.9742, "2008-09-30": 2.1442, "2008-06-30": 1.6812, "2008-03-31": "1.04360", "2007-12-31": 1.3592, "2007-09-30": 1.607, "2007-06-30": 0.1996, "2007-03-31": "1.01270", "2006-12-31": 1.1391, "2006-09-30": 0.9324, "2006-06-30": 0.4781, "2006-03-31": "0.69330", "2005-12-31": 0.7501, "2005-09-30": 0.6617, "2005-06-30": 0.0338, "2005-03-31": "0.70590"}}, "revenue": {"ManpowerGroup Annual Revenue (Millions of US $)": {"2020": "$18,001", "2019": "$20,864", "2018": "$21,991", "2017": "$21,034", "2016": "$19,654", "2015": "$19,330", "2014": "$20,763", "2013": "$20,251", "2012": "$20,678", "2011": "$22,006", "2010": "$18,867", "2009": "$16,039", "2008": "$21,537", "2007": "$20,486", "2006": "$17,563", "2005": "$15,845"}, "ManpowerGroup Quarterly Revenue (Millions of US $)": {"2020-12-31": "$5,055", "2020-09-30": "$4,585", "2020-06-30": "$3,742", "2020-03-31": "$4,619", "2019-12-31": "$5,197", "2019-09-30": "$5,249", "2019-06-30": "$5,373", "2019-03-31": "$5,045", "2018-12-31": "$5,393", "2018-09-30": "$5,419", "2018-06-30": "$5,657", "2018-03-31": "$5,522", "2017-12-31": "$5,638", "2017-09-30": "$5,465", "2017-06-30": "$5,175", "2017-03-31": "$4,757", "2016-12-31": "$4,956", "2016-09-30": "$5,088", "2016-06-30": "$5,022", "2016-03-31": "$4,588", "2015-12-31": "$4,954", "2015-09-30": "$4,973", "2015-06-30": "$4,861", "2015-03-31": "$4,542", "2014-12-31": "$5,121", "2014-09-30": "$5,416", "2014-06-30": "$5,322", "2014-03-31": "$4,904", "2013-12-31": "$5,252", "2013-09-30": "$5,189", "2013-06-30": "$5,041", "2013-03-31": "$4,769", "2012-12-31": "$5,203", "2012-09-30": "$5,172", "2012-06-30": "$5,207", "2012-03-31": "$5,096", "2011-12-31": "$5,484", "2011-09-30": "$5,782", "2011-06-30": "$5,667", "2011-03-31": "$5,072", "2010-12-31": "$5,210", "2010-09-30": "$4,972", "2010-06-30": "$4,586", "2010-03-31": "$4,099", "2009-12-31": "$4,413", "2009-09-30": "$4,190", "2009-06-30": "$3,794", "2009-03-31": "$3,643", "2008-12-31": "$4,577", "2008-09-30": "$5,668", "2008-06-30": "$5,905", "2008-03-31": "$5,387", "2007-12-31": "$5,621", "2007-09-30": "$5,295", "2007-06-30": "$5,034", "2007-03-31": "$4,536", "2006-12-31": "$4,711", "2006-09-30": "$4,590", "2006-06-30": "$4,385", "2006-03-31": "$3,877", "2005-12-31": "$3,888", "2005-09-30": "$4,145", "2005-06-30": "$4,054", "2005-03-31": "$3,759"}}, "gross-profit": {"ManpowerGroup Annual Gross Profit (Millions of US $)": {"2020": "$2,825", "2019": "$3,375", "2018": "$3,579", "2017": "$3,485", "2016": "$3,334", "2015": "$3,296", "2014": "$3,488", "2013": "$3,367", "2012": "$3,442", "2011": "$3,706", "2010": "$3,245", "2009": "$2,818", "2008": "$4,087", "2007": "$3,834", "2006": "$3,146", "2005": "$2,832"}, "ManpowerGroup Quarterly Gross Profit (Millions of US $)": {"2020-12-31": "$799", "2020-09-30": "$725", "2020-06-30": "$577", "2020-03-31": "$724", "2019-12-31": "$860", "2019-09-30": "$840", "2019-06-30": "$870", "2019-03-31": "$805", "2018-12-31": "$880", "2018-09-30": "$891", "2018-06-30": "$923", "2018-03-31": "$885", "2017-12-31": "$935", "2017-09-30": "$901", "2017-06-30": "$862", "2017-03-31": "$788", "2016-12-31": "$841", "2016-09-30": "$858", "2016-06-30": "$861", "2016-03-31": "$774", "2015-12-31": "$851", "2015-09-30": "$852", "2015-06-30": "$831", "2015-03-31": "$762", "2014-12-31": "$869", "2014-09-30": "$906", "2014-06-30": "$897", "2014-03-31": "$817", "2013-12-31": "$887", "2013-09-30": "$854", "2013-06-30": "$836", "2013-03-31": "$790", "2012-12-31": "$877", "2012-09-30": "$856", "2012-06-30": "$862", "2012-03-31": "$847", "2011-12-31": "$935", "2011-09-30": "$951", "2011-06-30": "$962", "2011-03-31": "$858", "2010-12-31": "$906", "2010-09-30": "$841", "2010-06-30": "$797", "2010-03-31": "$702", "2009-12-31": "$756", "2009-09-30": "$704", "2009-06-30": "$692", "2009-03-31": "$666", "2008-12-31": "$938", "2008-09-30": "$1,028", "2008-06-30": "$1,154", "2008-03-31": "$968", "2007-12-31": "$1,036", "2007-09-30": "$974", "2007-06-30": "$1,024", "2007-03-31": "$800", "2006-12-31": "$866", "2006-09-30": "$804", "2006-06-30": "$783", "2006-03-31": "$693", "2005-12-31": "$654", "2005-09-30": "$757", "2005-06-30": "$739", "2005-03-31": "$682"}}, "operating-income": {"ManpowerGroup Annual Operating Income (Millions of US $)": {"2020": "$188", "2019": "$645", "2018": "$797", "2017": "$789", "2016": "$746", "2015": "$689", "2014": "$720", "2013": "$512", "2012": "$412", "2011": "$524", "2010": "$-122", "2009": "$42", "2008": "$494", "2007": "$811", "2006": "$532", "2005": "$429"}, "ManpowerGroup Quarterly Operating Income (Millions of US $)": {"2020-12-31": "$138", "2020-09-30": "$62", "2020-06-30": "$-50", "2020-03-31": "$38", "2019-12-31": "$192", "2019-09-30": "$217", "2019-06-30": "$131", "2019-03-31": "$106", "2018-12-31": "$218", "2018-09-30": "$217", "2018-06-30": "$208", "2018-03-31": "$154", "2017-12-31": "$237", "2017-09-30": "$229", "2017-06-30": "$195", "2017-03-31": "$128", "2016-12-31": "$207", "2016-09-30": "$211", "2016-06-30": "$196", "2016-03-31": "$132", "2015-12-31": "$181", "2015-09-30": "$206", "2015-06-30": "$179", "2015-03-31": "$123", "2014-12-31": "$193", "2014-09-30": "$212", "2014-06-30": "$187", "2014-03-31": "$127", "2013-12-31": "$167", "2013-09-30": "$162", "2013-06-30": "$128", "2013-03-31": "$54", "2012-12-31": "$105", "2012-09-30": "$119", "2012-06-30": "$94", "2012-03-31": "$94", "2011-12-31": "$130", "2011-09-30": "$158", "2011-06-30": "$151", "2011-03-31": "$86", "2010-12-31": "$-343", "2010-09-30": "$109", "2010-06-30": "$79", "2010-03-31": "$33", "2009-12-31": "$43", "2009-09-30": "$-22", "2009-06-30": "$19", "2009-03-31": "$1", "2008-12-31": "$133", "2008-09-30": "$21", "2008-06-30": "$207", "2008-03-31": "$132", "2007-12-31": "$209", "2007-09-30": "$222", "2007-06-30": "$277", "2007-03-31": "$103", "2006-12-31": "$170", "2006-09-30": "$164", "2006-06-30": "$138", "2006-03-31": "$60", "2005-12-31": "$125", "2005-09-30": "$132", "2005-06-30": "$110", "2005-03-31": "$63"}}, "ebitda": {"ManpowerGroup Annual EBITDA (Millions of US $)": {"2019": "$722", "2018": "$882", "2017": "$874", "2016": "$831", "2015": "$767", "2014": "$804", "2013": "$606", "2012": "$512", "2011": "$629", "2010": "$-12", "2009": "$139", "2008": "$601", "2007": "$910", "2006": "$621", "2005": "$524"}, "ManpowerGroup Quarterly EBITDA (Millions of US $)": {"2020-09-30": "$80", "2020-06-30": "$-32", "2020-03-31": "$56", "2019-12-31": "$212", "2019-09-30": "$235", "2019-06-30": "$150", "2019-03-31": "$125", "2018-12-31": "$239", "2018-09-30": "$239", "2018-06-30": "$230", "2018-03-31": "$176", "2017-12-31": "$260", "2017-09-30": "$250", "2017-06-30": "$216", "2017-03-31": "$148", "2016-12-31": "$228", "2016-09-30": "$233", "2016-06-30": "$217", "2016-03-31": "$153", "2015-12-31": "$202", "2015-09-30": "$226", "2015-06-30": "$198", "2015-03-31": "$142", "2014-12-31": "$213", "2014-09-30": "$233", "2014-06-30": "$209", "2014-03-31": "$149", "2013-12-31": "$190", "2013-09-30": "$185", "2013-06-30": "$152", "2013-03-31": "$79", "2012-12-31": "$130", "2012-09-30": "$144", "2012-06-30": "$119", "2012-03-31": "$118", "2011-12-31": "$156", "2011-09-30": "$184", "2011-06-30": "$177", "2011-03-31": "$112", "2010-12-31": "$-313", "2010-09-30": "$139", "2010-06-30": "$108", "2010-03-31": "$54", "2009-12-31": "$67", "2009-09-30": "$4", "2009-06-30": "$43", "2009-03-31": "$25", "2008-12-31": "$158", "2008-09-30": "$50", "2008-06-30": "$236", "2008-03-31": "$157", "2007-12-31": "$240", "2007-09-30": "$246", "2007-06-30": "$300", "2007-03-31": "$125", "2006-12-31": "$193", "2006-09-30": "$186", "2006-06-30": "$160", "2006-03-31": "$82", "2005-12-31": "$150", "2005-09-30": "$154", "2005-06-30": "$132", "2005-03-31": "$88"}}, "net-income": {"ManpowerGroup Annual Net Income (Millions of US $)": {"2020": "$24", "2019": "$466", "2018": "$557", "2017": "$545", "2016": "$444", "2015": "$419", "2014": "$428", "2013": "$288", "2012": "$198", "2011": "$252", "2010": "$-264", "2009": "$-9", "2008": "$206", "2007": "$474", "2006": "$398", "2005": "$260"}, "ManpowerGroup Quarterly Net Income (Millions of US $)": {"2020-12-31": "$76", "2020-09-30": "$10", "2020-06-30": "$-64", "2020-03-31": "$2", "2019-12-31": "$139", "2019-09-30": "$146", "2019-06-30": "$127", "2019-03-31": "$54", "2018-12-31": "$158", "2018-09-30": "$158", "2018-06-30": "$143", "2018-03-31": "$97", "2017-12-31": "$216", "2017-09-30": "$138", "2017-06-30": "$117", "2017-03-31": "$74", "2016-12-31": "$127", "2016-09-30": "$129", "2016-06-30": "$115", "2016-03-31": "$72", "2015-12-31": "$124", "2015-09-30": "$124", "2015-06-30": "$106", "2015-03-31": "$66", "2014-12-31": "$117", "2014-09-30": "$131", "2014-06-30": "$110", "2014-03-31": "$70", "2013-12-31": "$101", "2013-09-30": "$95", "2013-06-30": "$68", "2013-03-31": "$24", "2012-12-31": "$53", "2012-09-30": "$63", "2012-06-30": "$41", "2012-03-31": "$40", "2011-12-31": "$64", "2011-09-30": "$80", "2011-06-30": "$73", "2011-03-31": "$36", "2010-12-31": "$-350", "2010-09-30": "$51", "2010-06-30": "$33", "2010-03-31": "$3", "2009-12-31": "$29", "2009-09-30": "$-53", "2009-06-30": "$16", "2009-03-31": "$-2", "2008-12-31": "$66", "2008-09-30": "$-43", "2008-06-30": "$107", "2008-03-31": "$76", "2007-12-31": "$122", "2007-09-30": "$132", "2007-06-30": "$160", "2007-03-31": "$60", "2006-12-31": "$164", "2006-09-30": "$101", "2006-06-30": "$80", "2006-03-31": "$53", "2005-12-31": "$89", "2005-09-30": "$76", "2005-06-30": "$63", "2005-03-31": "$32"}}, "eps-earnings-per-share-diluted": {"ManpowerGroup Annual EPS": {"2020": "$0.41", "2019": "$7.72", "2018": "$8.56", "2017": "$8.04", "2016": "$6.27", "2015": "$5.40", "2014": "$5.30", "2013": "$3.62", "2012": "$2.47", "2011": "$3.04", "2010": "$-3.26", "2009": "$-0.12", "2008": "$2.58", "2007": "$5.60", "2006": "$4.54", "2005": "$2.87"}, "ManpowerGroup Quarterly EPS": {"2020-12-31": "$1.33", "2020-09-30": "$0.18", "2020-06-30": "$-1.11", "2020-03-31": "$0.03", "2019-12-31": "$2.31", "2019-09-30": "$2.42", "2019-06-30": "$2.11", "2019-03-31": "$0.88", "2018-12-31": "$2.51", "2018-09-30": "$2.43", "2018-06-30": "$2.17", "2018-03-31": "$1.45", "2017-12-31": "$3.19", "2017-09-30": "$2.04", "2017-06-30": "$1.72", "2017-03-31": "$1.09", "2016-12-31": "$1.82", "2016-09-30": "$1.87", "2016-06-30": "$1.60", "2016-03-31": "$0.98", "2015-12-31": "$1.63", "2015-09-30": "$1.61", "2015-06-30": "$1.33", "2015-03-31": "$0.83", "2014-12-31": "$1.48", "2014-09-30": "$1.61", "2014-06-30": "$1.35", "2014-03-31": "$0.86", "2013-12-31": "$1.26", "2013-09-30": "$1.18", "2013-06-30": "$0.87", "2013-03-31": "$0.31", "2012-12-31": "$0.67", "2012-09-30": "$0.79", "2012-06-30": "$0.51", "2012-03-31": "$0.50", "2011-12-31": "$0.77", "2011-09-30": "$0.97", "2011-06-30": "$0.87", "2011-03-31": "$0.43", "2010-12-31": "$-4.32", "2010-09-30": "$0.62", "2010-06-30": "$0.40", "2010-03-31": "$0.04", "2009-12-31": "$0.36", "2009-09-30": "$-0.67", "2009-06-30": "$0.21", "2009-03-31": "$-0.02", "2008-12-31": "$0.85", "2008-09-30": "$-0.55", "2008-06-30": "$1.34", "2008-03-31": "$0.94", "2007-12-31": "$1.48", "2007-09-30": "$1.57", "2007-06-30": "$1.86", "2007-03-31": "$0.69", "2006-12-31": "$1.88", "2006-09-30": "$1.16", "2006-06-30": "$0.91", "2006-03-31": "$0.59", "2005-12-31": "$0.95", "2005-09-30": "$0.87", "2005-06-30": "$0.70", "2005-03-31": "$0.35"}}, "shares-outstanding": {"ManpowerGroup Annual Shares Outstanding (Millions of Shares)": {"2020": "58", "2019": "60", "2018": "65", "2017": "68", "2016": "71", "2015": "78", "2014": "81", "2013": "80", "2012": "80", "2011": "83", "2010": "81", "2009": "78", "2008": "80", "2007": "85", "2006": "88", "2005": "91"}, "ManpowerGroup Quarterly Shares Outstanding (Millions of Shares)": {"2020-12-31": "57", "2020-09-30": "59", "2020-06-30": "58", "2020-03-31": "59", "2019-12-31": "60", "2019-09-30": "60", "2019-06-30": "60", "2019-03-31": "61", "2018-12-31": "65", "2018-09-30": "65", "2018-06-30": "66", "2018-03-31": "67", "2017-12-31": "68", "2017-09-30": "68", "2017-06-30": "68", "2017-03-31": "68", "2016-12-31": "71", "2016-09-30": "69", "2016-06-30": "72", "2016-03-31": "74", "2015-12-31": "78", "2015-09-30": "77", "2015-06-30": "79", "2015-03-31": "80", "2014-12-31": "81", "2014-09-30": "81", "2014-06-30": "81", "2014-03-31": "81", "2013-12-31": "80", "2013-09-30": "80", "2013-06-30": "79", "2013-03-31": "78", "2012-12-31": "80", "2012-09-30": "80", "2012-06-30": "80", "2012-03-31": "81", "2011-12-31": "83", "2011-09-30": "82", "2011-06-30": "83", "2011-03-31": "84", "2010-12-31": "81", "2010-09-30": "83", "2010-06-30": "83", "2010-03-31": "80", "2009-12-31": "78", "2009-09-30": "78", "2009-06-30": "79", "2009-03-31": "78", "2008-12-31": "80", "2008-09-30": "79", "2008-06-30": "80", "2008-03-31": "80", "2007-12-31": "85", "2007-09-30": "84", "2007-06-30": "86", "2007-03-31": "87", "2006-12-31": "88", "2006-09-30": "87", "2006-06-30": "89", "2006-03-31": "89", "2005-12-31": "91", "2005-09-30": "88", "2005-06-30": "90", "2005-03-31": "97"}}, "total-assets": {"ManpowerGroup Annual Total Assets (Millions of US $)": {"2019": "$9,224", "2018": "$8,520", "2017": "$8,884", "2016": "$7,574", "2015": "$7,518", "2014": "$7,181", "2013": "$7,288", "2012": "$7,013", "2011": "$6,900", "2010": "$6,730", "2009": "$6,214", "2008": "$6,622", "2007": "$7,224", "2006": "$6,514", "2005": "$5,568"}, "ManpowerGroup Quarterly Total Assets (Millions of US $)": {"2020-09-30": "$8,949", "2020-06-30": "$8,460", "2020-03-31": "$8,677", "2019-12-31": "$9,224", "2019-09-30": "$8,753", "2019-06-30": "$9,048", "2019-03-31": "$8,818", "2018-12-31": "$8,520", "2018-09-30": "$8,725", "2018-06-30": "$8,813", "2018-03-31": "$8,896", "2017-12-31": "$8,884", "2017-09-30": "$8,582", "2017-06-30": "$8,140", "2017-03-31": "$7,679", "2016-12-31": "$7,574", "2016-09-30": "$7,720", "2016-06-30": "$7,506", "2016-03-31": "$7,548", "2015-12-31": "$7,518", "2015-09-30": "$7,444", "2015-06-30": "$7,073", "2015-03-31": "$6,855", "2014-12-31": "$7,181", "2014-09-30": "$7,381", "2014-06-30": "$7,534", "2014-03-31": "$7,280", "2013-12-31": "$7,288", "2013-09-30": "$7,106", "2013-06-30": "$6,673", "2013-03-31": "$6,803", "2012-12-31": "$7,013", "2012-09-30": "$7,005", "2012-06-30": "$6,908", "2012-03-31": "$6,973", "2011-12-31": "$6,900", "2011-09-30": "$7,076", "2011-06-30": "$7,277", "2011-03-31": "$7,017", "2010-12-31": "$6,730", "2010-09-30": "$7,015", "2010-06-30": "$6,428", "2010-03-31": "$6,115", "2009-12-31": "$6,214", "2009-09-30": "$6,509", "2009-06-30": "$6,242", "2009-03-31": "$6,021", "2008-12-31": "$6,622", "2008-09-30": "$7,114", "2008-06-30": "$7,888", "2008-03-31": "$7,658", "2007-12-31": "$7,224", "2007-09-30": "$7,295", "2007-06-30": "$6,997", "2007-03-31": "$6,560", "2006-12-31": "$6,514", "2006-09-30": "$6,240", "2006-06-30": "$6,400", "2006-03-31": "$5,683", "2005-12-31": "$5,568", "2005-09-30": "$5,614", "2005-06-30": "$5,424", "2005-03-31": "$5,418"}}, "cash-on-hand": {"ManpowerGroup Annual Cash on Hand (Millions of US $)": {"2019": "$1,026", "2018": "$592", "2017": "$689", "2016": "$599", "2015": "$731", "2014": "$699", "2013": "$738", "2012": "$648", "2011": "$581", "2010": "$773", "2009": "$1,015", "2008": "$874", "2007": "$538", "2006": "$688", "2005": "$455"}, "ManpowerGroup Quarterly Cash on Hand (Millions of US $)": {"2020-09-30": "$1,588", "2020-06-30": "$1,439", "2020-03-31": "$1,100", "2019-12-31": "$1,026", "2019-09-30": "$807", "2019-06-30": "$770", "2019-03-31": "$566", "2018-12-31": "$592", "2018-09-30": "$683", "2018-06-30": "$768", "2018-03-31": "$552", "2017-12-31": "$689", "2017-09-30": "$667", "2017-06-30": "$573", "2017-03-31": "$724", "2016-12-31": "$599", "2016-09-30": "$503", "2016-06-30": "$546", "2016-03-31": "$748", "2015-12-31": "$731", "2015-09-30": "$653", "2015-06-30": "$466", "2015-03-31": "$628", "2014-12-31": "$699", "2014-09-30": "$661", "2014-06-30": "$639", "2014-03-31": "$697", "2013-12-31": "$738", "2013-09-30": "$489", "2013-06-30": "$281", "2013-03-31": "$583", "2012-12-31": "$648", "2012-09-30": "$445", "2012-06-30": "$455", "2012-03-31": "$554", "2011-12-31": "$581", "2011-09-30": "$564", "2011-06-30": "$544", "2011-03-31": "$650", "2010-12-31": "$773", "2010-09-30": "$598", "2010-06-30": "$553", "2010-03-31": "$944", "2009-12-31": "$1,015", "2009-09-30": "$1,201", "2009-06-30": "$1,107", "2009-03-31": "$1,001", "2008-12-31": "$874", "2008-09-30": "$632", "2008-06-30": "$561", "2008-03-31": "$641", "2007-12-31": "$538", "2007-09-30": "$539", "2007-06-30": "$711", "2007-03-31": "$727", "2006-12-31": "$688", "2006-09-30": "$485", "2006-06-30": "$768", "2006-03-31": "$555", "2005-12-31": "$455", "2005-09-30": "$432", "2005-06-30": "$363", "2005-03-31": "$397"}}, "long-term-debt": {"ManpowerGroup Annual Long Term Debt (Millions of US $)": {"2019": "$1,012", "2018": "$1,025", "2017": "$478", "2016": "$786", "2015": "$811", "2014": "$423", "2013": "$482", "2012": "$462", "2011": "$266", "2010": "$669", "2009": "$716", "2008": "$837", "2007": "$875", "2006": "$791", "2005": "$475"}, "ManpowerGroup Quarterly Long Term Debt (Millions of US $)": {"2020-09-30": "$1,059", "2020-06-30": "$1,014", "2020-03-31": "$996", "2019-12-31": "$1,012", "2019-09-30": "$983", "2019-06-30": "$1,026", "2019-03-31": "$1,003", "2018-12-31": "$1,025", "2018-09-30": "$1,038", "2018-06-30": "$1,045", "2018-03-31": "$491", "2017-12-31": "$478", "2017-09-30": "$471", "2017-06-30": "$455", "2017-03-31": "$796", "2016-12-31": "$786", "2016-09-30": "$840", "2016-06-30": "$830", "2016-03-31": "$850", "2015-12-31": "$811", "2015-09-30": "$841", "2015-06-30": "$391", "2015-03-31": "$376", "2014-12-31": "$423", "2014-09-30": "$444", "2014-06-30": "$481", "2014-03-31": "$484", "2013-12-31": "$482", "2013-09-30": "$476", "2013-06-30": "$456", "2013-03-31": "$449", "2012-12-31": "$462", "2012-09-30": "$451", "2012-06-30": "$446", "2012-03-31": "$268", "2011-12-31": "$266", "2011-09-30": "$268", "2011-06-30": "$291", "2011-03-31": "$708", "2010-12-31": "$669", "2010-09-30": "$682", "2010-06-30": "$612", "2010-03-31": "$676", "2009-12-31": "$716", "2009-09-30": "$732", "2009-06-30": "$842", "2009-03-31": "$795", "2008-12-31": "$837", "2008-09-30": "$845", "2008-06-30": "$945", "2008-03-31": "$946", "2007-12-31": "$875", "2007-09-30": "$855", "2007-06-30": "$812", "2007-03-31": "$801", "2006-12-31": "$791", "2006-09-30": "$760", "2006-06-30": "$766", "2006-03-31": "$486", "2005-12-31": "$475", "2005-09-30": "$481", "2005-06-30": "$727", "2005-03-31": "$412"}}, "total-liabilities": {"ManpowerGroup Annual Total Liabilities (Millions of US $)": {"2019": "$6,462", "2018": "$5,821", "2017": "$6,026", "2016": "$5,128", "2015": "$4,825", "2014": "$4,238", "2013": "$4,374", "2012": "$4,512", "2011": "$4,416", "2010": "$4,333", "2009": "$3,677", "2008": "$4,163", "2007": "$4,555", "2006": "$4,040", "2005": "$3,422"}, "ManpowerGroup Quarterly Total Liabilities (Millions of US $)": {"2020-09-30": "$6,344", "2020-06-30": "$5,917", "2020-03-31": "$6,038", "2019-12-31": "$6,462", "2019-09-30": "$6,037", "2019-06-30": "$6,354", "2019-03-31": "$6,169", "2018-12-31": "$5,821", "2018-09-30": "$5,915", "2018-06-30": "$5,965", "2018-03-31": "$5,957", "2017-12-31": "$6,026", "2017-09-30": "$5,859", "2017-06-30": "$5,540", "2017-03-31": "$5,147", "2016-12-31": "$5,128", "2016-09-30": "$5,248", "2016-06-30": "$4,991", "2016-03-31": "$4,873", "2015-12-31": "$4,825", "2015-09-30": "$4,759", "2015-06-30": "$4,215", "2015-03-31": "$3,995", "2014-12-31": "$4,238", "2014-09-30": "$4,341", "2014-06-30": "$4,451", "2014-03-31": "$4,304", "2013-12-31": "$4,374", "2013-09-30": "$4,313", "2013-06-30": "$4,141", "2013-03-31": "$4,302", "2012-12-31": "$4,512", "2012-09-30": "$4,437", "2012-06-30": "$4,397", "2012-03-31": "$4,405", "2011-12-31": "$4,416", "2011-09-30": "$4,550", "2011-06-30": "$4,721", "2011-03-31": "$4,520", "2010-12-31": "$4,333", "2010-09-30": "$4,250", "2010-06-30": "$3,800", "2010-03-31": "$3,628", "2009-12-31": "$3,677", "2009-09-30": "$3,943", "2009-06-30": "$3,698", "2009-03-31": "$3,615", "2008-12-31": "$4,163", "2008-09-30": "$4,544", "2008-06-30": "$4,983", "2008-03-31": "$4,837", "2007-12-31": "$4,555", "2007-09-30": "$4,683", "2007-06-30": "$4,331", "2007-03-31": "$4,059", "2006-12-31": "$4,040", "2006-09-30": "$3,999", "2006-06-30": "$4,131", "2006-03-31": "$3,478", "2005-12-31": "$3,422", "2005-09-30": "$3,505", "2005-06-30": "$3,384", "2005-03-31": "$3,223"}}, "total-share-holder-equity": {"ManpowerGroup Annual Share Holder Equity (Millions of US $)": {"2019": "$2,762", "2018": "$2,699", "2017": "$2,858", "2016": "$2,446", "2015": "$2,693", "2014": "$2,943", "2013": "$2,914", "2012": "$2,501", "2011": "$2,483", "2010": "$2,397", "2009": "$2,537", "2008": "$2,459", "2007": "$2,669", "2006": "$2,474", "2005": "$2,147"}, "ManpowerGroup Quarterly Share Holder Equity (Millions of US $)": {"2020-09-30": "$2,605", "2020-06-30": "$2,543", "2020-03-31": "$2,639", "2019-12-31": "$2,762", "2019-09-30": "$2,716", "2019-06-30": "$2,695", "2019-03-31": "$2,650", "2018-12-31": "$2,699", "2018-09-30": "$2,810", "2018-06-30": "$2,848", "2018-03-31": "$2,939", "2017-12-31": "$2,858", "2017-09-30": "$2,723", "2017-06-30": "$2,599", "2017-03-31": "$2,532", "2016-12-31": "$2,446", "2016-09-30": "$2,473", "2016-06-30": "$2,515", "2016-03-31": "$2,675", "2015-12-31": "$2,693", "2015-09-30": "$2,685", "2015-06-30": "$2,858", "2015-03-31": "$2,860", "2014-12-31": "$2,943", "2014-09-30": "$3,040", "2014-06-30": "$3,082", "2014-03-31": "$2,976", "2013-12-31": "$2,914", "2013-09-30": "$2,793", "2013-06-30": "$2,533", "2013-03-31": "$2,501", "2012-12-31": "$2,501", "2012-09-30": "$2,568", "2012-06-30": "$2,511", "2012-03-31": "$2,569", "2011-12-31": "$2,483", "2011-09-30": "$2,526", "2011-06-30": "$2,556", "2011-03-31": "$2,497", "2010-12-31": "$2,397", "2010-09-30": "$2,766", "2010-06-30": "$2,628", "2010-03-31": "$2,487", "2009-12-31": "$2,537", "2009-09-30": "$2,566", "2009-06-30": "$2,544", "2009-03-31": "$2,407", "2008-12-31": "$2,459", "2008-09-30": "$2,570", "2008-06-30": "$2,904", "2008-03-31": "$2,821", "2007-12-31": "$2,669", "2007-09-30": "$2,612", "2007-06-30": "$2,666", "2007-03-31": "$2,500", "2006-12-31": "$2,474", "2006-09-30": "$2,241", "2006-06-30": "$2,269", "2006-03-31": "$2,205", "2005-12-31": "$2,147", "2005-09-30": "$2,109", "2005-06-30": "$2,039", "2005-03-31": "$2,195"}}, "profit-margins": {"current": "0.13%"}, "gross margin": {"2020-12-31": "15.69%", "2020-09-30": "15.91%", "2020-06-30": "15.96%", "2020-03-31": "16.12%", "2019-12-31": "16.18%", "2019-09-30": "16.12%", "2019-06-30": "16.23%", "2019-03-31": "16.26%", "2018-12-31": "16.27%", "2018-09-30": "16.34%", "2018-06-30": "16.35%", "2018-03-31": "16.44%", "2017-12-31": "16.57%", "2017-09-30": "16.67%", "2017-06-30": "16.77%", "2017-03-31": "16.89%", "2016-12-31": "16.96%", "2016-09-30": "17.02%", "2016-06-30": "17.09%", "2016-03-31": "17.07%", "2015-12-31": "17.05%", "2015-09-30": "17.00%", "2015-06-30": "16.89%", "2015-03-31": "16.83%", "2014-12-31": "16.80%", "2014-09-30": "16.78%", "2014-06-30": "16.72%", "2014-03-31": "16.65%", "2013-12-31": "16.63%", "2013-09-30": "16.62%", "2013-06-30": "16.64%", "2013-03-31": "16.63%", "2012-12-31": "16.65%", "2012-09-30": "16.70%", "2012-06-30": "16.67%", "2012-03-31": "16.77%", "2011-12-31": "16.84%", "2011-09-30": "16.92%", "2011-06-30": "17.05%", "2011-03-31": "17.15%", "2010-12-31": "17.20%", "2010-09-30": "17.13%", "2010-06-30": "17.11%", "2010-03-31": "17.30%", "2009-12-31": "17.57%", "2009-09-30": "18.51%", "2009-06-30": "18.80%", "2009-03-31": "19.13%", "2008-12-31": "18.98%", "2008-09-30": "18.54%", "2008-06-30": "18.61%", "2008-03-31": "18.76%", "2007-12-31": "18.72%", "2007-09-30": "18.72%", "2007-06-30": "18.52%", "2007-03-31": "17.85%", "2006-12-31": "17.91%", "2006-09-30": "17.53%", "2006-06-30": "17.72%", "2006-03-31": "17.81%", "2005-12-31": "17.87%"}, "operating margin": {"2020-12-31": "1.04%", "2020-09-30": "1.33%", "2020-06-30": "2.11%", "2020-03-31": "2.83%", "2019-12-31": "3.10%", "2019-09-30": "3.19%", "2019-06-30": "3.17%", "2019-03-31": "3.48%", "2018-12-31": "3.62%", "2018-09-30": "3.67%", "2018-06-30": "3.72%", "2018-03-31": "3.74%", "2017-12-31": "3.75%", "2017-09-30": "3.73%", "2017-06-30": "3.71%", "2017-03-31": "3.74%", "2016-12-31": "3.80%", "2016-09-30": "3.66%", "2016-06-30": "3.66%", "2016-03-31": "3.60%", "2015-12-31": "3.56%", "2015-09-30": "3.60%", "2015-06-30": "3.55%", "2015-03-31": "3.50%", "2014-12-31": "3.46%", "2014-09-30": "3.32%", "2014-06-30": "3.11%", "2014-03-31": "2.86%", "2013-12-31": "2.52%", "2013-09-30": "2.22%", "2013-06-30": "2.01%", "2013-03-31": "1.83%", "2012-12-31": "1.99%", "2012-09-30": "2.09%", "2012-06-30": "2.21%", "2012-03-31": "2.42%", "2011-12-31": "2.39%", "2011-09-30": "0.24%", "2011-06-30": "0.01%", "2011-03-31": "-0.35%", "2010-12-31": "-0.65%", "2010-09-30": "1.46%", "2010-06-30": "0.77%", "2010-03-31": "0.44%", "2009-12-31": "0.26%", "2009-09-30": "0.81%", "2009-06-30": "0.98%", "2009-03-31": "1.83%", "2008-12-31": "2.29%", "2008-09-30": "2.52%", "2008-06-30": "3.47%", "2008-03-31": "3.94%", "2007-12-31": "3.96%", "2007-09-30": "3.94%", "2007-06-30": "3.78%", "2007-03-31": "3.16%", "2006-12-31": "3.03%", "2006-09-30": "2.91%", "2006-06-30": "2.79%", "2006-03-31": "2.67%", "2005-12-31": "2.71%"}, "ebitda margin": {"2020-09-30": "1.74%", "2020-06-30": "2.50%", "2020-03-31": "3.20%", "2019-12-31": "3.46%", "2019-09-30": "3.56%", "2019-06-30": "3.55%", "2019-03-31": "3.87%", "2018-12-31": "4.01%", "2018-09-30": "4.06%", "2018-06-30": "4.10%", "2018-03-31": "4.13%", "2017-12-31": "4.15%", "2017-09-30": "4.14%", "2017-06-30": "4.13%", "2017-03-31": "4.17%", "2016-12-31": "4.23%", "2016-09-30": "4.10%", "2016-06-30": "4.08%", "2016-03-31": "4.02%", "2015-12-31": "3.97%", "2015-09-30": "4.00%", "2015-06-30": "3.94%", "2015-03-31": "3.91%", "2014-12-31": "3.87%", "2014-09-30": "3.73%", "2014-06-30": "3.54%", "2014-03-31": "3.31%", "2013-12-31": "2.99%", "2013-09-30": "2.70%", "2013-06-30": "2.50%", "2013-03-31": "2.32%", "2012-12-31": "2.47%", "2012-09-30": "2.56%", "2012-06-30": "2.68%", "2012-03-31": "2.88%", "2011-12-31": "2.86%", "2011-09-30": "0.74%", "2011-06-30": "0.55%", "2011-03-31": "0.23%", "2010-12-31": "-0.06%", "2010-09-30": "2.04%", "2010-06-30": "1.35%", "2010-03-31": "1.02%", "2009-12-31": "0.87%", "2009-09-30": "1.42%", "2009-06-30": "1.56%", "2009-03-31": "2.37%", "2008-12-31": "2.79%", "2008-09-30": "3.02%", "2008-06-30": "3.96%", "2008-03-31": "4.42%", "2007-12-31": "4.45%", "2007-09-30": "4.41%", "2007-06-30": "4.26%", "2007-03-31": "3.64%", "2006-12-31": "3.54%", "2006-09-30": "3.45%", "2006-06-30": "3.35%", "2006-03-31": "3.24%", "2005-12-31": "3.31%"}, "pre tax profit margin": {"2020-12-31": "0.82%", "2020-09-30": "1.12%", "2020-06-30": "1.87%", "2020-03-31": "2.98%", "2019-12-31": "3.29%", "2019-09-30": "3.39%", "2019-06-30": "3.36%", "2019-03-31": "3.30%", "2018-12-31": "3.43%", "2018-09-30": "3.44%", "2018-06-30": "3.49%", "2018-03-31": "3.50%", "2017-12-31": "3.50%", "2017-09-30": "3.49%", "2017-06-30": "3.47%", "2017-03-31": "3.51%", "2016-12-31": "3.57%", "2016-09-30": "3.49%", "2016-06-30": "3.49%", "2016-03-31": "3.45%", "2015-12-31": "3.42%", "2015-09-30": "3.40%", "2015-06-30": "3.35%", "2015-03-31": "3.31%", "2014-12-31": "3.28%", "2014-09-30": "3.15%", "2014-06-30": "2.97%", "2014-03-31": "2.70%", "2013-12-31": "2.35%", "2013-09-30": "2.04%", "2013-06-30": "1.81%", "2013-03-31": "1.62%", "2012-12-31": "1.78%", "2012-09-30": "1.88%", "2012-06-30": "2.00%", "2012-03-31": "2.21%", "2011-12-31": "2.18%", "2011-09-30": "0.04%", "2011-06-30": "-0.18%", "2011-03-31": "-0.55%", "2010-12-31": "-0.87%", "2010-09-30": "1.21%", "2010-06-30": "0.38%", "2010-03-31": "0.04%", "2009-12-31": "-0.15%", "2009-09-30": "0.41%", "2009-06-30": "0.71%", "2009-03-31": "1.57%", "2008-12-31": "2.06%", "2008-09-30": "2.32%", "2008-06-30": "3.28%", "2008-03-31": "3.77%", "2007-12-31": "3.79%", "2007-09-30": "3.74%", "2007-06-30": "3.56%", "2007-03-31": "2.90%", "2006-12-31": "2.74%", "2006-09-30": "2.65%", "2006-06-30": "2.52%", "2006-03-31": "2.40%", "2005-12-31": "2.44%"}, "net profit margin": {"2020-12-31": "0.13%", "2020-09-30": "0.48%", "2020-06-30": "1.19%", "2020-03-31": "2.03%", "2019-12-31": "2.23%", "2019-09-30": "2.30%", "2019-06-30": "2.34%", "2019-03-31": "2.38%", "2018-12-31": "2.53%", "2018-09-30": "2.76%", "2018-06-30": "2.67%", "2018-03-31": "2.61%", "2017-12-31": "2.59%", "2017-09-30": "2.24%", "2017-06-30": "2.24%", "2017-03-31": "2.24%", "2016-12-31": "2.25%", "2016-09-30": "2.24%", "2016-06-30": "2.23%", "2016-03-31": "2.20%", "2015-12-31": "2.17%", "2015-09-30": "2.12%", "2015-06-30": "2.11%", "2015-03-31": "2.08%", "2014-12-31": "2.06%", "2014-09-30": "1.97%", "2014-06-30": "1.82%", "2014-03-31": "1.64%", "2013-12-31": "1.42%", "2013-09-30": "1.19%", "2013-06-30": "1.03%", "2013-03-31": "0.89%", "2012-12-31": "0.95%", "2012-09-30": "0.99%", "2012-06-30": "1.04%", "2012-03-31": "1.17%", "2011-12-31": "1.15%", "2011-09-30": "-0.74%", "2011-06-30": "-0.91%", "2011-03-31": "-1.16%", "2010-12-31": "-1.39%", "2010-09-30": "0.64%", "2010-06-30": "0.07%", "2010-03-31": "-0.03%", "2009-12-31": "-0.06%", "2009-09-30": "0.17%", "2009-06-30": "0.21%", "2009-03-31": "0.65%", "2008-12-31": "0.96%", "2008-09-30": "1.16%", "2008-06-30": "1.97%", "2008-03-31": "2.30%", "2007-12-31": "2.31%", "2007-09-30": "2.64%", "2007-06-30": "2.57%", "2007-03-31": "2.22%", "2006-12-31": "2.27%", "2006-09-30": "1.93%", "2006-06-30": "1.83%", "2006-03-31": "1.76%", "2005-12-31": "1.64%"}, "pe ratio": {"current": "24.70", "2021-02-05": "0.00", "2020-12-31": "0.00", "2020-09-30": "50.25", "2020-06-30": "18.43", "2020-03-31": "7.47", "2019-12-31": "12.19", "2019-09-30": "10.17", "2019-06-30": "11.65", "2019-03-31": "9.77", "2018-12-31": "7.15", "2018-09-30": "8.68", "2018-06-30": "9.07", "2018-03-31": "12.64", "2017-12-31": "14.47", "2017-09-30": "16.12", "2017-06-30": "15.67", "2017-03-31": "14.53", "2016-12-31": "12.81", "2016-09-30": "10.66", "2016-06-30": "9.92", "2016-03-31": "13.02", "2015-12-31": "13.85", "2015-09-30": "13.82", "2015-06-30": "15.08", "2015-03-31": "14.35", "2014-12-31": "11.29", "2014-09-30": "12.03", "2014-06-30": "15.91", "2014-03-31": "16.39", "2013-12-31": "20.57", "2013-09-30": "20.57", "2013-06-30": "17.78", "2013-03-31": "21.12", "2012-12-31": "14.60", "2012-09-30": "12.03", "2012-06-30": "11.20", "2012-03-31": "12.65", "2011-12-31": "9.77", "2011-09-30": "0.00", "2011-06-30": "0.00", "2011-03-31": "0.00", "2010-12-31": "0.00", "2010-09-30": "29.91", "2010-06-30": "219.56", "2010-03-31": "0.00", "2009-12-31": "0.00", "2009-09-30": "69.87", "2009-06-30": "45.82", "2009-03-31": "13.69", "2008-12-31": "9.85", "2008-09-30": "10.07", "2008-06-30": "8.33", "2008-03-31": "7.31", "2007-12-31": "7.71", "2007-09-30": "8.28", "2007-06-30": "12.74", "2007-03-31": "12.22", "2006-12-31": "12.69"}, "price sales": {"2021-02-05": "0.29", "2020-12-31": "0.29", "2020-09-30": "0.24", "2020-06-30": "0.21", "2020-03-31": "0.15", "2019-12-31": "0.27", "2019-09-30": "0.24", "2019-06-30": "0.27", "2019-03-31": "0.23", "2018-12-31": "0.18", "2018-09-30": "0.24", "2018-06-30": "0.24", "2018-03-31": "0.33", "2017-12-31": "0.38", "2017-09-30": "0.37", "2017-06-30": "0.35", "2017-03-31": "0.33", "2016-12-31": "0.29", "2016-09-30": "0.24", "2016-06-30": "0.22", "2016-03-31": "0.29", "2015-12-31": "0.30", "2015-09-30": "0.29", "2015-06-30": "0.32", "2015-03-31": "0.30", "2014-12-31": "0.23", "2014-09-30": "0.24", "2014-06-30": "0.29", "2014-03-31": "0.27", "2013-12-31": "0.29", "2013-09-30": "0.25", "2013-06-30": "0.18", "2013-03-31": "0.19", "2012-12-31": "0.14", "2012-09-30": "0.12", "2012-06-30": "0.12", "2012-03-31": "0.15", "2011-12-31": "0.11", "2011-09-30": "0.11", "2011-06-30": "0.17", "2011-03-31": "0.21", "2010-12-31": "0.22", "2010-09-30": "0.19", "2010-06-30": "0.16", "2010-03-31": "0.22", "2009-12-31": "0.22", "2009-09-30": "0.22", "2009-06-30": "0.15", "2009-03-31": "0.10", "2008-12-31": "0.10", "2008-09-30": "0.12", "2008-06-30": "0.17", "2008-03-31": "0.17", "2007-12-31": "0.18", "2007-09-30": "0.22", "2007-06-30": "0.33", "2007-03-31": "0.27", "2006-12-31": "0.29"}, "price book": {"current": "2.13", "2021-02-05": "2.03", "2020-09-30": "1.61", "2020-06-30": "1.58", "2020-03-31": "1.13", "2019-12-31": "2.00", "2019-09-30": "1.76", "2019-06-30": "2.06", "2019-03-31": "1.77", "2018-12-31": "1.38", "2018-09-30": "1.81", "2018-06-30": "1.85", "2018-03-31": "2.39", "2017-12-31": "2.70", "2017-09-30": "2.64", "2017-06-30": "2.63", "2017-03-31": "2.48", "2016-12-31": "2.22", "2016-09-30": "1.77", "2016-06-30": "1.60", "2016-03-31": "1.95", "2015-12-31": "2.04", "2015-09-30": "1.98", "2015-06-30": "2.13", "2015-03-31": "2.06", "2014-12-31": "1.59", "2014-09-30": "1.59", "2014-06-30": "1.91", "2014-03-31": "1.82", "2013-12-31": "2.02", "2013-09-30": "1.76", "2013-06-30": "1.44", "2013-03-31": "1.49", "2012-12-31": "1.11", "2012-09-30": "0.96", "2012-06-30": "0.98", "2012-03-31": "1.23", "2011-12-31": "0.96", "2011-09-30": "0.89", "2011-06-30": "1.42", "2011-03-31": "1.69", "2010-12-31": "1.75", "2010-09-30": "1.25", "2010-06-30": "1.10", "2010-03-31": "1.46", "2009-12-31": "1.36", "2009-09-30": "1.39", "2009-06-30": "1.04", "2009-03-31": "0.82", "2008-12-31": "0.86", "2008-09-30": "1.03", "2008-06-30": "1.25", "2008-03-31": "1.23", "2007-12-31": "1.33", "2007-09-30": "1.55", "2007-06-30": "2.27", "2007-03-31": "1.93", "2006-12-31": "1.99", "2006-09-30": "1.78", "2006-06-30": "1.90", "2006-03-31": "1.74"}, "price fcf": {"2021-02-05": "", "2020-09-30": "$16.73", "2020-06-30": "$18.36", "2020-03-31": "$14.04", "2019-12-31": "$12.63", "2019-09-30": "$10.01", "2019-06-30": "$8.37", "2019-03-31": "$8.91", "2018-12-31": "$6.43", "2018-09-30": "$5.30", "2018-06-30": "$5.55", "2018-03-31": "$1.49", "2017-12-31": "$5.10", "2017-09-30": "$6.29", "2017-06-30": "$6.27", "2017-03-31": "$8.29", "2016-12-31": "$7.67", "2016-09-30": "$8.07", "2016-06-30": "$9.06", "2016-03-31": "$7.95", "2015-12-31": "$6.10", "2015-09-30": "$5.52", "2015-06-30": "$3.86", "2015-03-31": "$3.63", "2014-12-31": "$3.18", "2014-09-30": "$4.32", "2014-06-30": "$5.18", "2014-03-31": "$5.08", "2013-12-31": "$4.42", "2013-09-30": "$5.06", "2013-06-30": "$2.98", "2013-03-31": "$2.83", "2012-12-31": "$3.29", "2012-09-30": "$0.74", "2012-06-30": "$1.81", "2012-03-31": "$1.64", "2011-12-31": "$0.11", "2011-09-30": "$1.34", "2011-06-30": "$0.09", "2011-03-31": "$0.19", "2010-12-31": "$1.59", "2010-09-30": "$-1.21", "2010-06-30": "$-0.84", "2010-03-31": "$1.16", "2009-12-31": "$4.89", "2009-09-30": "$8.93", "2009-06-30": "$10.74", "2009-03-31": "$10.90", "2008-12-31": "$8.84", "2008-09-30": "$6.23", "2008-06-30": "$5.69", "2008-03-31": "$4.21", "2007-12-31": "$4.18", "2007-09-30": "$3.96", "2007-06-30": "$3.28", "2007-03-31": "$3.56", "2006-12-31": "$3.24"}, "net worth": {"value": "$5.23B"}, "current ratio": {"2020-12-31": "1.42", "2020-09-30": "1.49", "2020-06-30": "1.50", "2020-03-31": "1.49", "2019-12-31": "1.46", "2019-09-30": "1.48", "2019-06-30": "1.46", "2019-03-31": "1.43", "2018-12-31": "1.44", "2018-09-30": "1.47", "2018-06-30": "1.48", "2018-03-31": "1.33", "2017-12-31": "1.28", "2017-09-30": "1.29", "2017-06-30": "1.29", "2017-03-31": "1.45", "2016-12-31": "1.40", "2016-09-30": "1.39", "2016-06-30": "1.43", "2016-03-31": "1.50", "2015-12-31": "1.48", "2015-09-30": "1.47", "2015-06-30": "1.48", "2015-03-31": "1.50", "2014-12-31": "1.49", "2014-09-30": "1.50", "2014-06-30": "1.50", "2014-03-31": "1.50", "2013-12-31": "1.49", "2013-09-30": "1.45", "2013-06-30": "1.41", "2013-03-31": "1.41", "2012-12-31": "1.38", "2012-09-30": "1.41", "2012-06-30": "1.39", "2012-03-31": "1.35", "2011-12-31": "1.33", "2011-09-30": "1.32", "2011-06-30": "1.31", "2011-03-31": "1.50", "2010-12-31": "1.48", "2010-09-30": "1.48", "2010-06-30": "1.51", "2010-03-31": "1.65", "2009-12-31": "1.66", "2009-09-30": "1.61", "2009-06-30": "1.71", "2009-03-31": "1.69", "2008-12-31": "1.61", "2008-09-30": "1.55", "2008-06-30": "1.57", "2008-03-31": "1.62", "2007-12-31": "1.60", "2007-09-30": "1.57", "2007-06-30": "1.67", "2007-03-31": "1.65", "2006-12-31": "1.63", "2006-09-30": "1.57", "2006-06-30": "1.54", "2006-03-31": "1.51", "2005-12-31": "1.49", "2005-09-30": "1.45", "2005-06-30": "1.60", "2005-03-31": "1.49"}, "quick ratio": {"2020-12-31": "0.00", "2020-09-30": "0.00", "2020-06-30": "0.00", "2020-03-31": "0.00", "2019-12-31": "0.00", "2019-09-30": "0.00", "2019-06-30": "0.00", "2019-03-31": "0.00", "2018-12-31": "0.00", "2018-09-30": "0.00", "2018-06-30": "0.00", "2018-03-31": "0.00", "2017-12-31": "0.00", "2017-09-30": "0.00", "2017-06-30": "0.00", "2017-03-31": "0.00", "2016-12-31": "0.00", "2016-09-30": "0.00", "2016-06-30": "0.00", "2016-03-31": "0.00", "2015-12-31": "0.00", "2015-09-30": "0.00", "2015-06-30": "0.00", "2015-03-31": "0.00", "2014-12-31": "0.00", "2014-09-30": "0.00", "2014-06-30": "0.00", "2014-03-31": "0.00", "2013-12-31": "0.00", "2013-09-30": "0.00", "2013-06-30": "0.00", "2013-03-31": "0.00", "2012-12-31": "0.00", "2012-09-30": "0.00", "2012-06-30": "0.00", "2012-03-31": "0.00", "2011-12-31": "0.00", "2011-09-30": "0.00", "2011-06-30": "0.00", "2011-03-31": "0.00", "2010-12-31": "0.00", "2010-09-30": "0.00", "2010-06-30": "0.00", "2010-03-31": "0.00", "2009-12-31": "0.00", "2009-09-30": "0.00", "2009-06-30": "0.00", "2009-03-31": "0.00", "2008-12-31": "0.00", "2008-09-30": "0.00", "2008-06-30": "0.00", "2008-03-31": "0.00", "2007-12-31": "0.00", "2007-09-30": "0.00", "2007-06-30": "0.00", "2007-03-31": "0.00", "2006-12-31": "0.00", "2006-09-30": "0.00", "2006-06-30": "0.00", "2006-03-31": "0.00", "2005-12-31": "0.00", "2005-09-30": "0.00", "2005-06-30": "0.00", "2005-03-31": "0.00"}, "debt equity ratio": {"current": "0.45", "2020-12-31": "2.81", "2020-09-30": "2.44", "2020-06-30": "2.33", "2020-03-31": "2.29", "2019-12-31": "2.34", "2019-09-30": "2.22", "2019-06-30": "2.36", "2019-03-31": "2.33", "2018-12-31": "2.16", "2018-09-30": "2.11", "2018-06-30": "2.10", "2018-03-31": "2.03", "2017-12-31": "2.11", "2017-09-30": "2.15", "2017-06-30": "2.13", "2017-03-31": "2.03", "2016-12-31": "2.10", "2016-09-30": "2.12", "2016-06-30": "1.99", "2016-03-31": "1.82", "2015-12-31": "1.79", "2015-09-30": "1.77", "2015-06-30": "1.48", "2015-03-31": "1.40", "2014-12-31": "1.44", "2014-09-30": "1.43", "2014-06-30": "1.44", "2014-03-31": "1.45", "2013-12-31": "1.50", "2013-09-30": "1.54", "2013-06-30": "1.64", "2013-03-31": "1.72", "2012-12-31": "1.80", "2012-09-30": "1.73", "2012-06-30": "1.75", "2012-03-31": "1.72", "2011-12-31": "1.78", "2011-09-30": "1.80", "2011-06-30": "1.85", "2011-03-31": "1.81", "2010-12-31": "1.81", "2010-09-30": "1.54", "2010-06-30": "1.45", "2010-03-31": "1.46", "2009-12-31": "1.45", "2009-09-30": "1.54", "2009-06-30": "1.45", "2009-03-31": "1.50", "2008-12-31": "1.69", "2008-09-30": "1.77", "2008-06-30": "1.72", "2008-03-31": "1.72", "2007-12-31": "1.71", "2007-09-30": "1.79", "2007-06-30": "1.63", "2007-03-31": "1.62", "2006-12-31": "1.63", "2006-09-30": "1.79", "2006-06-30": "1.82", "2006-03-31": "1.58", "2005-12-31": "1.59", "2005-09-30": "1.66", "2005-06-30": "1.66", "2005-03-31": "1.47"}, "return on equity": {"2020-12-31": "0.94%", "2020-09-30": "3.30%", "2020-06-30": "8.37%", "2020-03-31": "15.32%", "2019-12-31": "17.22%", "2019-09-30": "18.03%", "2019-06-30": "18.32%", "2019-03-31": "18.64%", "2018-12-31": "19.69%", "2018-09-30": "21.44%", "2018-06-30": "20.90%", "2018-03-31": "20.43%", "2017-12-31": "20.35%", "2017-09-30": "17.71%", "2017-06-30": "17.79%", "2017-03-31": "17.86%", "2016-12-31": "17.53%", "2016-09-30": "16.99%", "2016-06-30": "16.46%", "2016-03-31": "15.62%", "2015-12-31": "15.14%", "2015-09-30": "14.56%", "2015-06-30": "14.36%", "2015-03-31": "14.22%", "2014-12-31": "14.22%", "2014-09-30": "13.72%", "2014-06-30": "12.78%", "2014-03-31": "11.91%", "2013-12-31": "10.73%", "2013-09-30": "9.30%", "2013-06-30": "8.24%", "2013-03-31": "7.18%", "2012-12-31": "7.76%", "2012-09-30": "8.21%", "2012-06-30": "8.92%", "2012-03-31": "10.14%", "2011-12-31": "10.06%", "2011-09-30": "-6.46%", "2011-06-30": "-7.44%", "2011-03-31": "-8.94%", "2010-12-31": "-10.24%", "2010-09-30": "4.45%", "2010-06-30": "0.47%", "2010-03-31": "-0.20%", "2009-12-31": "-0.40%", "2009-09-30": "1.08%", "2009-06-30": "1.48%", "2009-03-31": "4.95%", "2008-12-31": "7.66%", "2008-09-30": "9.56%", "2008-06-30": "15.88%", "2008-03-31": "18.20%", "2007-12-31": "18.15%", "2007-09-30": "20.13%", "2007-06-30": "19.63%", "2007-03-31": "17.08%", "2006-12-31": "17.33%", "2006-09-30": "14.58%", "2006-06-30": "13.65%", "2006-03-31": "13.22%", "2005-12-31": "12.25%"}, "return on assets": {"2020-12-31": "0.27%", "2020-09-30": "0.99%", "2020-06-30": "2.54%", "2020-03-31": "4.64%", "2019-12-31": "5.20%", "2019-09-30": "5.52%", "2019-06-30": "5.66%", "2019-03-31": "5.88%", "2018-12-31": "6.36%", "2018-09-30": "6.95%", "2018-06-30": "6.75%", "2018-03-31": "6.59%", "2017-12-31": "6.55%", "2017-09-30": "5.70%", "2017-06-30": "5.75%", "2017-03-31": "5.84%", "2016-12-31": "5.84%", "2016-09-30": "5.81%", "2016-06-30": "5.80%", "2016-03-31": "5.76%", "2015-12-31": "5.82%", "2015-09-30": "5.79%", "2015-06-30": "5.90%", "2015-03-31": "5.86%", "2014-12-31": "5.83%", "2014-09-30": "5.59%", "2014-06-30": "5.15%", "2014-03-31": "4.71%", "2013-12-31": "4.13%", "2013-09-30": "3.48%", "2013-06-30": "3.03%", "2013-03-31": "2.61%", "2012-12-31": "2.82%", "2012-09-30": "2.99%", "2012-06-30": "3.23%", "2012-03-31": "3.64%", "2011-12-31": "3.58%", "2011-09-30": "-2.29%", "2011-06-30": "-2.71%", "2011-03-31": "-3.38%", "2010-12-31": "-4.00%", "2010-09-30": "1.80%", "2010-06-30": "0.19%", "2010-03-31": "-0.08%", "2009-12-31": "-0.16%", "2009-09-30": "0.43%", "2009-06-30": "0.57%", "2009-03-31": "1.85%", "2008-12-31": "2.81%", "2008-09-30": "3.51%", "2008-06-30": "5.81%", "2008-03-31": "6.72%", "2007-12-31": "6.75%", "2007-09-30": "7.54%", "2007-06-30": "7.37%", "2007-03-31": "6.30%", "2006-12-31": "6.41%", "2006-09-30": "5.41%", "2006-06-30": "5.12%", "2006-03-31": "5.04%", "2005-12-31": "4.72%"}, "return on investments": {"2020-12-31": "5.22%", "2020-09-30": "6.62%", "2020-06-30": "10.83%", "2020-03-31": "15.59%", "2019-12-31": "17.41%", "2019-09-30": "18.17%", "2019-06-30": "17.99%", "2019-03-31": "19.82%", "2018-12-31": "21.40%", "2018-09-30": "22.50%", "2018-06-30": "23.91%", "2018-03-31": "25.05%", "2017-12-31": "24.44%", "2017-09-30": "23.71%", "2017-06-30": "22.93%", "2017-03-31": "22.45%", "2016-12-31": "22.24%", "2016-09-30": "21.04%", "2016-06-30": "20.58%", "2016-03-31": "20.23%", "2015-12-31": "20.39%", "2015-09-30": "20.96%", "2015-06-30": "21.21%", "2015-03-31": "20.95%", "2014-12-31": "20.73%", "2014-09-30": "19.94%", "2014-06-30": "18.79%", "2014-03-31": "17.81%", "2013-12-31": "16.22%", "2013-09-30": "14.76%", "2013-06-30": "13.62%", "2013-03-31": "12.51%", "2012-12-31": "13.99%", "2012-09-30": "15.12%", "2012-06-30": "16.80%", "2012-03-31": "18.99%", "2011-12-31": "18.11%", "2011-09-30": "1.75%", "2011-06-30": "0.10%", "2011-03-31": "-2.13%", "2010-12-31": "-3.78%", "2010-09-30": "8.06%", "2010-06-30": "4.11%", "2010-03-31": "2.23%", "2009-12-31": "1.25%", "2009-09-30": "3.98%", "2009-06-30": "5.23%", "2009-03-31": "10.52%", "2008-12-31": "13.76%", "2008-09-30": "15.62%", "2008-06-30": "21.06%", "2008-03-31": "23.57%", "2007-12-31": "23.52%", "2007-09-30": "22.85%", "2007-06-30": "21.89%", "2007-03-31": "18.25%", "2006-12-31": "17.75%", "2006-09-30": "17.16%", "2006-06-30": "16.64%", "2006-03-31": "16.01%", "2005-12-31": "16.25%"}, "return on tangible equity": {"2020-09-30": "7.49%", "2020-06-30": "18.98%", "2020-03-31": "34.89%", "2019-12-31": "39.51%", "2019-09-30": "41.81%", "2019-06-30": "42.59%", "2019-03-31": "42.99%", "2018-12-31": "44.86%", "2018-09-30": "48.79%", "2018-06-30": "48.41%", "2018-03-31": "48.71%", "2017-12-31": "50.11%", "2017-09-30": "45.25%", "2017-06-30": "47.08%", "2017-03-31": "48.00%", "2016-12-31": "46.68%", "2016-09-30": "44.08%", "2016-06-30": "41.20%", "2016-03-31": "35.54%", "2015-12-31": "32.03%", "2015-09-30": "28.90%", "2015-06-30": "26.85%", "2015-03-31": "26.48%", "2014-12-31": "26.57%", "2014-09-30": "25.85%", "2014-06-30": "24.47%", "2014-03-31": "23.56%", "2013-12-31": "21.93%", "2013-09-30": "19.72%", "2013-06-30": "17.89%", "2013-03-31": "15.64%", "2012-12-31": "16.74%", "2012-09-30": "17.62%", "2012-06-30": "19.19%", "2012-03-31": "21.66%", "2011-12-31": "21.62%", "2011-09-30": "-13.99%", "2011-06-30": "-17.11%", "2011-03-31": "-22.26%", "2010-12-31": "-25.52%", "2010-09-30": "10.96%", "2010-06-30": "1.08%", "2010-03-31": "-0.43%", "2009-12-31": "-0.88%", "2009-09-30": "2.44%", "2009-06-30": "3.38%", "2009-03-31": "11.22%", "2008-12-31": "16.68%", "2008-09-30": "20.44%", "2008-06-30": "33.76%", "2008-03-31": "37.56%", "2007-12-31": "37.87%", "2007-09-30": "41.87%", "2007-06-30": "41.45%", "2007-03-31": "37.46%", "2006-12-31": "39.12%", "2006-09-30": "34.19%", "2006-06-30": "32.56%", "2006-03-31": "32.64%", "2005-12-31": "30.47%"}, "dividend yield history": {"last payout": "$2.34", "last yield": "2.57%"}}