{"ticker": "MPC", "price": {"title": "Marathon Petroleum Historical Annual Stock Price Data", "value": 47.65, "historical": {"2020": {"Average Stock Price": "37.2599", "Year Open": "61.9100", "Year High": "61.9100", "Year Low": "16.6200", "Year Close": "41.3600", "Annual % Change": "-31.35%"}, "2019": {"Average Stock Price": "58.1885", "Year Open": "59.6400", "Year High": "68.0200", "Year Low": "44.6300", "Year Close": "60.2500", "Annual % Change": "2.10%"}, "2018": {"Average Stock Price": "73.1838", "Year Open": "67.1800", "Year High": "86.3900", "Year Low": "54.3200", "Year Close": "59.0100", "Annual % Change": "-10.56%"}, "2017": {"Average Stock Price": "54.0865", "Year Open": "52.9300", "Year High": "66.8400", "Year Low": "47.7100", "Year Close": "65.9800", "Annual % Change": "31.04%"}, "2016": {"Average Stock Price": "40.1850", "Year Open": "51.2400", "Year High": "51.2400", "Year Low": "30.7300", "Year Close": "50.3500", "Annual % Change": "-2.87%"}, "2015": {"Average Stock Price": "50.7079", "Year Open": "45.8200", "Year High": "59.3400", "Year Low": "38.4250", "Year Close": "51.8400", "Annual % Change": "14.87%"}, "2014": {"Average Stock Price": "43.6197", "Year Open": "44.7400", "Year High": "48.4600", "Year Low": "37.8950", "Year Close": "45.1300", "Annual % Change": "-1.60%"}, "2013": {"Average Stock Price": "38.1400", "Year Open": "32.0050", "Year High": "45.8650", "Year Low": "30.1250", "Year Close": "45.8650", "Annual % Change": "45.60%"}, "2012": {"Average Stock Price": "23.3271", "Year Open": "16.7050", "Year High": "31.5000", "Year Low": "15.4800", "Year Close": "31.5000", "Annual % Change": "89.25%"}, "2011": {"Average Stock Price": "17.9068", "Year Open": "18.6250", "Year High": "22.4850", "Year Low": "13.5300", "Year Close": "16.6450", "Annual % Change": "0.00%"}}}, "market cap": {"value": "$31B"}, "income statement": {"Revenue": {"2020-12-31": "69779.00000", "2019-12-31": "123949.00000", "2018-12-31": "96504.00000", "2017-12-31": "74733.00000", "2016-12-31": "63339.00000", "2015-12-31": "72051.00000", "2014-12-31": "97817.00000", "2013-12-31": "100160.00000", "2012-12-31": "82243.00000", "2011-12-31": "78638.00000", "2010-12-31": "62487.00000", "2009-12-31": "45530.00000", "2008-12-31": "65258.00000"}, "Cost Of Goods Sold": {"2020-12-31": "65733.00000", "2019-12-31": "110243.00000", "2018-12-31": "86066.00000", "2017-12-31": "67089.00000", "2016-12-31": "56676.00000", "2015-12-31": "55583.00000", "2014-12-31": "83770.00000", "2013-12-31": "87401.00000", "2012-12-31": "68668.00000", "2011-12-31": "65795.00000", "2010-12-31": "51731.00000", "2009-12-31": "37003.00000", "2008-12-31": ""}, "Gross Profit": {"2020-12-31": "4046.00000", "2019-12-31": "13706.00000", "2018-12-31": "10438.00000", "2017-12-31": "7644.00000", "2016-12-31": "6663.00000", "2015-12-31": "16468.00000", "2014-12-31": "14047.00000", "2013-12-31": "12759.00000", "2012-12-31": "13575.00000", "2011-12-31": "12843.00000", "2010-12-31": "10756.00000", "2009-12-31": "8527.00000", "2008-12-31": "65258.00000"}, "Research And Development Expenses": {"2020-12-31": "", "2019-12-31": "", "2018-12-31": "", "2017-12-31": "", "2016-12-31": "", "2015-12-31": "", "2014-12-31": "", "2013-12-31": "", "2012-12-31": "", "2011-12-31": "", "2010-12-31": "", "2009-12-31": "", "2008-12-31": ""}, "SG&A Expenses": {"2020-12-31": "3378.00000", "2019-12-31": "4159.00000", "2018-12-31": "2975.00000", "2017-12-31": "2148.00000", "2016-12-31": "2032.00000", "2015-12-31": "9659.00000", "2014-12-31": "8450.00000", "2013-12-31": "7851.00000", "2012-12-31": "7202.00000", "2011-12-31": "6412.00000", "2010-12-31": "6329.00000", "2009-12-31": "5995.00000", "2008-12-31": ""}, "Other Operating Income Or Expenses": {"2020-12-31": "-9173.00000", "2019-12-31": "-333.00000", "2018-12-31": "598.00000", "2017-12-31": "636.00000", "2016-12-31": "-244.00000", "2015-12-31": "-615.00000", "2014-12-31": "-220.00000", "2013-12-31": "-263.00000", "2012-12-31": "-31.00000", "2011-12-31": "-1795.00000", "2010-12-31": "-2475.00000", "2009-12-31": "-1208.00000", "2008-12-31": ""}, "Operating Expenses": {"2020-12-31": "82026.00000", "2019-12-31": "118373.00000", "2018-12-31": "90933.00000", "2017-12-31": "70715.00000", "2016-12-31": "60953.00000", "2015-12-31": "67359.00000", "2014-12-31": "93766.00000", "2013-12-31": "96735.00000", "2012-12-31": "76896.00000", "2011-12-31": "74893.00000", "2010-12-31": "61476.00000", "2009-12-31": "44876.00000", "2008-12-31": ""}, "Operating Income": {"2020-12-31": "-12247.00000", "2019-12-31": "5576.00000", "2018-12-31": "5571.00000", "2017-12-31": "4018.00000", "2016-12-31": "2386.00000", "2015-12-31": "4692.00000", "2014-12-31": "4051.00000", "2013-12-31": "3425.00000", "2012-12-31": "5347.00000", "2011-12-31": "3745.00000", "2010-12-31": "1011.00000", "2009-12-31": "654.00000", "2008-12-31": "65258.00000"}, "Total Non-Operating Income/Expense": {"2020-12-31": "-1365.00000", "2019-12-31": "-1247.00000", "2018-12-31": "-1003.00000", "2017-12-31": "-674.00000", "2016-12-31": "-564.00000", "2015-12-31": "-318.00000", "2014-12-31": "-216.00000", "2013-12-31": "-179.00000", "2012-12-31": "-109.00000", "2011-12-31": "-26.00000", "2010-12-31": "12.00000", "2009-12-31": "31.00000", "2008-12-31": ""}, "Pre-Tax Income": {"2020-12-31": "-13612.00000", "2019-12-31": "4329.00000", "2018-12-31": "4568.00000", "2017-12-31": "3344.00000", "2016-12-31": "1822.00000", "2015-12-31": "4374.00000", "2014-12-31": "3835.00000", "2013-12-31": "3246.00000", "2012-12-31": "5238.00000", "2011-12-31": "3719.00000", "2010-12-31": "1023.00000", "2009-12-31": "685.00000", "2008-12-31": "65258.00000"}, "Income Taxes": {"2020-12-31": "-2337.00000", "2019-12-31": "1074.00000", "2018-12-31": "962.00000", "2017-12-31": "-460.00000", "2016-12-31": "609.00000", "2015-12-31": "1506.00000", "2014-12-31": "1280.00000", "2013-12-31": "1113.00000", "2012-12-31": "1845.00000", "2011-12-31": "1330.00000", "2010-12-31": "400.00000", "2009-12-31": "236.00000", "2008-12-31": ""}, "Income After Taxes": {"2020-12-31": "-11275.00000", "2019-12-31": "3255.00000", "2018-12-31": "3606.00000", "2017-12-31": "3804.00000", "2016-12-31": "1213.00000", "2015-12-31": "2868.00000", "2014-12-31": "2555.00000", "2013-12-31": "2133.00000", "2012-12-31": "3393.00000", "2011-12-31": "2389.00000", "2010-12-31": "623.00000", "2009-12-31": "449.00000", "2008-12-31": "65258.00000"}, "Other Income": {"2020-12-31": "", "2019-12-31": "", "2018-12-31": "", "2017-12-31": "", "2016-12-31": "", "2015-12-31": "", "2014-12-31": "", "2013-12-31": "", "2012-12-31": "", "2011-12-31": "", "2010-12-31": "", "2009-12-31": "", "2008-12-31": ""}, "Income From Continuous Operations": {"2020-12-31": "-11275.00000", "2019-12-31": "3255.00000", "2018-12-31": "3606.00000", "2017-12-31": "3804.00000", "2016-12-31": "1213.00000", "2015-12-31": "2868.00000", "2014-12-31": "2555.00000", "2013-12-31": "2133.00000", "2012-12-31": "3393.00000", "2011-12-31": "2389.00000", "2010-12-31": "623.00000", "2009-12-31": "449.00000", "2008-12-31": "1215.00000"}, "Income From Discontinued Operations": {"2020-12-31": "1205.00000", "2019-12-31": "", "2018-12-31": "", "2017-12-31": "", "2016-12-31": "", "2015-12-31": "", "2014-12-31": "", "2013-12-31": "", "2012-12-31": "", "2011-12-31": "", "2010-12-31": "", "2009-12-31": "", "2008-12-31": "0.00000"}, "Net Income": {"2020-12-31": "-9919.00000", "2019-12-31": "2637.00000", "2018-12-31": "2780.00000", "2017-12-31": "3432.00000", "2016-12-31": "1174.00000", "2015-12-31": "2852.00000", "2014-12-31": "2524.00000", "2013-12-31": "2108.00000", "2012-12-31": "3383.00000", "2011-12-31": "2385.00000", "2010-12-31": "622.00000", "2009-12-31": "449.00000", "2008-12-31": "1215.00000"}, "EBITDA": {"2020-12-31": "-12247.00000", "2019-12-31": "9247.00000", "2018-12-31": "8131.00000", "2017-12-31": "6196.00000", "2016-12-31": "4448.00000", "2015-12-31": "6210.00000", "2014-12-31": "5404.00000", "2013-12-31": "4645.00000", "2012-12-31": "6342.00000", "2011-12-31": "4636.00000", "2010-12-31": "1952.00000", "2009-12-31": "1324.00000", "2008-12-31": "65258.00000"}, "EBIT": {"2020-12-31": "-12247.00000", "2019-12-31": "5576.00000", "2018-12-31": "5571.00000", "2017-12-31": "4018.00000", "2016-12-31": "2386.00000", "2015-12-31": "4692.00000", "2014-12-31": "4051.00000", "2013-12-31": "3425.00000", "2012-12-31": "5347.00000", "2011-12-31": "3745.00000", "2010-12-31": "1011.00000", "2009-12-31": "654.00000", "2008-12-31": "65258.00000"}, "Basic Shares Outstanding": {"2020-12-31": "649.00000", "2019-12-31": "659.00000", "2018-12-31": "518.00000", "2017-12-31": "507.00000", "2016-12-31": "528.00000", "2015-12-31": "538.00000", "2014-12-31": "570.00000", "2013-12-31": "630.00000", "2012-12-31": "680.00000", "2011-12-31": "712.00000", "2010-12-31": "712.00000", "2009-12-31": "712.00000", "2008-12-31": ""}, "Shares Outstanding": {"2020-12-31": "649.00000", "2019-12-31": "664.00000", "2018-12-31": "526.00000", "2017-12-31": "512.00000", "2016-12-31": "530.00000", "2015-12-31": "542.00000", "2014-12-31": "574.00000", "2013-12-31": "634.00000", "2012-12-31": "684.00000", "2011-12-31": "714.00000", "2010-12-31": "716.00000", "2009-12-31": "716.00000", "2008-12-31": ""}, "Basic EPS": {"2020-12-31": "-15.28000", "2019-12-31": "4.00000", "2018-12-31": "5.36000", "2017-12-31": "6.76000", "2016-12-31": "2.22000", "2015-12-31": "5.29000", "2014-12-31": "4.42000", "2013-12-31": "3.34000", "2012-12-31": "4.97500", "2011-12-31": "3.35000", "2010-12-31": "0.87500", "2009-12-31": "0.63000", "2008-12-31": ""}, "EPS - Earnings Per Share": {"2020-12-31": "-15.28000", "2019-12-31": "3.97000", "2018-12-31": "5.28000", "2017-12-31": "6.70000", "2016-12-31": "2.21000", "2015-12-31": "5.26000", "2014-12-31": "4.39000", "2013-12-31": "3.32000", "2012-12-31": "4.94500", "2011-12-31": "3.33500", "2010-12-31": "0.87000", "2009-12-31": "0.62500", "2008-12-31": "0.00000"}}, "income statement, quarterly": {"Revenue": {"2020-12-31": "17972.00000", "2020-09-30": "17408.00000", "2020-06-30": "15024.00000", "2020-03-31": "25215.00000", "2019-12-31": "34615.00000", "2019-09-30": "27552.00000", "2019-06-30": "33529.00000", "2019-03-31": "28253.00000", "2018-12-31": "32333.00000", "2018-09-30": "22988.00000", "2018-06-30": "22317.00000", "2018-03-31": "18866.00000", "2017-12-31": "21055.00000", "2017-09-30": "19210.00000", "2017-06-30": "18180.00000", "2017-03-31": "16288.00000", "2016-12-31": "17155.00000", "2016-09-30": "16618.00000", "2016-06-30": "16811.00000", "2016-03-31": "12755.00000", "2015-12-31": "15607.00000", "2015-09-30": "18716.00000", "2015-06-30": "20537.00000", "2015-03-31": "17191.00000", "2014-12-31": "22250.00000", "2014-09-30": "25438.00000", "2014-06-30": "26844.00000", "2014-03-31": "23285.00000", "2013-12-31": "24897.00000", "2013-09-30": "26256.00000", "2013-06-30": "25677.00000", "2013-03-31": "23330.00000", "2012-12-31": "20686.00000", "2012-09-30": "21049.00000", "2012-06-30": "20243.00000", "2012-03-31": "20265.00000", "2011-12-31": "19420.00000", "2011-09-30": "20616.00000", "2011-06-30": "20760.00000", "2011-03-31": "17842.00000", "2010-12-31": "", "2010-09-30": "15897.00000", "2010-06-30": "15795.00000", "2009-12-31": ""}, "Cost Of Goods Sold": {"2020-12-31": "17216.00000", "2020-09-30": "16673.00000", "2020-06-30": "13777.00000", "2020-03-31": "22821.00000", "2019-12-31": "30256.00000", "2019-09-30": "24345.00000", "2019-06-30": "29682.00000", "2019-03-31": "25960.00000", "2018-12-31": "28435.00000", "2018-09-30": "20606.00000", "2018-06-30": "19655.00000", "2018-03-31": "17370.00000", "2017-12-31": "19425.00000", "2017-09-30": "16617.00000", "2017-06-30": "16101.00000", "2017-03-31": "14946.00000", "2016-12-31": "21201.00000", "2016-09-30": "12944.00000", "2016-06-30": "12830.00000", "2016-03-31": "9701.00000", "2015-12-31": "12008.00000", "2015-09-30": "14165.00000", "2015-06-30": "16366.00000", "2015-03-31": "13044.00000", "2014-12-31": "18199.00000", "2014-09-30": "21935.00000", "2014-06-30": "23096.00000", "2014-03-31": "20540.00000", "2013-12-31": "21494.00000", "2013-09-30": "23553.00000", "2013-06-30": "22320.00000", "2013-03-31": "20034.00000", "2012-12-31": "17345.00000", "2012-09-30": "17202.00000", "2012-06-30": "16800.00000", "2012-03-31": "17321.00000", "2011-12-31": "17688.00000", "2011-09-30": "16896.00000", "2011-06-30": "16654.00000", "2011-03-31": "14557.00000", "2010-12-31": "", "2010-09-30": "12903.00000", "2010-06-30": "12792.00000", "2009-12-31": ""}, "Gross Profit": {"2020-12-31": "756.00000", "2020-09-30": "735.00000", "2020-06-30": "1247.00000", "2020-03-31": "2394.00000", "2019-12-31": "4359.00000", "2019-09-30": "3207.00000", "2019-06-30": "3847.00000", "2019-03-31": "2293.00000", "2018-12-31": "3898.00000", "2018-09-30": "2382.00000", "2018-06-30": "2662.00000", "2018-03-31": "1496.00000", "2017-12-31": "1630.00000", "2017-09-30": "2593.00000", "2017-06-30": "2079.00000", "2017-03-31": "1342.00000", "2016-12-31": "-4046.00000", "2016-09-30": "3674.00000", "2016-06-30": "3981.00000", "2016-03-31": "3054.00000", "2015-12-31": "3599.00000", "2015-09-30": "4551.00000", "2015-06-30": "4171.00000", "2015-03-31": "4147.00000", "2014-12-31": "4051.00000", "2014-09-30": "3503.00000", "2014-06-30": "3748.00000", "2014-03-31": "2745.00000", "2013-12-31": "3403.00000", "2013-09-30": "2703.00000", "2013-06-30": "3357.00000", "2013-03-31": "3296.00000", "2012-12-31": "3341.00000", "2012-09-30": "3847.00000", "2012-06-30": "3443.00000", "2012-03-31": "2944.00000", "2011-12-31": "1732.00000", "2011-09-30": "3720.00000", "2011-06-30": "4106.00000", "2011-03-31": "3285.00000", "2010-12-31": "", "2010-09-30": "2994.00000", "2010-06-30": "3003.00000", "2009-12-31": ""}, "Research And Development Expenses": {"2020-12-31": "", "2020-09-30": "", "2020-06-30": "", "2020-03-31": "", "2019-12-31": "", "2019-09-30": "", "2019-06-30": "", "2019-03-31": "", "2018-12-31": "", "2018-09-30": "", "2018-06-30": "", "2018-03-31": "", "2017-12-31": "", "2017-09-30": "", "2017-06-30": "", "2017-03-31": "", "2016-12-31": "", "2016-09-30": "", "2016-06-30": "", "2016-03-31": "", "2015-12-31": "", "2015-09-30": "", "2015-06-30": "", "2015-03-31": "", "2014-12-31": "", "2014-09-30": "", "2014-06-30": "", "2014-03-31": "", "2013-12-31": "", "2013-09-30": "", "2013-06-30": "", "2013-03-31": "", "2012-12-31": "", "2012-09-30": "", "2012-06-30": "", "2012-03-31": "", "2011-12-31": "", "2011-09-30": "", "2011-06-30": "", "2011-03-31": "", "2010-12-31": "", "2010-09-30": "", "2010-06-30": "", "2009-12-31": ""}, "SG&A Expenses": {"2020-12-31": "752.00000", "2020-09-30": "851.00000", "2020-06-30": "960.00000", "2020-03-31": "1072.00000", "2019-12-31": "1144.00000", "2019-09-30": "902.00000", "2019-06-30": "1060.00000", "2019-03-31": "1053.00000", "2018-12-31": "1356.00000", "2018-09-30": "568.00000", "2018-06-30": "546.00000", "2018-03-31": "505.00000", "2017-12-31": "523.00000", "2017-09-30": "527.00000", "2017-06-30": "600.00000", "2017-03-31": "498.00000", "2016-12-31": "-5132.00000", "2016-09-30": "2446.00000", "2016-06-30": "2405.00000", "2016-03-31": "2313.00000", "2015-12-31": "2461.00000", "2015-09-30": "2475.00000", "2015-06-30": "2436.00000", "2015-03-31": "2287.00000", "2014-12-31": "2422.00000", "2014-09-30": "2050.00000", "2014-06-30": "2013.00000", "2014-03-31": "1965.00000", "2013-12-31": "1995.00000", "2013-09-30": "2018.00000", "2013-06-30": "2042.00000", "2013-03-31": "1796.00000", "2012-12-31": "1818.00000", "2012-09-30": "1822.00000", "2012-06-30": "1857.00000", "2012-03-31": "1705.00000", "2011-12-31": "1611.00000", "2011-09-30": "1691.00000", "2011-06-30": "1616.00000", "2011-03-31": "1494.00000", "2010-12-31": "", "2010-09-30": "1636.00000", "2010-06-30": "1599.00000", "2009-12-31": ""}, "Other Operating Income Or Expenses": {"2020-12-31": "1254.00000", "2020-09-30": "237.00000", "2020-06-30": "1629.00000", "2020-03-31": "-12177.00000", "2019-12-31": "-958.00000", "2019-09-30": "136.00000", "2019-06-30": "141.00000", "2019-03-31": "348.00000", "2018-12-31": "349.00000", "2018-09-30": "144.00000", "2018-06-30": "128.00000", "2018-03-31": "-23.00000", "2017-12-31": "601.00000", "2017-09-30": "28.00000", "2017-06-30": "24.00000", "2017-03-31": "-17.00000", "2016-12-31": "-21.00000", "2016-09-30": "-286.00000", "2016-06-30": "239.00000", "2016-03-31": "-176.00000", "2015-12-31": "-387.00000", "2015-09-30": "-163.00000", "2015-06-30": "-38.00000", "2015-03-31": "-27.00000", "2014-12-31": "-11.00000", "2014-09-30": "-69.00000", "2014-06-30": "-41.00000", "2014-03-31": "-99.00000", "2013-12-31": "-68.00000", "2013-09-30": "-85.00000", "2013-06-30": "-53.00000", "2013-03-31": "-57.00000", "2012-12-31": "-51.00000", "2012-09-30": "116.00000", "2012-06-30": "-43.00000", "2012-03-31": "-53.00000", "2011-12-31": "-49.00000", "2011-09-30": "-43.00000", "2011-06-30": "-947.00000", "2011-03-31": "-756.00000", "2010-12-31": "", "2010-09-30": "-681.00000", "2010-06-30": "-499.00000", "2009-12-31": ""}, "Operating Expenses": {"2020-12-31": "17582.00000", "2020-09-30": "18465.00000", "2020-06-30": "14043.00000", "2020-03-31": "37032.00000", "2019-12-31": "33430.00000", "2019-09-30": "25872.00000", "2019-06-30": "31487.00000", "2019-03-31": "27584.00000", "2018-12-31": "30316.00000", "2018-09-30": "21585.00000", "2018-06-30": "20606.00000", "2018-03-31": "18426.00000", "2017-12-31": "19887.00000", "2017-09-30": "17633.00000", "2017-06-30": "17198.00000", "2017-03-31": "15997.00000", "2016-12-31": "16594.00000", "2016-09-30": "16183.00000", "2016-06-30": "15496.00000", "2016-03-31": "12680.00000", "2015-12-31": "15269.00000", "2015-09-30": "17167.00000", "2015-06-30": "19202.00000", "2015-03-31": "15721.00000", "2014-12-31": "20991.00000", "2014-09-30": "24376.00000", "2014-06-30": "25475.00000", "2014-03-31": "22924.00000", "2013-12-31": "23889.00000", "2013-09-30": "25955.00000", "2013-06-30": "24717.00000", "2013-03-31": "22174.00000", "2012-12-31": "19497.00000", "2012-09-30": "19154.00000", "2012-06-30": "18936.00000", "2012-03-31": "19309.00000", "2011-12-31": "19578.00000", "2011-09-30": "18857.00000", "2011-06-30": "19435.00000", "2011-03-31": "17023.00000", "2010-12-31": "", "2010-09-30": "15454.00000", "2010-06-30": "15159.00000", "2009-12-31": ""}, "Operating Income": {"2020-12-31": "390.00000", "2020-09-30": "-1057.00000", "2020-06-30": "981.00000", "2020-03-31": "-11817.00000", "2019-12-31": "1185.00000", "2019-09-30": "1680.00000", "2019-06-30": "2042.00000", "2019-03-31": "669.00000", "2018-12-31": "2017.00000", "2018-09-30": "1403.00000", "2018-06-30": "1711.00000", "2018-03-31": "440.00000", "2017-12-31": "1168.00000", "2017-09-30": "1577.00000", "2017-06-30": "982.00000", "2017-03-31": "291.00000", "2016-12-31": "561.00000", "2016-09-30": "435.00000", "2016-06-30": "1315.00000", "2016-03-31": "75.00000", "2015-12-31": "338.00000", "2015-09-30": "1549.00000", "2015-06-30": "1335.00000", "2015-03-31": "1470.00000", "2014-12-31": "1259.00000", "2014-09-30": "1062.00000", "2014-06-30": "1369.00000", "2014-03-31": "361.00000", "2013-12-31": "1008.00000", "2013-09-30": "301.00000", "2013-06-30": "960.00000", "2013-03-31": "1156.00000", "2012-12-31": "1189.00000", "2012-09-30": "1895.00000", "2012-06-30": "1307.00000", "2012-03-31": "956.00000", "2011-12-31": "-158.00000", "2011-09-30": "1759.00000", "2011-06-30": "1325.00000", "2011-03-31": "819.00000", "2010-12-31": "", "2010-09-30": "443.00000", "2010-06-30": "636.00000", "2009-12-31": ""}, "Total Non-Operating Income/Expense": {"2020-12-31": "-333.00000", "2020-09-30": "-359.00000", "2020-06-30": "-345.00000", "2020-03-31": "-338.00000", "2019-12-31": "-307.00000", "2019-09-30": "-312.00000", "2019-06-30": "-322.00000", "2019-03-31": "-306.00000", "2018-12-31": "-385.00000", "2018-09-30": "-240.00000", "2018-06-30": "-195.00000", "2018-03-31": "-183.00000", "2017-12-31": "-209.00000", "2017-09-30": "-158.00000", "2017-06-30": "-158.00000", "2017-03-31": "-149.00000", "2016-12-31": "-144.00000", "2016-09-30": "-141.00000", "2016-06-30": "-137.00000", "2016-03-31": "-142.00000", "2015-12-31": "-103.00000", "2015-09-30": "-70.00000", "2015-06-30": "-64.00000", "2015-03-31": "-81.00000", "2014-12-31": "-72.00000", "2014-09-30": "-50.00000", "2014-06-30": "-48.00000", "2014-03-31": "-46.00000", "2013-12-31": "-39.00000", "2013-09-30": "-47.00000", "2013-06-30": "-45.00000", "2013-03-31": "-48.00000", "2012-12-31": "-45.00000", "2012-09-30": "-25.00000", "2012-06-30": "-17.00000", "2012-03-31": "-22.00000", "2011-12-31": "-22.00000", "2011-09-30": "-15.00000", "2011-06-30": "8.00000", "2011-03-31": "3.00000", "2010-12-31": "", "2010-09-30": "-4.00000", "2010-06-30": "4.00000", "2009-12-31": ""}, "Pre-Tax Income": {"2020-12-31": "57.00000", "2020-09-30": "-1416.00000", "2020-06-30": "636.00000", "2020-03-31": "-12155.00000", "2019-12-31": "878.00000", "2019-09-30": "1368.00000", "2019-06-30": "1720.00000", "2019-03-31": "363.00000", "2018-12-31": "1632.00000", "2018-09-30": "1163.00000", "2018-06-30": "1516.00000", "2018-03-31": "257.00000", "2017-12-31": "959.00000", "2017-09-30": "1419.00000", "2017-06-30": "824.00000", "2017-03-31": "142.00000", "2016-12-31": "417.00000", "2016-09-30": "294.00000", "2016-06-30": "1178.00000", "2016-03-31": "-67.00000", "2015-12-31": "235.00000", "2015-09-30": "1479.00000", "2015-06-30": "1271.00000", "2015-03-31": "1389.00000", "2014-12-31": "1187.00000", "2014-09-30": "1012.00000", "2014-06-30": "1321.00000", "2014-03-31": "315.00000", "2013-12-31": "969.00000", "2013-09-30": "254.00000", "2013-06-30": "915.00000", "2013-03-31": "1108.00000", "2012-12-31": "1144.00000", "2012-09-30": "1870.00000", "2012-06-30": "1290.00000", "2012-03-31": "934.00000", "2011-12-31": "-180.00000", "2011-09-30": "1744.00000", "2011-06-30": "1333.00000", "2011-03-31": "822.00000", "2010-12-31": "", "2010-09-30": "439.00000", "2010-06-30": "640.00000", "2009-12-31": ""}, "Income Taxes": {"2020-12-31": "-100.00000", "2020-09-30": "-436.00000", "2020-06-30": "360.00000", "2020-03-31": "-1937.00000", "2019-12-31": "362.00000", "2019-09-30": "255.00000", "2019-06-30": "353.00000", "2019-03-31": "104.00000", "2018-12-31": "437.00000", "2018-09-30": "222.00000", "2018-06-30": "281.00000", "2018-03-31": "22.00000", "2017-12-31": "-1166.00000", "2017-09-30": "415.00000", "2017-06-30": "250.00000", "2017-03-31": "41.00000", "2016-12-31": "128.00000", "2016-09-30": "75.00000", "2016-06-30": "395.00000", "2016-03-31": "11.00000", "2015-12-31": "67.00000", "2015-09-30": "521.00000", "2015-06-30": "432.00000", "2015-03-31": "486.00000", "2014-12-31": "382.00000", "2014-09-30": "333.00000", "2014-06-30": "457.00000", "2014-03-31": "108.00000", "2013-12-31": "338.00000", "2013-09-30": "81.00000", "2013-06-30": "316.00000", "2013-03-31": "378.00000", "2012-12-31": "385.00000", "2012-09-30": "646.00000", "2012-06-30": "476.00000", "2012-03-31": "338.00000", "2011-12-31": "-105.00000", "2011-09-30": "611.00000", "2011-06-30": "531.00000", "2011-03-31": "293.00000", "2010-12-31": "", "2010-09-30": "162.00000", "2010-06-30": "235.00000", "2009-12-31": ""}, "Income After Taxes": {"2020-12-31": "157.00000", "2020-09-30": "-980.00000", "2020-06-30": "276.00000", "2020-03-31": "-10218.00000", "2019-12-31": "516.00000", "2019-09-30": "1113.00000", "2019-06-30": "1367.00000", "2019-03-31": "259.00000", "2018-12-31": "1195.00000", "2018-09-30": "941.00000", "2018-06-30": "1235.00000", "2018-03-31": "235.00000", "2017-12-31": "2125.00000", "2017-09-30": "1004.00000", "2017-06-30": "574.00000", "2017-03-31": "101.00000", "2016-12-31": "289.00000", "2016-09-30": "219.00000", "2016-06-30": "783.00000", "2016-03-31": "-78.00000", "2015-12-31": "168.00000", "2015-09-30": "958.00000", "2015-06-30": "839.00000", "2015-03-31": "903.00000", "2014-12-31": "805.00000", "2014-09-30": "679.00000", "2014-06-30": "864.00000", "2014-03-31": "207.00000", "2013-12-31": "631.00000", "2013-09-30": "173.00000", "2013-06-30": "599.00000", "2013-03-31": "730.00000", "2012-12-31": "759.00000", "2012-09-30": "1224.00000", "2012-06-30": "814.00000", "2012-03-31": "596.00000", "2011-12-31": "-75.00000", "2011-09-30": "1133.00000", "2011-06-30": "802.00000", "2011-03-31": "529.00000", "2010-12-31": "", "2010-09-30": "277.00000", "2010-06-30": "405.00000", "2009-12-31": ""}, "Other Income": {"2020-12-31": "", "2020-09-30": "", "2020-06-30": "", "2020-03-31": "", "2019-12-31": "", "2019-09-30": "", "2019-06-30": "", "2019-03-31": "", "2018-12-31": "", "2018-09-30": "", "2018-06-30": "", "2018-03-31": "", "2017-12-31": "", "2017-09-30": "", "2017-06-30": "", "2017-03-31": "", "2016-12-31": "", "2016-09-30": "", "2016-06-30": "", "2016-03-31": "", "2015-12-31": "", "2015-09-30": "", "2015-06-30": "", "2015-03-31": "", "2014-12-31": "", "2014-09-30": "", "2014-06-30": "", "2014-03-31": "", "2013-12-31": "", "2013-09-30": "", "2013-06-30": "", "2013-03-31": "", "2012-12-31": "", "2012-09-30": "", "2012-06-30": "", "2012-03-31": "", "2011-12-31": "", "2011-09-30": "", "2011-06-30": "", "2011-03-31": "", "2010-12-31": "", "2010-09-30": "", "2010-06-30": "", "2009-12-31": ""}, "Income From Continuous Operations": {"2020-12-31": "157.00000", "2020-09-30": "-980.00000", "2020-06-30": "276.00000", "2020-03-31": "-10218.00000", "2019-12-31": "516.00000", "2019-09-30": "1113.00000", "2019-06-30": "1367.00000", "2019-03-31": "259.00000", "2018-12-31": "1195.00000", "2018-09-30": "941.00000", "2018-06-30": "1235.00000", "2018-03-31": "235.00000", "2017-12-31": "2125.00000", "2017-09-30": "1004.00000", "2017-06-30": "574.00000", "2017-03-31": "101.00000", "2016-12-31": "289.00000", "2016-09-30": "219.00000", "2016-06-30": "783.00000", "2016-03-31": "-78.00000", "2015-12-31": "168.00000", "2015-09-30": "958.00000", "2015-06-30": "839.00000", "2015-03-31": "903.00000", "2014-12-31": "805.00000", "2014-09-30": "679.00000", "2014-06-30": "864.00000", "2014-03-31": "207.00000", "2013-12-31": "631.00000", "2013-09-30": "173.00000", "2013-06-30": "599.00000", "2013-03-31": "730.00000", "2012-12-31": "759.00000", "2012-09-30": "1224.00000", "2012-06-30": "814.00000", "2012-03-31": "596.00000", "2011-12-31": "-75.00000", "2011-09-30": "1133.00000", "2011-06-30": "802.00000", "2011-03-31": "529.00000", "2010-12-31": "", "2010-09-30": "277.00000", "2010-06-30": "405.00000", "2009-12-31": ""}, "Income From Discontinued Operations": {"2020-12-31": "324.00000", "2020-09-30": "371.00000", "2020-06-30": "", "2020-03-31": "", "2019-12-31": "", "2019-09-30": "254.00000", "2019-06-30": "", "2019-03-31": "", "2018-12-31": "", "2018-09-30": "", "2018-06-30": "", "2018-03-31": "", "2017-12-31": "", "2017-09-30": "", "2017-06-30": "", "2017-03-31": "", "2016-12-31": "", "2016-09-30": "", "2016-06-30": "", "2016-03-31": "", "2015-12-31": "", "2015-09-30": "", "2015-06-30": "", "2015-03-31": "", "2014-12-31": "", "2014-09-30": "", "2014-06-30": "", "2014-03-31": "", "2013-12-31": "", "2013-09-30": "", "2013-06-30": "", "2013-03-31": "", "2012-12-31": "", "2012-09-30": "", "2012-06-30": "", "2012-03-31": "", "2011-12-31": "", "2011-09-30": "", "2011-06-30": "", "2011-03-31": "", "2010-12-31": "", "2010-09-30": "", "2010-06-30": "", "2009-12-31": ""}, "Net Income": {"2020-12-31": "192.00000", "2020-09-30": "-886.00000", "2020-06-30": "9.00000", "2020-03-31": "-9234.00000", "2019-12-31": "443.00000", "2019-09-30": "1095.00000", "2019-06-30": "1106.00000", "2019-03-31": "-7.00000", "2018-12-31": "951.00000", "2018-09-30": "737.00000", "2018-06-30": "1055.00000", "2018-03-31": "37.00000", "2017-12-31": "2016.00000", "2017-09-30": "903.00000", "2017-06-30": "483.00000", "2017-03-31": "30.00000", "2016-12-31": "227.00000", "2016-09-30": "145.00000", "2016-06-30": "801.00000", "2016-03-31": "1.00000", "2015-12-31": "187.00000", "2015-09-30": "948.00000", "2015-06-30": "826.00000", "2015-03-31": "891.00000", "2014-12-31": "799.00000", "2014-09-30": "672.00000", "2014-06-30": "854.00000", "2014-03-31": "199.00000", "2013-12-31": "622.00000", "2013-09-30": "168.00000", "2013-06-30": "593.00000", "2013-03-31": "725.00000", "2012-12-31": "749.00000", "2012-09-30": "1224.00000", "2012-06-30": "814.00000", "2012-03-31": "596.00000", "2011-12-31": "-77.00000", "2011-09-30": "1131.00000", "2011-06-30": "802.00000", "2011-03-31": "529.00000", "2010-12-31": "", "2010-09-30": "277.00000", "2010-06-30": "405.00000", "2009-12-31": ""}, "EBITDA": {"2020-12-31": "", "2020-09-30": "-409.00000", "2020-06-30": "1932.00000", "2020-03-31": "-10841.00000", "2019-12-31": "2462.00000", "2019-09-30": "2260.00000", "2019-06-30": "2937.00000", "2019-03-31": "1588.00000", "2018-12-31": "2910.00000", "2018-09-30": "1974.00000", "2018-06-30": "2261.00000", "2018-03-31": "986.00000", "2017-12-31": "1726.00000", "2017-09-30": "2110.00000", "2017-06-30": "1518.00000", "2017-03-31": "842.00000", "2016-12-31": "1079.00000", "2016-09-30": "960.00000", "2016-06-30": "1829.00000", "2016-03-31": "580.00000", "2015-12-31": "758.00000", "2015-09-30": "1915.00000", "2015-06-30": "1704.00000", "2015-03-31": "1833.00000", "2014-12-31": "1645.00000", "2014-09-30": "1384.00000", "2014-06-30": "1694.00000", "2014-03-31": "681.00000", "2013-12-31": "1340.00000", "2013-09-30": "600.00000", "2013-06-30": "1262.00000", "2013-03-31": "1443.00000", "2012-12-31": "1472.00000", "2012-09-30": "2141.00000", "2012-06-30": "1543.00000", "2012-03-31": "1186.00000", "2011-12-31": "72.00000", "2011-09-30": "1986.00000", "2011-06-30": "1543.00000", "2011-03-31": "1035.00000", "2010-12-31": "", "2010-09-30": "677.00000", "2010-06-30": "636.00000", "2009-12-31": ""}, "EBIT": {"2020-12-31": "390.00000", "2020-09-30": "-1057.00000", "2020-06-30": "981.00000", "2020-03-31": "-11817.00000", "2019-12-31": "1185.00000", "2019-09-30": "1680.00000", "2019-06-30": "2042.00000", "2019-03-31": "669.00000", "2018-12-31": "2017.00000", "2018-09-30": "1403.00000", "2018-06-30": "1711.00000", "2018-03-31": "440.00000", "2017-12-31": "1168.00000", "2017-09-30": "1577.00000", "2017-06-30": "982.00000", "2017-03-31": "291.00000", "2016-12-31": "561.00000", "2016-09-30": "435.00000", "2016-06-30": "1315.00000", "2016-03-31": "75.00000", "2015-12-31": "338.00000", "2015-09-30": "1549.00000", "2015-06-30": "1335.00000", "2015-03-31": "1470.00000", "2014-12-31": "1259.00000", "2014-09-30": "1062.00000", "2014-06-30": "1369.00000", "2014-03-31": "361.00000", "2013-12-31": "1008.00000", "2013-09-30": "301.00000", "2013-06-30": "960.00000", "2013-03-31": "1156.00000", "2012-12-31": "1189.00000", "2012-09-30": "1895.00000", "2012-06-30": "1307.00000", "2012-03-31": "956.00000", "2011-12-31": "-158.00000", "2011-09-30": "1759.00000", "2011-06-30": "1325.00000", "2011-03-31": "819.00000", "2010-12-31": "", "2010-09-30": "443.00000", "2010-06-30": "636.00000", "2009-12-31": ""}, "Basic Shares Outstanding": {"2020-12-31": "650.00000", "2020-09-30": "650.00000", "2020-06-30": "650.00000", "2020-03-31": "648.00000", "2019-12-31": "659.00000", "2019-09-30": "656.00000", "2019-06-30": "662.00000", "2019-03-31": "673.00000", "2018-12-31": "518.00000", "2018-09-30": "451.00000", "2018-06-30": "459.00000", "2018-03-31": "476.00000", "2017-12-31": "507.00000", "2017-09-30": "504.00000", "2017-06-30": "513.00000", "2017-03-31": "525.00000", "2016-12-31": "528.00000", "2016-09-30": "527.00000", "2016-06-30": "528.00000", "2016-03-31": "529.00000", "2015-12-31": "538.00000", "2015-09-30": "535.00000", "2015-06-30": "541.00000", "2015-03-31": "545.00000", "2014-12-31": "570.00000", "2014-09-30": "565.00000", "2014-06-30": "574.00000", "2014-03-31": "586.00000", "2013-12-31": "630.00000", "2013-09-30": "618.00000", "2013-06-30": "644.00000", "2013-03-31": "662.00000", "2012-12-31": "680.00000", "2012-09-30": "676.00000", "2012-06-30": "680.00000", "2012-03-31": "696.00000", "2011-12-31": "712.00000", "2011-09-30": "712.00000", "2011-06-30": "712.00000", "2011-03-31": "712.00000", "2010-12-31": "", "2010-09-30": "712.00000", "2010-06-30": "712.00000", "2009-12-31": ""}, "Shares Outstanding": {"2020-12-31": "650.00000", "2020-09-30": "650.00000", "2020-06-30": "653.00000", "2020-03-31": "648.00000", "2019-12-31": "664.00000", "2019-09-30": "660.00000", "2019-06-30": "666.00000", "2019-03-31": "673.00000", "2018-12-31": "526.00000", "2018-09-30": "456.00000", "2018-06-30": "464.00000", "2018-03-31": "480.00000", "2017-12-31": "512.00000", "2017-09-30": "508.00000", "2017-06-30": "517.00000", "2017-03-31": "530.00000", "2016-12-31": "530.00000", "2016-09-30": "530.00000", "2016-06-30": "531.00000", "2016-03-31": "531.00000", "2015-12-31": "542.00000", "2015-09-30": "538.00000", "2015-06-30": "544.00000", "2015-03-31": "549.00000", "2014-12-31": "574.00000", "2014-09-30": "569.00000", "2014-06-30": "578.00000", "2014-03-31": "590.00000", "2013-12-31": "634.00000", "2013-09-30": "622.00000", "2013-06-30": "648.00000", "2013-03-31": "666.00000", "2012-12-31": "684.00000", "2012-09-30": "680.00000", "2012-06-30": "682.00000", "2012-03-31": "700.00000", "2011-12-31": "714.00000", "2011-09-30": "714.00000", "2011-06-30": "716.00000", "2011-03-31": "716.00000", "2010-12-31": "", "2010-09-30": "716.00000", "2010-06-30": "716.00000", "2009-12-31": ""}, "Basic EPS": {"2020-12-31": "0.29000", "2020-09-30": "-1.36000", "2020-06-30": "0.01000", "2020-03-31": "-14.25000", "2019-12-31": "0.67000", "2019-09-30": "1.67000", "2019-06-30": "1.67000", "2019-03-31": "-0.01000", "2018-12-31": "1.35000", "2018-09-30": "1.63000", "2018-06-30": "2.30000", "2018-03-31": "0.08000", "2017-12-31": "3.97000", "2017-09-30": "1.79000", "2017-06-30": "0.94000", "2017-03-31": "0.06000", "2016-12-31": "0.42700", "2016-09-30": "0.28000", "2016-06-30": "1.51000", "2016-03-31": "0.00300", "2015-12-31": "0.37000", "2015-09-30": "1.77000", "2015-06-30": "1.52000", "2015-03-31": "1.63000", "2014-12-31": "1.40000", "2014-09-30": "1.19000", "2014-06-30": "1.49000", "2014-03-31": "0.34000", "2013-12-31": "1.05500", "2013-09-30": "0.27000", "2013-06-30": "0.92000", "2013-03-31": "1.09500", "2012-12-31": "1.12000", "2012-09-30": "1.80500", "2012-06-30": "1.19500", "2012-03-31": "0.85500", "2011-12-31": "-0.11000", "2011-09-30": "1.59000", "2011-06-30": "1.12500", "2011-03-31": "0.74500", "2010-12-31": "", "2010-09-30": "0.39000", "2010-06-30": "0.57000", "2009-12-31": ""}, "EPS - Earnings Per Share": {"2020-12-31": "0.29000", "2020-09-30": "-1.36000", "2020-06-30": "0.01000", "2020-03-31": "-14.25000", "2019-12-31": "0.66000", "2019-09-30": "1.66000", "2019-06-30": "1.66000", "2019-03-31": "-0.01000", "2018-12-31": "1.31000", "2018-09-30": "1.62000", "2018-06-30": "2.27000", "2018-03-31": "0.08000", "2017-12-31": "3.94000", "2017-09-30": "1.77000", "2017-06-30": "0.93000", "2017-03-31": "0.06000", "2016-12-31": "0.42700", "2016-09-30": "0.27000", "2016-06-30": "1.51000", "2016-03-31": "0.00300", "2015-12-31": "0.37000", "2015-09-30": "1.76000", "2015-06-30": "1.51000", "2015-03-31": "1.62000", "2014-12-31": "1.39500", "2014-09-30": "1.18000", "2014-06-30": "1.48000", "2014-03-31": "0.33500", "2013-12-31": "1.05000", "2013-09-30": "0.27000", "2013-06-30": "0.91500", "2013-03-31": "1.08500", "2012-12-31": "1.11000", "2012-09-30": "1.79500", "2012-06-30": "1.19000", "2012-03-31": "0.85000", "2011-12-31": "-0.10500", "2011-09-30": "1.58000", "2011-06-30": "1.12000", "2011-03-31": "0.74000", "2010-12-31": "0.00000", "2010-09-30": "0.38500", "2010-06-30": "0.56500", "2009-12-31": "0.00000"}}, "balance sheet": {"Cash On Hand": {"2020-12-31": "", "2019-12-31": "1527.00000", "2018-12-31": "1687.00000", "2017-12-31": "3011.00000", "2016-12-31": "887.00000", "2015-12-31": "1127.00000", "2014-12-31": "1494.00000", "2013-12-31": "2292.00000", "2012-12-31": "4860.00000", "2011-12-31": "3079.00000", "2010-12-31": "2522.00000", "2009-12-31": "", "2008-12-31": ""}, "Receivables": {"2020-12-31": "", "2019-12-31": "7872.00000", "2018-12-31": "5853.00000", "2017-12-31": "4695.00000", "2016-12-31": "3617.00000", "2015-12-31": "2927.00000", "2014-12-31": "4058.00000", "2013-12-31": "5559.00000", "2012-12-31": "4610.00000", "2011-12-31": "5461.00000", "2010-12-31": "4398.00000", "2009-12-31": "", "2008-12-31": ""}, "Inventory": {"2020-12-31": "", "2019-12-31": "10243.00000", "2018-12-31": "9837.00000", "2017-12-31": "5550.00000", "2016-12-31": "5656.00000", "2015-12-31": "5225.00000", "2014-12-31": "5642.00000", "2013-12-31": "4689.00000", "2012-12-31": "3449.00000", "2011-12-31": "3320.00000", "2010-12-31": "3071.00000", "2009-12-31": "", "2008-12-31": ""}, "Pre-Paid Expenses": {"2020-12-31": "", "2019-12-31": "", "2018-12-31": "", "2017-12-31": "", "2016-12-31": "", "2015-12-31": "", "2014-12-31": "", "2013-12-31": "", "2012-12-31": "", "2011-12-31": "", "2010-12-31": "", "2009-12-31": "", "2008-12-31": ""}, "Other Current Assets": {"2020-12-31": "", "2019-12-31": "528.00000", "2018-12-31": "646.00000", "2017-12-31": "145.00000", "2016-12-31": "241.00000", "2015-12-31": "192.00000", "2014-12-31": "145.00000", "2013-12-31": "197.00000", "2012-12-31": "110.00000", "2011-12-31": "141.00000", "2010-12-31": "65.00000", "2009-12-31": "", "2008-12-31": ""}, "Total Current Assets": {"2020-12-31": "", "2019-12-31": "20170.00000", "2018-12-31": "18023.00000", "2017-12-31": "13401.00000", "2016-12-31": "10401.00000", "2015-12-31": "9471.00000", "2014-12-31": "11339.00000", "2013-12-31": "12737.00000", "2012-12-31": "13029.00000", "2011-12-31": "12001.00000", "2010-12-31": "10056.00000", "2009-12-31": "", "2008-12-31": ""}, "Property, Plant, And Equipment": {"2020-12-31": "", "2019-12-31": "45615.00000", "2018-12-31": "45058.00000", "2017-12-31": "26443.00000", "2016-12-31": "25765.00000", "2015-12-31": "25164.00000", "2014-12-31": "16261.00000", "2013-12-31": "13921.00000", "2012-12-31": "12643.00000", "2011-12-31": "12228.00000", "2010-12-31": "11724.00000", "2009-12-31": "", "2008-12-31": ""}, "Long-Term Investments": {"2020-12-31": "", "2019-12-31": "6898.00000", "2018-12-31": "5898.00000", "2017-12-31": "4787.00000", "2016-12-31": "3827.00000", "2015-12-31": "3622.00000", "2014-12-31": "865.00000", "2013-12-31": "463.00000", "2012-12-31": "321.00000", "2011-12-31": "302.00000", "2010-12-31": "312.00000", "2009-12-31": "", "2008-12-31": ""}, "Goodwill And Intangible Assets": {"2020-12-31": "", "2019-12-31": "20040.00000", "2018-12-31": "20184.00000", "2017-12-31": "3586.00000", "2016-12-31": "3587.00000", "2015-12-31": "4019.00000", "2014-12-31": "1566.00000", "2013-12-31": "938.00000", "2012-12-31": "930.00000", "2011-12-31": "842.00000", "2010-12-31": "837.00000", "2009-12-31": "0.00000", "2008-12-31": ""}, "Other Long-Term Assets": {"2020-12-31": "", "2019-12-31": "3374.00000", "2018-12-31": "3777.00000", "2017-12-31": "830.00000", "2016-12-31": "833.00000", "2015-12-31": "839.00000", "2014-12-31": "394.00000", "2013-12-31": "326.00000", "2012-12-31": "300.00000", "2011-12-31": "372.00000", "2010-12-31": "303.00000", "2009-12-31": "", "2008-12-31": ""}, "Total Long-Term Assets": {"2020-12-31": "", "2019-12-31": "75927.00000", "2018-12-31": "74917.00000", "2017-12-31": "35646.00000", "2016-12-31": "34012.00000", "2015-12-31": "33644.00000", "2014-12-31": "19086.00000", "2013-12-31": "15648.00000", "2012-12-31": "14194.00000", "2011-12-31": "13744.00000", "2010-12-31": "13176.00000", "2009-12-31": "", "2008-12-31": ""}, "Total Assets": {"2020-12-31": "0.00000", "2019-12-31": "98556.00000", "2018-12-31": "92940.00000", "2017-12-31": "49047.00000", "2016-12-31": "44413.00000", "2015-12-31": "43115.00000", "2014-12-31": "30425.00000", "2013-12-31": "28385.00000", "2012-12-31": "27223.00000", "2011-12-31": "25745.00000", "2010-12-31": "23232.00000", "2009-12-31": "0.00000", "2008-12-31": "0.00000"}, "Total Current Liabilities": {"2020-12-31": "", "2019-12-31": "16147.00000", "2018-12-31": "13216.00000", "2017-12-31": "10478.00000", "2016-12-31": "7146.00000", "2015-12-31": "6345.00000", "2014-12-31": "8579.00000", "2013-12-31": "9824.00000", "2012-12-31": "8203.00000", "2011-12-31": "9591.00000", "2010-12-31": "8620.00000", "2009-12-31": "", "2008-12-31": ""}, "Long Term Debt": {"2020-12-31": "", "2019-12-31": "28127.00000", "2018-12-31": "26980.00000", "2017-12-31": "12322.00000", "2016-12-31": "10544.00000", "2015-12-31": "11896.00000", "2014-12-31": "6575.00000", "2013-12-31": "3373.00000", "2012-12-31": "3342.00000", "2011-12-31": "3292.00000", "2010-12-31": "268.00000", "2009-12-31": "", "2008-12-31": ""}, "Other Non-Current Liabilities": {"2020-12-31": "", "2019-12-31": "2908.00000", "2018-12-31": "2827.00000", "2017-12-31": "1765.00000", "2016-12-31": "1659.00000", "2015-12-31": "1914.00000", "2014-12-31": "1867.00000", "2013-12-31": "1552.00000", "2012-12-31": "1523.00000", "2011-12-31": "2047.00000", "2010-12-31": "4733.00000", "2009-12-31": "", "2008-12-31": ""}, "Total Long Term Liabilities": {"2020-12-31": "", "2019-12-31": "40270.00000", "2018-12-31": "35675.00000", "2017-12-31": "17741.00000", "2016-12-31": "17064.00000", "2015-12-31": "17095.00000", "2014-12-31": "10456.00000", "2013-12-31": "7229.00000", "2012-12-31": "6915.00000", "2011-12-31": "6649.00000", "2010-12-31": "6368.00000", "2009-12-31": "", "2008-12-31": ""}, "Total Liabilities": {"2020-12-31": "", "2019-12-31": "56417.00000", "2018-12-31": "48891.00000", "2017-12-31": "28219.00000", "2016-12-31": "24210.00000", "2015-12-31": "23440.00000", "2014-12-31": "19035.00000", "2013-12-31": "17053.00000", "2012-12-31": "15118.00000", "2011-12-31": "16240.00000", "2010-12-31": "14988.00000", "2009-12-31": "0.00000", "2008-12-31": ""}, "Common Stock Net": {"2020-12-31": "", "2019-12-31": "10.00000", "2018-12-31": "10.00000", "2017-12-31": "7.00000", "2016-12-31": "7.00000", "2015-12-31": "7.00000", "2014-12-31": "7.00000", "2013-12-31": "4.00000", "2012-12-31": "4.00000", "2011-12-31": "4.00000", "2010-12-31": "", "2009-12-31": "0.00000", "2008-12-31": ""}, "Retained Earnings (Accumulated Deficit)": {"2020-12-31": "", "2019-12-31": "15990.00000", "2018-12-31": "14755.00000", "2017-12-31": "12864.00000", "2016-12-31": "10206.00000", "2015-12-31": "9752.00000", "2014-12-31": "7515.00000", "2013-12-31": "5507.00000", "2012-12-31": "3880.00000", "2011-12-31": "898.00000", "2010-12-31": "", "2009-12-31": "", "2008-12-31": ""}, "Comprehensive Income": {"2020-12-31": "", "2019-12-31": "-320.00000", "2018-12-31": "-144.00000", "2017-12-31": "-231.00000", "2016-12-31": "-234.00000", "2015-12-31": "-318.00000", "2014-12-31": "-313.00000", "2013-12-31": "-204.00000", "2012-12-31": "-464.00000", "2011-12-31": "-879.00000", "2010-12-31": "-623.00000", "2009-12-31": "", "2008-12-31": ""}, "Other Share Holders Equity": {"2020-12-31": "", "2019-12-31": "", "2018-12-31": "", "2017-12-31": "", "2016-12-31": "", "2015-12-31": "", "2014-12-31": "", "2013-12-31": "", "2012-12-31": "", "2011-12-31": "", "2010-12-31": "", "2009-12-31": "0.00000", "2008-12-31": ""}, "Share Holder Equity": {"2020-12-31": "", "2019-12-31": "42139.00000", "2018-12-31": "44049.00000", "2017-12-31": "20828.00000", "2016-12-31": "20203.00000", "2015-12-31": "19675.00000", "2014-12-31": "11390.00000", "2013-12-31": "11332.00000", "2012-12-31": "12105.00000", "2011-12-31": "9505.00000", "2010-12-31": "8244.00000", "2009-12-31": "0.00000", "2008-12-31": ""}, "Total Liabilities And Share Holders Equity": {"2020-12-31": "", "2019-12-31": "98556.00000", "2018-12-31": "92940.00000", "2017-12-31": "49047.00000", "2016-12-31": "44413.00000", "2015-12-31": "43115.00000", "2014-12-31": "30425.00000", "2013-12-31": "28385.00000", "2012-12-31": "27223.00000", "2011-12-31": "25745.00000", "2010-12-31": "23232.00000", "2009-12-31": "0.00000", "2008-12-31": ""}}, "balance sheet, quarterly": {"Cash On Hand": {"2020-12-31": "", "2020-09-30": "618.00000", "2020-06-30": "1091.00000", "2020-03-31": "1690.00000", "2019-12-31": "1393.00000", "2019-09-30": "1525.00000", "2019-06-30": "1247.00000", "2019-03-31": "877.00000", "2018-12-31": "1687.00000", "2018-09-30": "4992.00000", "2018-06-30": "4999.00000", "2018-03-31": "4653.00000", "2017-12-31": "3011.00000", "2017-09-30": "2088.00000", "2017-06-30": "1450.00000", "2017-03-31": "2167.00000", "2016-12-31": "887.00000", "2016-09-30": "709.00000", "2016-06-30": "1754.00000", "2016-03-31": "308.00000", "2015-12-31": "1127.00000", "2015-09-30": "2044.00000", "2015-06-30": "1881.00000", "2015-03-31": "2078.00000", "2014-12-31": "1494.00000", "2014-09-30": "1854.00000", "2014-06-30": "2125.00000", "2014-03-31": "2166.00000", "2013-12-31": "2292.00000", "2013-09-30": "2018.00000", "2013-06-30": "3069.00000", "2013-03-31": "4737.00000", "2012-12-31": "4860.00000", "2012-09-30": "3387.00000", "2012-06-30": "1895.00000", "2012-03-31": "2205.00000", "2011-12-31": "3079.00000", "2011-09-30": "2957.00000", "2011-06-30": "1622.00000", "2011-03-31": "", "2010-12-31": "", "2010-09-30": "", "2010-06-30": "", "2009-12-31": ""}, "Receivables": {"2020-12-31": "", "2020-09-30": "4911.00000", "2020-06-30": "4361.00000", "2020-03-31": "5583.00000", "2019-12-31": "7233.00000", "2019-09-30": "7461.00000", "2019-06-30": "7603.00000", "2019-03-31": "6893.00000", "2018-12-31": "5853.00000", "2018-09-30": "5408.00000", "2018-06-30": "4919.00000", "2018-03-31": "4613.00000", "2017-12-31": "4695.00000", "2017-09-30": "3900.00000", "2017-06-30": "3259.00000", "2017-03-31": "3284.00000", "2016-12-31": "3617.00000", "2016-09-30": "3136.00000", "2016-06-30": "3199.00000", "2016-03-31": "2602.00000", "2015-12-31": "2927.00000", "2015-09-30": "3124.00000", "2015-06-30": "3876.00000", "2015-03-31": "3364.00000", "2014-12-31": "4058.00000", "2014-09-30": "5271.00000", "2014-06-30": "5725.00000", "2014-03-31": "5420.00000", "2013-12-31": "5559.00000", "2013-09-30": "5593.00000", "2013-06-30": "6163.00000", "2013-03-31": "5509.00000", "2012-12-31": "4610.00000", "2012-09-30": "5101.00000", "2012-06-30": "4708.00000", "2012-03-31": "5867.00000", "2011-12-31": "5461.00000", "2011-09-30": "4914.00000", "2011-06-30": "5042.00000", "2011-03-31": "", "2010-12-31": "", "2010-09-30": "", "2010-06-30": "", "2009-12-31": ""}, "Inventory": {"2020-12-31": "", "2020-09-30": "7403.00000", "2020-06-30": "8086.00000", "2020-03-31": "7445.00000", "2019-12-31": "9804.00000", "2019-09-30": "9696.00000", "2019-06-30": "9088.00000", "2019-03-31": "9833.00000", "2018-12-31": "9837.00000", "2018-09-30": "5339.00000", "2018-06-30": "5485.00000", "2018-03-31": "5111.00000", "2017-12-31": "5550.00000", "2017-09-30": "5493.00000", "2017-06-30": "5548.00000", "2017-03-31": "5392.00000", "2016-12-31": "5656.00000", "2016-09-30": "5524.00000", "2016-06-30": "5209.00000", "2016-03-31": "4983.00000", "2015-12-31": "5225.00000", "2015-09-30": "5556.00000", "2015-06-30": "5540.00000", "2015-03-31": "5437.00000", "2014-12-31": "5642.00000", "2014-09-30": "5608.00000", "2014-06-30": "5621.00000", "2014-03-31": "5689.00000", "2013-12-31": "4689.00000", "2013-09-30": "5714.00000", "2013-06-30": "4830.00000", "2013-03-31": "4879.00000", "2012-12-31": "3449.00000", "2012-09-30": "3889.00000", "2012-06-30": "4030.00000", "2012-03-31": "3352.00000", "2011-12-31": "3320.00000", "2011-09-30": "3615.00000", "2011-06-30": "3679.00000", "2011-03-31": "", "2010-12-31": "", "2010-09-30": "", "2010-06-30": "", "2009-12-31": ""}, "Pre-Paid Expenses": {"2020-12-31": "", "2020-09-30": "", "2020-06-30": "", "2020-03-31": "", "2019-12-31": "", "2019-09-30": "", "2019-06-30": "", "2019-03-31": "", "2018-12-31": "", "2018-09-30": "", "2018-06-30": "", "2018-03-31": "", "2017-12-31": "", "2017-09-30": "", "2017-06-30": "", "2017-03-31": "", "2016-12-31": "", "2016-09-30": "", "2016-06-30": "", "2016-03-31": "", "2015-12-31": "", "2015-09-30": "", "2015-06-30": "", "2015-03-31": "", "2014-12-31": "", "2014-09-30": "", "2014-06-30": "", "2014-03-31": "", "2013-12-31": "", "2013-09-30": "", "2013-06-30": "", "2013-03-31": "", "2012-12-31": "", "2012-09-30": "", "2012-06-30": "", "2012-03-31": "", "2011-12-31": "", "2011-09-30": "", "2011-06-30": "", "2011-03-31": "", "2010-12-31": "", "2010-09-30": "", "2010-06-30": "", "2009-12-31": ""}, "Other Current Assets": {"2020-12-31": "", "2020-09-30": "13268.00000", "2020-06-30": "1105.00000", "2020-03-31": "975.00000", "2019-12-31": "12028.00000", "2019-09-30": "457.00000", "2019-06-30": "458.00000", "2019-03-31": "548.00000", "2018-12-31": "646.00000", "2018-09-30": "134.00000", "2018-06-30": "145.00000", "2018-03-31": "148.00000", "2017-12-31": "145.00000", "2017-09-30": "150.00000", "2017-06-30": "186.00000", "2017-03-31": "199.00000", "2016-12-31": "241.00000", "2016-09-30": "176.00000", "2016-06-30": "142.00000", "2016-03-31": "204.00000", "2015-12-31": "192.00000", "2015-09-30": "137.00000", "2015-06-30": "134.00000", "2015-03-31": "174.00000", "2014-12-31": "145.00000", "2014-09-30": "154.00000", "2014-06-30": "125.00000", "2014-03-31": "173.00000", "2013-12-31": "197.00000", "2013-09-30": "206.00000", "2013-06-30": "190.00000", "2013-03-31": "172.00000", "2012-12-31": "110.00000", "2012-09-30": "139.00000", "2012-06-30": "73.00000", "2012-03-31": "156.00000", "2011-12-31": "141.00000", "2011-09-30": "183.00000", "2011-06-30": "170.00000", "2011-03-31": "", "2010-12-31": "", "2010-09-30": "", "2010-06-30": "", "2009-12-31": ""}, "Total Current Assets": {"2020-12-31": "", "2020-09-30": "26200.00000", "2020-06-30": "14643.00000", "2020-03-31": "15693.00000", "2019-12-31": "30458.00000", "2019-09-30": "19139.00000", "2019-06-30": "18396.00000", "2019-03-31": "18151.00000", "2018-12-31": "18023.00000", "2018-09-30": "15873.00000", "2018-06-30": "15548.00000", "2018-03-31": "14525.00000", "2017-12-31": "13401.00000", "2017-09-30": "11631.00000", "2017-06-30": "10443.00000", "2017-03-31": "11042.00000", "2016-12-31": "10401.00000", "2016-09-30": "9545.00000", "2016-06-30": "10304.00000", "2016-03-31": "8097.00000", "2015-12-31": "9471.00000", "2015-09-30": "10861.00000", "2015-06-30": "11431.00000", "2015-03-31": "11053.00000", "2014-12-31": "11339.00000", "2014-09-30": "12887.00000", "2014-06-30": "13596.00000", "2014-03-31": "13448.00000", "2013-12-31": "12737.00000", "2013-09-30": "13531.00000", "2013-06-30": "14252.00000", "2013-03-31": "15297.00000", "2012-12-31": "13029.00000", "2012-09-30": "12516.00000", "2012-06-30": "10706.00000", "2012-03-31": "11580.00000", "2011-12-31": "12001.00000", "2011-09-30": "11669.00000", "2011-06-30": "10513.00000", "2011-03-31": "", "2010-12-31": "", "2010-09-30": "", "2010-06-30": "", "2009-12-31": ""}, "Property, Plant, And Equipment": {"2020-12-31": "", "2020-09-30": "39757.00000", "2020-06-30": "45025.00000", "2020-03-31": "45333.00000", "2019-12-31": "40870.00000", "2019-09-30": "45034.00000", "2019-06-30": "45335.00000", "2019-03-31": "45091.00000", "2018-12-31": "45058.00000", "2018-09-30": "27717.00000", "2018-06-30": "26931.00000", "2018-03-31": "26618.00000", "2017-12-31": "26443.00000", "2017-09-30": "26036.00000", "2017-06-30": "25786.00000", "2017-03-31": "25669.00000", "2016-12-31": "25765.00000", "2016-09-30": "25697.00000", "2016-06-30": "25512.00000", "2016-03-31": "25319.00000", "2015-12-31": "25164.00000", "2015-09-30": "16294.00000", "2015-06-30": "16283.00000", "2015-03-31": "16241.00000", "2014-12-31": "16261.00000", "2014-09-30": "15999.00000", "2014-06-30": "13850.00000", "2014-03-31": "13854.00000", "2013-12-31": "13921.00000", "2013-09-30": "13795.00000", "2013-06-30": "13799.00000", "2013-03-31": "13850.00000", "2012-12-31": "12643.00000", "2012-09-30": "12532.00000", "2012-06-30": "12414.00000", "2012-03-31": "12246.00000", "2011-12-31": "12228.00000", "2011-09-30": "12026.00000", "2011-06-30": "11935.00000", "2011-03-31": "", "2010-12-31": "", "2010-09-30": "", "2010-06-30": "", "2009-12-31": ""}, "Long-Term Investments": {"2020-12-31": "", "2020-09-30": "5462.00000", "2020-06-30": "5740.00000", "2020-03-31": "5656.00000", "2019-12-31": "6568.00000", "2019-09-30": "6725.00000", "2019-06-30": "6729.00000", "2019-03-31": "6558.00000", "2018-12-31": "5898.00000", "2018-09-30": "4910.00000", "2018-06-30": "4838.00000", "2018-03-31": "4817.00000", "2017-12-31": "4787.00000", "2017-09-30": "4769.00000", "2017-06-30": "4823.00000", "2017-03-31": "4704.00000", "2016-12-31": "3827.00000", "2016-09-30": "3554.00000", "2016-06-30": "3793.00000", "2016-03-31": "3807.00000", "2015-12-31": "3622.00000", "2015-09-30": "1073.00000", "2015-06-30": "994.00000", "2015-03-31": "902.00000", "2014-12-31": "865.00000", "2014-09-30": "862.00000", "2014-06-30": "690.00000", "2014-03-31": "602.00000", "2013-12-31": "463.00000", "2013-09-30": "417.00000", "2013-06-30": "328.00000", "2013-03-31": "327.00000", "2012-12-31": "321.00000", "2012-09-30": "300.00000", "2012-06-30": "302.00000", "2012-03-31": "302.00000", "2011-12-31": "302.00000", "2011-09-30": "321.00000", "2011-06-30": "323.00000", "2011-03-31": "", "2010-12-31": "", "2010-09-30": "", "2010-06-30": "", "2009-12-31": ""}, "Goodwill And Intangible Assets": {"2020-12-31": "", "2020-09-30": "8256.00000", "2020-06-30": "12710.00000", "2020-03-31": "12710.00000", "2019-12-31": "15650.00000", "2019-09-30": "21277.00000", "2019-06-30": "20277.00000", "2019-03-31": "20229.00000", "2018-12-31": "20184.00000", "2018-09-30": "3713.00000", "2018-06-30": "3586.00000", "2018-03-31": "3586.00000", "2017-12-31": "3586.00000", "2017-09-30": "3586.00000", "2017-06-30": "3586.00000", "2017-03-31": "3586.00000", "2016-12-31": "3587.00000", "2016-09-30": "3648.00000", "2016-06-30": "3648.00000", "2016-03-31": "3649.00000", "2015-12-31": "4019.00000", "2015-09-30": "1565.00000", "2015-06-30": "1566.00000", "2015-03-31": "1566.00000", "2014-12-31": "1566.00000", "2014-09-30": "1537.00000", "2014-06-30": "937.00000", "2014-03-31": "938.00000", "2013-12-31": "938.00000", "2013-09-30": "938.00000", "2013-06-30": "938.00000", "2013-03-31": "930.00000", "2012-12-31": "930.00000", "2012-09-30": "930.00000", "2012-06-30": "925.00000", "2012-03-31": "842.00000", "2011-12-31": "842.00000", "2011-09-30": "842.00000", "2011-06-30": "842.00000", "2011-03-31": "0.00000", "2010-12-31": "", "2010-09-30": "0.00000", "2010-06-30": "0.00000", "2009-12-31": "0.00000"}, "Other Long-Term Assets": {"2020-12-31": "", "2020-09-30": "2705.00000", "2020-06-30": "4021.00000", "2020-03-31": "4363.00000", "2019-12-31": "3204.00000", "2019-09-30": "3442.00000", "2019-06-30": "3571.00000", "2019-03-31": "3727.00000", "2018-12-31": "3777.00000", "2018-09-30": "818.00000", "2018-06-30": "833.00000", "2018-03-31": "818.00000", "2017-12-31": "830.00000", "2017-09-30": "784.00000", "2017-06-30": "809.00000", "2017-03-31": "820.00000", "2016-12-31": "833.00000", "2016-09-30": "849.00000", "2016-06-30": "876.00000", "2016-03-31": "886.00000", "2015-12-31": "839.00000", "2015-09-30": "368.00000", "2015-06-30": "379.00000", "2015-03-31": "420.00000", "2014-12-31": "394.00000", "2014-09-30": "420.00000", "2014-06-30": "303.00000", "2014-03-31": "317.00000", "2013-12-31": "326.00000", "2013-09-30": "322.00000", "2013-06-30": "378.00000", "2013-03-31": "369.00000", "2012-12-31": "300.00000", "2012-09-30": "305.00000", "2012-06-30": "334.00000", "2012-03-31": "336.00000", "2011-12-31": "372.00000", "2011-09-30": "367.00000", "2011-06-30": "351.00000", "2011-03-31": "", "2010-12-31": "", "2010-09-30": "", "2010-06-30": "", "2009-12-31": ""}, "Total Long-Term Assets": {"2020-12-31": "", "2020-09-30": "56180.00000", "2020-06-30": "67496.00000", "2020-03-31": "68062.00000", "2019-12-31": "66292.00000", "2019-09-30": "76478.00000", "2019-06-30": "75912.00000", "2019-03-31": "75605.00000", "2018-12-31": "74917.00000", "2018-09-30": "37158.00000", "2018-06-30": "36188.00000", "2018-03-31": "35839.00000", "2017-12-31": "35646.00000", "2017-09-30": "35175.00000", "2017-06-30": "35004.00000", "2017-03-31": "34779.00000", "2016-12-31": "34012.00000", "2016-09-30": "33748.00000", "2016-06-30": "33829.00000", "2016-03-31": "33661.00000", "2015-12-31": "33644.00000", "2015-09-30": "19300.00000", "2015-06-30": "19222.00000", "2015-03-31": "19129.00000", "2014-12-31": "19086.00000", "2014-09-30": "18818.00000", "2014-06-30": "15780.00000", "2014-03-31": "15711.00000", "2013-12-31": "15648.00000", "2013-09-30": "15472.00000", "2013-06-30": "15443.00000", "2013-03-31": "15476.00000", "2012-12-31": "14194.00000", "2012-09-30": "14067.00000", "2012-06-30": "13975.00000", "2012-03-31": "13726.00000", "2011-12-31": "13744.00000", "2011-09-30": "13556.00000", "2011-06-30": "13451.00000", "2011-03-31": "", "2010-12-31": "", "2010-09-30": "", "2010-06-30": "", "2009-12-31": ""}, "Total Assets": {"2020-12-31": "0.00000", "2020-09-30": "84020.00000", "2020-06-30": "84593.00000", "2020-03-31": "86317.00000", "2019-12-31": "98556.00000", "2019-09-30": "98139.00000", "2019-06-30": "96896.00000", "2019-03-31": "96436.00000", "2018-12-31": "92940.00000", "2018-09-30": "53031.00000", "2018-06-30": "51736.00000", "2018-03-31": "50364.00000", "2017-12-31": "49047.00000", "2017-09-30": "46806.00000", "2017-06-30": "45447.00000", "2017-03-31": "45821.00000", "2016-12-31": "44413.00000", "2016-09-30": "43293.00000", "2016-06-30": "44133.00000", "2016-03-31": "41758.00000", "2015-12-31": "43115.00000", "2015-09-30": "30161.00000", "2015-06-30": "30653.00000", "2015-03-31": "30182.00000", "2014-12-31": "30425.00000", "2014-09-30": "31705.00000", "2014-06-30": "29376.00000", "2014-03-31": "29159.00000", "2013-12-31": "28385.00000", "2013-09-30": "29003.00000", "2013-06-30": "29695.00000", "2013-03-31": "30773.00000", "2012-12-31": "27223.00000", "2012-09-30": "26583.00000", "2012-06-30": "24681.00000", "2012-03-31": "25306.00000", "2011-12-31": "25745.00000", "2011-09-30": "25225.00000", "2011-06-30": "23964.00000", "2011-03-31": "0.00000", "2010-12-31": "0.00000", "2010-09-30": "0.00000", "2010-06-30": "0.00000", "2009-12-31": "0.00000"}, "Total Current Liabilities": {"2020-12-31": "", "2020-09-30": "14246.00000", "2020-06-30": "11504.00000", "2020-03-31": "13569.00000", "2019-12-31": "16948.00000", "2019-09-30": "15339.00000", "2019-06-30": "14890.00000", "2019-03-31": "15147.00000", "2018-12-31": "13216.00000", "2018-09-30": "9634.00000", "2018-06-30": "9715.00000", "2018-03-31": "8372.00000", "2017-12-31": "10478.00000", "2017-09-30": "7647.00000", "2017-06-30": "6758.00000", "2017-03-31": "6866.00000", "2016-12-31": "7146.00000", "2016-09-30": "6340.00000", "2016-06-30": "6782.00000", "2016-03-31": "5595.00000", "2015-12-31": "6345.00000", "2015-09-30": "7686.00000", "2015-06-30": "8725.00000", "2015-03-31": "8346.00000", "2014-12-31": "8579.00000", "2014-09-30": "10372.00000", "2014-06-30": "11055.00000", "2014-03-31": "10846.00000", "2013-12-31": "9824.00000", "2013-09-30": "10401.00000", "2013-06-30": "10241.00000", "2013-03-31": "10728.00000", "2012-12-31": "8203.00000", "2012-09-30": "8308.00000", "2012-06-30": "7568.00000", "2012-03-31": "9201.00000", "2011-12-31": "9591.00000", "2011-09-30": "8612.00000", "2011-06-30": "8549.00000", "2011-03-31": "", "2010-12-31": "", "2010-09-30": "", "2010-06-30": "", "2009-12-31": ""}, "Long Term Debt": {"2020-12-31": "", "2020-09-30": "29377.00000", "2020-06-30": "30451.00000", "2020-03-31": "29899.00000", "2019-12-31": "28020.00000", "2019-09-30": "28282.00000", "2019-06-30": "27853.00000", "2019-03-31": "27565.00000", "2018-12-31": "26980.00000", "2018-09-30": "18423.00000", "2018-06-30": "17241.00000", "2018-03-31": "17232.00000", "2017-12-31": "12322.00000", "2017-09-30": "12753.00000", "2017-06-30": "12577.00000", "2017-03-31": "12570.00000", "2016-12-31": "10544.00000", "2016-09-30": "10538.00000", "2016-06-30": "11032.00000", "2016-03-31": "11351.00000", "2015-12-31": "11896.00000", "2015-09-30": "5912.00000", "2015-06-30": "5918.00000", "2015-03-31": "5967.00000", "2014-12-31": "6575.00000", "2014-09-30": "6238.00000", "2014-06-30": "3612.00000", "2014-03-31": "3635.00000", "2013-12-31": "3373.00000", "2013-09-30": "3380.00000", "2013-06-30": "3387.00000", "2013-03-31": "3394.00000", "2012-12-31": "3342.00000", "2012-09-30": "3329.00000", "2012-06-30": "3316.00000", "2012-03-31": "3304.00000", "2011-12-31": "3292.00000", "2011-09-30": "3285.00000", "2011-06-30": "3262.00000", "2011-03-31": "", "2010-12-31": "", "2010-09-30": "", "2010-06-30": "", "2009-12-31": ""}, "Other Non-Current Liabilities": {"2020-12-31": "", "2020-09-30": "3064.00000", "2020-06-30": "3057.00000", "2020-03-31": "2932.00000", "2019-12-31": "2789.00000", "2019-09-30": "2752.00000", "2019-06-30": "2784.00000", "2019-03-31": "2698.00000", "2018-12-31": "2827.00000", "2018-09-30": "1734.00000", "2018-06-30": "1815.00000", "2018-03-31": "1777.00000", "2017-12-31": "1765.00000", "2017-09-30": "1669.00000", "2017-06-30": "1625.00000", "2017-03-31": "1700.00000", "2016-12-31": "1659.00000", "2016-09-30": "1776.00000", "2016-06-30": "1871.00000", "2016-03-31": "1962.00000", "2015-12-31": "1914.00000", "2015-09-30": "1696.00000", "2015-06-30": "1709.00000", "2015-03-31": "1870.00000", "2014-12-31": "1867.00000", "2014-09-30": "1664.00000", "2014-06-30": "1502.00000", "2014-03-31": "1630.00000", "2013-12-31": "1552.00000", "2013-09-30": "1730.00000", "2013-06-30": "1683.00000", "2013-03-31": "2145.00000", "2012-12-31": "1523.00000", "2012-09-30": "1525.00000", "2012-06-30": "1648.00000", "2012-03-31": "2076.00000", "2011-12-31": "2047.00000", "2011-09-30": "1806.00000", "2011-06-30": "1793.00000", "2011-03-31": "", "2010-12-31": "", "2010-09-30": "", "2010-06-30": "", "2009-12-31": ""}, "Total Long Term Liabilities": {"2020-12-31": "", "2020-09-30": "40228.00000", "2020-06-30": "42240.00000", "2020-03-31": "41520.00000", "2019-12-31": "39469.00000", "2019-09-30": "40144.00000", "2019-06-30": "38945.00000", "2019-03-31": "38431.00000", "2018-12-31": "35675.00000", "2018-09-30": "24366.00000", "2018-06-30": "23203.00000", "2018-03-31": "23129.00000", "2017-12-31": "17741.00000", "2017-09-30": "19357.00000", "2017-06-30": "19125.00000", "2017-03-31": "19158.00000", "2016-12-31": "17064.00000", "2016-09-30": "16996.00000", "2016-06-30": "17416.00000", "2016-03-31": "16669.00000", "2015-12-31": "17095.00000", "2015-09-30": "9550.00000", "2015-06-30": "9638.00000", "2015-03-31": "9856.00000", "2014-12-31": "10456.00000", "2014-09-30": "10067.00000", "2014-06-30": "7284.00000", "2014-03-31": "7555.00000", "2013-12-31": "7229.00000", "2013-09-30": "7338.00000", "2013-06-30": "7257.00000", "2013-03-31": "7633.00000", "2012-12-31": "6915.00000", "2012-09-30": "6808.00000", "2012-06-30": "6787.00000", "2012-03-31": "6889.00000", "2011-12-31": "6649.00000", "2011-09-30": "6564.00000", "2011-06-30": "6438.00000", "2011-03-31": "", "2010-12-31": "", "2010-09-30": "", "2010-06-30": "", "2009-12-31": ""}, "Total Liabilities": {"2020-12-31": "", "2020-09-30": "54474.00000", "2020-06-30": "53744.00000", "2020-03-31": "55089.00000", "2019-12-31": "56417.00000", "2019-09-30": "55483.00000", "2019-06-30": "53835.00000", "2019-03-31": "53578.00000", "2018-12-31": "48891.00000", "2018-09-30": "34000.00000", "2018-06-30": "32918.00000", "2018-03-31": "31501.00000", "2017-12-31": "28219.00000", "2017-09-30": "27004.00000", "2017-06-30": "25883.00000", "2017-03-31": "26024.00000", "2016-12-31": "24210.00000", "2016-09-30": "23336.00000", "2016-06-30": "24198.00000", "2016-03-31": "22264.00000", "2015-12-31": "23440.00000", "2015-09-30": "17236.00000", "2015-06-30": "18363.00000", "2015-03-31": "18202.00000", "2014-12-31": "19035.00000", "2014-09-30": "20439.00000", "2014-06-30": "18339.00000", "2014-03-31": "18401.00000", "2013-12-31": "17053.00000", "2013-09-30": "17739.00000", "2013-06-30": "17498.00000", "2013-03-31": "18361.00000", "2012-12-31": "15118.00000", "2012-09-30": "15116.00000", "2012-06-30": "14355.00000", "2012-03-31": "16090.00000", "2011-12-31": "16240.00000", "2011-09-30": "15176.00000", "2011-06-30": "14987.00000", "2011-03-31": "0.00000", "2010-12-31": "", "2010-09-30": "0.00000", "2010-06-30": "0.00000", "2009-12-31": "0.00000"}, "Common Stock Net": {"2020-12-31": "", "2020-09-30": "10.00000", "2020-06-30": "10.00000", "2020-03-31": "10.00000", "2019-12-31": "10.00000", "2019-09-30": "10.00000", "2019-06-30": "10.00000", "2019-03-31": "10.00000", "2018-12-31": "10.00000", "2018-09-30": "7.00000", "2018-06-30": "7.00000", "2018-03-31": "7.00000", "2017-12-31": "7.00000", "2017-09-30": "7.00000", "2017-06-30": "7.00000", "2017-03-31": "7.00000", "2016-12-31": "7.00000", "2016-09-30": "7.00000", "2016-06-30": "7.00000", "2016-03-31": "7.00000", "2015-12-31": "7.00000", "2015-09-30": "7.00000", "2015-06-30": "7.00000", "2015-03-31": "4.00000", "2014-12-31": "7.00000", "2014-09-30": "4.00000", "2014-06-30": "4.00000", "2014-03-31": "4.00000", "2013-12-31": "4.00000", "2013-09-30": "4.00000", "2013-06-30": "4.00000", "2013-03-31": "4.00000", "2012-12-31": "4.00000", "2012-09-30": "4.00000", "2012-06-30": "4.00000", "2012-03-31": "4.00000", "2011-12-31": "4.00000", "2011-09-30": "4.00000", "2011-06-30": "4.00000", "2011-03-31": "0.00000", "2010-12-31": "", "2010-09-30": "0.00000", "2010-06-30": "0.00000", "2009-12-31": "0.00000"}, "Retained Earnings (Accumulated Deficit)": {"2020-12-31": "", "2020-09-30": "4744.00000", "2020-06-30": "6008.00000", "2020-03-31": "6380.00000", "2019-12-31": "15990.00000", "2019-09-30": "15891.00000", "2019-06-30": "15146.00000", "2019-03-31": "14391.00000", "2018-12-31": "14755.00000", "2018-09-30": "14119.00000", "2018-06-30": "13589.00000", "2018-03-31": "12745.00000", "2017-12-31": "12864.00000", "2017-09-30": "11044.00000", "2017-06-30": "10344.00000", "2017-03-31": "10046.00000", "2016-12-31": "10206.00000", "2016-09-30": "10169.00000", "2016-06-30": "10215.00000", "2016-03-31": "9584.00000", "2015-12-31": "9752.00000", "2015-09-30": "9736.00000", "2015-06-30": "8959.00000", "2015-03-31": "8269.00000", "2014-12-31": "7515.00000", "2014-09-30": "6856.00000", "2014-06-30": "6325.00000", "2014-03-31": "5591.00000", "2013-12-31": "5507.00000", "2013-09-30": "5007.00000", "2013-06-30": "4969.00000", "2013-03-31": "4489.00000", "2012-12-31": "3880.00000", "2012-09-30": "3241.00000", "2012-06-30": "2136.00000", "2012-03-31": "1407.00000", "2011-12-31": "898.00000", "2011-09-30": "1062.00000", "2011-06-30": "", "2011-03-31": "", "2010-12-31": "", "2010-09-30": "", "2010-06-30": "", "2009-12-31": ""}, "Comprehensive Income": {"2020-12-31": "", "2020-09-30": "-334.00000", "2020-06-30": "-336.00000", "2020-03-31": "-326.00000", "2019-12-31": "-320.00000", "2019-09-30": "-212.00000", "2019-06-30": "-161.00000", "2019-03-31": "-151.00000", "2018-12-31": "-144.00000", "2018-09-30": "-168.00000", "2018-06-30": "-233.00000", "2018-03-31": "-233.00000", "2017-12-31": "-231.00000", "2017-09-30": "-239.00000", "2017-06-30": "-236.00000", "2017-03-31": "-237.00000", "2016-12-31": "-234.00000", "2016-09-30": "-327.00000", "2016-06-30": "-321.00000", "2016-03-31": "-318.00000", "2015-12-31": "-318.00000", "2015-09-30": "-312.00000", "2015-06-30": "-309.00000", "2015-03-31": "-313.00000", "2014-12-31": "-313.00000", "2014-09-30": "-228.00000", "2014-06-30": "-218.00000", "2014-03-31": "-205.00000", "2013-12-31": "-204.00000", "2013-09-30": "-205.00000", "2013-06-30": "-254.00000", "2013-03-31": "-382.00000", "2012-12-31": "-464.00000", "2012-09-30": "-489.00000", "2012-06-30": "-497.00000", "2012-03-31": "-862.00000", "2011-12-31": "-879.00000", "2011-09-30": "-601.00000", "2011-06-30": "-596.00000", "2011-03-31": "", "2010-12-31": "", "2010-09-30": "", "2010-06-30": "", "2009-12-31": ""}, "Other Share Holders Equity": {"2020-12-31": "", "2020-09-30": "", "2020-06-30": "", "2020-03-31": "", "2019-12-31": "", "2019-09-30": "", "2019-06-30": "", "2019-03-31": "", "2018-12-31": "", "2018-09-30": "", "2018-06-30": "", "2018-03-31": "", "2017-12-31": "", "2017-09-30": "", "2017-06-30": "", "2017-03-31": "", "2016-12-31": "", "2016-09-30": "", "2016-06-30": "", "2016-03-31": "", "2015-12-31": "", "2015-09-30": "", "2015-06-30": "", "2015-03-31": "", "2014-12-31": "", "2014-09-30": "", "2014-06-30": "", "2014-03-31": "", "2013-12-31": "", "2013-09-30": "", "2013-06-30": "", "2013-03-31": "", "2012-12-31": "", "2012-09-30": "", "2012-06-30": "", "2012-03-31": "", "2011-12-31": "", "2011-09-30": "", "2011-06-30": "", "2011-03-31": "0.00000", "2010-12-31": "", "2010-09-30": "0.00000", "2010-06-30": "0.00000", "2009-12-31": "0.00000"}, "Share Holder Equity": {"2020-12-31": "", "2020-09-30": "29546.00000", "2020-06-30": "30849.00000", "2020-03-31": "31228.00000", "2019-12-31": "42139.00000", "2019-09-30": "42656.00000", "2019-06-30": "43061.00000", "2019-03-31": "42858.00000", "2018-12-31": "44049.00000", "2018-09-30": "19031.00000", "2018-06-30": "18818.00000", "2018-03-31": "18863.00000", "2017-12-31": "20828.00000", "2017-09-30": "19802.00000", "2017-06-30": "19564.00000", "2017-03-31": "19797.00000", "2016-12-31": "20203.00000", "2016-09-30": "19957.00000", "2016-06-30": "19935.00000", "2016-03-31": "19494.00000", "2015-12-31": "19675.00000", "2015-09-30": "12925.00000", "2015-06-30": "12290.00000", "2015-03-31": "11980.00000", "2014-12-31": "11390.00000", "2014-09-30": "11266.00000", "2014-06-30": "11037.00000", "2014-03-31": "10758.00000", "2013-12-31": "11332.00000", "2013-09-30": "11264.00000", "2013-06-30": "12197.00000", "2013-03-31": "12412.00000", "2012-12-31": "12105.00000", "2012-09-30": "11467.00000", "2012-06-30": "10326.00000", "2012-03-31": "9216.00000", "2011-12-31": "9505.00000", "2011-09-30": "10049.00000", "2011-06-30": "8977.00000", "2011-03-31": "0.00000", "2010-12-31": "", "2010-09-30": "0.00000", "2010-06-30": "0.00000", "2009-12-31": "0.00000"}, "Total Liabilities And Share Holders Equity": {"2020-12-31": "", "2020-09-30": "84020.00000", "2020-06-30": "84593.00000", "2020-03-31": "86317.00000", "2019-12-31": "98556.00000", "2019-09-30": "98139.00000", "2019-06-30": "96896.00000", "2019-03-31": "96436.00000", "2018-12-31": "92940.00000", "2018-09-30": "53031.00000", "2018-06-30": "51736.00000", "2018-03-31": "50364.00000", "2017-12-31": "49047.00000", "2017-09-30": "46806.00000", "2017-06-30": "45447.00000", "2017-03-31": "45821.00000", "2016-12-31": "44413.00000", "2016-09-30": "43293.00000", "2016-06-30": "44133.00000", "2016-03-31": "41758.00000", "2015-12-31": "43115.00000", "2015-09-30": "30161.00000", "2015-06-30": "30653.00000", "2015-03-31": "30182.00000", "2014-12-31": "30425.00000", "2014-09-30": "31705.00000", "2014-06-30": "29376.00000", "2014-03-31": "29159.00000", "2013-12-31": "28385.00000", "2013-09-30": "29003.00000", "2013-06-30": "29695.00000", "2013-03-31": "30773.00000", "2012-12-31": "27223.00000", "2012-09-30": "26583.00000", "2012-06-30": "24681.00000", "2012-03-31": "25306.00000", "2011-12-31": "25745.00000", "2011-09-30": "25225.00000", "2011-06-30": "23964.00000", "2011-03-31": "0.00000", "2010-12-31": "", "2010-09-30": "0.00000", "2010-06-30": "0.00000", "2009-12-31": "0.00000"}}, "cash flow statement": {"Net Income/Loss": {"2020-12-31": "0.00000", "2019-12-31": "3255.00000", "2018-12-31": "3606.00000", "2017-12-31": "3804.00000", "2016-12-31": "1213.00000", "2015-12-31": "2868.00000", "2014-12-31": "2555.00000", "2013-12-31": "2133.00000", "2012-12-31": "3393.00000", "2011-12-31": "2389.00000", "2010-12-31": "623.00000", "2009-12-31": "449.00000", "2008-12-31": "0.00000"}, "Total Depreciation And Amortization - Cash Flow": {"2020-12-31": "", "2019-12-31": "3671.00000", "2018-12-31": "2560.00000", "2017-12-31": "2178.00000", "2016-12-31": "2062.00000", "2015-12-31": "1518.00000", "2014-12-31": "1353.00000", "2013-12-31": "1220.00000", "2012-12-31": "995.00000", "2011-12-31": "891.00000", "2010-12-31": "941.00000", "2009-12-31": "670.00000", "2008-12-31": ""}, "Other Non-Cash Items": {"2020-12-31": "", "2019-12-31": "2109.00000", "2018-12-31": "198.00000", "2017-12-31": "-995.00000", "2016-12-31": "592.00000", "2015-12-31": "750.00000", "2014-12-31": "-98.00000", "2013-12-31": "-146.00000", "2012-12-31": "538.00000", "2011-12-31": "-38.00000", "2010-12-31": "260.00000", "2009-12-31": "188.00000", "2008-12-31": ""}, "Total Non-Cash Items": {"2020-12-31": "", "2019-12-31": "5780.00000", "2018-12-31": "2758.00000", "2017-12-31": "1183.00000", "2016-12-31": "2654.00000", "2015-12-31": "2268.00000", "2014-12-31": "1255.00000", "2013-12-31": "1074.00000", "2012-12-31": "1533.00000", "2011-12-31": "853.00000", "2010-12-31": "1201.00000", "2009-12-31": "858.00000", "2008-12-31": ""}, "Change In Accounts Receivable": {"2020-12-31": "", "2019-12-31": "-2024.00000", "2018-12-31": "1589.00000", "2017-12-31": "-1093.00000", "2016-12-31": "-674.00000", "2015-12-31": "1292.00000", "2014-12-31": "1642.00000", "2013-12-31": "-940.00000", "2012-12-31": "851.00000", "2011-12-31": "-1177.00000", "2010-12-31": "-750.00000", "2009-12-31": "-1448.00000", "2008-12-31": ""}, "Change In Inventories": {"2020-12-31": "", "2019-12-31": "-366.00000", "2018-12-31": "931.00000", "2017-12-31": "106.00000", "2016-12-31": "-70.00000", "2015-12-31": "80.00000", "2014-12-31": "-786.00000", "2013-12-31": "-305.00000", "2012-12-31": "-115.00000", "2011-12-31": "-255.00000", "2010-12-31": "-76.00000", "2009-12-31": "-22.00000", "2008-12-31": ""}, "Change In Accounts Payable": {"2020-12-31": "", "2019-12-31": "", "2018-12-31": "", "2017-12-31": "", "2016-12-31": "", "2015-12-31": "", "2014-12-31": "", "2013-12-31": "", "2012-12-31": "", "2011-12-31": "", "2010-12-31": "", "2009-12-31": "", "2008-12-31": ""}, "Change In Assets/Liabilities": {"2020-12-31": "", "2019-12-31": "14.00000", "2018-12-31": "0.00000", "2017-12-31": "0.00000", "2016-12-31": "", "2015-12-31": "", "2014-12-31": "", "2013-12-31": "", "2012-12-31": "", "2011-12-31": "", "2010-12-31": "", "2009-12-31": "111.00000", "2008-12-31": ""}, "Total Change In Assets/Liabilities": {"2020-12-31": "", "2019-12-31": "126.00000", "2018-12-31": "-278.00000", "2017-12-31": "1827.00000", "2016-12-31": "241.00000", "2015-12-31": "-1028.00000", "2014-12-31": "-691.00000", "2013-12-31": "219.00000", "2012-12-31": "-487.00000", "2011-12-31": "70.00000", "2010-12-31": "334.00000", "2009-12-31": "1108.00000", "2008-12-31": ""}, "Cash Flow From Operating Activities": {"2020-12-31": "", "2019-12-31": "9441.00000", "2018-12-31": "6158.00000", "2017-12-31": "6612.00000", "2016-12-31": "4017.00000", "2015-12-31": "4073.00000", "2014-12-31": "3110.00000", "2013-12-31": "3405.00000", "2012-12-31": "4492.00000", "2011-12-31": "3309.00000", "2010-12-31": "2217.00000", "2009-12-31": "2455.00000", "2008-12-31": ""}, "Net Change In Property, Plant, And Equipment": {"2020-12-31": "", "2019-12-31": "-5247.00000", "2018-12-31": "-3524.00000", "2017-12-31": "-2653.00000", "2016-12-31": "-2791.00000", "2015-12-31": "-1977.00000", "2014-12-31": "-1453.00000", "2013-12-31": "-1190.00000", "2012-12-31": "-1316.00000", "2011-12-31": "-1041.00000", "2010-12-31": "-454.00000", "2009-12-31": "-2838.00000", "2008-12-31": ""}, "Net Change In Intangible Assets": {"2020-12-31": "", "2019-12-31": "", "2018-12-31": "", "2017-12-31": "", "2016-12-31": "", "2015-12-31": "", "2014-12-31": "", "2013-12-31": "", "2012-12-31": "", "2011-12-31": "", "2010-12-31": "", "2009-12-31": "", "2008-12-31": ""}, "Net Acquisitions/Divestitures": {"2020-12-31": "", "2019-12-31": "-129.00000", "2018-12-31": "-3822.00000", "2017-12-31": "-249.00000", "2016-12-31": "", "2015-12-31": "-1218.00000", "2014-12-31": "-2821.00000", "2013-12-31": "-1515.00000", "2012-12-31": "-190.00000", "2011-12-31": "-74.00000", "2010-12-31": "", "2009-12-31": "", "2008-12-31": ""}, "Net Change In Short-term Investments": {"2020-12-31": "", "2019-12-31": "-966.00000", "2018-12-31": "-393.00000", "2017-12-31": "-743.00000", "2016-12-31": "-288.00000", "2015-12-31": "-327.00000", "2014-12-31": "-404.00000", "2013-12-31": "-74.00000", "2012-12-31": "51.00000", "2011-12-31": "-3.00000", "2010-12-31": "-1.00000", "2009-12-31": "12.00000", "2008-12-31": ""}, "Net Change In Long-Term Investments": {"2020-12-31": "", "2019-12-31": "", "2018-12-31": "", "2017-12-31": "", "2016-12-31": "", "2015-12-31": "", "2014-12-31": "", "2013-12-31": "", "2012-12-31": "", "2011-12-31": "2404.00000", "2010-12-31": "-1690.00000", "2009-12-31": "160.00000", "2008-12-31": ""}, "Net Change In Investments - Total": {"2020-12-31": "", "2019-12-31": "-966.00000", "2018-12-31": "-393.00000", "2017-12-31": "-743.00000", "2016-12-31": "-288.00000", "2015-12-31": "-327.00000", "2014-12-31": "-404.00000", "2013-12-31": "-74.00000", "2012-12-31": "51.00000", "2011-12-31": "2401.00000", "2010-12-31": "-1691.00000", "2009-12-31": "172.00000", "2008-12-31": ""}, "Investing Activities - Other": {"2020-12-31": "", "2019-12-31": "81.00000", "2018-12-31": "69.00000", "2017-12-31": "247.00000", "2016-12-31": "112.00000", "2015-12-31": "81.00000", "2014-12-31": "135.00000", "2013-12-31": "23.00000", "2012-12-31": "3.00000", "2011-12-31": "9.00000", "2010-12-31": "", "2009-12-31": "22.00000", "2008-12-31": ""}, "Cash Flow From Investing Activities": {"2020-12-31": "", "2019-12-31": "-6261.00000", "2018-12-31": "-7670.00000", "2017-12-31": "-3398.00000", "2016-12-31": "-2967.00000", "2015-12-31": "-3441.00000", "2014-12-31": "-4543.00000", "2013-12-31": "-2756.00000", "2012-12-31": "-1452.00000", "2011-12-31": "1295.00000", "2010-12-31": "-2145.00000", "2009-12-31": "-2644.00000", "2008-12-31": ""}, "Net Long-Term Debt": {"2020-12-31": "", "2019-12-31": "1201.00000", "2018-12-31": "5444.00000", "2017-12-31": "2269.00000", "2016-12-31": "-1405.00000", "2015-12-31": "767.00000", "2014-12-31": "3245.00000", "2013-12-31": "-21.00000", "2012-12-31": "-17.00000", "2011-12-31": "-641.00000", "2010-12-31": "1248.00000", "2009-12-31": "2.00000", "2008-12-31": ""}, "Net Current Debt": {"2020-12-31": "", "2019-12-31": "", "2018-12-31": "", "2017-12-31": "", "2016-12-31": "", "2015-12-31": "", "2014-12-31": "", "2013-12-31": "", "2012-12-31": "", "2011-12-31": "", "2010-12-31": "", "2009-12-31": "", "2008-12-31": ""}, "Debt Issuance/Retirement Net - Total": {"2020-12-31": "", "2019-12-31": "1201.00000", "2018-12-31": "5444.00000", "2017-12-31": "2269.00000", "2016-12-31": "-1405.00000", "2015-12-31": "767.00000", "2014-12-31": "3245.00000", "2013-12-31": "-21.00000", "2012-12-31": "-17.00000", "2011-12-31": "-641.00000", "2010-12-31": "1248.00000", "2009-12-31": "2.00000", "2008-12-31": ""}, "Net Common Equity Issued/Repurchased": {"2020-12-31": "", "2019-12-31": "-1940.00000", "2018-12-31": "-3263.00000", "2017-12-31": "-1853.00000", "2016-12-31": "590.00000", "2015-12-31": "-932.00000", "2014-12-31": "-1884.00000", "2013-12-31": "-2745.00000", "2012-12-31": "-835.00000", "2011-12-31": "1.00000", "2010-12-31": "", "2009-12-31": "", "2008-12-31": ""}, "Net Total Equity Issued/Repurchased": {"2020-12-31": "", "2019-12-31": "-1940.00000", "2018-12-31": "-3263.00000", "2017-12-31": "-1853.00000", "2016-12-31": "1574.00000", "2015-12-31": "-932.00000", "2014-12-31": "-1884.00000", "2013-12-31": "-2745.00000", "2012-12-31": "-835.00000", "2011-12-31": "1.00000", "2010-12-31": "", "2009-12-31": "", "2008-12-31": ""}, "Total Common And Preferred Stock Dividends Paid": {"2020-12-31": "", "2019-12-31": "-1398.00000", "2018-12-31": "-954.00000", "2017-12-31": "-773.00000", "2016-12-31": "-719.00000", "2015-12-31": "-613.00000", "2014-12-31": "-524.00000", "2013-12-31": "-484.00000", "2012-12-31": "-407.00000", "2011-12-31": "-160.00000", "2010-12-31": "", "2009-12-31": "", "2008-12-31": ""}, "Financial Activities - Other": {"2020-12-31": "", "2019-12-31": "-1239.00000", "2018-12-31": "-1005.00000", "2017-12-31": "-734.00000", "2016-12-31": "-744.00000", "2015-12-31": "-221.00000", "2014-12-31": "-202.00000", "2013-12-31": "33.00000", "2012-12-31": "", "2011-12-31": "-843.00000", "2010-12-31": "-1330.00000", "2009-12-31": "207.00000", "2008-12-31": ""}, "Cash Flow From Financial Activities": {"2020-12-31": "", "2019-12-31": "-3376.00000", "2018-12-31": "222.00000", "2017-12-31": "-1091.00000", "2016-12-31": "-1294.00000", "2015-12-31": "-999.00000", "2014-12-31": "635.00000", "2013-12-31": "-3217.00000", "2012-12-31": "-1259.00000", "2011-12-31": "-1643.00000", "2010-12-31": "-82.00000", "2009-12-31": "209.00000", "2008-12-31": ""}, "Net Cash Flow": {"2020-12-31": "", "2019-12-31": "-196.00000", "2018-12-31": "-1290.00000", "2017-12-31": "2123.00000", "2016-12-31": "-244.00000", "2015-12-31": "-367.00000", "2014-12-31": "-798.00000", "2013-12-31": "-2568.00000", "2012-12-31": "1781.00000", "2011-12-31": "2961.00000", "2010-12-31": "-10.00000", "2009-12-31": "20.00000", "2008-12-31": ""}, "Stock-Based Compensation": {"2020-12-31": "", "2019-12-31": "", "2018-12-31": "", "2017-12-31": "", "2016-12-31": "", "2015-12-31": "", "2014-12-31": "", "2013-12-31": "", "2012-12-31": "", "2011-12-31": "", "2010-12-31": "", "2009-12-31": "", "2008-12-31": ""}, "Common Stock Dividends Paid": {"2020-12-31": "", "2019-12-31": "-1398.00000", "2018-12-31": "-954.00000", "2017-12-31": "-773.00000", "2016-12-31": "-719.00000", "2015-12-31": "-613.00000", "2014-12-31": "-524.00000", "2013-12-31": "-484.00000", "2012-12-31": "-407.00000", "2011-12-31": "-160.00000", "2010-12-31": "0.00000", "2009-12-31": "", "2008-12-31": ""}}, "cash flow statement, quarterly": {"Net Income/Loss": {"2020-12-31": 10551, "2020-09-30": -609, "2020-06-30": 276, "2020-03-31": "-10218.00000", "2019-12-31": 262, "2019-09-30": 1367, "2019-06-30": 1367, "2019-03-31": "259.00000", "2018-12-31": 1195, "2018-09-30": 941, "2018-06-30": 1235, "2018-03-31": "235.00000", "2017-12-31": 2125, "2017-09-30": 1004, "2017-06-30": 574, "2017-03-31": "101.00000", "2016-12-31": 289, "2016-09-30": 219, "2016-06-30": 783, "2016-03-31": "-78.00000", "2015-12-31": 168, "2015-09-30": 958, "2015-06-30": 839, "2015-03-31": "903.00000", "2014-12-31": 805, "2014-09-30": 679, "2014-06-30": 864, "2014-03-31": "207.00000", "2013-12-31": 631, "2013-09-30": 173, "2013-06-30": 599, "2013-03-31": "730.00000", "2012-12-31": 759, "2012-09-30": 1224, "2012-06-30": 814, "2012-03-31": "596.00000", "2011-12-31": -75, "2011-09-30": 1133, "2011-06-30": 802, "2011-03-31": "529.00000", "2010-12-31": 230, "2010-09-30": 277, "2010-06-30": -333, "2009-12-31": 449}, "Total Depreciation And Amortization - Cash Flow": {"2020-12-31": -2575, "2020-09-30": 648, "2020-06-30": 951, "2020-03-31": "976.00000", "2019-12-31": 1277, "2019-09-30": 580, "2019-06-30": 895, "2019-03-31": "919.00000", "2018-12-31": 893, "2018-09-30": 571, "2018-06-30": 550, "2018-03-31": "546.00000", "2017-12-31": 558, "2017-09-30": 533, "2017-06-30": 536, "2017-03-31": "551.00000", "2016-12-31": 518, "2016-09-30": 525, "2016-06-30": 514, "2016-03-31": "505.00000", "2015-12-31": 420, "2015-09-30": 366, "2015-06-30": 369, "2015-03-31": "363.00000", "2014-12-31": 386, "2014-09-30": 322, "2014-06-30": 325, "2014-03-31": "320.00000", "2013-12-31": 332, "2013-09-30": 299, "2013-06-30": 302, "2013-03-31": "287.00000", "2012-12-31": 283, "2012-09-30": 246, "2012-06-30": 236, "2012-03-31": "230.00000", "2011-12-31": 230, "2011-09-30": 227, "2011-06-30": 218, "2011-03-31": "216.00000", "2010-12-31": 218, "2010-09-30": 234, "2010-06-30": -181, "2009-12-31": 670}, "Other Non-Cash Items": {"2020-12-31": -10721, "2020-09-30": 44, "2020-06-30": -1129, "2020-03-31": "11806.00000", "2019-12-31": 1285, "2019-09-30": 519, "2019-06-30": 262, "2019-03-31": "43.00000", "2018-12-31": 28, "2018-09-30": 56, "2018-06-30": 114, "2018-03-31": "", "2017-12-31": -1141, "2017-09-30": 139, "2017-06-30": -37, "2017-03-31": "44.00000", "2016-12-31": 103, "2016-09-30": 345, "2016-06-30": -13, "2016-03-31": "157.00000", "2015-12-31": 550, "2015-09-30": 127, "2015-06-30": 64, "2015-03-31": "9.00000", "2014-12-31": -7, "2014-09-30": -51, "2014-06-30": -88, "2014-03-31": "48.00000", "2013-12-31": -110, "2013-09-30": 28, "2013-06-30": -44, "2013-03-31": "-20.00000", "2012-12-31": 151, "2012-09-30": -235, "2012-06-30": 365, "2012-03-31": "257.00000", "2011-12-31": -123, "2011-09-30": 92, "2011-06-30": -12, "2011-03-31": "5.00000", "2010-12-31": -193, "2010-09-30": 58, "2010-06-30": 135, "2009-12-31": 0}, "Total Non-Cash Items": {"2020-12-31": -13296, "2020-09-30": 692, "2020-06-30": -178, "2020-03-31": "12782.00000", "2019-12-31": 2562, "2019-09-30": 1099, "2019-06-30": 1157, "2019-03-31": "962.00000", "2018-12-31": 921, "2018-09-30": 627, "2018-06-30": 664, "2018-03-31": "546.00000", "2017-12-31": -583, "2017-09-30": 672, "2017-06-30": 499, "2017-03-31": "595.00000", "2016-12-31": 621, "2016-09-30": 870, "2016-06-30": 501, "2016-03-31": "662.00000", "2015-12-31": 970, "2015-09-30": 493, "2015-06-30": 433, "2015-03-31": "372.00000", "2014-12-31": 379, "2014-09-30": 271, "2014-06-30": 237, "2014-03-31": "368.00000", "2013-12-31": 222, "2013-09-30": 327, "2013-06-30": 258, "2013-03-31": "267.00000", "2012-12-31": 434, "2012-09-30": 11, "2012-06-30": 601, "2012-03-31": "487.00000", "2011-12-31": 107, "2011-09-30": 319, "2011-06-30": 206, "2011-03-31": "221.00000", "2010-12-31": 25, "2010-09-30": 292, "2010-06-30": -46, "2009-12-31": 670}, "Change In Accounts Receivable": {"2020-12-31": -2328, "2020-09-30": -789, "2020-06-30": 1218, "2020-03-31": "1899.00000", "2019-12-31": -664, "2019-09-30": 337, "2019-06-30": -679, "2019-03-31": "-1018.00000", "2018-12-31": 2298, "2018-09-30": -484, "2018-06-30": -321, "2018-03-31": "96.00000", "2017-12-31": -797, "2017-09-30": -640, "2017-06-30": 11, "2017-03-31": "333.00000", "2016-12-31": -465, "2016-09-30": 67, "2016-06-30": -601, "2016-03-31": "325.00000", "2015-12-31": 361, "2015-09-30": 752, "2015-06-30": -512, "2015-03-31": "691.00000", "2014-12-31": 1218, "2014-09-30": 585, "2014-06-30": -300, "2014-03-31": "139.00000", "2013-12-31": 34, "2013-09-30": 565, "2013-06-30": -655, "2013-03-31": "-884.00000", "2012-12-31": 491, "2012-09-30": -393, "2012-06-30": 1159, "2012-03-31": "-406.00000", "2011-12-31": -547, "2011-09-30": 127, "2011-06-30": -286, "2011-03-31": "-471.00000", "2010-12-31": 539, "2010-09-30": -283, "2010-06-30": -256, "2009-12-31": 0}, "Change In Inventories": {"2020-12-31": -1165, "2020-09-30": 748, "2020-06-30": 839, "2020-03-31": "-422.00000", "2019-12-31": -544, "2019-09-30": -562, "2019-06-30": 744, "2019-03-31": "-4.00000", "2018-12-31": 716, "2018-09-30": 149, "2018-06-30": -374, "2018-03-31": "440.00000", "2017-12-31": -57, "2017-09-30": 56, "2017-06-30": -157, "2017-03-31": "264.00000", "2016-12-31": -141, "2016-09-30": -315, "2016-06-30": 160, "2016-03-31": "226.00000", "2015-12-31": -6, "2015-09-30": -16, "2015-06-30": -103, "2015-03-31": "205.00000", "2014-12-31": -55, "2014-09-30": 192, "2014-06-30": 77, "2014-03-31": "-1000.00000", "2013-12-31": 1025, "2013-09-30": -875, "2013-06-30": 62, "2013-03-31": "-517.00000", "2012-12-31": 440, "2012-09-30": 142, "2012-06-30": -665, "2012-03-31": "-32.00000", "2011-12-31": 294, "2011-09-30": 64, "2011-06-30": -949, "2011-03-31": "336.00000", "2010-12-31": 607, "2010-09-30": -369, "2010-06-30": -238, "2009-12-31": 0}, "Change In Accounts Payable": {"2020-12-31": 0, "2020-09-30": 0, "2020-06-30": 0, "2020-03-31": "", "2019-12-31": 0, "2019-09-30": 0, "2019-06-30": 0, "2019-03-31": "", "2018-12-31": 0, "2018-09-30": 0, "2018-06-30": 0, "2018-03-31": "", "2017-12-31": 0, "2017-09-30": 0, "2017-06-30": 0, "2017-03-31": "", "2016-12-31": 0, "2016-09-30": 0, "2016-06-30": 0, "2016-03-31": "", "2015-12-31": 0, "2015-09-30": 0, "2015-06-30": 0, "2015-03-31": "", "2014-12-31": 0, "2014-09-30": 0, "2014-06-30": 0, "2014-03-31": "", "2013-12-31": 0, "2013-09-30": 0, "2013-06-30": 0, "2013-03-31": "", "2012-12-31": 0, "2012-09-30": 0, "2012-06-30": 0, "2012-03-31": "", "2011-12-31": 0, "2011-09-30": 0, "2011-06-30": 0, "2011-03-31": "", "2010-12-31": 0, "2010-09-30": 0, "2010-06-30": 0, "2009-12-31": 0}, "Change In Assets/Liabilities": {"2020-12-31": 2, "2020-09-30": 1146, "2020-06-30": 191, "2020-03-31": "-1339.00000", "2019-12-31": 14, "2019-09-30": 97, "2019-06-30": -77, "2019-03-31": "-20.00000", "2018-12-31": 0, "2018-09-30": 0, "2018-06-30": 0, "2018-03-31": "", "2017-12-31": 0, "2017-09-30": 0, "2017-06-30": 0, "2017-03-31": "", "2016-12-31": 0, "2016-09-30": 0, "2016-06-30": 0, "2016-03-31": "", "2015-12-31": 0, "2015-09-30": 0, "2015-06-30": 0, "2015-03-31": "", "2014-12-31": 0, "2014-09-30": 0, "2014-06-30": 0, "2014-03-31": "", "2013-12-31": 0, "2013-09-30": 0, "2013-06-30": 0, "2013-03-31": "", "2012-12-31": 0, "2012-09-30": 0, "2012-06-30": 0, "2012-03-31": "", "2011-12-31": 0, "2011-09-30": 0, "2011-06-30": 0, "2011-03-31": "", "2010-12-31": -127, "2010-09-30": 114, "2010-06-30": 13, "2009-12-31": 0}, "Total Change In Assets/Liabilities": {"2020-12-31": 1699, "2020-09-30": 1135, "2020-06-30": 481, "2020-03-31": "-3315.00000", "2019-12-31": -344, "2019-09-30": 227, "2019-06-30": -198, "2019-03-31": "441.00000", "2018-12-31": 532, "2018-09-30": -420, "2018-06-30": 529, "2018-03-31": "-919.00000", "2017-12-31": 1306, "2017-09-30": 278, "2017-06-30": -139, "2017-03-31": "382.00000", "2016-12-31": 142, "2016-09-30": -643, "2016-06-30": 1001, "2016-03-31": "-259.00000", "2015-12-31": -338, "2015-09-30": -380, "2015-06-30": -267, "2015-03-31": "-43.00000", "2014-12-31": -702, "2014-09-30": 101, "2014-06-30": -240, "2014-03-31": "150.00000", "2013-12-31": 495, "2013-09-30": -71, "2013-06-30": -1295, "2013-03-31": "1090.00000", "2012-12-31": 868, "2012-09-30": 611, "2012-06-30": -1196, "2012-03-31": "-770.00000", "2011-12-31": 605, "2011-09-30": 255, "2011-06-30": -954, "2011-03-31": "164.00000", "2010-12-31": 1362, "2010-09-30": -581, "2010-06-30": -1555, "2009-12-31": 1108}, "Cash Flow From Operating Activities": {"2020-12-31": -1091, "2020-09-30": 1321, "2020-06-30": 538, "2020-03-31": "-768.00000", "2019-12-31": 2409, "2019-09-30": 2787, "2019-06-30": 2622, "2019-03-31": "1623.00000", "2018-12-31": 2727, "2018-09-30": 1182, "2018-06-30": 2386, "2018-03-31": "-137.00000", "2017-12-31": 2745, "2017-09-30": 1906, "2017-06-30": 853, "2017-03-31": "1108.00000", "2016-12-31": 1015, "2016-09-30": 405, "2016-06-30": 2267, "2016-03-31": "330.00000", "2015-12-31": 820, "2015-09-30": 1069, "2015-06-30": 994, "2015-03-31": "1190.00000", "2014-12-31": 388, "2014-09-30": 1078, "2014-06-30": 878, "2014-03-31": "766.00000", "2013-12-31": 1355, "2013-09-30": 407, "2013-06-30": -436, "2013-03-31": "2079.00000", "2012-12-31": 2043, "2012-09-30": 1833, "2012-06-30": 269, "2012-03-31": "347.00000", "2011-12-31": 638, "2011-09-30": 1719, "2011-06-30": 37, "2011-03-31": "915.00000", "2010-12-31": 1927, "2010-09-30": -5, "2010-06-30": -2160, "2009-12-31": 2455}, "Net Change In Property, Plant, And Equipment": {"2020-12-31": 2257, "2020-09-30": -426, "2020-06-30": -825, "2020-03-31": "-1006.00000", "2019-12-31": -1816, "2019-09-30": -1045, "2019-06-30": -1169, "2019-03-31": "-1217.00000", "2018-12-31": -1228, "2018-09-30": -844, "2018-06-30": -704, "2018-03-31": "-748.00000", "2017-12-31": -789, "2017-09-30": -636, "2017-06-30": -620, "2017-03-31": "-608.00000", "2016-12-31": -732, "2016-09-30": -707, "2016-06-30": -684, "2016-03-31": "-668.00000", "2015-12-31": -714, "2015-09-30": -511, "2015-06-30": -374, "2015-03-31": "-378.00000", "2014-12-31": -520, "2014-09-30": -381, "2014-06-30": -287, "2014-03-31": "-265.00000", "2013-12-31": -469, "2013-09-30": -306, "2013-06-30": -223, "2013-03-31": "-192.00000", "2012-12-31": -402, "2012-09-30": -285, "2012-06-30": -322, "2012-03-31": "-307.00000", "2011-12-31": -338, "2011-09-30": -319, "2011-06-30": -266, "2011-03-31": "-118.00000", "2010-12-31": 450, "2010-09-30": -277, "2010-06-30": 2211, "2009-12-31": -2838}, "Net Change In Intangible Assets": {"2020-12-31": 0, "2020-09-30": 0, "2020-06-30": 0, "2020-03-31": "", "2019-12-31": 0, "2019-09-30": 0, "2019-06-30": 0, "2019-03-31": "", "2018-12-31": 0, "2018-09-30": 0, "2018-06-30": 0, "2018-03-31": "", "2017-12-31": 0, "2017-09-30": 0, "2017-06-30": 0, "2017-03-31": "", "2016-12-31": 0, "2016-09-30": 0, "2016-06-30": 0, "2016-03-31": "", "2015-12-31": 0, "2015-09-30": 0, "2015-06-30": 0, "2015-03-31": "", "2014-12-31": 0, "2014-09-30": 0, "2014-06-30": 0, "2014-03-31": "", "2013-12-31": 0, "2013-09-30": 0, "2013-06-30": 0, "2013-03-31": "", "2012-12-31": 0, "2012-09-30": 0, "2012-06-30": 0, "2012-03-31": "", "2011-12-31": 0, "2011-09-30": 0, "2011-06-30": 0, "2011-03-31": "", "2010-12-31": 0, "2010-09-30": 0, "2010-06-30": 0, "2009-12-31": 0}, "Net Acquisitions/Divestitures": {"2020-12-31": 0, "2020-09-30": 0, "2020-06-30": 169, "2020-03-31": "-169.00000", "2019-12-31": 0, "2019-09-30": -129, "2019-06-30": 325, "2019-03-31": "-325.00000", "2018-12-31": -3369, "2018-09-30": -453, "2018-06-30": 0, "2018-03-31": "", "2017-12-31": 0, "2017-09-30": -29, "2017-06-30": 0, "2017-03-31": "-220.00000", "2016-12-31": 0, "2016-09-30": 0, "2016-06-30": 0, "2016-03-31": "", "2015-12-31": -1218, "2015-09-30": 0, "2015-06-30": 0, "2015-03-31": "", "2014-12-31": 10, "2014-09-30": -2789, "2014-06-30": -42, "2014-03-31": "", "2013-12-31": 0, "2013-09-30": 0, "2013-06-30": -22, "2013-03-31": "-1493.00000", "2012-12-31": 0, "2012-09-30": -27, "2012-06-30": -163, "2012-03-31": "", "2011-12-31": 0, "2011-09-30": 0, "2011-06-30": -74, "2011-03-31": "", "2010-12-31": 0, "2010-09-30": 0, "2010-06-30": 0, "2009-12-31": 0}, "Net Change In Short-term Investments": {"2020-12-31": 436, "2020-09-30": -53, "2020-06-30": -383, "2020-03-31": "", "2019-12-31": -174, "2019-09-30": -197, "2019-06-30": -595, "2019-03-31": "", "2018-12-31": -171, "2018-09-30": -104, "2018-06-30": -77, "2018-03-31": "-41.00000", "2017-12-31": -13, "2017-09-30": -53, "2017-06-30": -111, "2017-03-31": "-566.00000", "2016-12-31": -48, "2016-09-30": -69, "2016-06-30": -105, "2016-03-31": "-66.00000", "2015-12-31": -106, "2015-09-30": -72, "2015-06-30": -107, "2015-03-31": "-42.00000", "2014-12-31": -63, "2014-09-30": -177, "2014-06-30": -41, "2014-03-31": "-123.00000", "2013-12-31": -37, "2013-09-30": 1, "2013-06-30": -17, "2013-03-31": "-21.00000", "2012-12-31": 77, "2012-09-30": -18, "2012-06-30": -1, "2012-03-31": "-7.00000", "2011-12-31": -3, "2011-09-30": 7, "2011-06-30": -2, "2011-03-31": "-5.00000", "2010-12-31": -1, "2010-09-30": -3, "2010-06-30": 4, "2009-12-31": 0}, "Net Change In Long-Term Investments": {"2020-12-31": -122, "2020-09-30": 4, "2020-06-30": 41, "2020-03-31": "77.00000", "2019-12-31": -75, "2019-09-30": 17, "2019-06-30": 56, "2019-03-31": "2.00000", "2018-12-31": -16, "2018-09-30": 1, "2018-06-30": 15, "2018-03-31": "", "2017-12-31": -60, "2017-09-30": 36, "2017-06-30": 4, "2017-03-31": "20.00000", "2016-12-31": -20, "2016-09-30": 19, "2016-06-30": 1, "2016-03-31": "", "2015-12-31": -4, "2015-09-30": 0, "2015-06-30": 3, "2015-03-31": "1.00000", "2014-12-31": -3, "2014-09-30": 0, "2014-06-30": 3, "2014-03-31": "", "2013-12-31": 0, "2013-09-30": -28, "2013-06-30": 17, "2013-03-31": "11.00000", "2012-12-31": -94, "2012-09-30": 94, "2012-06-30": 0, "2012-03-31": "", "2011-12-31": 0, "2011-09-30": 0, "2011-06-30": 2765, "2011-03-31": "-361.00000", "2010-12-31": -448, "2010-09-30": -5, "2010-06-30": 453, "2009-12-31": 0}, "Net Change In Investments - Total": {"2020-12-31": 314, "2020-09-30": -49, "2020-06-30": -342, "2020-03-31": "77.00000", "2019-12-31": -249, "2019-09-30": -180, "2019-06-30": -539, "2019-03-31": "2.00000", "2018-12-31": -187, "2018-09-30": -103, "2018-06-30": -62, "2018-03-31": "-41.00000", "2017-12-31": -73, "2017-09-30": -17, "2017-06-30": -107, "2017-03-31": "-546.00000", "2016-12-31": -68, "2016-09-30": -50, "2016-06-30": -104, "2016-03-31": "-66.00000", "2015-12-31": -110, "2015-09-30": -72, "2015-06-30": -104, "2015-03-31": "-41.00000", "2014-12-31": -66, "2014-09-30": -177, "2014-06-30": -38, "2014-03-31": "-123.00000", "2013-12-31": -37, "2013-09-30": -27, "2013-06-30": 0, "2013-03-31": "-10.00000", "2012-12-31": -17, "2012-09-30": 76, "2012-06-30": -1, "2012-03-31": "-7.00000", "2011-12-31": -3, "2011-09-30": 7, "2011-06-30": 2763, "2011-03-31": "-366.00000", "2010-12-31": -2140, "2010-09-30": -8, "2010-06-30": 285, "2009-12-31": 172}, "Investing Activities - Other": {"2020-12-31": 253, "2020-09-30": -272, "2020-06-30": 9, "2020-03-31": "10.00000", "2019-12-31": 379, "2019-09-30": -341, "2019-06-30": 23, "2019-03-31": "20.00000", "2018-12-31": 9, "2018-09-30": 23, "2018-06-30": 26, "2018-03-31": "11.00000", "2017-12-31": 81, "2017-09-30": 77, "2017-06-30": 68, "2017-03-31": "21.00000", "2016-12-31": 50, "2016-09-30": 36, "2016-06-30": 19, "2016-03-31": "7.00000", "2015-12-31": 29, "2015-09-30": 11, "2015-06-30": 10, "2015-03-31": "31.00000", "2014-12-31": 57, "2014-09-30": 4, "2014-06-30": 46, "2014-03-31": "28.00000", "2013-12-31": 1, "2013-09-30": 0, "2013-06-30": 9, "2013-03-31": "13.00000", "2012-12-31": 0, "2012-09-30": 1, "2012-06-30": -1, "2012-03-31": "3.00000", "2011-12-31": 1, "2011-09-30": 3, "2011-06-30": 5, "2011-03-31": "", "2010-12-31": 7, "2010-09-30": -5, "2010-06-30": -24, "2009-12-31": 22}, "Cash Flow From Investing Activities": {"2020-12-31": 2824, "2020-09-30": -747, "2020-06-30": -989, "2020-03-31": "-1088.00000", "2019-12-31": -1686, "2019-09-30": -1695, "2019-06-30": -1360, "2019-03-31": "-1520.00000", "2018-12-31": -4775, "2018-09-30": -1377, "2018-06-30": -740, "2018-03-31": "-778.00000", "2017-12-31": -781, "2017-09-30": -605, "2017-06-30": -659, "2017-03-31": "-1353.00000", "2016-12-31": -750, "2016-09-30": -721, "2016-06-30": -769, "2016-03-31": "-727.00000", "2015-12-31": -2013, "2015-09-30": -572, "2015-06-30": -468, "2015-03-31": "-388.00000", "2014-12-31": -519, "2014-09-30": -3343, "2014-06-30": -321, "2014-03-31": "-360.00000", "2013-12-31": -505, "2013-09-30": -333, "2013-06-30": -236, "2013-03-31": "-1682.00000", "2012-12-31": -419, "2012-09-30": -235, "2012-06-30": -487, "2012-03-31": "-311.00000", "2011-12-31": -340, "2011-09-30": -309, "2011-06-30": 2428, "2011-03-31": "-484.00000", "2010-12-31": -1683, "2010-09-30": -290, "2010-06-30": 2472, "2009-12-31": -2644}, "Net Long-Term Debt": {"2020-12-31": -3068, "2020-09-30": -216, "2020-06-30": 555, "2020-03-31": "2729.00000", "2019-12-31": -19, "2019-09-30": 372, "2019-06-30": 275, "2019-03-31": "573.00000", "2018-12-31": 110, "2018-09-30": 994, "2018-06-30": -6, "2018-03-31": "4346.00000", "2017-12-31": 78, "2017-09-30": 163, "2017-06-30": -6, "2017-03-31": "2034.00000", "2016-12-31": -7, "2016-09-30": -506, "2016-06-30": -333, "2016-03-31": "-559.00000", "2015-12-31": 672, "2015-09-30": -6, "2015-06-30": -6, "2015-03-31": "107.00000", "2014-12-31": 374, "2014-09-30": 2627, "2014-06-30": -20, "2014-03-31": "264.00000", "2013-12-31": -5, "2013-09-30": -6, "2013-06-30": -5, "2013-03-31": "-5.00000", "2012-12-31": -5, "2012-09-30": -6, "2012-06-30": -3, "2012-03-31": "-3.00000", "2011-12-31": -3, "2011-09-30": -3, "2011-06-30": -55, "2011-03-31": "-580.00000", "2010-12-31": -1148, "2010-09-30": 745, "2010-06-30": 403, "2009-12-31": 0}, "Net Current Debt": {"2020-12-31": 0, "2020-09-30": 0, "2020-06-30": 0, "2020-03-31": "", "2019-12-31": 0, "2019-09-30": 0, "2019-06-30": 0, "2019-03-31": "", "2018-12-31": 0, "2018-09-30": 0, "2018-06-30": 0, "2018-03-31": "", "2017-12-31": 0, "2017-09-30": 0, "2017-06-30": 0, "2017-03-31": "", "2016-12-31": 0, "2016-09-30": 0, "2016-06-30": -188, "2016-03-31": "188.00000", "2015-12-31": 0, "2015-09-30": 0, "2015-06-30": 0, "2015-03-31": "", "2014-12-31": 0, "2014-09-30": 0, "2014-06-30": 0, "2014-03-31": "", "2013-12-31": 0, "2013-09-30": 0, "2013-06-30": 0, "2013-03-31": "", "2012-12-31": 0, "2012-09-30": 0, "2012-06-30": 0, "2012-03-31": "", "2011-12-31": 0, "2011-09-30": 0, "2011-06-30": 0, "2011-03-31": "", "2010-12-31": 0, "2010-09-30": 0, "2010-06-30": 0, "2009-12-31": 0}, "Debt Issuance/Retirement Net - Total": {"2020-12-31": -3068, "2020-09-30": -216, "2020-06-30": 555, "2020-03-31": "2729.00000", "2019-12-31": -19, "2019-09-30": 372, "2019-06-30": 275, "2019-03-31": "573.00000", "2018-12-31": 110, "2018-09-30": 994, "2018-06-30": -6, "2018-03-31": "4346.00000", "2017-12-31": 78, "2017-09-30": 163, "2017-06-30": -6, "2017-03-31": "2034.00000", "2016-12-31": -7, "2016-09-30": -506, "2016-06-30": -521, "2016-03-31": "-371.00000", "2015-12-31": 672, "2015-09-30": -6, "2015-06-30": -6, "2015-03-31": "107.00000", "2014-12-31": 374, "2014-09-30": 2627, "2014-06-30": -20, "2014-03-31": "264.00000", "2013-12-31": -5, "2013-09-30": -6, "2013-06-30": -5, "2013-03-31": "-5.00000", "2012-12-31": -5, "2012-09-30": -6, "2012-06-30": -3, "2012-03-31": "-3.00000", "2011-12-31": -3, "2011-09-30": -3, "2011-06-30": -55, "2011-03-31": "-580.00000", "2010-12-31": 100, "2010-09-30": 745, "2010-06-30": 401, "2009-12-31": 2}, "Net Common Equity Issued/Repurchased": {"2020-12-31": -6, "2020-09-30": 0, "2020-06-30": 2, "2020-03-31": "4.00000", "2019-12-31": -61, "2019-09-30": -497, "2019-06-30": -499, "2019-03-31": "-883.00000", "2018-12-31": -675, "2018-09-30": -397, "2018-06-30": -876, "2018-03-31": "-1315.00000", "2017-12-31": -731, "2017-09-30": -406, "2017-06-30": -454, "2017-03-31": "-262.00000", "2016-12-31": 260, "2016-09-30": 139, "2016-06-30": -50, "2016-03-31": "241.00000", "2015-12-31": -188, "2015-09-30": -153, "2015-06-30": -403, "2015-03-31": "-188.00000", "2014-12-31": -456, "2014-09-30": -297, "2014-06-30": -455, "2014-03-31": "-676.00000", "2013-12-31": -441, "2013-09-30": -1025, "2013-06-30": -876, "2013-03-31": "-403.00000", "2012-12-31": -39, "2012-09-30": 22, "2012-06-30": 5, "2012-03-31": "-823.00000", "2011-12-31": 0, "2011-09-30": 1, "2011-06-30": 0, "2011-03-31": "", "2010-12-31": 0, "2010-09-30": 0, "2010-06-30": 0, "2009-12-31": 0}, "Net Total Equity Issued/Repurchased": {"2020-12-31": -6, "2020-09-30": 0, "2020-06-30": 2, "2020-03-31": "4.00000", "2019-12-31": -61, "2019-09-30": -497, "2019-06-30": -499, "2019-03-31": "-883.00000", "2018-12-31": -675, "2018-09-30": -397, "2018-06-30": -876, "2018-03-31": "-1315.00000", "2017-12-31": -731, "2017-09-30": -406, "2017-06-30": -454, "2017-03-31": "-262.00000", "2016-12-31": 260, "2016-09-30": 139, "2016-06-30": 934, "2016-03-31": "241.00000", "2015-12-31": -188, "2015-09-30": -153, "2015-06-30": -403, "2015-03-31": "-188.00000", "2014-12-31": -456, "2014-09-30": -297, "2014-06-30": -455, "2014-03-31": "-676.00000", "2013-12-31": -441, "2013-09-30": -1025, "2013-06-30": -876, "2013-03-31": "-403.00000", "2012-12-31": -39, "2012-09-30": 22, "2012-06-30": 5, "2012-03-31": "-823.00000", "2011-12-31": 0, "2011-09-30": 1, "2011-06-30": 0, "2011-03-31": "", "2010-12-31": 0, "2010-09-30": 0, "2010-06-30": 0, "2009-12-31": 0}, "Total Common And Preferred Stock Dividends Paid": {"2020-12-31": 1133, "2020-09-30": -378, "2020-06-30": -378, "2020-03-31": "-377.00000", "2019-12-31": -344, "2019-09-30": -348, "2019-06-30": -352, "2019-03-31": "-354.00000", "2018-12-31": -317, "2018-09-30": -207, "2018-06-30": -211, "2018-03-31": "-219.00000", "2017-12-31": -195, "2017-09-30": -202, "2017-06-30": -186, "2017-03-31": "-190.00000", "2016-12-31": -190, "2016-09-30": -190, "2016-06-30": -170, "2016-03-31": "-169.00000", "2015-12-31": -170, "2015-09-30": -171, "2015-06-30": -136, "2015-03-31": "-136.00000", "2014-12-31": -138, "2014-09-30": -141, "2014-06-30": -122, "2014-03-31": "-123.00000", "2013-12-31": -126, "2013-09-30": -129, "2013-06-30": -113, "2013-03-31": "-116.00000", "2012-12-31": -116, "2012-09-30": -119, "2012-06-30": -85, "2012-03-31": "-87.00000", "2011-12-31": -89, "2011-09-30": -71, "2011-06-30": 0, "2011-03-31": "", "2010-12-31": 0, "2010-09-30": 0, "2010-06-30": 0, "2009-12-31": 0}, "Financial Activities - Other": {"2020-12-31": 1019, "2020-09-30": -355, "2020-06-30": -329, "2020-03-31": "-335.00000", "2019-12-31": -298, "2019-09-30": -340, "2019-06-30": -345, "2019-03-31": "-256.00000", "2018-12-31": -340, "2018-09-30": -204, "2018-06-30": -206, "2018-03-31": "-255.00000", "2017-12-31": -196, "2017-09-30": -215, "2017-06-30": -264, "2017-03-31": "-59.00000", "2016-12-31": -154, "2016-09-30": -172, "2016-06-30": -295, "2016-03-31": "-123.00000", "2015-12-31": -38, "2015-09-30": -4, "2015-06-30": -178, "2015-03-31": "-1.00000", "2014-12-31": -9, "2014-09-30": -195, "2014-06-30": -1, "2014-03-31": "3.00000", "2013-12-31": -4, "2013-09-30": 35, "2013-06-30": -2, "2013-03-31": "4.00000", "2012-12-31": 9, "2012-09-30": -3, "2012-06-30": -9, "2012-03-31": "3.00000", "2011-12-31": -84, "2011-09-30": -2, "2011-06-30": -1007, "2011-03-31": "250.00000", "2010-12-31": -343, "2010-09-30": -487, "2010-06-30": -707, "2009-12-31": 207}, "Cash Flow From Financial Activities": {"2020-12-31": -922, "2020-09-30": -949, "2020-06-30": -150, "2020-03-31": "2021.00000", "2019-12-31": -722, "2019-09-30": -813, "2019-06-30": -921, "2019-03-31": "-920.00000", "2018-12-31": -1222, "2018-09-30": 186, "2018-06-30": -1299, "2018-03-31": "2557.00000", "2017-12-31": -1044, "2017-09-30": -660, "2017-06-30": -910, "2017-03-31": "1523.00000", "2016-12-31": -91, "2016-09-30": -729, "2016-06-30": -52, "2016-03-31": "-422.00000", "2015-12-31": 276, "2015-09-30": -334, "2015-06-30": -723, "2015-03-31": "-218.00000", "2014-12-31": -229, "2014-09-30": 1994, "2014-06-30": -598, "2014-03-31": "-532.00000", "2013-12-31": -576, "2013-09-30": -1125, "2013-06-30": -996, "2013-03-31": "-520.00000", "2012-12-31": -151, "2012-09-30": -106, "2012-06-30": -92, "2012-03-31": "-910.00000", "2011-12-31": -176, "2011-09-30": -75, "2011-06-30": -1062, "2011-03-31": "-330.00000", "2010-12-31": -243, "2010-09-30": 258, "2010-06-30": -306, "2009-12-31": 209}, "Net Cash Flow": {"2020-12-31": 775, "2020-09-30": -339, "2020-06-30": -601, "2020-03-31": "165.00000", "2019-12-31": -23, "2019-09-30": 303, "2019-06-30": 341, "2019-03-31": "-817.00000", "2018-12-31": -3270, "2018-09-30": -9, "2018-06-30": 347, "2018-03-31": "1642.00000", "2017-12-31": 920, "2017-09-30": 641, "2017-06-30": -716, "2017-03-31": "1278.00000", "2016-12-31": 174, "2016-09-30": -1045, "2016-06-30": 1446, "2016-03-31": "-819.00000", "2015-12-31": -917, "2015-09-30": 163, "2015-06-30": -197, "2015-03-31": "584.00000", "2014-12-31": -360, "2014-09-30": -271, "2014-06-30": -41, "2014-03-31": "-126.00000", "2013-12-31": 274, "2013-09-30": -1051, "2013-06-30": -1668, "2013-03-31": "-123.00000", "2012-12-31": 1473, "2012-09-30": 1492, "2012-06-30": -310, "2012-03-31": "-874.00000", "2011-12-31": 122, "2011-09-30": 1335, "2011-06-30": 1403, "2011-03-31": "101.00000", "2010-12-31": 1, "2010-09-30": -37, "2010-06-30": 6, "2009-12-31": 20}, "Stock-Based Compensation": {"2020-12-31": 0, "2020-09-30": 0, "2020-06-30": 0, "2020-03-31": "", "2019-12-31": 0, "2019-09-30": 0, "2019-06-30": 0, "2019-03-31": "", "2018-12-31": 0, "2018-09-30": 0, "2018-06-30": 0, "2018-03-31": "", "2017-12-31": 0, "2017-09-30": 0, "2017-06-30": 0, "2017-03-31": "", "2016-12-31": 0, "2016-09-30": 0, "2016-06-30": 0, "2016-03-31": "", "2015-12-31": 0, "2015-09-30": 0, "2015-06-30": 0, "2015-03-31": "", "2014-12-31": 0, "2014-09-30": 0, "2014-06-30": 0, "2014-03-31": "", "2013-12-31": 0, "2013-09-30": 0, "2013-06-30": 0, "2013-03-31": "", "2012-12-31": 0, "2012-09-30": 0, "2012-06-30": 0, "2012-03-31": "", "2011-12-31": 0, "2011-09-30": 0, "2011-06-30": 0, "2011-03-31": "", "2010-12-31": 0, "2010-09-30": 0, "2010-06-30": 0, "2009-12-31": 0}, "Common Stock Dividends Paid": {"2020-12-31": 1133, "2020-09-30": -378, "2020-06-30": -378, "2020-03-31": "-377.00000", "2019-12-31": -344, "2019-09-30": -348, "2019-06-30": -352, "2019-03-31": "-354.00000", "2018-12-31": -317, "2018-09-30": -207, "2018-06-30": -211, "2018-03-31": "-219.00000", "2017-12-31": -195, "2017-09-30": -202, "2017-06-30": -186, "2017-03-31": "-190.00000", "2016-12-31": -190, "2016-09-30": -190, "2016-06-30": -170, "2016-03-31": "-169.00000", "2015-12-31": -170, "2015-09-30": -171, "2015-06-30": -136, "2015-03-31": "-136.00000", "2014-12-31": -138, "2014-09-30": -141, "2014-06-30": -122, "2014-03-31": "-123.00000", "2013-12-31": -126, "2013-09-30": -129, "2013-06-30": -113, "2013-03-31": "-116.00000", "2012-12-31": -116, "2012-09-30": -119, "2012-06-30": -85, "2012-03-31": "-87.00000", "2011-12-31": -89, "2011-09-30": -71, "2011-06-30": 0, "2011-03-31": "0.00000", "2010-12-31": 0, "2010-09-30": 0, "2010-06-30": 0, "2009-12-31": 0}}, "financial ratios": {"Current Ratio": {"2019-12-31": "1.24910", "2018-12-31": "1.36370", "2017-12-31": "1.27900", "2016-12-31": "1.45550", "2015-12-31": "1.49270", "2014-12-31": "1.32170", "2013-12-31": "1.29650", "2012-12-31": "1.58830", "2011-12-31": "1.25130", "2010-12-31": "1.16660", "2009-12-31": "", "2008-12-31": ""}, "Long-term Debt / Capital": {"2019-12-31": "0.40030", "2018-12-31": "0.37980", "2017-12-31": "0.37170", "2016-12-31": "0.34290", "2015-12-31": "0.37680", "2014-12-31": "0.36600", "2013-12-31": "0.22940", "2012-12-31": "0.21640", "2011-12-31": "0.25720", "2010-12-31": "0.03150", "2009-12-31": "", "2008-12-31": ""}, "Debt/Equity Ratio": {"2019-12-31": "0.68440", "2018-12-31": "0.62480", "2017-12-31": "0.62160", "2016-12-31": "0.52330", "2015-12-31": "0.60610", "2014-12-31": "0.57960", "2013-12-31": "0.29970", "2012-12-31": "0.27770", "2011-12-31": "0.34790", "2010-12-31": "0.11330", "2009-12-31": "", "2008-12-31": ""}, "Gross Margin": {"2019-12-31": "11.05780", "2018-12-31": "10.81610", "2017-12-31": "10.22840", "2016-12-31": "10.51960", "2015-12-31": "22.85600", "2014-12-31": "14.36050", "2013-12-31": "12.73860", "2012-12-31": "16.50600", "2011-12-31": "16.33180", "2010-12-31": "17.21320", "2009-12-31": "18.72830", "2008-12-31": "100.00000"}, "Operating Margin": {"2019-12-31": "4.49860", "2018-12-31": "5.77280", "2017-12-31": "5.37650", "2016-12-31": "3.76700", "2015-12-31": "6.51210", "2014-12-31": "4.14140", "2013-12-31": "3.41950", "2012-12-31": "6.50150", "2011-12-31": "4.76230", "2010-12-31": "1.61790", "2009-12-31": "1.43640", "2008-12-31": "100.00000"}, "EBIT Margin": {"2019-12-31": "4.49860", "2018-12-31": "5.77280", "2017-12-31": "5.37650", "2016-12-31": "3.76700", "2015-12-31": "6.51210", "2014-12-31": "4.14140", "2013-12-31": "3.41950", "2012-12-31": "6.50150", "2011-12-31": "4.76230", "2010-12-31": "1.61790", "2009-12-31": "1.43640", "2008-12-31": "100.00000"}, "EBITDA Margin": {"2019-12-31": "7.46030", "2018-12-31": "8.42560", "2017-12-31": "8.29080", "2016-12-31": "7.02250", "2015-12-31": "8.61890", "2014-12-31": "5.52460", "2013-12-31": "4.63760", "2012-12-31": "7.71130", "2011-12-31": "5.89540", "2010-12-31": "3.12390", "2009-12-31": "2.90800", "2008-12-31": "100.00000"}, "Pre-Tax Profit Margin": {"2019-12-31": "3.49260", "2018-12-31": "4.73350", "2017-12-31": "4.47460", "2016-12-31": "2.87660", "2015-12-31": "6.07070", "2014-12-31": "3.92060", "2013-12-31": "3.24080", "2012-12-31": "6.36890", "2011-12-31": "4.72930", "2010-12-31": "1.63710", "2009-12-31": "1.50450", "2008-12-31": "100.00000"}, "Net Profit Margin": {"2019-12-31": "2.12750", "2018-12-31": "2.88070", "2017-12-31": "4.59230", "2016-12-31": "1.85350", "2015-12-31": "3.95830", "2014-12-31": "2.58030", "2013-12-31": "2.10460", "2012-12-31": "4.11340", "2011-12-31": "3.03290", "2010-12-31": "0.99540", "2009-12-31": "0.98620", "2008-12-31": "1.86180"}, "Asset Turnover": {"2019-12-31": "1.25770", "2018-12-31": "1.03830", "2017-12-31": "1.52370", "2016-12-31": "1.42610", "2015-12-31": "1.67110", "2014-12-31": "3.21500", "2013-12-31": "3.52860", "2012-12-31": "3.02110", "2011-12-31": "3.05450", "2010-12-31": "2.68970", "2009-12-31": "", "2008-12-31": ""}, "Inventory Turnover Ratio": {"2019-12-31": "10.76280", "2018-12-31": "8.74920", "2017-12-31": "12.08810", "2016-12-31": "10.02050", "2015-12-31": "10.63790", "2014-12-31": "14.84760", "2013-12-31": "18.63960", "2012-12-31": "19.90950", "2011-12-31": "19.81780", "2010-12-31": "16.84500", "2009-12-31": "", "2008-12-31": ""}, "Receiveable Turnover": {"2019-12-31": "15.74560", "2018-12-31": "16.48800", "2017-12-31": "15.91760", "2016-12-31": "17.51150", "2015-12-31": "24.61600", "2014-12-31": "24.10470", "2013-12-31": "18.01760", "2012-12-31": "17.84010", "2011-12-31": "14.39990", "2010-12-31": "14.20810", "2009-12-31": "", "2008-12-31": ""}, "Days Sales In Receivables": {"2019-12-31": "23.18120", "2018-12-31": "22.13740", "2017-12-31": "22.93060", "2016-12-31": "20.84350", "2015-12-31": "14.82780", "2014-12-31": "15.14230", "2013-12-31": "20.25790", "2012-12-31": "20.45950", "2011-12-31": "25.34740", "2010-12-31": "25.68970", "2009-12-31": "", "2008-12-31": ""}, "ROE - Return On Equity": {"2019-12-31": "7.72440", "2018-12-31": "8.18630", "2017-12-31": "18.26390", "2016-12-31": "6.00410", "2015-12-31": "14.57690", "2014-12-31": "22.43200", "2013-12-31": "18.82280", "2012-12-31": "28.02970", "2011-12-31": "25.13410", "2010-12-31": "7.55700", "2009-12-31": "", "2008-12-31": ""}, "Return On Tangible Equity": {"2019-12-31": "14.72920", "2018-12-31": "15.11000", "2017-12-31": "22.06240", "2016-12-31": "7.30020", "2015-12-31": "18.31890", "2014-12-31": "26.00770", "2013-12-31": "20.52150", "2012-12-31": "30.36240", "2011-12-31": "27.57710", "2010-12-31": "8.41100", "2009-12-31": "", "2008-12-31": ""}, "ROA - Return On Assets": {"2019-12-31": "3.30270", "2018-12-31": "3.87990", "2017-12-31": "7.75580", "2016-12-31": "2.73120", "2015-12-31": "6.65200", "2014-12-31": "8.39770", "2013-12-31": "7.51450", "2012-12-31": "12.46370", "2011-12-31": "9.27950", "2010-12-31": "2.68160", "2009-12-31": "", "2008-12-31": ""}, "ROI - Return On Investment": {"2019-12-31": "4.63240", "2018-12-31": "5.07680", "2017-12-31": "11.47510", "2016-12-31": "3.94510", "2015-12-31": "9.08430", "2014-12-31": "14.22210", "2013-12-31": "14.50530", "2012-12-31": "21.96540", "2011-12-31": "18.66840", "2010-12-31": "7.31910", "2009-12-31": "", "2008-12-31": ""}, "Book Value Per Share": {"2019-12-31": "64.92910", "2018-12-31": "64.77790", "2017-12-31": "42.85600", "2016-12-31": "38.26330", "2015-12-31": "37.40490", "2014-12-31": "20.82270", "2013-12-31": "19.07740", "2012-12-31": "18.17570", "2011-12-31": "13.31230", "2010-12-31": "", "2009-12-31": "", "2008-12-31": ""}, "Operating Cash Flow Per Share": {"2019-12-31": 2.5112, "2018-12-31": -1.2069, "2017-12-31": 5.3349, "2016-12-31": 0.0644, "2015-12-31": 2.0967, "2014-12-31": 0.0474, "2013-12-31": -1.1966, "2012-12-31": 1.9328, "2011-12-31": 1.5381, "2010-12-31": -0.3324, "2009-12-31": 3.4288, "2008-12-31": 0}, "Free Cash Flow Per Share": {"2019-12-31": 1.3087, "2018-12-31": -2.7248, "2017-12-31": 5.4192, "2016-12-31": -1.554, "2015-12-31": 0.9804, "2014-12-31": -0.6069, "2013-12-31": -1.1496, "2012-12-31": 1.4668, "2011-12-31": 0.7142, "2010-12-31": 2.9972, "2009-12-31": -0.5349, "2008-12-31": 0}}, "financial ratios, quarterly": {"Current Ratio": {"2020-09-30": "1.83910", "2020-06-30": "1.27290", "2020-03-31": "1.15650", "2019-12-31": "1.79710", "2019-09-30": "1.24770", "2019-06-30": "1.23550", "2019-03-31": "1.19830", "2018-12-31": "1.36370", "2018-09-30": "1.64760", "2018-06-30": "1.60040", "2018-03-31": "1.73500", "2017-12-31": "1.27900", "2017-09-30": "1.52100", "2017-06-30": "1.54530", "2017-03-31": "1.60820", "2016-12-31": "1.45550", "2016-09-30": "1.50550", "2016-06-30": "1.51930", "2016-03-31": "1.44720", "2015-12-31": "1.49270", "2015-09-30": "1.41310", "2015-06-30": "1.31010", "2015-03-31": "1.32430", "2014-12-31": "1.32170", "2014-09-30": "1.24250", "2014-06-30": "1.22990", "2014-03-31": "1.23990", "2013-12-31": "1.29650", "2013-09-30": "1.30090", "2013-06-30": "1.39170", "2013-03-31": "1.42590", "2012-12-31": "1.58830", "2012-09-30": "1.50650", "2012-06-30": "1.41460", "2012-03-31": "1.25860", "2011-12-31": "1.25130", "2011-09-30": "1.35500", "2011-06-30": "1.22970", "2011-03-31": "", "2010-12-31": "", "2010-09-30": "", "2010-06-30": "", "2009-12-31": ""}, "Long-term Debt / Capital": {"2020-09-30": "0.49860", "2020-06-30": "0.49680", "2020-03-31": "0.48910", "2019-12-31": "0.39940", "2019-09-30": "0.39870", "2019-06-30": "0.39280", "2019-03-31": "0.39140", "2018-12-31": "0.37980", "2018-09-30": "0.49190", "2018-06-30": "0.47810", "2018-03-31": "0.47740", "2017-12-31": "0.37170", "2017-09-30": "0.39170", "2017-06-30": "0.39130", "2017-03-31": "0.38840", "2016-12-31": "0.34290", "2016-09-30": "0.34560", "2016-06-30": "0.35630", "2016-03-31": "0.36800", "2015-12-31": "0.37680", "2015-09-30": "0.31390", "2015-06-30": "0.32500", "2015-03-31": "0.33250", "2014-12-31": "0.36600", "2014-09-30": "0.35640", "2014-06-30": "0.24660", "2014-03-31": "0.25260", "2013-12-31": "0.22940", "2013-09-30": "0.23080", "2013-06-30": "0.21730", "2013-03-31": "0.21470", "2012-12-31": "0.21640", "2012-09-30": "0.22500", "2012-06-30": "0.24310", "2012-03-31": "0.26390", "2011-12-31": "0.25720", "2011-09-30": "0.24640", "2011-06-30": "0.26650", "2011-03-31": "", "2010-12-31": "", "2010-09-30": "", "2010-06-30": "", "2009-12-31": ""}, "Debt/Equity Ratio": {"2020-09-30": "1.07890", "2020-06-30": "1.04270", "2020-03-31": "1.01220", "2019-12-31": "0.68160", "2019-09-30": "0.67610", "2019-06-30": "0.65970", "2019-03-31": "0.65600", "2018-12-31": "0.62480", "2018-09-30": "0.96940", "2018-06-30": "0.91760", "2018-03-31": "0.91490", "2017-12-31": "0.62160", "2017-09-30": "0.64550", "2017-06-30": "0.64430", "2017-03-31": "0.63640", "2016-12-31": "0.52330", "2016-09-30": "0.52940", "2016-06-30": "0.55480", "2016-03-31": "0.59330", "2015-12-31": "0.60610", "2015-09-30": "0.51780", "2015-06-30": "0.54500", "2015-03-31": "0.56290", "2014-12-31": "0.57960", "2014-09-30": "0.55600", "2014-06-30": "0.32960", "2014-03-31": "0.34010", "2013-12-31": "0.29970", "2013-09-30": "0.30210", "2013-06-30": "0.27960", "2013-03-31": "0.27520", "2012-12-31": "0.27770", "2012-09-30": "0.29210", "2012-06-30": "0.32300", "2012-03-31": "0.36040", "2011-12-31": "0.34790", "2011-09-30": "0.32830", "2011-06-30": "0.36470", "2011-03-31": "", "2010-12-31": "", "2010-09-30": "", "2010-06-30": "", "2009-12-31": ""}, "Gross Margin": {"2020-09-30": "4.22220", "2020-06-30": "8.30010", "2020-03-31": "9.49430", "2019-12-31": "12.59280", "2019-09-30": "11.63980", "2019-06-30": "11.47370", "2019-03-31": "8.11600", "2018-12-31": "12.05580", "2018-09-30": "10.36190", "2018-06-30": "11.92810", "2018-03-31": "7.92960", "2017-12-31": "7.74160", "2017-09-30": "13.49820", "2017-06-30": "11.43560", "2017-03-31": "8.23920", "2016-12-31": "-23.58500", "2016-09-30": "22.10860", "2016-06-30": "23.68090", "2016-03-31": "23.94360", "2015-12-31": "23.06020", "2015-09-30": "24.31610", "2015-06-30": "20.30970", "2015-03-31": "24.12310", "2014-12-31": "18.20670", "2014-09-30": "13.77070", "2014-06-30": "13.96220", "2014-03-31": "11.78870", "2013-12-31": "13.66830", "2013-09-30": "10.29480", "2013-06-30": "13.07400", "2013-03-31": "14.12770", "2012-12-31": "16.15100", "2012-09-30": "18.27640", "2012-06-30": "17.00840", "2012-03-31": "14.52750", "2011-12-31": "8.91860", "2011-09-30": "18.04420", "2011-06-30": "19.77840", "2011-03-31": "18.41160", "2010-12-31": "", "2010-09-30": "18.83370", "2010-06-30": "19.01240", "2009-12-31": ""}, "Operating Margin": {"2020-09-30": "-6.07190", "2020-06-30": "6.52960", "2020-03-31": "-46.86500", "2019-12-31": "3.42340", "2019-09-30": "6.09760", "2019-06-30": "6.09030", "2019-03-31": "2.36790", "2018-12-31": "6.23820", "2018-09-30": "6.10320", "2018-06-30": "7.66680", "2018-03-31": "2.33220", "2017-12-31": "5.54740", "2017-09-30": "8.20930", "2017-06-30": "5.40150", "2017-03-31": "1.78660", "2016-12-31": "3.27020", "2016-09-30": "2.61760", "2016-06-30": "7.82230", "2016-03-31": "0.58800", "2015-12-31": "2.16570", "2015-09-30": "8.27630", "2015-06-30": "6.50050", "2015-03-31": "8.55100", "2014-12-31": "5.65840", "2014-09-30": "4.17490", "2014-06-30": "5.09980", "2014-03-31": "1.55040", "2013-12-31": "4.04870", "2013-09-30": "1.14640", "2013-06-30": "3.73880", "2013-03-31": "4.95500", "2012-12-31": "5.74780", "2012-09-30": "9.00280", "2012-06-30": "6.45660", "2012-03-31": "4.71750", "2011-12-31": "-0.81360", "2011-09-30": "8.53220", "2011-06-30": "6.38250", "2011-03-31": "4.59030", "2010-12-31": "", "2010-09-30": "2.78670", "2010-06-30": "4.02660", "2009-12-31": ""}, "EBIT Margin": {"2020-09-30": "-6.07190", "2020-06-30": "6.52960", "2020-03-31": "-46.86500", "2019-12-31": "3.42340", "2019-09-30": "6.09760", "2019-06-30": "6.09030", "2019-03-31": "2.36790", "2018-12-31": "6.23820", "2018-09-30": "6.10320", "2018-06-30": "7.66680", "2018-03-31": "2.33220", "2017-12-31": "5.54740", "2017-09-30": "8.20930", "2017-06-30": "5.40150", "2017-03-31": "1.78660", "2016-12-31": "3.27020", "2016-09-30": "2.61760", "2016-06-30": "7.82230", "2016-03-31": "0.58800", "2015-12-31": "2.16570", "2015-09-30": "8.27630", "2015-06-30": "6.50050", "2015-03-31": "8.55100", "2014-12-31": "5.65840", "2014-09-30": "4.17490", "2014-06-30": "5.09980", "2014-03-31": "1.55040", "2013-12-31": "4.04870", "2013-09-30": "1.14640", "2013-06-30": "3.73880", "2013-03-31": "4.95500", "2012-12-31": "5.74780", "2012-09-30": "9.00280", "2012-06-30": "6.45660", "2012-03-31": "4.71750", "2011-12-31": "-0.81360", "2011-09-30": "8.53220", "2011-06-30": "6.38250", "2011-03-31": "4.59030", "2010-12-31": "", "2010-09-30": "2.78670", "2010-06-30": "4.02660", "2009-12-31": ""}, "EBITDA Margin": {"2020-09-30": "", "2020-06-30": "", "2020-03-31": "", "2019-12-31": "", "2019-09-30": "", "2019-06-30": "", "2019-03-31": "", "2018-12-31": "", "2018-09-30": "", "2018-06-30": "", "2018-03-31": "", "2017-12-31": "", "2017-09-30": "", "2017-06-30": "", "2017-03-31": "", "2016-12-31": "", "2016-09-30": "", "2016-06-30": "", "2016-03-31": "", "2015-12-31": "", "2015-09-30": "", "2015-06-30": "", "2015-03-31": "", "2014-12-31": "", "2014-09-30": "", "2014-06-30": "", "2014-03-31": "", "2013-12-31": "", "2013-09-30": "", "2013-06-30": "", "2013-03-31": "", "2012-12-31": "", "2012-09-30": "", "2012-06-30": "", "2012-03-31": "", "2011-12-31": "", "2011-09-30": "", "2011-06-30": "", "2011-03-31": "", "2010-12-31": "", "2010-09-30": "", "2010-06-30": "", "2009-12-31": ""}, "Pre-Tax Profit Margin": {"2020-09-30": "-8.13420", "2020-06-30": "4.23320", "2020-03-31": "-48.20540", "2019-12-31": "2.53650", "2019-09-30": "4.96520", "2019-06-30": "5.12990", "2019-03-31": "1.28480", "2018-12-31": "5.04750", "2018-09-30": "5.05920", "2018-06-30": "6.79300", "2018-03-31": "1.36220", "2017-12-31": "4.55470", "2017-09-30": "7.38680", "2017-06-30": "4.53250", "2017-03-31": "0.87180", "2016-12-31": "2.43080", "2016-09-30": "1.76920", "2016-06-30": "7.00730", "2016-03-31": "-0.52530", "2015-12-31": "1.50570", "2015-09-30": "7.90230", "2015-06-30": "6.18880", "2015-03-31": "8.07980", "2014-12-31": "5.33480", "2014-09-30": "3.97830", "2014-06-30": "4.92100", "2014-03-31": "1.35280", "2013-12-31": "3.89200", "2013-09-30": "0.96740", "2013-06-30": "3.56350", "2013-03-31": "4.74930", "2012-12-31": "5.53030", "2012-09-30": "8.88400", "2012-06-30": "6.37260", "2012-03-31": "4.60890", "2011-12-31": "-0.92690", "2011-09-30": "8.45940", "2011-06-30": "6.42100", "2011-03-31": "4.60710", "2010-12-31": "", "2010-09-30": "2.76150", "2010-06-30": "4.05190", "2009-12-31": ""}, "Net Profit Margin": {"2020-09-30": "-5.08960", "2020-06-30": "0.05990", "2020-03-31": "-36.62110", "2019-12-31": "1.27980", "2019-09-30": "3.97430", "2019-06-30": "3.29860", "2019-03-31": "-0.02480", "2018-12-31": "2.94130", "2018-09-30": "3.20600", "2018-06-30": "4.72730", "2018-03-31": "0.19610", "2017-12-31": "9.57490", "2017-09-30": "4.70070", "2017-06-30": "2.65680", "2017-03-31": "0.18420", "2016-12-31": "1.32320", "2016-09-30": "0.87250", "2016-06-30": "4.76470", "2016-03-31": "0.00780", "2015-12-31": "1.19820", "2015-09-30": "5.06520", "2015-06-30": "4.02200", "2015-03-31": "5.18290", "2014-12-31": "3.59100", "2014-09-30": "2.64170", "2014-06-30": "3.18130", "2014-03-31": "0.85460", "2013-12-31": "2.49830", "2013-09-30": "0.63990", "2013-06-30": "2.30950", "2013-03-31": "3.10760", "2012-12-31": "3.62080", "2012-09-30": "5.81500", "2012-06-30": "4.02110", "2012-03-31": "2.94100", "2011-12-31": "-0.39650", "2011-09-30": "5.48600", "2011-06-30": "3.86320", "2011-03-31": "2.96490", "2010-12-31": "", "2010-09-30": "1.74250", "2010-06-30": "2.56410", "2009-12-31": ""}, "Asset Turnover": {"2020-09-30": "0.20720", "2020-06-30": "0.17760", "2020-03-31": "0.29210", "2019-12-31": "0.35120", "2019-09-30": "0.28070", "2019-06-30": "0.34600", "2019-03-31": "0.29300", "2018-12-31": "0.34790", "2018-09-30": "0.43350", "2018-06-30": "0.43140", "2018-03-31": "0.37460", "2017-12-31": "0.42930", "2017-09-30": "0.41040", "2017-06-30": "0.40000", "2017-03-31": "0.35550", "2016-12-31": "0.38630", "2016-09-30": "0.38380", "2016-06-30": "0.38090", "2016-03-31": "0.30550", "2015-12-31": "0.36200", "2015-09-30": "0.62050", "2015-06-30": "0.67000", "2015-03-31": "0.56960", "2014-12-31": "0.73130", "2014-09-30": "0.80230", "2014-06-30": "0.91380", "2014-03-31": "0.79860", "2013-12-31": "0.87710", "2013-09-30": "0.90530", "2013-06-30": "0.86470", "2013-03-31": "0.75810", "2012-12-31": "0.75990", "2012-09-30": "0.79180", "2012-06-30": "0.82020", "2012-03-31": "0.80080", "2011-12-31": "0.75430", "2011-09-30": "0.81730", "2011-06-30": "0.86630", "2011-03-31": "", "2010-12-31": "", "2010-09-30": "", "2010-06-30": "", "2009-12-31": ""}, "Inventory Turnover Ratio": {"2020-09-30": "2.25220", "2020-06-30": "1.70380", "2020-03-31": "3.06530", "2019-12-31": "3.08610", "2019-09-30": "2.51080", "2019-06-30": "3.26610", "2019-03-31": "2.64010", "2018-12-31": "2.89060", "2018-09-30": "3.85950", "2018-06-30": "3.58340", "2018-03-31": "3.39860", "2017-12-31": "3.50000", "2017-09-30": "3.02510", "2017-06-30": "2.90210", "2017-03-31": "2.77190", "2016-12-31": "3.74840", "2016-09-30": "2.34320", "2016-06-30": "2.46300", "2016-03-31": "1.94680", "2015-12-31": "2.29820", "2015-09-30": "2.54950", "2015-06-30": "2.95420", "2015-03-31": "2.39910", "2014-12-31": "3.22560", "2014-09-30": "3.91140", "2014-06-30": "4.10890", "2014-03-31": "3.61050", "2013-12-31": "4.58390", "2013-09-30": "4.12200", "2013-06-30": "4.62110", "2013-03-31": "4.10620", "2012-12-31": "5.02900", "2012-09-30": "4.42320", "2012-06-30": "4.16870", "2012-03-31": "5.16740", "2011-12-31": "5.32770", "2011-09-30": "4.67390", "2011-06-30": "4.52680", "2011-03-31": "", "2010-12-31": "", "2010-09-30": "", "2010-06-30": "", "2009-12-31": ""}, "Receiveable Turnover": {"2020-09-30": "3.54470", "2020-06-30": "3.44510", "2020-03-31": "4.51640", "2019-12-31": "4.78570", "2019-09-30": "3.69280", "2019-06-30": "4.41000", "2019-03-31": "4.09880", "2018-12-31": "5.52420", "2018-09-30": "4.25070", "2018-06-30": "4.53690", "2018-03-31": "4.08970", "2017-12-31": "4.48460", "2017-09-30": "4.92560", "2017-06-30": "5.57840", "2017-03-31": "4.95980", "2016-12-31": "4.74290", "2016-09-30": "5.29910", "2016-06-30": "5.25510", "2016-03-31": "4.90200", "2015-12-31": "5.33210", "2015-09-30": "5.99100", "2015-06-30": "5.29850", "2015-03-31": "5.11030", "2014-12-31": "5.48300", "2014-09-30": "4.82600", "2014-06-30": "4.68890", "2014-03-31": "4.29610", "2013-12-31": "4.47870", "2013-09-30": "4.69440", "2013-06-30": "4.16630", "2013-03-31": "4.23490", "2012-12-31": "4.48720", "2012-09-30": "4.12640", "2012-06-30": "4.29970", "2012-03-31": "3.45410", "2011-12-31": "3.55610", "2011-09-30": "4.19540", "2011-06-30": "4.11740", "2011-03-31": "", "2010-12-31": "", "2010-09-30": "", "2010-06-30": "", "2009-12-31": ""}, "Days Sales In Receivables": {"2020-09-30": "25.39010", "2020-06-30": "26.12420", "2020-03-31": "19.92740", "2019-12-31": "18.80600", "2019-09-30": "24.37170", "2019-06-30": "20.40830", "2019-03-31": "21.95770", "2018-12-31": "16.29200", "2018-09-30": "21.17280", "2018-06-30": "19.83730", "2018-03-31": "22.00630", "2017-12-31": "20.06890", "2017-09-30": "18.27170", "2017-06-30": "16.13370", "2017-03-31": "18.14590", "2016-12-31": "18.97580", "2016-09-30": "16.98400", "2016-06-30": "17.12630", "2016-03-31": "18.35990", "2015-12-31": "16.87900", "2015-09-30": "15.02240", "2015-06-30": "16.98590", "2015-03-31": "17.61150", "2014-12-31": "16.41440", "2014-09-30": "18.64890", "2014-06-30": "19.19420", "2014-03-31": "20.94910", "2013-12-31": "20.09520", "2013-09-30": "19.17160", "2013-06-30": "21.60180", "2013-03-31": "21.25200", "2012-12-31": "20.05700", "2012-09-30": "21.81050", "2012-06-30": "20.93170", "2012-03-31": "26.05630", "2011-12-31": "25.30840", "2011-09-30": "21.45230", "2011-06-30": "21.85840", "2011-03-31": "", "2010-12-31": "", "2010-09-30": "", "2010-06-30": "", "2009-12-31": ""}, "ROE - Return On Equity": {"2020-09-30": "-3.31690", "2020-06-30": "0.89470", "2020-03-31": "-32.72060", "2019-12-31": "1.22450", "2019-09-30": "2.60920", "2019-06-30": "3.17460", "2019-03-31": "0.60430", "2018-12-31": "2.71290", "2018-09-30": "4.94460", "2018-06-30": "6.56290", "2018-03-31": "1.24580", "2017-12-31": "10.20260", "2017-09-30": "5.07020", "2017-06-30": "2.93400", "2017-03-31": "0.51020", "2016-12-31": "1.43050", "2016-09-30": "1.09740", "2016-06-30": "3.92780", "2016-03-31": "-0.40010", "2015-12-31": "0.85390", "2015-09-30": "7.41200", "2015-06-30": "6.82670", "2015-03-31": "7.53760", "2014-12-31": "7.06760", "2014-09-30": "6.02700", "2014-06-30": "7.82820", "2014-03-31": "1.92420", "2013-12-31": "5.56830", "2013-09-30": "1.53590", "2013-06-30": "4.91100", "2013-03-31": "5.88140", "2012-12-31": "6.27010", "2012-09-30": "10.67410", "2012-06-30": "7.88300", "2012-03-31": "6.46700", "2011-12-31": "-0.78910", "2011-09-30": "11.27480", "2011-06-30": "8.93390", "2011-03-31": "", "2010-12-31": "", "2010-09-30": "", "2010-06-30": "", "2009-12-31": ""}, "Return On Tangible Equity": {"2020-09-30": "-4.60310", "2020-06-30": "1.52160", "2020-03-31": "-55.17880", "2019-12-31": "1.94800", "2019-09-30": "5.20600", "2019-06-30": "5.99980", "2019-03-31": "1.14450", "2018-12-31": "5.00730", "2018-09-30": "6.14310", "2018-06-30": "8.10790", "2018-03-31": "1.53830", "2017-12-31": "12.32460", "2017-09-30": "6.19140", "2017-06-30": "3.59240", "2017-03-31": "0.62300", "2016-12-31": "1.73930", "2016-09-30": "1.34280", "2016-06-30": "4.80750", "2016-03-31": "-0.49230", "2015-12-31": "1.07310", "2015-09-30": "8.43310", "2015-06-30": "7.82360", "2015-03-31": "8.67100", "2014-12-31": "8.19420", "2014-09-30": "6.97910", "2014-06-30": "8.55450", "2014-03-31": "2.10790", "2013-12-31": "6.07080", "2013-09-30": "1.67540", "2013-06-30": "5.32020", "2013-03-31": "6.35780", "2012-12-31": "6.79190", "2012-09-30": "11.61620", "2012-06-30": "8.65870", "2012-03-31": "7.11730", "2011-12-31": "-0.86580", "2011-09-30": "12.30590", "2011-06-30": "9.85860", "2011-03-31": "", "2010-12-31": "", "2010-09-30": "", "2010-06-30": "", "2009-12-31": ""}, "ROA - Return On Assets": {"2020-09-30": "-1.16640", "2020-06-30": "0.32630", "2020-03-31": "-11.83780", "2019-12-31": "0.52360", "2019-09-30": "1.13410", "2019-06-30": "1.41080", "2019-03-31": "0.26860", "2018-12-31": "1.28580", "2018-09-30": "1.77440", "2018-06-30": "2.38710", "2018-03-31": "0.46660", "2017-12-31": "4.33260", "2017-09-30": "2.14500", "2017-06-30": "1.26300", "2017-03-31": "0.22040", "2016-12-31": "0.65070", "2016-09-30": "0.50590", "2016-06-30": "1.77420", "2016-03-31": "-0.18680", "2015-12-31": "0.38970", "2015-09-30": "3.17630", "2015-06-30": "2.73710", "2015-03-31": "2.99180", "2014-12-31": "2.64590", "2014-09-30": "2.14160", "2014-06-30": "2.94120", "2014-03-31": "0.70990", "2013-12-31": "2.22300", "2013-09-30": "0.59650", "2013-06-30": "2.01720", "2013-03-31": "2.37220", "2012-12-31": "2.78810", "2012-09-30": "4.60440", "2012-06-30": "3.29810", "2012-03-31": "2.35520", "2011-12-31": "-0.29130", "2011-09-30": "4.49160", "2011-06-30": "3.34670", "2011-03-31": "", "2010-12-31": "", "2010-09-30": "", "2010-06-30": "", "2009-12-31": ""}, "ROI - Return On Investment": {"2020-09-30": "-1.66320", "2020-06-30": "0.45020", "2020-03-31": "-16.71600", "2019-12-31": "0.73550", "2019-09-30": "1.56900", "2019-06-30": "1.92770", "2019-03-31": "0.36780", "2018-12-31": "1.68240", "2018-09-30": "2.51240", "2018-06-30": "3.42490", "2018-03-31": "0.65110", "2017-12-31": "6.41030", "2017-09-30": "3.08400", "2017-06-30": "1.78590", "2017-03-31": "0.31200", "2016-12-31": "0.93990", "2016-09-30": "0.71820", "2016-06-30": "2.52850", "2016-03-31": "-0.25290", "2015-12-31": "0.53210", "2015-09-30": "5.08570", "2015-06-30": "4.60790", "2015-03-31": "5.03150", "2014-12-31": "4.48090", "2014-09-30": "3.87910", "2014-06-30": "5.89800", "2014-03-31": "1.43820", "2013-12-31": "4.29110", "2013-09-30": "1.18140", "2013-06-30": "3.84370", "2013-03-31": "4.61850", "2012-12-31": "4.91360", "2012-09-30": "8.27250", "2012-06-30": "5.96690", "2012-03-31": "4.76040", "2011-12-31": "-0.58610", "2011-09-30": "8.49710", "2011-06-30": "6.55280", "2011-03-31": "", "2010-12-31": "", "2010-09-30": "", "2010-06-30": "", "2009-12-31": ""}, "Book Value Per Share": {"2020-09-30": "45.38560", "2020-06-30": "47.46000", "2020-03-31": "48.04310", "2019-12-31": "64.92910", "2019-09-30": "65.62460", "2019-06-30": "65.24390", "2019-03-31": "64.25490", "2018-12-31": "64.77790", "2018-09-30": "42.19730", "2018-06-30": "41.26750", "2018-03-31": "40.39190", "2017-12-31": "42.85600", "2017-09-30": "39.76310", "2017-06-30": "38.66400", "2017-03-31": "38.14450", "2016-12-31": "38.26330", "2016-09-30": "37.79740", "2016-06-30": "37.75570", "2016-03-31": "36.78110", "2015-12-31": "37.40490", "2015-09-30": "24.20410", "2015-06-30": "22.88640", "2015-03-31": "22.02210", "2014-12-31": "20.82270", "2014-09-30": "20.04630", "2014-06-30": "19.36320", "2014-03-31": "18.54830", "2013-12-31": "19.07740", "2013-09-30": "18.58750", "2013-06-30": "19.23820", "2013-03-31": "18.97860", "2012-12-31": "18.17570", "2012-09-30": "16.91300", "2012-06-30": "15.18530", "2012-03-31": "13.55290", "2011-12-31": "13.31230", "2011-09-30": "14.07420", "2011-06-30": "12.60820", "2011-03-31": "", "2010-12-31": "", "2010-09-30": "", "2010-06-30": "", "2009-12-31": ""}, "Operating Cash Flow Per Share": {"2020-09-30": 2.0307, "2020-06-30": 0.833, "2020-03-31": "-1.18520", "2019-12-31": 3.5638, "2019-09-30": 4.2807, "2019-06-30": 3.9623, "2019-03-31": "2.41160", "2018-12-31": 4.1831, "2018-09-30": 2.6771, "2018-06-30": 5.1324, "2018-03-31": "-0.28540", "2017-12-31": 5.3019, "2017-09-30": 3.8192, "2017-06-30": 1.7024, "2017-03-31": "2.09060", "2016-12-31": 1.915, "2016-09-30": 0.7734, "2016-06-30": 4.2693, "2016-03-31": "0.62150", "2015-12-31": 1.4683, "2015-09-30": 2.0318, "2015-06-30": 1.8471, "2015-03-31": "2.16760", "2014-12-31": 0.6343, "2014-09-30": 1.9395, "2014-06-30": 1.546, "2014-03-31": "1.29830", "2013-12-31": 2.0749, "2013-09-30": 0.7603, "2013-06-30": -0.5861, "2013-03-31": "3.12160", "2012-12-31": 2.9658, "2012-09-30": 2.6983, "2012-06-30": 0.4075, "2012-03-31": "0.49570", "2011-12-31": 0.8936, "2011-09-30": 2.4113, "2011-06-30": 0.0517, "2011-03-31": "1.27790", "2010-12-31": -0.405, "2010-09-30": -0.007, "2010-06-30": 0.412, "2009-12-31": 0}, "Free Cash Flow Per Share": {"2020-09-30": 1.3624, "2020-06-30": -0.4185, "2020-03-31": "-2.73770", "2019-12-31": 0.8602, "2019-09-30": 2.6648, "2019-06-30": 2.188, "2019-03-31": "0.60330", "2018-12-31": 2.5186, "2018-09-30": 0.7713, "2018-06-30": 3.5615, "2018-03-31": "-1.84380", "2017-12-31": 3.7895, "2017-09-30": 2.5251, "2017-06-30": 0.4744, "2017-03-31": "0.94340", "2016-12-31": 0.534, "2016-09-30": -0.5654, "2016-06-30": 2.9811, "2016-03-31": "-0.63650", "2015-12-31": 0.1683, "2015-09-30": 1.0665, "2015-06-30": 1.1533, "2015-03-31": "1.47910", "2014-12-31": -0.2573, "2014-09-30": 1.2548, "2014-06-30": 1.0401, "2014-03-31": "0.84920", "2013-12-31": 1.357, "2013-09-30": 0.2416, "2013-06-30": -0.9382, "2013-03-31": "2.83330", "2012-12-31": 2.3859, "2012-09-30": 2.2765, "2012-06-30": -0.0762, "2012-03-31": "0.05710", "2011-12-31": 0.4202, "2011-09-30": 1.963, "2011-06-30": -0.3198, "2011-03-31": "1.11310", "2010-12-31": 0.8575, "2010-09-30": -0.3938, "2010-06-30": -0.4637, "2009-12-31": 0}}, "revenue": {"Marathon Petroleum Annual Revenue (Millions of US $)": {"2020": "$69,779", "2019": "$123,949", "2018": "$96,504", "2017": "$74,733", "2016": "$63,339", "2015": "$72,051", "2014": "$97,817", "2013": "$100,160", "2012": "$82,243", "2011": "$78,638", "2010": "$62,487", "2009": "$45,530", "2008": "$65,258"}, "Marathon Petroleum Quarterly Revenue (Millions of US $)": {"2020-12-31": "$17,972", "2020-09-30": "$17,408", "2020-06-30": "$15,024", "2020-03-31": "$25,215", "2019-12-31": "$34,615", "2019-09-30": "$27,552", "2019-06-30": "$33,529", "2019-03-31": "$28,253", "2018-12-31": "$32,333", "2018-09-30": "$22,988", "2018-06-30": "$22,317", "2018-03-31": "$18,866", "2017-12-31": "$21,055", "2017-09-30": "$19,210", "2017-06-30": "$18,180", "2017-03-31": "$16,288", "2016-12-31": "$17,155", "2016-09-30": "$16,618", "2016-06-30": "$16,811", "2016-03-31": "$12,755", "2015-12-31": "$15,607", "2015-09-30": "$18,716", "2015-06-30": "$20,537", "2015-03-31": "$17,191", "2014-12-31": "$22,250", "2014-09-30": "$25,438", "2014-06-30": "$26,844", "2014-03-31": "$23,285", "2013-12-31": "$24,897", "2013-09-30": "$26,256", "2013-06-30": "$25,677", "2013-03-31": "$23,330", "2012-12-31": "$20,686", "2012-09-30": "$21,049", "2012-06-30": "$20,243", "2012-03-31": "$20,265", "2011-12-31": "$19,420", "2011-09-30": "$20,616", "2011-06-30": "$20,760", "2011-03-31": "$17,842", "2010-12-31": "", "2010-09-30": "$15,897", "2010-06-30": "$15,795", "2009-12-31": ""}}, "gross-profit": {"Marathon Petroleum Annual Gross Profit (Millions of US $)": {"2020": "$4,046", "2019": "$13,706", "2018": "$10,438", "2017": "$7,644", "2016": "$6,663", "2015": "$16,468", "2014": "$14,047", "2013": "$12,759", "2012": "$13,575", "2011": "$12,843", "2010": "$10,756", "2009": "$8,527", "2008": "$65,258"}, "Marathon Petroleum Quarterly Gross Profit (Millions of US $)": {"2020-12-31": "$756", "2020-09-30": "$735", "2020-06-30": "$1,247", "2020-03-31": "$2,394", "2019-12-31": "$4,359", "2019-09-30": "$3,207", "2019-06-30": "$3,847", "2019-03-31": "$2,293", "2018-12-31": "$3,898", "2018-09-30": "$2,382", "2018-06-30": "$2,662", "2018-03-31": "$1,496", "2017-12-31": "$1,630", "2017-09-30": "$2,593", "2017-06-30": "$2,079", "2017-03-31": "$1,342", "2016-12-31": "$-4,046", "2016-09-30": "$3,674", "2016-06-30": "$3,981", "2016-03-31": "$3,054", "2015-12-31": "$3,599", "2015-09-30": "$4,551", "2015-06-30": "$4,171", "2015-03-31": "$4,147", "2014-12-31": "$4,051", "2014-09-30": "$3,503", "2014-06-30": "$3,748", "2014-03-31": "$2,745", "2013-12-31": "$3,403", "2013-09-30": "$2,703", "2013-06-30": "$3,357", "2013-03-31": "$3,296", "2012-12-31": "$3,341", "2012-09-30": "$3,847", "2012-06-30": "$3,443", "2012-03-31": "$2,944", "2011-12-31": "$1,732", "2011-09-30": "$3,720", "2011-06-30": "$4,106", "2011-03-31": "$3,285", "2010-12-31": "", "2010-09-30": "$2,994", "2010-06-30": "$3,003", "2009-12-31": ""}}, "operating-income": {"Marathon Petroleum Annual Operating Income (Millions of US $)": {"2020": "$-12,247", "2019": "$5,576", "2018": "$5,571", "2017": "$4,018", "2016": "$2,386", "2015": "$4,692", "2014": "$4,051", "2013": "$3,425", "2012": "$5,347", "2011": "$3,745", "2010": "$1,011", "2009": "$654", "2008": "$65,258"}, "Marathon Petroleum Quarterly Operating Income (Millions of US $)": {"2020-12-31": "$390", "2020-09-30": "$-1,057", "2020-06-30": "$981", "2020-03-31": "$-11,817", "2019-12-31": "$1,185", "2019-09-30": "$1,680", "2019-06-30": "$2,042", "2019-03-31": "$669", "2018-12-31": "$2,017", "2018-09-30": "$1,403", "2018-06-30": "$1,711", "2018-03-31": "$440", "2017-12-31": "$1,168", "2017-09-30": "$1,577", "2017-06-30": "$982", "2017-03-31": "$291", "2016-12-31": "$561", "2016-09-30": "$435", "2016-06-30": "$1,315", "2016-03-31": "$75", "2015-12-31": "$338", "2015-09-30": "$1,549", "2015-06-30": "$1,335", "2015-03-31": "$1,470", "2014-12-31": "$1,259", "2014-09-30": "$1,062", "2014-06-30": "$1,369", "2014-03-31": "$361", "2013-12-31": "$1,008", "2013-09-30": "$301", "2013-06-30": "$960", "2013-03-31": "$1,156", "2012-12-31": "$1,189", "2012-09-30": "$1,895", "2012-06-30": "$1,307", "2012-03-31": "$956", "2011-12-31": "$-158", "2011-09-30": "$1,759", "2011-06-30": "$1,325", "2011-03-31": "$819", "2010-12-31": "", "2010-09-30": "$443", "2010-06-30": "$636", "2009-12-31": ""}}, "ebitda": {"Marathon Petroleum Annual EBITDA (Millions of US $)": {"2019": "$9,247", "2018": "$8,131", "2017": "$6,196", "2016": "$4,448", "2015": "$6,210", "2014": "$5,404", "2013": "$4,645", "2012": "$6,342", "2011": "$4,636", "2010": "$1,952", "2009": "$1,324", "2008": "$65,258"}, "Marathon Petroleum Quarterly EBITDA (Millions of US $)": {"2020-09-30": "$-409", "2020-06-30": "$1,932", "2020-03-31": "$-10,841", "2019-12-31": "$2,462", "2019-09-30": "$2,260", "2019-06-30": "$2,937", "2019-03-31": "$1,588", "2018-12-31": "$2,910", "2018-09-30": "$1,974", "2018-06-30": "$2,261", "2018-03-31": "$986", "2017-12-31": "$1,726", "2017-09-30": "$2,110", "2017-06-30": "$1,518", "2017-03-31": "$842", "2016-12-31": "$1,079", "2016-09-30": "$960", "2016-06-30": "$1,829", "2016-03-31": "$580", "2015-12-31": "$758", "2015-09-30": "$1,915", "2015-06-30": "$1,704", "2015-03-31": "$1,833", "2014-12-31": "$1,645", "2014-09-30": "$1,384", "2014-06-30": "$1,694", "2014-03-31": "$681", "2013-12-31": "$1,340", "2013-09-30": "$600", "2013-06-30": "$1,262", "2013-03-31": "$1,443", "2012-12-31": "$1,472", "2012-09-30": "$2,141", "2012-06-30": "$1,543", "2012-03-31": "$1,186", "2011-12-31": "$72", "2011-09-30": "$1,986", "2011-06-30": "$1,543", "2011-03-31": "$1,035", "2010-12-31": "", "2010-09-30": "$677", "2010-06-30": "$636", "2009-12-31": ""}}, "net-income": {"Marathon Petroleum Annual Net Income (Millions of US $)": {"2020": "$-9,919", "2019": "$2,637", "2018": "$2,780", "2017": "$3,432", "2016": "$1,174", "2015": "$2,852", "2014": "$2,524", "2013": "$2,108", "2012": "$3,383", "2011": "$2,385", "2010": "$622", "2009": "$449", "2008": "$1,215"}, "Marathon Petroleum Quarterly Net Income (Millions of US $)": {"2020-12-31": "$192", "2020-09-30": "$-886", "2020-06-30": "$9", "2020-03-31": "$-9,234", "2019-12-31": "$443", "2019-09-30": "$1,095", "2019-06-30": "$1,106", "2019-03-31": "$-7", "2018-12-31": "$951", "2018-09-30": "$737", "2018-06-30": "$1,055", "2018-03-31": "$37", "2017-12-31": "$2,016", "2017-09-30": "$903", "2017-06-30": "$483", "2017-03-31": "$30", "2016-12-31": "$227", "2016-09-30": "$145", "2016-06-30": "$801", "2016-03-31": "$1", "2015-12-31": "$187", "2015-09-30": "$948", "2015-06-30": "$826", "2015-03-31": "$891", "2014-12-31": "$799", "2014-09-30": "$672", "2014-06-30": "$854", "2014-03-31": "$199", "2013-12-31": "$622", "2013-09-30": "$168", "2013-06-30": "$593", "2013-03-31": "$725", "2012-12-31": "$749", "2012-09-30": "$1,224", "2012-06-30": "$814", "2012-03-31": "$596", "2011-12-31": "$-77", "2011-09-30": "$1,131", "2011-06-30": "$802", "2011-03-31": "$529", "2010-12-31": "", "2010-09-30": "$277", "2010-06-30": "$405", "2009-12-31": ""}}, "eps-earnings-per-share-diluted": {"Marathon Petroleum Annual EPS": {"2020": "$-15.28", "2019": "$3.97", "2018": "$5.28", "2017": "$6.70", "2016": "$2.21", "2015": "$5.26", "2014": "$4.39", "2013": "$3.32", "2012": "$4.95", "2011": "$3.34", "2010": "$0.87", "2009": "$0.63", "2008": "$0.00"}, "Marathon Petroleum Quarterly EPS": {"2020-12-31": "$0.29", "2020-09-30": "$-1.36", "2020-06-30": "$0.01", "2020-03-31": "$-14.25", "2019-12-31": "$0.66", "2019-09-30": "$1.66", "2019-06-30": "$1.66", "2019-03-31": "$-0.01", "2018-12-31": "$1.31", "2018-09-30": "$1.62", "2018-06-30": "$2.27", "2018-03-31": "$0.08", "2017-12-31": "$3.94", "2017-09-30": "$1.77", "2017-06-30": "$0.93", "2017-03-31": "$0.06", "2016-12-31": "$0.43", "2016-09-30": "$0.27", "2016-06-30": "$1.51", "2016-03-31": "$0.00", "2015-12-31": "$0.37", "2015-09-30": "$1.76", "2015-06-30": "$1.51", "2015-03-31": "$1.62", "2014-12-31": "$1.40", "2014-09-30": "$1.18", "2014-06-30": "$1.48", "2014-03-31": "$0.34", "2013-12-31": "$1.05", "2013-09-30": "$0.27", "2013-06-30": "$0.92", "2013-03-31": "$1.09", "2012-12-31": "$1.11", "2012-09-30": "$1.80", "2012-06-30": "$1.19", "2012-03-31": "$0.85", "2011-12-31": "$-0.11", "2011-09-30": "$1.58", "2011-06-30": "$1.12", "2011-03-31": "$0.74", "2010-12-31": "$0.00", "2010-09-30": "$0.39", "2010-06-30": "$0.57", "2009-12-31": "$0.00"}}, "shares-outstanding": {"Marathon Petroleum Annual Shares Outstanding (Millions of Shares)": {"2020": "649", "2019": "664", "2018": "526", "2017": "512", "2016": "530", "2015": "542", "2014": "574", "2013": "634", "2012": "684", "2011": "714", "2010": "716", "2009": "716", "2008": ""}, "Marathon Petroleum Quarterly Shares Outstanding (Millions of Shares)": {"2020-12-31": "650", "2020-09-30": "650", "2020-06-30": "653", "2020-03-31": "648", "2019-12-31": "664", "2019-09-30": "660", "2019-06-30": "666", "2019-03-31": "673", "2018-12-31": "526", "2018-09-30": "456", "2018-06-30": "464", "2018-03-31": "480", "2017-12-31": "512", "2017-09-30": "508", "2017-06-30": "517", "2017-03-31": "530", "2016-12-31": "530", "2016-09-30": "530", "2016-06-30": "531", "2016-03-31": "531", "2015-12-31": "542", "2015-09-30": "538", "2015-06-30": "544", "2015-03-31": "549", "2014-12-31": "574", "2014-09-30": "569", "2014-06-30": "578", "2014-03-31": "590", "2013-12-31": "634", "2013-09-30": "622", "2013-06-30": "648", "2013-03-31": "666", "2012-12-31": "684", "2012-09-30": "680", "2012-06-30": "682", "2012-03-31": "700", "2011-12-31": "714", "2011-09-30": "714", "2011-06-30": "716", "2011-03-31": "716", "2010-12-31": "", "2010-09-30": "716", "2010-06-30": "716", "2009-12-31": ""}}, "total-assets": {"Marathon Petroleum Annual Total Assets (Millions of US $)": {"2019": "$98,556", "2018": "$92,940", "2017": "$49,047", "2016": "$44,413", "2015": "$43,115", "2014": "$30,425", "2013": "$28,385", "2012": "$27,223", "2011": "$25,745", "2010": "$23,232", "2009": "$0", "2008": "$0"}, "Marathon Petroleum Quarterly Total Assets (Millions of US $)": {"2020-09-30": "$84,020", "2020-06-30": "$84,593", "2020-03-31": "$86,317", "2019-12-31": "$98,556", "2019-09-30": "$98,139", "2019-06-30": "$96,896", "2019-03-31": "$96,436", "2018-12-31": "$92,940", "2018-09-30": "$53,031", "2018-06-30": "$51,736", "2018-03-31": "$50,364", "2017-12-31": "$49,047", "2017-09-30": "$46,806", "2017-06-30": "$45,447", "2017-03-31": "$45,821", "2016-12-31": "$44,413", "2016-09-30": "$43,293", "2016-06-30": "$44,133", "2016-03-31": "$41,758", "2015-12-31": "$43,115", "2015-09-30": "$30,161", "2015-06-30": "$30,653", "2015-03-31": "$30,182", "2014-12-31": "$30,425", "2014-09-30": "$31,705", "2014-06-30": "$29,376", "2014-03-31": "$29,159", "2013-12-31": "$28,385", "2013-09-30": "$29,003", "2013-06-30": "$29,695", "2013-03-31": "$30,773", "2012-12-31": "$27,223", "2012-09-30": "$26,583", "2012-06-30": "$24,681", "2012-03-31": "$25,306", "2011-12-31": "$25,745", "2011-09-30": "$25,225", "2011-06-30": "$23,964", "2011-03-31": "$0", "2010-12-31": "$0", "2010-09-30": "$0", "2010-06-30": "$0", "2009-12-31": "$0"}}, "cash-on-hand": {"Marathon Petroleum Annual Cash on Hand (Millions of US $)": {"2019": "$1,527", "2018": "$1,687", "2017": "$3,011", "2016": "$887", "2015": "$1,127", "2014": "$1,494", "2013": "$2,292", "2012": "$4,860", "2011": "$3,079", "2010": "$2,522", "2009": "$", "2008": "$"}, "Marathon Petroleum Quarterly Cash on Hand (Millions of US $)": {"2020-09-30": "$618", "2020-06-30": "$1,091", "2020-03-31": "$1,690", "2019-12-31": "$1,393", "2019-09-30": "$1,525", "2019-06-30": "$1,247", "2019-03-31": "$877", "2018-12-31": "$1,687", "2018-09-30": "$4,992", "2018-06-30": "$4,999", "2018-03-31": "$4,653", "2017-12-31": "$3,011", "2017-09-30": "$2,088", "2017-06-30": "$1,450", "2017-03-31": "$2,167", "2016-12-31": "$887", "2016-09-30": "$709", "2016-06-30": "$1,754", "2016-03-31": "$308", "2015-12-31": "$1,127", "2015-09-30": "$2,044", "2015-06-30": "$1,881", "2015-03-31": "$2,078", "2014-12-31": "$1,494", "2014-09-30": "$1,854", "2014-06-30": "$2,125", "2014-03-31": "$2,166", "2013-12-31": "$2,292", "2013-09-30": "$2,018", "2013-06-30": "$3,069", "2013-03-31": "$4,737", "2012-12-31": "$4,860", "2012-09-30": "$3,387", "2012-06-30": "$1,895", "2012-03-31": "$2,205", "2011-12-31": "$3,079", "2011-09-30": "$2,957", "2011-06-30": "$1,622", "2011-03-31": "", "2010-12-31": "", "2010-09-30": "", "2010-06-30": "", "2009-12-31": ""}}, "long-term-debt": {"Marathon Petroleum Annual Long Term Debt (Millions of US $)": {"2019": "$28,127", "2018": "$26,980", "2017": "$12,322", "2016": "$10,544", "2015": "$11,896", "2014": "$6,575", "2013": "$3,373", "2012": "$3,342", "2011": "$3,292", "2010": "$268", "2009": "$", "2008": "$"}, "Marathon Petroleum Quarterly Long Term Debt (Millions of US $)": {"2020-09-30": "$29,377", "2020-06-30": "$30,451", "2020-03-31": "$29,899", "2019-12-31": "$28,020", "2019-09-30": "$28,282", "2019-06-30": "$27,853", "2019-03-31": "$27,565", "2018-12-31": "$26,980", "2018-09-30": "$18,423", "2018-06-30": "$17,241", "2018-03-31": "$17,232", "2017-12-31": "$12,322", "2017-09-30": "$12,753", "2017-06-30": "$12,577", "2017-03-31": "$12,570", "2016-12-31": "$10,544", "2016-09-30": "$10,538", "2016-06-30": "$11,032", "2016-03-31": "$11,351", "2015-12-31": "$11,896", "2015-09-30": "$5,912", "2015-06-30": "$5,918", "2015-03-31": "$5,967", "2014-12-31": "$6,575", "2014-09-30": "$6,238", "2014-06-30": "$3,612", "2014-03-31": "$3,635", "2013-12-31": "$3,373", "2013-09-30": "$3,380", "2013-06-30": "$3,387", "2013-03-31": "$3,394", "2012-12-31": "$3,342", "2012-09-30": "$3,329", "2012-06-30": "$3,316", "2012-03-31": "$3,304", "2011-12-31": "$3,292", "2011-09-30": "$3,285", "2011-06-30": "$3,262", "2011-03-31": "", "2010-12-31": "", "2010-09-30": "", "2010-06-30": "", "2009-12-31": ""}}, "total-liabilities": {"Marathon Petroleum Annual Total Liabilities (Millions of US $)": {"2019": "$56,417", "2018": "$48,891", "2017": "$28,219", "2016": "$24,210", "2015": "$23,440", "2014": "$19,035", "2013": "$17,053", "2012": "$15,118", "2011": "$16,240", "2010": "$14,988", "2009": "$0", "2008": "$"}, "Marathon Petroleum Quarterly Total Liabilities (Millions of US $)": {"2020-09-30": "$54,474", "2020-06-30": "$53,744", "2020-03-31": "$55,089", "2019-12-31": "$56,417", "2019-09-30": "$55,483", "2019-06-30": "$53,835", "2019-03-31": "$53,578", "2018-12-31": "$48,891", "2018-09-30": "$34,000", "2018-06-30": "$32,918", "2018-03-31": "$31,501", "2017-12-31": "$28,219", "2017-09-30": "$27,004", "2017-06-30": "$25,883", "2017-03-31": "$26,024", "2016-12-31": "$24,210", "2016-09-30": "$23,336", "2016-06-30": "$24,198", "2016-03-31": "$22,264", "2015-12-31": "$23,440", "2015-09-30": "$17,236", "2015-06-30": "$18,363", "2015-03-31": "$18,202", "2014-12-31": "$19,035", "2014-09-30": "$20,439", "2014-06-30": "$18,339", "2014-03-31": "$18,401", "2013-12-31": "$17,053", "2013-09-30": "$17,739", "2013-06-30": "$17,498", "2013-03-31": "$18,361", "2012-12-31": "$15,118", "2012-09-30": "$15,116", "2012-06-30": "$14,355", "2012-03-31": "$16,090", "2011-12-31": "$16,240", "2011-09-30": "$15,176", "2011-06-30": "$14,987", "2011-03-31": "$0", "2010-12-31": "", "2010-09-30": "$0", "2010-06-30": "$0", "2009-12-31": "$0"}}, "total-share-holder-equity": {"Marathon Petroleum Annual Share Holder Equity (Millions of US $)": {"2019": "$42,139", "2018": "$44,049", "2017": "$20,828", "2016": "$20,203", "2015": "$19,675", "2014": "$11,390", "2013": "$11,332", "2012": "$12,105", "2011": "$9,505", "2010": "$8,244", "2009": "$0", "2008": "$"}, "Marathon Petroleum Quarterly Share Holder Equity (Millions of US $)": {"2020-09-30": "$29,546", "2020-06-30": "$30,849", "2020-03-31": "$31,228", "2019-12-31": "$42,139", "2019-09-30": "$42,656", "2019-06-30": "$43,061", "2019-03-31": "$42,858", "2018-12-31": "$44,049", "2018-09-30": "$19,031", "2018-06-30": "$18,818", "2018-03-31": "$18,863", "2017-12-31": "$20,828", "2017-09-30": "$19,802", "2017-06-30": "$19,564", "2017-03-31": "$19,797", "2016-12-31": "$20,203", "2016-09-30": "$19,957", "2016-06-30": "$19,935", "2016-03-31": "$19,494", "2015-12-31": "$19,675", "2015-09-30": "$12,925", "2015-06-30": "$12,290", "2015-03-31": "$11,980", "2014-12-31": "$11,390", "2014-09-30": "$11,266", "2014-06-30": "$11,037", "2014-03-31": "$10,758", "2013-12-31": "$11,332", "2013-09-30": "$11,264", "2013-06-30": "$12,197", "2013-03-31": "$12,412", "2012-12-31": "$12,105", "2012-09-30": "$11,467", "2012-06-30": "$10,326", "2012-03-31": "$9,216", "2011-12-31": "$9,505", "2011-09-30": "$10,049", "2011-06-30": "$8,977", "2011-03-31": "$0", "2010-12-31": "", "2010-09-30": "$0", "2010-06-30": "$0", "2009-12-31": "$0"}}, "profit-margins": {"current": "-13.4%"}, "gross margin": {"2020-12-31": "6.79%", "2020-09-30": "9.47%", "2020-06-30": "10.94%", "2020-03-31": "11.42%", "2019-12-31": "11.06%", "2019-09-30": "10.89%", "2019-06-30": "10.61%", "2019-03-31": "10.61%", "2018-12-31": "10.82%", "2018-09-30": "9.59%", "2018-06-30": "10.29%", "2018-03-31": "10.09%", "2017-12-31": "10.23%", "2017-09-30": "2.78%", "2017-06-30": "4.47%", "2017-03-31": "7.40%", "2016-12-31": "10.52%", "2016-09-30": "23.16%", "2016-06-30": "23.77%", "2016-03-31": "22.74%", "2015-12-31": "22.86%", "2015-09-30": "21.50%", "2015-06-30": "18.58%", "2015-03-31": "16.84%", "2014-12-31": "14.36%", "2014-09-30": "13.34%", "2014-06-30": "12.44%", "2014-03-31": "12.19%", "2013-12-31": "12.74%", "2013-09-30": "13.23%", "2013-06-30": "15.25%", "2013-03-31": "16.33%", "2012-12-31": "16.51%", "2012-09-30": "14.78%", "2012-06-30": "14.70%", "2012-03-31": "15.42%", "2011-12-31": "16.33%", "2011-06-30": "19.06%", "2011-03-31": "18.74%"}, "operating margin": {"2020-12-31": "-15.21%", "2020-09-30": "-11.61%", "2020-06-30": "-7.78%", "2020-03-31": "-5.71%", "2019-12-31": "4.50%", "2019-09-30": "5.27%", "2019-06-30": "5.24%", "2019-03-31": "5.48%", "2018-12-31": "5.77%", "2018-09-30": "5.54%", "2018-06-30": "6.01%", "2018-03-31": "5.39%", "2017-12-31": "5.38%", "2017-09-30": "4.82%", "2017-06-30": "3.32%", "2017-03-31": "3.89%", "2016-12-31": "3.77%", "2016-09-30": "3.50%", "2016-06-30": "5.13%", "2016-03-31": "4.88%", "2015-12-31": "6.51%", "2015-09-30": "7.13%", "2015-06-30": "6.00%", "2015-03-31": "5.63%", "2014-12-31": "4.14%", "2014-09-30": "3.78%", "2014-06-30": "3.00%", "2014-03-31": "2.63%", "2013-12-31": "3.42%", "2013-09-30": "3.76%", "2013-06-30": "5.73%", "2013-03-31": "6.50%", "2012-12-31": "6.50%", "2012-09-30": "4.94%", "2012-06-30": "4.80%", "2012-03-31": "4.79%", "2011-12-31": "4.76%", "2011-06-30": "4.75%", "2011-03-31": "3.83%"}, "ebitda margin": {"2020-09-30": "-7.43%", "2020-06-30": "-4.09%", "2020-03-31": "-2.63%", "2019-12-31": "7.46%", "2019-09-30": "7.97%", "2019-06-30": "8.03%", "2019-03-31": "8.25%", "2018-12-31": "8.43%", "2018-09-30": "8.15%", "2018-06-30": "8.70%", "2018-03-31": "8.20%", "2017-12-31": "8.29%", "2017-09-30": "7.83%", "2017-06-30": "6.45%", "2017-03-31": "7.04%", "2016-12-31": "7.02%", "2016-09-30": "6.68%", "2016-06-30": "7.95%", "2016-03-31": "7.33%", "2015-12-31": "8.62%", "2015-09-30": "9.02%", "2015-06-30": "7.69%", "2015-03-31": "7.15%", "2014-12-31": "5.52%", "2014-09-30": "5.08%", "2014-06-30": "4.26%", "2014-03-31": "3.88%", "2013-12-31": "4.64%", "2013-09-30": "4.98%", "2013-06-30": "6.96%", "2013-03-31": "7.74%", "2012-12-31": "7.71%", "2012-09-30": "6.10%", "2012-06-30": "5.94%", "2012-03-31": "5.91%", "2011-12-31": "5.90%", "2011-06-30": "5.97%", "2011-03-31": "4.74%"}, "pre tax profit margin": {"2020-12-31": "-17.03%", "2020-09-30": "-13.07%", "2020-06-30": "-9.06%", "2020-03-31": "-6.77%", "2019-12-31": "3.49%", "2019-09-30": "4.18%", "2019-06-30": "4.17%", "2019-03-31": "4.41%", "2018-12-31": "4.73%", "2018-09-30": "4.57%", "2018-06-30": "5.10%", "2018-03-31": "4.47%", "2017-12-31": "4.47%", "2017-09-30": "3.96%", "2017-06-30": "2.46%", "2017-03-31": "3.04%", "2016-12-31": "2.88%", "2016-09-30": "2.65%", "2016-06-30": "4.42%", "2016-03-31": "4.32%", "2015-12-31": "6.07%", "2015-09-30": "6.77%", "2015-06-30": "5.69%", "2015-03-31": "5.35%", "2014-12-31": "3.92%", "2014-09-30": "3.60%", "2014-06-30": "2.82%", "2014-03-31": "2.45%", "2013-12-31": "3.24%", "2013-09-30": "3.57%", "2013-06-30": "5.55%", "2013-03-31": "6.34%", "2012-12-31": "6.37%", "2012-09-30": "4.83%", "2012-06-30": "4.70%", "2012-03-31": "4.73%", "2011-12-31": "4.73%", "2011-06-30": "4.76%", "2011-03-31": "3.84%"}, "net profit margin": {"2020-12-31": "-13.12%", "2020-09-30": "-10.48%", "2020-06-30": "-7.51%", "2020-03-31": "-5.45%", "2019-12-31": "2.13%", "2019-09-30": "2.58%", "2019-06-30": "2.38%", "2019-03-31": "2.58%", "2018-12-31": "2.88%", "2018-09-30": "4.51%", "2018-06-30": "4.92%", "2018-03-31": "4.45%", "2017-12-31": "4.59%", "2017-09-30": "2.32%", "2017-06-30": "1.30%", "2017-03-31": "1.80%", "2016-12-31": "1.85%", "2016-09-30": "1.84%", "2016-06-30": "3.03%", "2016-03-31": "2.90%", "2015-12-31": "3.96%", "2015-09-30": "4.40%", "2015-06-30": "3.73%", "2015-03-31": "3.51%", "2014-12-31": "2.58%", "2014-09-30": "2.34%", "2014-06-30": "1.82%", "2014-03-31": "1.58%", "2013-12-31": "2.10%", "2013-09-30": "2.33%", "2013-06-30": "3.63%", "2013-03-31": "4.12%", "2012-12-31": "4.11%", "2012-09-30": "3.16%", "2012-06-30": "3.06%", "2012-03-31": "3.02%", "2011-12-31": "3.03%", "2011-06-30": "2.95%", "2011-03-31": "2.44%"}, "pe ratio": {"current": "0.00", "2021-02-05": "0.00", "2020-12-31": "0.00", "2020-09-30": "0.00", "2020-06-30": "0.00", "2020-03-31": "0.00", "2019-12-31": "14.27", "2019-09-30": "12.22", "2019-06-30": "11.21", "2019-03-31": "10.49", "2018-12-31": "10.09", "2018-09-30": "8.96", "2018-06-30": "7.67", "2018-03-31": "9.40", "2017-12-31": "8.45", "2017-09-30": "15.14", "2017-06-30": "25.98", "2017-03-31": "19.32", "2016-12-31": "19.63", "2016-09-30": "16.29", "2016-06-30": "8.88", "2016-03-31": "8.62", "2015-12-31": "8.22", "2015-09-30": "6.06", "2015-06-30": "7.49", "2015-03-31": "7.34", "2014-12-31": "8.31", "2014-09-30": "8.51", "2014-06-30": "10.09", "2014-03-31": "13.65", "2013-12-31": "11.07", "2013-09-30": "7.52", "2013-06-30": "5.66", "2013-03-31": "6.73", "2012-12-31": "4.94", "2012-09-30": "5.65", "2012-06-30": "4.90", "2012-03-31": "4.79"}, "price sales": {"2021-02-05": "0.41", "2020-12-31": "0.36", "2020-09-30": "0.21", "2020-06-30": "0.23", "2020-03-31": "0.12", "2019-12-31": "0.31", "2019-09-30": "0.29", "2019-06-30": "0.25", "2019-03-31": "0.27", "2018-12-31": "0.27", "2018-09-30": "0.40", "2018-06-30": "0.38", "2018-03-31": "0.43", "2017-12-31": "0.40", "2017-09-30": "0.36", "2017-06-30": "0.35", "2017-03-31": "0.35", "2016-12-31": "0.36", "2016-09-30": "0.30", "2016-06-30": "0.27", "2016-03-31": "0.25", "2015-12-31": "0.32", "2015-09-30": "0.27", "2015-06-30": "0.28", "2015-03-31": "0.26", "2014-12-31": "0.22", "2014-09-30": "0.20", "2014-06-30": "0.19", "2014-03-31": "0.22", "2013-12-31": "0.23", "2013-09-30": "0.17", "2013-06-30": "0.20", "2013-03-31": "0.28", "2012-12-31": "0.20", "2012-09-30": "0.18", "2012-06-30": "0.15", "2012-03-31": "0.14"}, "price book": {"current": "1.05", "2021-02-05": "1.05", "2020-09-30": "0.64", "2020-06-30": "0.76", "2020-03-31": "0.47", "2019-12-31": "0.88", "2019-09-30": "0.87", "2019-06-30": "0.79", "2019-03-31": "0.85", "2018-12-31": "0.83", "2018-09-30": "1.71", "2018-06-30": "1.53", "2018-03-31": "1.61", "2017-12-31": "1.36", "2017-09-30": "1.24", "2017-06-30": "1.18", "2017-03-31": "1.15", "2016-12-31": "1.13", "2016-09-30": "0.92", "2016-06-30": "0.85", "2016-03-31": "0.85", "2015-12-31": "1.15", "2015-09-30": "1.58", "2015-06-30": "1.88", "2015-03-31": "1.90", "2014-12-31": "1.76", "2014-09-30": "1.71", "2014-06-30": "1.62", "2014-03-31": "1.88", "2013-12-31": "1.92", "2013-09-30": "1.37", "2013-06-30": "1.45", "2013-03-31": "1.84", "2012-12-31": "1.35", "2012-09-30": "1.25", "2012-06-30": "1.13", "2012-03-31": "1.22", "2011-12-31": "0.95", "2011-09-30": "0.72", "2011-06-30": "1.23"}, "price fcf": {"2021-02-05": "", "2020-09-30": "$-0.93", "2020-06-30": "$0.37", "2020-03-31": "$2.98", "2019-12-31": "$6.32", "2019-09-30": "$7.97", "2019-06-30": "$6.08", "2019-03-31": "$7.45", "2018-12-31": "$5.01", "2018-09-30": "$6.28", "2018-06-30": "$8.03", "2018-03-31": "$4.95", "2017-12-31": "$7.73", "2017-09-30": "$4.48", "2017-06-30": "$1.39", "2017-03-31": "$3.89", "2016-12-31": "$2.31", "2016-09-30": "$1.95", "2016-06-30": "$3.58", "2016-03-31": "$1.75", "2015-12-31": "$3.87", "2015-09-30": "$3.44", "2015-06-30": "$3.63", "2015-03-31": "$3.52", "2014-12-31": "$2.89", "2014-09-30": "$4.50", "2014-06-30": "$3.49", "2014-03-31": "$1.51", "2013-12-31": "$3.49", "2013-09-30": "$4.52", "2013-06-30": "$6.56", "2013-03-31": "$7.42", "2012-12-31": "$4.64", "2012-09-30": "$2.68", "2012-06-30": "$2.36", "2012-03-31": "$3.23"}, "net worth": {"value": "$31B"}, "current ratio": {"2020-12-31": "0.00", "2020-09-30": "1.84", "2020-06-30": "1.27", "2020-03-31": "1.16", "2019-12-31": "1.80", "2019-09-30": "1.25", "2019-06-30": "1.24", "2019-03-31": "1.20", "2018-12-31": "1.36", "2018-09-30": "1.65", "2018-06-30": "1.60", "2018-03-31": "1.74", "2017-12-31": "1.28", "2017-09-30": "1.52", "2017-06-30": "1.55", "2017-03-31": "1.61", "2016-12-31": "1.46", "2016-09-30": "1.51", "2016-06-30": "1.52", "2016-03-31": "1.45", "2015-12-31": "1.49", "2015-09-30": "1.41", "2015-06-30": "1.31", "2015-03-31": "1.32", "2014-12-31": "1.32", "2014-09-30": "1.24", "2014-06-30": "1.23", "2014-03-31": "1.24", "2013-12-31": "1.30", "2013-09-30": "1.30", "2013-06-30": "1.39", "2013-03-31": "1.43", "2012-12-31": "1.59", "2012-09-30": "1.51", "2012-06-30": "1.42", "2012-03-31": "1.26", "2011-12-31": "1.25", "2011-09-30": "1.36", "2011-06-30": "1.23", "2011-03-31": "0.00", "2010-12-31": "0.00", "2010-09-30": "0.00", "2010-06-30": "0.00", "2009-12-31": "0.00"}, "quick ratio": {"2020-12-31": "0.00", "2020-09-30": "1.32", "2020-06-30": "0.57", "2020-03-31": "0.61", "2019-12-31": "1.22", "2019-09-30": "0.62", "2019-06-30": "0.63", "2019-03-31": "0.55", "2018-12-31": "0.62", "2018-09-30": "1.09", "2018-06-30": "1.04", "2018-03-31": "1.12", "2017-12-31": "0.75", "2017-09-30": "0.80", "2017-06-30": "0.72", "2017-03-31": "0.82", "2016-12-31": "0.66", "2016-09-30": "0.63", "2016-06-30": "0.75", "2016-03-31": "0.56", "2015-12-31": "0.67", "2015-09-30": "0.69", "2015-06-30": "0.68", "2015-03-31": "0.67", "2014-12-31": "0.66", "2014-09-30": "0.70", "2014-06-30": "0.72", "2014-03-31": "0.72", "2013-12-31": "0.82", "2013-09-30": "0.75", "2013-06-30": "0.92", "2013-03-31": "0.97", "2012-12-31": "1.17", "2012-09-30": "1.04", "2012-06-30": "0.88", "2012-03-31": "0.89", "2011-12-31": "0.91", "2011-09-30": "0.94", "2011-06-30": "0.80", "2011-03-31": "0.00", "2010-12-31": "0.00", "2010-09-30": "0.00", "2010-06-30": "0.00", "2009-12-31": "0.00"}, "debt equity ratio": {"current": "0.99", "2020-12-31": "0.00", "2020-09-30": "1.84", "2020-06-30": "1.74", "2020-03-31": "1.76", "2019-12-31": "1.34", "2019-09-30": "1.30", "2019-06-30": "1.25", "2019-03-31": "1.25", "2018-12-31": "1.11", "2018-09-30": "1.79", "2018-06-30": "1.75", "2018-03-31": "1.67", "2017-12-31": "1.36", "2017-09-30": "1.36", "2017-06-30": "1.32", "2017-03-31": "1.32", "2016-12-31": "1.20", "2016-09-30": "1.17", "2016-06-30": "1.21", "2016-03-31": "1.14", "2015-12-31": "1.19", "2015-09-30": "1.33", "2015-06-30": "1.49", "2015-03-31": "1.52", "2014-12-31": "1.67", "2014-09-30": "1.81", "2014-06-30": "1.66", "2014-03-31": "1.71", "2013-12-31": "1.51", "2013-09-30": "1.58", "2013-06-30": "1.44", "2013-03-31": "1.48", "2012-12-31": "1.25", "2012-09-30": "1.32", "2012-06-30": "1.39", "2012-03-31": "1.75", "2011-12-31": "1.71", "2011-09-30": "1.51", "2011-06-30": "1.67", "2011-03-31": "0.00", "2010-12-31": "0.00", "2010-09-30": "0.00", "2010-06-30": "0.00", "2009-12-31": "0.00"}, "return on equity": {"2020-12-31": "-43.30%", "2020-09-30": "-28.91%", "2020-06-30": "-20.94%", "2020-03-31": "-16.57%", "2019-12-31": "6.18%", "2019-09-30": "7.29%", "2019-06-30": "7.48%", "2019-03-31": "8.77%", "2018-12-31": "11.04%", "2018-09-30": "19.83%", "2018-06-30": "20.49%", "2018-03-31": "17.40%", "2017-12-31": "17.16%", "2017-09-30": "8.28%", "2017-06-30": "4.45%", "2017-03-31": "6.02%", "2016-12-31": "5.90%", "2016-09-30": "5.74%", "2016-06-30": "10.76%", "2016-03-31": "12.19%", "2015-12-31": "20.06%", "2015-09-30": "28.52%", "2015-06-30": "27.17%", "2015-03-31": "28.17%", "2014-12-31": "22.71%", "2014-09-30": "21.15%", "2014-06-30": "16.61%", "2014-03-31": "13.89%", "2013-12-31": "17.86%", "2013-09-30": "18.63%", "2013-06-30": "27.32%", "2013-03-31": "30.33%", "2012-12-31": "31.39%", "2012-09-30": "25.25%", "2012-06-30": "25.21%", "2012-03-31": "25.98%", "2011-12-31": "33.44%", "2011-06-30": "71.65%", "2011-03-31": "inf%"}, "return on assets": {"2020-12-31": "-15.56%", "2020-09-30": "-10.94%", "2020-06-30": "-8.36%", "2020-03-31": "-6.94%", "2019-12-31": "2.70%", "2019-09-30": "3.27%", "2019-06-30": "3.29%", "2019-03-31": "3.72%", "2018-12-31": "4.48%", "2018-09-30": "7.53%", "2018-06-30": "8.10%", "2018-03-31": "7.18%", "2017-12-31": "7.34%", "2017-09-30": "3.60%", "2017-06-30": "1.98%", "2017-03-31": "2.71%", "2016-12-31": "2.71%", "2016-09-30": "2.63%", "2016-06-30": "4.87%", "2016-03-31": "5.39%", "2015-12-31": "8.51%", "2015-09-30": "11.41%", "2015-06-30": "10.37%", "2015-03-31": "10.57%", "2014-12-31": "8.37%", "2014-09-30": "7.91%", "2014-06-30": "6.36%", "2014-03-31": "5.44%", "2013-12-31": "7.15%", "2013-09-30": "7.66%", "2013-06-30": "11.52%", "2013-03-31": "12.86%", "2012-12-31": "13.04%", "2012-09-30": "10.00%", "2012-06-30": "9.76%", "2012-03-31": "9.78%", "2011-12-31": "12.73%", "2011-06-30": "26.84%", "2011-03-31": "inf%"}, "return on investments": {"2020-12-31": "-25.37%", "2020-09-30": "-17.03%", "2020-06-30": "-12.10%", "2020-03-31": "-10.12%", "2019-12-31": "7.90%", "2019-09-30": "9.05%", "2019-06-30": "9.82%", "2019-03-31": "10.79%", "2018-12-31": "12.34%", "2018-09-30": "13.23%", "2018-06-30": "14.21%", "2018-03-31": "12.44%", "2017-12-31": "12.34%", "2017-09-30": "10.68%", "2017-06-30": "7.22%", "2017-03-31": "8.35%", "2016-12-31": "7.76%", "2016-09-30": "6.98%", "2016-06-30": "11.68%", "2016-03-31": "13.26%", "2015-12-31": "21.68%", "2015-09-30": "30.77%", "2015-06-30": "28.63%", "2015-03-31": "30.32%", "2014-12-31": "25.12%", "2014-09-30": "24.82%", "2014-06-30": "20.82%", "2014-03-31": "17.73%", "2013-12-31": "22.56%", "2013-09-30": "23.46%", "2013-06-30": "33.75%", "2013-03-31": "37.17%", "2012-12-31": "37.92%", "2012-09-30": "29.76%", "2012-06-30": "29.56%", "2012-03-31": "30.51%", "2011-12-31": "39.04%", "2011-06-30": "84.55%", "2011-03-31": "inf%"}, "return on tangible equity": {"2020-09-30": "-45.80%", "2020-06-30": "-36.38%", "2020-03-31": "-29.56%", "2019-12-31": "11.31%", "2019-09-30": "13.88%", "2019-06-30": "13.18%", "2019-03-31": "14.20%", "2018-12-31": "15.96%", "2018-09-30": "24.39%", "2018-06-30": "25.08%", "2018-03-31": "21.26%", "2017-12-31": "20.91%", "2017-09-30": "10.11%", "2017-06-30": "5.44%", "2017-03-31": "7.36%", "2016-12-31": "7.22%", "2016-09-30": "7.08%", "2016-06-30": "13.10%", "2016-03-31": "14.65%", "2015-12-31": "23.69%", "2015-09-30": "32.74%", "2015-06-30": "31.34%", "2015-03-31": "32.11%", "2014-12-31": "25.58%", "2014-09-30": "23.44%", "2014-06-30": "18.14%", "2014-03-31": "15.14%", "2013-12-31": "19.40%", "2013-09-30": "20.21%", "2013-06-30": "29.61%", "2013-03-31": "32.98%", "2012-12-31": "34.27%", "2012-09-30": "27.66%", "2012-06-30": "27.65%", "2012-03-31": "28.53%", "2011-12-31": "36.69%", "2011-06-30": "79.07%", "2011-03-31": "inf%"}, "dividend yield history": {"last payout": "$2.32", "last yield": "4.87%"}}