{"ticker": "MKL", "price": {"title": "Markel Historical Annual Stock Price Data", "value": 1099.51, "historical": {"2021": {"Average Stock Price": "1017.3642", "Year Open": "1021.0100", "Year High": "1099.5100", "Year Low": "943.6000", "Year Close": "1099.5100", "Annual % Change": "6.41%"}, "2020": {"Average Stock Price": "1015.6792", "Year Open": "1155.2200", "Year High": "1341.0800", "Year Low": "742.2100", "Year Close": "1033.3000", "Annual % Change": "-9.61%"}, "2019": {"Average Stock Price": "1085.6119", "Year Open": "1022.2400", "Year High": "1196.2300", "Year Low": "957.4900", "Year Close": "1143.1700", "Annual % Change": "10.13%"}, "2018": {"Average Stock Price": "1131.3714", "Year Open": "1116.3100", "Year High": "1218.3800", "Year Low": "954.3900", "Year Close": "1038.0500", "Annual % Change": "-8.87%"}, "2017": {"Average Stock Price": "1010.9984", "Year Open": "912.6700", "Year High": "1147.1000", "Year Low": "891.2500", "Year Close": "1139.1300", "Annual % Change": "25.94%"}, "2016": {"Average Stock Price": "904.4323", "Year Open": "866.4500", "Year High": "982.8400", "Year Low": "810.2600", "Year Close": "904.5000", "Annual % Change": "2.39%"}, "2015": {"Average Stock Price": "805.2548", "Year Open": "681.0500", "Year High": "934.7600", "Year Low": "662.5900", "Year Close": "883.3500", "Annual % Change": "29.36%"}, "2014": {"Average Stock Price": "631.4616", "Year Open": "574.7500", "Year High": "703.9500", "Year Low": "529.0000", "Year Close": "682.8400", "Annual % Change": "17.66%"}, "2013": {"Average Stock Price": "519.2875", "Year Open": "439.0200", "Year High": "580.3500", "Year Low": "439.0200", "Year Close": "580.3500", "Annual % Change": "33.90%"}, "2012": {"Average Stock Price": "439.7948", "Year Open": "413.8500", "Year High": "500.6800", "Year Low": "399.1200", "Year Close": "433.4200", "Annual % Change": "4.52%"}, "2011": {"Average Stock Price": "397.0333", "Year Open": "390.2300", "Year High": "425.6800", "Year Low": "347.3600", "Year Close": "414.6700", "Annual % Change": "9.66%"}, "2010": {"Average Stock Price": "350.9025", "Year Open": "337.8000", "Year High": "387.7200", "Year Low": "321.3200", "Year Close": "378.1300", "Annual % Change": "11.21%"}, "2009": {"Average Stock Price": "301.2513", "Year Open": "295.9000", "Year High": "363.0000", "Year Low": "211.0000", "Year Close": "340.0000", "Annual % Change": "13.71%"}, "2008": {"Average Stock Price": "384.0061", "Year Open": "476.8500", "Year High": "480.0000", "Year Low": "245.2500", "Year Close": "299.0000", "Annual % Change": "-39.12%"}, "2007": {"Average Stock Price": "483.6666", "Year Open": "478.3000", "Year High": "545.5000", "Year Low": "458.9100", "Year Close": "491.1000", "Annual % Change": "2.29%"}, "2006": {"Average Stock Price": "368.5143", "Year Open": "319.5000", "Year High": "481.5000", "Year Low": "319.5000", "Year Close": "480.1000", "Annual % Change": "51.43%"}, "2005": {"Average Stock Price": "334.7429", "Year Open": "364.5100", "Year High": "367.9100", "Year Low": "307.6900", "Year Close": "317.0500", "Annual % Change": "-12.90%"}, "2004": {"Average Stock Price": "293.6940", "Year Open": "255.5000", "Year High": "364.0000", "Year Low": "255.5000", "Year Close": "364.0000", "Annual % Change": "43.58%"}, "2003": {"Average Stock Price": "246.5409", "Year Open": "212.0000", "Year High": "279.0000", "Year Low": "202.6000", "Year Close": "253.5100", "Annual % Change": "23.36%"}, "2002": {"Average Stock Price": "201.0983", "Year Open": "177.5000", "Year High": "221.0000", "Year Low": "171.5000", "Year Close": "205.5000", "Annual % Change": "14.36%"}, "2001": {"Average Stock Price": "187.9746", "Year Open": "174.5000", "Year High": "210.2000", "Year Low": "160.9000", "Year Close": "179.7000", "Annual % Change": "-0.72%"}, "2000": {"Average Stock Price": "145.9463", "Year Open": "148.9000", "Year High": "181.0000", "Year Low": "113.5000", "Year Close": "181.0000", "Annual % Change": "16.77%"}, "1999": {"Average Stock Price": "177.0836", "Year Open": "180.9000", "Year High": "192.0000", "Year Low": "145.0000", "Year Close": "155.0000", "Annual % Change": "-14.36%"}, "1998": {"Average Stock Price": "165.5361", "Year Open": "156.0000", "Year High": "185.0000", "Year Low": "132.8000", "Year Close": "181.0000", "Annual % Change": "15.95%"}, "1997": {"Average Stock Price": "129.2207", "Year Open": "92.0000", "Year High": "161.0000", "Year Low": "89.0000", "Year Close": "156.1000", "Annual % Change": "73.44%"}, "1996": {"Average Stock Price": "85.4517", "Year Open": "75.5000", "Year High": "94.0000", "Year Low": "72.5000", "Year Close": "90.0000", "Annual % Change": "19.21%"}, "1995": {"Average Stock Price": "58.7569", "Year Open": "41.5000", "Year High": "75.5000", "Year Low": "40.7500", "Year Close": "75.5000", "Annual % Change": "81.93%"}, "1994": {"Average Stock Price": "41.2498", "Year Open": "38.5000", "Year High": "44.2500", "Year Low": "37.7500", "Year Close": "41.5000", "Annual % Change": "5.38%"}, "1993": {"Average Stock Price": "36.7001", "Year Open": "31.2500", "Year High": "40.2500", "Year Low": "31.2500", "Year Close": "39.3800", "Annual % Change": "26.02%"}, "1992": {"Average Stock Price": "26.7476", "Year Open": "21.3800", "Year High": "31.2500", "Year Low": "20.7500", "Year Close": "31.2500", "Annual % Change": "42.05%"}, "1991": {"Average Stock Price": "16.8615", "Year Open": "11.0000", "Year High": "22.0000", "Year Low": "10.2500", "Year Close": "22.0000", "Annual % Change": "87.23%"}}}, "market cap": {"value": "$15.15B"}, "income statement": {"Revenue": {"2019-12-31": "9526.19100", "2018-12-31": "6841.28500", "2017-12-31": "6061.65900", "2016-12-31": "5612.02600", "2015-12-31": "5369.98300", "2014-12-31": "5133.66700", "2013-12-31": "4323.08300", "2012-12-31": "3000.11200", "2011-12-31": "2629.95000", "2010-12-31": "2225.39300", "2009-12-31": "2069.32600", "2008-12-31": "1976.58300", "2007-12-31": "2550.57900", "2006-12-31": "2519.00500", "2005-12-31": "2200.14800"}, "Cost Of Goods Sold": {"2019-12-31": "4769.28300", "2018-12-31": "4598.22600", "2017-12-31": "4455.22500", "2016-12-31": "3547.86900", "2015-12-31": "3393.82500", "2014-12-31": "3663.34900", "2013-12-31": "3128.58500", "2012-12-31": "2083.54000", "2011-12-31": "2020.16500", "2010-12-31": "1671.10500", "2009-12-31": "1729.52300", "2008-12-31": "2007.57100", "2007-12-31": "1852.90200", "2006-12-31": "1900.43200", "2005-12-31": "1950.30600"}, "Gross Profit": {"2019-12-31": "4756.90800", "2018-12-31": "2243.05900", "2017-12-31": "1606.43400", "2016-12-31": "2064.15700", "2015-12-31": "1976.15800", "2014-12-31": "1470.31800", "2013-12-31": "1194.49800", "2012-12-31": "916.57200", "2011-12-31": "609.78490", "2010-12-31": "554.28810", "2009-12-31": "339.80300", "2008-12-31": "-30.98800", "2007-12-31": "697.67710", "2006-12-31": "618.57290", "2005-12-31": "249.84190"}, "Research And Development Expenses": {"2019-12-31": "", "2018-12-31": "", "2017-12-31": "", "2016-12-31": "", "2015-12-31": "", "2014-12-31": "", "2013-12-31": "", "2012-12-31": "", "2011-12-31": "", "2010-12-31": "", "2009-12-31": "", "2008-12-31": "", "2007-12-31": "", "2006-12-31": "", "2005-12-31": ""}, "SG&A Expenses": {"2019-12-31": "", "2018-12-31": "", "2017-12-31": "", "2016-12-31": "", "2015-12-31": "", "2014-12-31": "", "2013-12-31": "", "2012-12-31": "", "2011-12-31": "", "2010-12-31": "", "2009-12-31": "", "2008-12-31": "", "2007-12-31": "", "2006-12-31": "", "2005-12-31": ""}, "Other Operating Income Or Expenses": {"2019-12-31": "-2130.92400", "2018-12-31": "-1888.17200", "2017-12-31": "-1309.07000", "2016-12-31": "-1171.73200", "2015-12-31": "-1046.80500", "2014-12-31": "-854.87100", "2013-12-31": "-663.52800", "2012-12-31": "-478.24800", "2011-12-31": "-309.04600", "2010-12-31": "-168.29000", "2009-12-31": "-80.49900", "2008-12-31": "-74.88900", "2007-12-31": "-63.99300", "2006-12-31": "", "2005-12-31": ""}, "Operating Expenses": {"2019-12-31": "7048.84600", "2018-12-31": "6801.52600", "2017-12-31": "5845.05300", "2016-12-31": "4806.85700", "2015-12-31": "4509.57700", "2014-12-31": "4575.84700", "2013-12-31": "3847.33600", "2012-12-31": "2595.30000", "2011-12-31": "2353.50200", "2010-12-31": "1856.21900", "2009-12-31": "1816.72000", "2008-12-31": "2088.20200", "2007-12-31": "1920.28200", "2006-12-31": "1900.43200", "2005-12-31": "1950.30600"}, "Operating Income": {"2019-12-31": "2477.34600", "2018-12-31": "39.75930", "2017-12-31": "216.60640", "2016-12-31": "805.16890", "2015-12-31": "860.40580", "2014-12-31": "557.81980", "2013-12-31": "475.74710", "2012-12-31": "404.81200", "2011-12-31": "276.44800", "2010-12-31": "369.17410", "2009-12-31": "252.60600", "2008-12-31": "-111.61890", "2007-12-31": "630.29710", "2006-12-31": "618.57290", "2005-12-31": "249.84190"}, "Total Non-Operating Income/Expense": {"2019-12-31": "-191.53800", "2018-12-31": "-47.61400", "2017-12-31": "-129.31100", "2016-12-31": "-175.24900", "2015-12-31": "-118.30100", "2014-12-31": "-117.44200", "2013-12-31": "-114.00400", "2012-12-31": "-92.76200", "2011-12-31": "-86.25200", "2010-12-31": "-73.66300", "2009-12-31": "-53.96900", "2008-12-31": "-48.21000", "2007-12-31": "-57.23600", "2006-12-31": "-65.17200", "2005-12-31": "-63.84200"}, "Pre-Tax Income": {"2019-12-31": "2285.80800", "2018-12-31": "-7.85500", "2017-12-31": "87.29500", "2016-12-31": "629.92000", "2015-12-31": "742.10500", "2014-12-31": "440.37800", "2013-12-31": "361.74300", "2012-12-31": "312.05000", "2011-12-31": "190.19600", "2010-12-31": "295.51100", "2009-12-31": "198.63700", "2008-12-31": "-159.82900", "2007-12-31": "573.06100", "2006-12-31": "553.40100", "2005-12-31": "186.00000"}, "Income Taxes": {"2019-12-31": "486.34600", "2018-12-31": "122.49800", "2017-12-31": "-313.46300", "2016-12-31": "169.47700", "2015-12-31": "152.96300", "2014-12-31": "116.69000", "2013-12-31": "77.89800", "2012-12-31": "53.80200", "2011-12-31": "41.71000", "2010-12-31": "27.78200", "2009-12-31": "-3.78200", "2008-12-31": "-101.39500", "2007-12-31": "167.18400", "2006-12-31": "160.89900", "2005-12-31": "38.08500"}, "Income After Taxes": {"2019-12-31": "1799.46200", "2018-12-31": "-130.35300", "2017-12-31": "400.75800", "2016-12-31": "460.44300", "2015-12-31": "589.14200", "2014-12-31": "323.68800", "2013-12-31": "283.84500", "2012-12-31": "258.24800", "2011-12-31": "148.48600", "2010-12-31": "267.72900", "2009-12-31": "202.41900", "2008-12-31": "-58.43400", "2007-12-31": "405.87700", "2006-12-31": "392.50200", "2005-12-31": "147.91500"}, "Other Income": {"2019-12-31": "", "2018-12-31": "", "2017-12-31": "", "2016-12-31": "", "2015-12-31": "", "2014-12-31": "", "2013-12-31": "", "2012-12-31": "", "2011-12-31": "", "2010-12-31": "", "2009-12-31": "", "2008-12-31": "", "2007-12-31": "", "2006-12-31": "", "2005-12-31": ""}, "Income From Continuous Operations": {"2019-12-31": "1799.46200", "2018-12-31": "-130.35300", "2017-12-31": "400.75800", "2016-12-31": "460.44300", "2015-12-31": "589.14200", "2014-12-31": "323.68800", "2013-12-31": "283.84500", "2012-12-31": "258.24800", "2011-12-31": "148.48600", "2010-12-31": "267.72900", "2009-12-31": "202.41900", "2008-12-31": "-58.43400", "2007-12-31": "405.87700", "2006-12-31": "392.50200", "2005-12-31": "147.91500"}, "Income From Discontinued Operations": {"2019-12-31": "", "2018-12-31": "", "2017-12-31": "", "2016-12-31": "", "2015-12-31": "", "2014-12-31": "", "2013-12-31": "", "2012-12-31": "", "2011-12-31": "", "2010-12-31": "", "2009-12-31": "", "2008-12-31": "", "2007-12-31": "", "2006-12-31": "", "2005-12-31": ""}, "Net Income": {"2019-12-31": "1790.46600", "2018-12-31": "-128.18000", "2017-12-31": "395.26900", "2016-12-31": "455.68900", "2015-12-31": "582.77200", "2014-12-31": "321.18200", "2013-12-31": "281.02100", "2012-12-31": "253.38500", "2011-12-31": "142.02600", "2010-12-31": "266.79300", "2009-12-31": "201.63800", "2008-12-31": "-58.76700", "2007-12-31": "405.66900", "2006-12-31": "392.50200", "2005-12-31": "147.91500"}, "EBITDA": {"2019-12-31": "2746.58500", "2018-12-31": "466.80330", "2017-12-31": "420.47740", "2016-12-31": "1018.03900", "2015-12-31": "1061.39300", "2014-12-31": "761.39980", "2013-12-31": "665.81300", "2012-12-31": "492.13800", "2011-12-31": "347.02000", "2010-12-31": "422.76110", "2009-12-31": "283.77800", "2008-12-31": "-80.42790", "2007-12-31": "662.86010", "2006-12-31": "652.61490", "2005-12-31": "286.18590"}, "EBIT": {"2019-12-31": "2477.34600", "2018-12-31": "39.75930", "2017-12-31": "216.60640", "2016-12-31": "805.16890", "2015-12-31": "860.40580", "2014-12-31": "557.81980", "2013-12-31": "475.74710", "2012-12-31": "404.81200", "2011-12-31": "276.44800", "2010-12-31": "369.17410", "2009-12-31": "252.60600", "2008-12-31": "-111.61890", "2007-12-31": "630.29710", "2006-12-31": "618.57290", "2005-12-31": "249.84190"}, "Basic Shares Outstanding": {"2019-12-31": "13.86100", "2018-12-31": "13.92300", "2017-12-31": "13.96400", "2016-12-31": "14.01300", "2015-12-31": "13.97800", "2014-12-31": "13.98400", "2013-12-31": "12.53800", "2012-12-31": "9.64000", "2011-12-31": "9.68600", "2010-12-31": "9.76800", "2009-12-31": "9.81500", "2008-12-31": "9.87600", "2007-12-31": "9.96100", "2006-12-31": "9.70900", "2005-12-31": "9.82700"}, "Shares Outstanding": {"2019-12-31": "13.88100", "2018-12-31": "13.92300", "2017-12-31": "14.00600", "2016-12-31": "14.07800", "2015-12-31": "14.06100", "2014-12-31": "14.05700", "2013-12-31": "12.58600", "2012-12-31": "9.66600", "2011-12-31": "9.72600", "2010-12-31": "9.78500", "2009-12-31": "9.82600", "2008-12-31": "9.87600", "2007-12-31": "9.98100", "2006-12-31": "10.02400", "2005-12-31": "10.17100"}, "Basic EPS": {"2019-12-31": "129.25000", "2018-12-31": "-9.55000", "2017-12-31": "25.89000", "2016-12-31": "31.41000", "2015-12-31": "41.99000", "2014-12-31": "22.38000", "2013-12-31": "22.57000", "2012-12-31": "25.96000", "2011-12-31": "14.66000", "2010-12-31": "27.31000", "2009-12-31": "20.54000", "2008-12-31": "-5.95000", "2007-12-31": "40.73000", "2006-12-31": "40.43000", "2005-12-31": "15.05000"}, "EPS - Earnings Per Share": {"2019-12-31": "129.07000", "2018-12-31": "-9.55000", "2017-12-31": "25.81000", "2016-12-31": "31.27000", "2015-12-31": "41.74000", "2014-12-31": "22.27000", "2013-12-31": "22.48000", "2012-12-31": "25.89000", "2011-12-31": "14.60000", "2010-12-31": "27.27000", "2009-12-31": "20.52000", "2008-12-31": "-5.95000", "2007-12-31": "40.64000", "2006-12-31": "39.40000", "2005-12-31": "14.80000"}}, "income statement, quarterly": {"Revenue": {"2020-09-30": "2911.73500", "2020-06-30": "3132.01500", "2020-03-31": "335.66600", "2019-12-31": "2581.53000", "2019-09-30": "2033.05800", "2019-06-30": "2439.11600", "2019-03-31": "2472.48800", "2018-12-31": "1042.85200", "2018-09-30": "2235.94900", "2018-06-30": "1987.01300", "2018-03-31": "1575.47100", "2017-12-31": "1662.26700", "2017-09-30": "1506.14800", "2017-06-30": "1481.49300", "2017-03-31": "1411.75100", "2016-12-31": "1428.62500", "2016-09-30": "1431.28200", "2016-06-30": "1375.93700", "2016-03-31": "1376.18200", "2015-12-31": "1420.46000", "2015-09-30": "1342.76400", "2015-06-30": "1304.60500", "2015-03-31": "1302.15400", "2014-12-31": "1335.75500", "2014-09-30": "1299.28600", "2014-06-30": "1258.97100", "2014-03-31": "1239.65500", "2013-12-31": "1279.78500", "2013-09-30": "1191.66500", "2013-06-30": "1031.76900", "2013-03-31": "819.86400", "2012-12-31": "807.95480", "2012-09-30": "765.77500", "2012-06-30": "693.24700", "2012-03-31": "733.13500", "2011-12-31": "685.09990", "2011-09-30": "676.08800", "2011-06-30": "647.16800", "2011-03-31": "621.59400", "2010-12-31": "611.90600", "2010-09-30": "561.35400", "2010-06-30": "515.41400", "2010-03-31": "536.71900", "2009-12-31": "551.36790", "2009-09-30": "500.34900", "2009-06-30": "522.43200", "2009-03-31": "495.17700", "2008-12-31": "435.87800", "2008-09-30": "415.61600", "2008-06-30": "604.96500", "2008-03-31": "520.12400", "2007-12-31": "652.27000", "2007-09-30": "619.45500", "2007-06-30": "659.91300", "2007-03-31": "618.94100", "2006-12-31": "650.17270", "2006-09-30": "634.41400", "2006-06-30": "614.78800", "2006-03-31": "619.63000", "2005-12-31": "579.62790", "2005-09-30": "496.41200", "2005-06-30": "553.92900", "2005-03-31": "570.17900"}, "Cost Of Goods Sold": {"2020-09-30": "1356.07100", "2020-06-30": "1202.57800", "2020-03-31": "1571.51100", "2019-12-31": "1258.53600", "2019-09-30": "1227.35300", "2019-06-30": "1140.43600", "2019-03-31": "1142.95800", "2018-12-31": "1329.16300", "2018-09-30": "1178.80700", "2018-06-30": "1050.74800", "2018-03-31": "1039.50800", "2017-12-31": "1073.57600", "2017-09-30": "1472.40400", "2017-06-30": "924.24800", "2017-03-31": "984.99700", "2016-12-31": "870.15490", "2016-09-30": "951.92600", "2016-06-30": "887.13600", "2016-03-31": "838.65200", "2015-12-31": "839.94310", "2015-09-30": "850.35600", "2015-06-30": "915.84590", "2015-03-31": "787.68000", "2014-12-31": "867.68890", "2014-09-30": "921.45900", "2014-06-30": "976.39300", "2014-03-31": "897.80800", "2013-12-31": "921.01700", "2013-09-30": "885.49800", "2013-06-30": "805.50100", "2013-03-31": "516.56900", "2012-12-31": "575.14400", "2012-09-30": "535.30000", "2012-06-30": "445.87800", "2012-03-31": "527.21800", "2011-12-31": "491.01100", "2011-09-30": "508.94800", "2011-06-30": "503.52800", "2011-03-31": "516.67800", "2010-12-31": "417.44600", "2010-09-30": "406.48000", "2010-06-30": "430.34100", "2010-03-31": "416.83800", "2009-12-31": "411.32400", "2009-09-30": "430.41800", "2009-06-30": "452.53300", "2009-03-31": "435.24800", "2008-12-31": "426.49710", "2008-09-30": "642.37800", "2008-06-30": "478.80400", "2008-03-31": "459.89200", "2007-12-31": "452.70000", "2007-09-30": "467.31200", "2007-06-30": "471.55300", "2007-03-31": "461.33700", "2006-12-31": "467.12100", "2006-09-30": "473.35300", "2006-06-30": "467.06600", "2006-03-31": "492.89200", "2005-12-31": "405.45400", "2005-09-30": "646.74500", "2005-06-30": "452.04600", "2005-03-31": "446.06100"}, "Gross Profit": {"2020-09-30": "1555.66400", "2020-06-30": "1929.43700", "2020-03-31": "-1235.84500", "2019-12-31": "1322.99400", "2019-09-30": "805.70500", "2019-06-30": "1298.68000", "2019-03-31": "1329.53000", "2018-12-31": "-286.31120", "2018-09-30": "1057.14200", "2018-06-30": "936.26490", "2018-03-31": "535.96290", "2017-12-31": "588.69120", "2017-09-30": "33.74390", "2017-06-30": "557.24500", "2017-03-31": "426.75400", "2016-12-31": "558.47020", "2016-09-30": "479.35600", "2016-06-30": "488.80100", "2016-03-31": "537.53000", "2015-12-31": "580.51670", "2015-09-30": "492.40810", "2015-06-30": "388.75900", "2015-03-31": "514.47410", "2014-12-31": "468.06600", "2014-09-30": "377.82700", "2014-06-30": "282.57790", "2014-03-31": "341.84700", "2013-12-31": "358.76790", "2013-09-30": "306.16700", "2013-06-30": "226.26810", "2013-03-31": "303.29500", "2012-12-31": "232.81090", "2012-09-30": "230.47500", "2012-06-30": "247.36900", "2012-03-31": "205.91700", "2011-12-31": "194.08880", "2011-09-30": "167.14000", "2011-06-30": "143.64000", "2011-03-31": "104.91600", "2010-12-31": "194.46000", "2010-09-30": "154.87400", "2010-06-30": "85.07300", "2010-03-31": "119.88100", "2009-12-31": "140.04390", "2009-09-30": "69.93100", "2009-06-30": "69.89900", "2009-03-31": "59.92900", "2008-12-31": "9.38090", "2008-09-30": "-226.76200", "2008-06-30": "126.16100", "2008-03-31": "60.23200", "2007-12-31": "199.57000", "2007-09-30": "152.14300", "2007-06-30": "188.36000", "2007-03-31": "157.60400", "2006-12-31": "183.05180", "2006-09-30": "161.06100", "2006-06-30": "147.72200", "2006-03-31": "126.73800", "2005-12-31": "174.17390", "2005-09-30": "-150.33300", "2005-06-30": "101.88300", "2005-03-31": "124.11800"}, "Research And Development Expenses": {"2020-09-30": "", "2020-06-30": "", "2020-03-31": "", "2019-12-31": "", "2019-09-30": "", "2019-06-30": "", "2019-03-31": "", "2018-12-31": "", "2018-09-30": "", "2018-06-30": "", "2018-03-31": "", "2017-12-31": "", "2017-09-30": "", "2017-06-30": "", "2017-03-31": "", "2016-12-31": "", "2016-09-30": "", "2016-06-30": "", "2016-03-31": "", "2015-12-31": "", "2015-09-30": "", "2015-06-30": "", "2015-03-31": "", "2014-12-31": "", "2014-09-30": "", "2014-06-30": "", "2014-03-31": "", "2013-12-31": "", "2013-09-30": "", "2013-06-30": "", "2013-03-31": "", "2012-12-31": "", "2012-09-30": "", "2012-06-30": "", "2012-03-31": "", "2011-12-31": "", "2011-09-30": "", "2011-06-30": "", "2011-03-31": "", "2010-12-31": "", "2010-09-30": "", "2010-06-30": "", "2010-03-31": "", "2009-12-31": "", "2009-09-30": "", "2009-06-30": "", "2009-03-31": "", "2008-12-31": "", "2008-09-30": "", "2008-06-30": "", "2008-03-31": "", "2007-12-31": "", "2007-09-30": "", "2007-06-30": "", "2007-03-31": "", "2006-12-31": "", "2006-09-30": "", "2006-06-30": "", "2006-03-31": "", "2005-12-31": "", "2005-09-30": "", "2005-06-30": "", "2005-03-31": ""}, "SG&A Expenses": {"2020-09-30": "", "2020-06-30": "", "2020-03-31": "", "2019-12-31": "", "2019-09-30": "", "2019-06-30": "", "2019-03-31": "", "2018-12-31": "", "2018-09-30": "", "2018-06-30": "", "2018-03-31": "", "2017-12-31": "", "2017-09-30": "", "2017-06-30": "", "2017-03-31": "", "2016-12-31": "", "2016-09-30": "", "2016-06-30": "", "2016-03-31": "", "2015-12-31": "", "2015-09-30": "", "2015-06-30": "", "2015-03-31": "", "2014-12-31": "", "2014-09-30": "", "2014-06-30": "", "2014-03-31": "", "2013-12-31": "", "2013-09-30": "", "2013-06-30": "", "2013-03-31": "", "2012-12-31": "", "2012-09-30": "", "2012-06-30": "", "2012-03-31": "", "2011-12-31": "", "2011-09-30": "", "2011-06-30": "", "2011-03-31": "", "2010-12-31": "", "2010-09-30": "", "2010-06-30": "", "2010-03-31": "", "2009-12-31": "", "2009-09-30": "", "2009-06-30": "", "2009-03-31": "", "2008-12-31": "", "2008-09-30": "", "2008-06-30": "", "2008-03-31": "", "2007-12-31": "", "2007-09-30": "", "2007-06-30": "", "2007-03-31": "", "2006-12-31": "", "2006-09-30": "", "2006-06-30": "", "2006-03-31": "", "2005-12-31": "", "2005-09-30": "", "2005-06-30": "", "2005-03-31": ""}, "Other Operating Income Or Expenses": {"2020-09-30": "-818.60800", "2020-06-30": "-649.42300", "2020-03-31": "-531.62700", "2019-12-31": "-533.19600", "2019-09-30": "-507.76200", "2019-06-30": "-595.93400", "2019-03-31": "-494.03200", "2018-12-31": "-431.86100", "2018-09-30": "-473.74200", "2018-06-30": "-580.43900", "2018-03-31": "-402.13000", "2017-12-31": "-382.68500", "2017-09-30": "-344.99600", "2017-06-30": "-298.75600", "2017-03-31": "-282.63300", "2016-12-31": "-309.01710", "2016-09-30": "-309.71300", "2016-06-30": "-277.90900", "2016-03-31": "-275.09300", "2015-12-31": "-282.81910", "2015-09-30": "-290.74900", "2015-06-30": "-242.23600", "2015-03-31": "-231.00100", "2014-12-31": "-256.56800", "2014-09-30": "-231.19300", "2014-06-30": "-184.94200", "2014-03-31": "-182.16800", "2013-12-31": "-203.88600", "2013-09-30": "-166.56600", "2013-06-30": "-140.75900", "2013-03-31": "-152.31700", "2012-12-31": "-134.78600", "2012-09-30": "-145.33900", "2012-06-30": "-97.71900", "2012-03-31": "-100.40400", "2011-12-31": "-90.77600", "2011-09-30": "-70.30200", "2011-06-30": "-79.47300", "2011-03-31": "-68.49500", "2010-12-31": "-58.85000", "2010-09-30": "-41.07400", "2010-06-30": "-32.96900", "2010-03-31": "-35.39700", "2009-12-31": "-27.54600", "2009-09-30": "-14.19300", "2009-06-30": "-16.21100", "2009-03-31": "-22.54900", "2008-12-31": "", "2008-09-30": "", "2008-06-30": "", "2008-03-31": "", "2007-12-31": "", "2007-09-30": "", "2007-06-30": "", "2007-03-31": "", "2006-12-31": "", "2006-09-30": "", "2006-06-30": "", "2006-03-31": "", "2005-12-31": "", "2005-09-30": "", "2005-06-30": "", "2005-03-31": ""}, "Operating Expenses": {"2020-09-30": "2219.34300", "2020-06-30": "1889.75500", "2020-03-31": "2140.99600", "2019-12-31": "1827.70800", "2019-09-30": "1770.81000", "2019-06-30": "1772.67000", "2019-03-31": "1677.65800", "2018-12-31": "1974.98900", "2018-09-30": "1680.34400", "2018-06-30": "1675.73200", "2018-03-31": "1470.46100", "2017-12-31": "1483.56800", "2017-09-30": "1836.05400", "2017-06-30": "1241.03000", "2017-03-31": "1284.40000", "2016-12-31": "1214.95400", "2016-09-30": "1278.64900", "2016-06-30": "1182.24900", "2016-03-31": "1131.00500", "2015-12-31": "1141.20600", "2015-09-30": "1160.01900", "2015-06-30": "1175.03100", "2015-03-31": "1033.32100", "2014-12-31": "1140.89200", "2014-09-30": "1166.15700", "2014-06-30": "1174.82300", "2014-03-31": "1093.97500", "2013-12-31": "1142.37100", "2013-09-30": "1068.91200", "2013-06-30": "957.55200", "2013-03-31": "678.50100", "2012-12-31": "718.36400", "2012-09-30": "688.59800", "2012-06-30": "551.91200", "2012-03-31": "636.42600", "2011-12-31": "588.49200", "2011-09-30": "585.27300", "2011-06-30": "588.55600", "2011-03-31": "591.18100", "2010-12-31": "481.40290", "2010-09-30": "451.45700", "2010-06-30": "467.16600", "2010-03-31": "456.19300", "2009-12-31": "441.22700", "2009-09-30": "446.04600", "2009-06-30": "470.17800", "2009-03-31": "459.26900", "2008-12-31": "503.88880", "2008-09-30": "643.51900", "2008-06-30": "479.95200", "2008-03-31": "460.84200", "2007-12-31": "518.88510", "2007-09-30": "467.90900", "2007-06-30": "472.15100", "2007-03-31": "461.33700", "2006-12-31": "467.12090", "2006-09-30": "473.35300", "2006-06-30": "467.06600", "2006-03-31": "492.89200", "2005-12-31": "405.45400", "2005-09-30": "646.74500", "2005-06-30": "452.04600", "2005-03-31": "446.06100"}, "Operating Income": {"2020-09-30": "692.39180", "2020-06-30": "1242.26000", "2020-03-31": "-1805.33000", "2019-12-31": "753.82200", "2019-09-30": "262.24800", "2019-06-30": "666.44580", "2019-03-31": "794.83010", "2018-12-31": "-932.13660", "2018-09-30": "555.60500", "2018-06-30": "311.28090", "2018-03-31": "105.00990", "2017-12-31": "178.69860", "2017-09-30": "-329.90610", "2017-06-30": "240.46300", "2017-03-31": "127.35100", "2016-12-31": "213.67110", "2016-09-30": "152.63290", "2016-06-30": "193.68800", "2016-03-31": "245.17700", "2015-12-31": "279.25340", "2015-09-30": "182.74510", "2015-06-30": "129.57410", "2015-03-31": "268.83300", "2014-12-31": "194.86270", "2014-09-30": "133.12900", "2014-06-30": "84.14800", "2014-03-31": "145.68010", "2013-12-31": "137.41410", "2013-09-30": "122.75290", "2013-06-30": "74.21700", "2013-03-31": "141.36300", "2012-12-31": "89.59080", "2012-09-30": "77.17700", "2012-06-30": "141.33500", "2012-03-31": "96.70900", "2011-12-31": "96.60790", "2011-09-30": "90.81500", "2011-06-30": "58.61200", "2011-03-31": "30.41300", "2010-12-31": "130.50310", "2010-09-30": "109.89700", "2010-06-30": "48.24800", "2010-03-31": "80.52600", "2009-12-31": "110.14090", "2009-09-30": "54.30300", "2009-06-30": "52.25400", "2009-03-31": "35.90800", "2008-12-31": "-68.01080", "2008-09-30": "-227.90300", "2008-06-30": "125.01300", "2008-03-31": "59.28200", "2007-12-31": "133.38490", "2007-09-30": "151.54600", "2007-06-30": "187.76200", "2007-03-31": "157.60400", "2006-12-31": "183.05180", "2006-09-30": "161.06100", "2006-06-30": "147.72200", "2006-03-31": "126.73800", "2005-12-31": "174.17380", "2005-09-30": "-150.33300", "2005-06-30": "101.88300", "2005-03-31": "124.11800"}, "Total Non-Operating Income/Expense": {"2020-09-30": "-108.32100", "2020-06-30": "-66.88700", "2020-03-31": "33.27100", "2019-12-31": "-112.81200", "2019-09-30": "-0.32000", "2019-06-30": "-16.25200", "2019-03-31": "-62.15400", "2018-12-31": "1.68100", "2018-09-30": "-36.57800", "2018-06-30": "49.45600", "2018-03-31": "-62.17300", "2017-12-31": "-35.04400", "2017-09-30": "-30.04200", "2017-06-30": "-30.91800", "2017-03-31": "-33.30700", "2016-12-31": "-33.45900", "2016-09-30": "-33.15200", "2016-06-30": "-77.79700", "2016-03-31": "-30.84100", "2015-12-31": "-29.63700", "2015-09-30": "-30.06400", "2015-06-30": "-29.28800", "2015-03-31": "-29.31200", "2014-12-31": "-28.30600", "2014-09-30": "-29.64800", "2014-06-30": "-29.78900", "2014-03-31": "-29.69900", "2013-12-31": "-31.25000", "2013-09-30": "-30.61900", "2013-06-30": "-28.56100", "2013-03-31": "-23.57400", "2012-12-31": "-23.69400", "2012-09-30": "-24.69200", "2012-06-30": "-22.20900", "2012-03-31": "-22.16700", "2011-12-31": "-21.73600", "2011-09-30": "-23.65600", "2011-06-30": "-21.89800", "2011-03-31": "-18.96200", "2010-12-31": "-18.77200", "2010-09-30": "-18.59800", "2010-06-30": "-18.33400", "2010-03-31": "-17.95900", "2009-12-31": "-18.03000", "2009-09-30": "-12.28000", "2009-06-30": "-11.84200", "2009-03-31": "-11.81700", "2008-12-31": "-12.42100", "2008-09-30": "-11.02400", "2008-06-30": "-11.93400", "2008-03-31": "-12.83100", "2007-12-31": "-13.85100", "2007-09-30": "-13.60100", "2007-06-30": "-14.33500", "2007-03-31": "-15.44900", "2006-12-31": "-17.36400", "2006-09-30": "-16.43500", "2006-06-30": "-15.63500", "2006-03-31": "-15.73800", "2005-12-31": "-15.70000", "2005-09-30": "-16.26200", "2005-06-30": "-15.93000", "2005-03-31": "-15.95000"}, "Pre-Tax Income": {"2020-09-30": "584.07100", "2020-06-30": "1175.37300", "2020-03-31": "-1772.05900", "2019-12-31": "641.01010", "2019-09-30": "261.92800", "2019-06-30": "650.19400", "2019-03-31": "732.67600", "2018-12-31": "-930.45590", "2018-09-30": "519.02700", "2018-06-30": "360.73700", "2018-03-31": "42.83700", "2017-12-31": "143.65400", "2017-09-30": "-359.94800", "2017-06-30": "209.54500", "2017-03-31": "94.04400", "2016-12-31": "180.21200", "2016-09-30": "119.48100", "2016-06-30": "115.89100", "2016-03-31": "214.33600", "2015-12-31": "249.61690", "2015-09-30": "152.68100", "2015-06-30": "100.28600", "2015-03-31": "239.52100", "2014-12-31": "166.55700", "2014-09-30": "103.48100", "2014-06-30": "54.35900", "2014-03-31": "115.98100", "2013-12-31": "106.16400", "2013-09-30": "92.13400", "2013-06-30": "45.65600", "2013-03-31": "117.78900", "2012-12-31": "65.89700", "2012-09-30": "52.48500", "2012-06-30": "119.12600", "2012-03-31": "74.54200", "2011-12-31": "74.87200", "2011-09-30": "67.15900", "2011-06-30": "36.71400", "2011-03-31": "11.45100", "2010-12-31": "111.73100", "2010-09-30": "91.29900", "2010-06-30": "29.91400", "2010-03-31": "62.56700", "2009-12-31": "92.11100", "2009-09-30": "42.02300", "2009-06-30": "40.41200", "2009-03-31": "24.09100", "2008-12-31": "-80.43200", "2008-09-30": "-238.92700", "2008-06-30": "113.07900", "2008-03-31": "46.45100", "2007-12-31": "119.53400", "2007-09-30": "137.94500", "2007-06-30": "173.42700", "2007-03-31": "142.15500", "2006-12-31": "165.68800", "2006-09-30": "144.62600", "2006-06-30": "132.08700", "2006-03-31": "111.00000", "2005-12-31": "158.47400", "2005-09-30": "-166.59500", "2005-06-30": "85.95300", "2005-03-31": "108.16800"}, "Income Taxes": {"2020-09-30": "130.02800", "2020-06-30": "243.70200", "2020-03-31": "-370.68300", "2019-12-31": "129.49700", "2019-09-30": "57.97500", "2019-06-30": "143.71100", "2019-03-31": "155.16300", "2018-12-31": "-177.08200", "2018-09-30": "109.99900", "2018-06-30": "81.15000", "2018-03-31": "108.43100", "2017-12-31": "-295.67200", "2017-09-30": "-98.91300", "2017-06-30": "58.11800", "2017-03-31": "23.00400", "2016-12-31": "47.50900", "2016-09-30": "36.06000", "2016-06-30": "35.21800", "2016-03-31": "50.69000", "2015-12-31": "51.34400", "2015-09-30": "48.27100", "2015-06-30": "7.83300", "2015-03-31": "45.51500", "2014-12-31": "48.33500", "2014-09-30": "26.65700", "2014-06-30": "13.21800", "2014-03-31": "28.48000", "2013-12-31": "7.22500", "2013-09-30": "25.16700", "2013-06-30": "16.98000", "2013-03-31": "28.52600", "2012-12-31": "7.80400", "2012-09-30": "0.81100", "2012-06-30": "28.35800", "2012-03-31": "16.82900", "2011-12-31": "22.56500", "2011-09-30": "12.49000", "2011-06-30": "5.06500", "2011-03-31": "1.59000", "2010-12-31": "-28.71800", "2010-09-30": "28.14200", "2010-06-30": "8.99700", "2010-03-31": "19.36100", "2009-12-31": "-1.63100", "2009-09-30": "-17.18800", "2009-06-30": "7.38200", "2009-03-31": "7.65500", "2008-12-31": "-48.05500", "2008-09-30": "-96.64000", "2008-06-30": "30.83700", "2008-03-31": "12.46300", "2007-12-31": "25.88500", "2007-09-30": "45.59200", "2007-06-30": "52.22600", "2007-03-31": "43.48100", "2006-12-31": "44.30600", "2006-09-30": "40.52800", "2006-06-30": "41.65500", "2006-03-31": "34.41000", "2005-12-31": "35.34600", "2005-09-30": "-55.49700", "2005-06-30": "25.78600", "2005-03-31": "32.45000"}, "Income After Taxes": {"2020-09-30": "454.04300", "2020-06-30": "931.67100", "2020-03-31": "-1401.37600", "2019-12-31": "511.51310", "2019-09-30": "203.95300", "2019-06-30": "506.48300", "2019-03-31": "577.51310", "2018-12-31": "-753.37400", "2018-09-30": "409.02800", "2018-06-30": "279.58700", "2018-03-31": "-65.59400", "2017-12-31": "439.32600", "2017-09-30": "-261.03500", "2017-06-30": "151.42700", "2017-03-31": "71.04000", "2016-12-31": "132.70300", "2016-09-30": "83.42100", "2016-06-30": "80.67300", "2016-03-31": "163.64600", "2015-12-31": "198.27300", "2015-09-30": "104.41000", "2015-06-30": "92.45300", "2015-03-31": "194.00600", "2014-12-31": "118.22200", "2014-09-30": "76.82400", "2014-06-30": "41.14100", "2014-03-31": "87.50100", "2013-12-31": "98.93900", "2013-09-30": "66.96700", "2013-06-30": "28.67600", "2013-03-31": "89.26300", "2012-12-31": "58.09300", "2012-09-30": "51.67400", "2012-06-30": "90.76800", "2012-03-31": "57.71300", "2011-12-31": "52.30700", "2011-09-30": "54.66900", "2011-06-30": "31.64900", "2011-03-31": "9.86100", "2010-12-31": "140.44900", "2010-09-30": "63.15700", "2010-06-30": "20.91700", "2010-03-31": "43.20600", "2009-12-31": "93.74200", "2009-09-30": "59.21100", "2009-06-30": "33.03000", "2009-03-31": "16.43600", "2008-12-31": "-32.37700", "2008-09-30": "-142.28700", "2008-06-30": "82.24200", "2008-03-31": "33.98800", "2007-12-31": "93.64890", "2007-09-30": "92.35300", "2007-06-30": "121.20100", "2007-03-31": "98.67400", "2006-12-31": "121.38200", "2006-09-30": "104.09800", "2006-06-30": "90.43200", "2006-03-31": "76.59000", "2005-12-31": "123.12800", "2005-09-30": "-111.09800", "2005-06-30": "60.16700", "2005-03-31": "75.71800"}, "Other Income": {"2020-09-30": "", "2020-06-30": "", "2020-03-31": "", "2019-12-31": "", "2019-09-30": "", "2019-06-30": "", "2019-03-31": "", "2018-12-31": "", "2018-09-30": "", "2018-06-30": "", "2018-03-31": "", "2017-12-31": "", "2017-09-30": "", "2017-06-30": "", "2017-03-31": "", "2016-12-31": "", "2016-09-30": "", "2016-06-30": "", "2016-03-31": "", "2015-12-31": "", "2015-09-30": "", "2015-06-30": "", "2015-03-31": "", "2014-12-31": "", "2014-09-30": "", "2014-06-30": "", "2014-03-31": "", "2013-12-31": "", "2013-09-30": "", "2013-06-30": "", "2013-03-31": "", "2012-12-31": "", "2012-09-30": "", "2012-06-30": "", "2012-03-31": "", "2011-12-31": "", "2011-09-30": "", "2011-06-30": "", "2011-03-31": "", "2010-12-31": "", "2010-09-30": "", "2010-06-30": "", "2010-03-31": "", "2009-12-31": "", "2009-09-30": "", "2009-06-30": "", "2009-03-31": "", "2008-12-31": "", "2008-09-30": "", "2008-06-30": "", "2008-03-31": "", "2007-12-31": "", "2007-09-30": "", "2007-06-30": "", "2007-03-31": "", "2006-12-31": "", "2006-09-30": "", "2006-06-30": "", "2006-03-31": "", "2005-12-31": "", "2005-09-30": "", "2005-06-30": "", "2005-03-31": ""}, "Income From Continuous Operations": {"2020-09-30": "454.04300", "2020-06-30": "931.67100", "2020-03-31": "-1401.37600", "2019-12-31": "511.51310", "2019-09-30": "203.95300", "2019-06-30": "506.48300", "2019-03-31": "577.51310", "2018-12-31": "-753.37400", "2018-09-30": "409.02800", "2018-06-30": "279.58700", "2018-03-31": "-65.59400", "2017-12-31": "439.32600", "2017-09-30": "-261.03500", "2017-06-30": "151.42700", "2017-03-31": "71.04000", "2016-12-31": "132.70300", "2016-09-30": "83.42100", "2016-06-30": "80.67300", "2016-03-31": "163.64600", "2015-12-31": "198.27300", "2015-09-30": "104.41000", "2015-06-30": "92.45300", "2015-03-31": "194.00600", "2014-12-31": "118.22200", "2014-09-30": "76.82400", "2014-06-30": "41.14100", "2014-03-31": "87.50100", "2013-12-31": "98.93900", "2013-09-30": "66.96700", "2013-06-30": "28.67600", "2013-03-31": "89.26300", "2012-12-31": "58.09300", "2012-09-30": "51.67400", "2012-06-30": "90.76800", "2012-03-31": "57.71300", "2011-12-31": "52.30700", "2011-09-30": "54.66900", "2011-06-30": "31.64900", "2011-03-31": "9.86100", "2010-12-31": "140.44900", "2010-09-30": "63.15700", "2010-06-30": "20.91700", "2010-03-31": "43.20600", "2009-12-31": "93.74200", "2009-09-30": "59.21100", "2009-06-30": "33.03000", "2009-03-31": "16.43600", "2008-12-31": "-32.37700", "2008-09-30": "-142.28700", "2008-06-30": "82.24200", "2008-03-31": "33.98800", "2007-12-31": "93.64890", "2007-09-30": "92.35300", "2007-06-30": "121.20100", "2007-03-31": "98.67400", "2006-12-31": "121.38200", "2006-09-30": "104.09800", "2006-06-30": "90.43200", "2006-03-31": "76.59000", "2005-12-31": "123.12800", "2005-09-30": "-111.09800", "2005-06-30": "60.16700", "2005-03-31": "75.71800"}, "Income From Discontinued Operations": {"2020-09-30": "", "2020-06-30": "", "2020-03-31": "", "2019-12-31": "", "2019-09-30": "", "2019-06-30": "", "2019-03-31": "", "2018-12-31": "", "2018-09-30": "", "2018-06-30": "", "2018-03-31": "", "2017-12-31": "", "2017-09-30": "", "2017-06-30": "", "2017-03-31": "", "2016-12-31": "", "2016-09-30": "", "2016-06-30": "", "2016-03-31": "", "2015-12-31": "", "2015-09-30": "", "2015-06-30": "", "2015-03-31": "", "2014-12-31": "", "2014-09-30": "", "2014-06-30": "", "2014-03-31": "", "2013-12-31": "", "2013-09-30": "", "2013-06-30": "", "2013-03-31": "", "2012-12-31": "", "2012-09-30": "", "2012-06-30": "", "2012-03-31": "", "2011-12-31": "", "2011-09-30": "", "2011-06-30": "", "2011-03-31": "", "2010-12-31": "", "2010-09-30": "", "2010-06-30": "", "2010-03-31": "", "2009-12-31": "", "2009-09-30": "", "2009-06-30": "", "2009-03-31": "", "2008-12-31": "", "2008-09-30": "", "2008-06-30": "", "2008-03-31": "", "2007-12-31": "", "2007-09-30": "", "2007-06-30": "", "2007-03-31": "", "2006-12-31": "", "2006-09-30": "", "2006-06-30": "", "2006-03-31": "", "2005-12-31": "", "2005-09-30": "", "2005-06-30": "", "2005-03-31": ""}, "Net Income": {"2020-09-30": "452.72600", "2020-06-30": "921.76800", "2020-03-31": "-1405.76300", "2019-12-31": "511.10400", "2019-09-30": "205.63700", "2019-06-30": "497.29800", "2019-03-31": "576.42700", "2018-12-31": "-751.54300", "2018-09-30": "409.43800", "2018-06-30": "278.23100", "2018-03-31": "-64.30600", "2017-12-31": "434.88100", "2017-09-30": "-259.14100", "2017-06-30": "149.66000", "2017-03-31": "69.86900", "2016-12-31": "132.72600", "2016-09-30": "83.79600", "2016-06-30": "78.79700", "2016-03-31": "160.37000", "2015-12-31": "197.89200", "2015-09-30": "102.51900", "2015-06-30": "91.36900", "2015-03-31": "190.99200", "2014-12-31": "117.59500", "2014-09-30": "75.80300", "2014-06-30": "40.06800", "2014-03-31": "87.71600", "2013-12-31": "98.76400", "2013-09-30": "65.59900", "2013-06-30": "27.75600", "2013-03-31": "88.90200", "2012-12-31": "56.79200", "2012-09-30": "49.65300", "2012-06-30": "89.68700", "2012-03-31": "57.25300", "2011-12-31": "50.17600", "2011-09-30": "53.26400", "2011-06-30": "30.31400", "2011-03-31": "8.27200", "2010-12-31": "140.14300", "2010-09-30": "63.25000", "2010-06-30": "20.83100", "2010-03-31": "42.56900", "2009-12-31": "93.35600", "2009-09-30": "59.12600", "2009-06-30": "32.79800", "2009-03-31": "16.35800", "2008-12-31": "-32.71000", "2008-09-30": "-142.28700", "2008-06-30": "82.24200", "2008-03-31": "33.98800", "2007-12-31": "93.44100", "2007-09-30": "92.35300", "2007-06-30": "121.20100", "2007-03-31": "98.67400", "2006-12-31": "121.38200", "2006-09-30": "104.09800", "2006-06-30": "90.43200", "2006-03-31": "76.59000", "2005-12-31": "123.12800", "2005-09-30": "-111.09800", "2005-06-30": "60.16700", "2005-03-31": "75.71800"}, "EBITDA": {"2020-09-30": "692.39180", "2020-06-30": "1242.26000", "2020-03-31": "-1805.33000", "2019-12-31": "753.82200", "2019-09-30": "262.24800", "2019-06-30": "666.44580", "2019-03-31": "794.83010", "2018-12-31": "-932.13660", "2018-09-30": "555.60500", "2018-06-30": "311.28090", "2018-03-31": "105.00990", "2017-12-31": "178.69860", "2017-09-30": "-329.90610", "2017-06-30": "240.46300", "2017-03-31": "127.35100", "2016-12-31": "213.67110", "2016-09-30": "152.63290", "2016-06-30": "193.68800", "2016-03-31": "245.17700", "2015-12-31": "279.25340", "2015-09-30": "182.74510", "2015-06-30": "129.57410", "2015-03-31": "268.83300", "2014-12-31": "194.86270", "2014-09-30": "133.12900", "2014-06-30": "84.14800", "2014-03-31": "145.68010", "2013-12-31": "137.41410", "2013-09-30": "122.75290", "2013-06-30": "74.21700", "2013-03-31": "141.36300", "2012-12-31": "89.59080", "2012-09-30": "77.17700", "2012-06-30": "141.33500", "2012-03-31": "96.70900", "2011-12-31": "96.60790", "2011-09-30": "90.81500", "2011-06-30": "58.61200", "2011-03-31": "30.41300", "2010-12-31": "130.50310", "2010-09-30": "109.89700", "2010-06-30": "48.24800", "2010-03-31": "80.52600", "2009-12-31": "110.14090", "2009-09-30": "54.30300", "2009-06-30": "52.25400", "2009-03-31": "35.90800", "2008-12-31": "-68.01080", "2008-09-30": "-227.90300", "2008-06-30": "125.01300", "2008-03-31": "59.28200", "2007-12-31": "133.38490", "2007-09-30": "151.54600", "2007-06-30": "187.76200", "2007-03-31": "157.60400", "2006-12-31": "183.05180", "2006-09-30": "161.06100", "2006-06-30": "147.72200", "2006-03-31": "126.73800", "2005-12-31": "174.17380", "2005-09-30": "-150.33300", "2005-06-30": "101.88300", "2005-03-31": "124.11800"}, "EBIT": {"2020-09-30": "692.39180", "2020-06-30": "1242.26000", "2020-03-31": "-1805.33000", "2019-12-31": "753.82180", "2019-09-30": "262.24800", "2019-06-30": "666.44580", "2019-03-31": "794.83010", "2018-12-31": "-932.13650", "2018-09-30": "555.60500", "2018-06-30": "311.28090", "2018-03-31": "105.00990", "2017-12-31": "178.69860", "2017-09-30": "-329.90610", "2017-06-30": "240.46300", "2017-03-31": "127.35100", "2016-12-31": "213.67100", "2016-09-30": "152.63290", "2016-06-30": "193.68800", "2016-03-31": "245.17700", "2015-12-31": "279.25350", "2015-09-30": "182.74510", "2015-06-30": "129.57410", "2015-03-31": "268.83300", "2014-12-31": "194.86280", "2014-09-30": "133.12900", "2014-06-30": "84.14800", "2014-03-31": "145.68010", "2013-12-31": "137.41410", "2013-09-30": "122.75290", "2013-06-30": "74.21700", "2013-03-31": "141.36300", "2012-12-31": "89.59100", "2012-09-30": "77.17700", "2012-06-30": "141.33500", "2012-03-31": "96.70900", "2011-12-31": "96.60800", "2011-09-30": "90.81500", "2011-06-30": "58.61200", "2011-03-31": "30.41300", "2010-12-31": "130.50310", "2010-09-30": "109.89700", "2010-06-30": "48.24800", "2010-03-31": "80.52600", "2009-12-31": "110.14090", "2009-09-30": "54.30300", "2009-06-30": "52.25400", "2009-03-31": "35.90800", "2008-12-31": "-68.01090", "2008-09-30": "-227.90300", "2008-06-30": "125.01300", "2008-03-31": "59.28200", "2007-12-31": "133.38510", "2007-09-30": "151.54600", "2007-06-30": "187.76200", "2007-03-31": "157.60400", "2006-12-31": "183.05190", "2006-09-30": "161.06100", "2006-06-30": "147.72200", "2006-03-31": "126.73800", "2005-12-31": "174.17390", "2005-09-30": "-150.33300", "2005-06-30": "101.88300", "2005-03-31": "124.11800"}, "Basic Shares Outstanding": {"2020-09-30": "13.80900", "2020-06-30": "13.80800", "2020-03-31": "13.81500", "2019-12-31": "13.86100", "2019-09-30": "13.84900", "2019-06-30": "13.86600", "2019-03-31": "13.89500", "2018-12-31": "13.92300", "2018-09-30": "13.91700", "2018-06-30": "13.92500", "2018-03-31": "13.93200", "2017-12-31": "13.96400", "2017-09-30": "13.94700", "2017-06-30": "13.97700", "2017-03-31": "13.99800", "2016-12-31": "14.01300", "2016-09-30": "14.03300", "2016-06-30": "14.01200", "2016-03-31": "13.99400", "2015-12-31": "13.97800", "2015-09-30": "13.98300", "2015-06-30": "13.97500", "2015-03-31": "13.97200", "2014-12-31": "13.98400", "2014-09-30": "13.98100", "2014-06-30": "13.98400", "2014-03-31": "13.99500", "2013-12-31": "12.53800", "2013-09-30": "14.00100", "2013-06-30": "12.46400", "2013-03-31": "9.63600", "2012-12-31": "9.64000", "2012-09-30": "9.63200", "2012-06-30": "9.65100", "2012-03-31": "9.64200", "2011-12-31": "9.68600", "2011-09-30": "9.68000", "2011-06-30": "9.71700", "2011-03-31": "9.71700", "2010-12-31": "9.76800", "2010-09-30": "9.74800", "2010-06-30": "9.79400", "2010-03-31": "9.81300", "2009-12-31": "9.81500", "2009-09-30": "9.81600", "2009-06-30": "9.81500", "2009-03-31": "9.81400", "2008-12-31": "9.87600", "2008-09-30": "9.84200", "2008-06-30": "9.90400", "2008-03-31": "9.94700", "2007-12-31": "9.96100", "2007-09-30": "9.95700", "2007-06-30": "9.95600", "2007-03-31": "9.97400", "2006-12-31": "9.70900", "2006-09-30": "9.66200", "2006-06-30": "9.66200", "2006-03-31": "9.73100", "2005-12-31": "9.82700", "2005-09-30": "9.82400", "2005-06-30": "9.84000", "2005-03-31": "9.84400"}, "Shares Outstanding": {"2020-09-30": "13.82700", "2020-06-30": "13.82100", "2020-03-31": "13.81500", "2019-12-31": "13.88100", "2019-09-30": "13.86400", "2019-06-30": "13.87800", "2019-03-31": "13.91100", "2018-12-31": "13.92300", "2018-09-30": "13.94300", "2018-06-30": "13.95000", "2018-03-31": "13.93200", "2017-12-31": "14.00600", "2017-09-30": "13.99000", "2017-06-30": "14.01900", "2017-03-31": "14.04600", "2016-12-31": "14.07800", "2016-09-30": "14.08500", "2016-06-30": "14.08800", "2016-03-31": "14.07400", "2015-12-31": "14.06100", "2015-09-30": "14.06200", "2015-06-30": "14.05200", "2015-03-31": "14.06300", "2014-12-31": "14.05700", "2014-09-30": "14.05700", "2014-06-30": "14.05500", "2014-03-31": "14.05800", "2013-12-31": "12.58600", "2013-09-30": "14.05600", "2013-06-30": "12.51400", "2013-03-31": "9.66600", "2012-12-31": "9.66600", "2012-09-30": "9.65900", "2012-06-30": "9.67600", "2012-03-31": "9.67100", "2011-12-31": "9.72600", "2011-09-30": "9.71800", "2011-06-30": "9.75700", "2011-03-31": "9.75700", "2010-12-31": "9.78500", "2010-09-30": "9.76000", "2010-06-30": "9.80700", "2010-03-31": "9.82300", "2009-12-31": "9.82600", "2009-09-30": "9.82900", "2009-06-30": "9.82500", "2009-03-31": "9.82300", "2008-12-31": "9.87600", "2008-09-30": "9.84200", "2008-06-30": "9.92300", "2008-03-31": "9.96900", "2007-12-31": "9.98100", "2007-09-30": "9.97500", "2007-06-30": "9.97400", "2007-03-31": "9.99200", "2006-12-31": "10.02400", "2006-09-30": "10.00600", "2006-06-30": "10.00600", "2006-03-31": "10.07500", "2005-12-31": "10.17100", "2005-09-30": "9.82400", "2005-06-30": "10.18400", "2005-03-31": "10.18700"}, "Basic EPS": {"2020-09-30": "31.07000", "2020-06-30": "65.81000", "2020-03-31": "-100.60000", "2019-12-31": "36.37000", "2019-09-30": "13.97000", "2019-06-30": "36.10000", "2019-03-31": "42.81000", "2018-12-31": "-53.87000", "2018-09-30": "28.56000", "2018-06-30": "20.01000", "2018-03-31": "-4.25000", "2017-12-31": "30.46000", "2017-09-30": "-18.82000", "2017-06-30": "10.34000", "2017-03-31": "3.91000", "2016-12-31": "9.14000", "2016-09-30": "5.62000", "2016-06-30": "5.44000", "2016-03-31": "11.21000", "2015-12-31": "14.23000", "2015-09-30": "7.43000", "2015-06-30": "6.76000", "2015-03-31": "13.57000", "2014-12-31": "8.10000", "2014-09-30": "5.33000", "2014-06-30": "2.67000", "2014-03-31": "6.28000", "2013-12-31": "6.11000", "2013-09-30": "4.69000", "2013-06-30": "2.24000", "2013-03-31": "9.53000", "2012-12-31": "6.25000", "2012-09-30": "5.33000", "2012-06-30": "8.44000", "2012-03-31": "5.94000", "2011-12-31": "5.19000", "2011-09-30": "5.50000", "2011-06-30": "3.12000", "2011-03-31": "0.85000", "2010-12-31": "14.35000", "2010-09-30": "6.49000", "2010-06-30": "2.13000", "2010-03-31": "4.34000", "2009-12-31": "9.51000", "2009-09-30": "6.02000", "2009-06-30": "3.34000", "2009-03-31": "1.67000", "2008-12-31": "-3.21000", "2008-09-30": "-14.46000", "2008-06-30": "8.30000", "2008-03-31": "3.42000", "2007-12-31": "9.39000", "2007-09-30": "9.28000", "2007-06-30": "12.17000", "2007-03-31": "9.89000", "2006-12-31": "12.43000", "2006-09-30": "10.77000", "2006-06-30": "9.36000", "2006-03-31": "7.87000", "2005-12-31": "12.56000", "2005-09-30": "-11.31000", "2005-06-30": "6.11000", "2005-03-31": "7.69000"}, "EPS - Earnings Per Share": {"2020-09-30": "31.03000", "2020-06-30": "65.75000", "2020-03-31": "-100.60000", "2019-12-31": "36.29000", "2019-09-30": "13.95000", "2019-06-30": "36.07000", "2019-03-31": "42.76000", "2018-12-31": "-53.77000", "2018-09-30": "28.50000", "2018-06-30": "19.97000", "2018-03-31": "-4.25000", "2017-12-31": "30.42000", "2017-09-30": "-18.82000", "2017-06-30": "10.31000", "2017-03-31": "3.90000", "2016-12-31": "9.11000", "2016-09-30": "5.60000", "2016-06-30": "5.41000", "2016-03-31": "11.15000", "2015-12-31": "14.14000", "2015-09-30": "7.39000", "2015-06-30": "6.72000", "2015-03-31": "13.49000", "2014-12-31": "8.06000", "2014-09-30": "5.30000", "2014-06-30": "2.66000", "2014-03-31": "6.25000", "2013-12-31": "6.07000", "2013-09-30": "4.67000", "2013-06-30": "2.24000", "2013-03-31": "9.50000", "2012-12-31": "6.23000", "2012-09-30": "5.32000", "2012-06-30": "8.42000", "2012-03-31": "5.92000", "2011-12-31": "5.16000", "2011-09-30": "5.48000", "2011-06-30": "3.11000", "2011-03-31": "0.85000", "2010-12-31": "14.34000", "2010-09-30": "6.48000", "2010-06-30": "2.12000", "2010-03-31": "4.33000", "2009-12-31": "9.49000", "2009-09-30": "6.02000", "2009-06-30": "3.34000", "2009-03-31": "1.67000", "2008-12-31": "-3.19000", "2008-09-30": "-14.46000", "2008-06-30": "8.29000", "2008-03-31": "3.41000", "2007-12-31": "9.35000", "2007-09-30": "9.26000", "2007-06-30": "12.15000", "2007-03-31": "9.88000", "2006-12-31": "12.15000", "2006-09-30": "10.47000", "2006-06-30": "9.11000", "2006-03-31": "7.67000", "2005-12-31": "12.69000", "2005-09-30": "-11.31000", "2005-06-30": "5.95000", "2005-03-31": "7.47000"}}, "balance sheet": {"Cash On Hand": {"2019-12-31": "3500.35300", "2018-12-31": "2396.43200", "2017-12-31": "2500.84600", "2016-12-31": "2085.16400", "2015-12-31": "3070.14100", "2014-12-31": "2482.39400", "2013-12-31": "2765.45200", "2012-12-31": "973.18100", "2011-12-31": "775.03200", "2010-12-31": "745.25900", "2009-12-31": "850.49400", "2008-12-31": "640.37900", "2007-12-31": "477.66100", "2006-12-31": "555.11500", "2005-12-31": "333.75700"}, "Receivables": {"2019-12-31": "7280.51400", "2018-12-31": "6914.47300", "2017-12-31": "6312.84300", "2016-12-31": "3354.83400", "2015-12-31": "3180.49100", "2014-12-31": "3106.09200", "2013-12-31": "3098.18900", "2012-12-31": "1243.80200", "2011-12-31": "1179.54700", "2010-12-31": "1187.16500", "2009-12-31": "1232.02400", "2008-12-31": "1376.84400", "2007-12-31": "1447.51900", "2006-12-31": "1685.43800", "2005-12-31": "2250.12400"}, "Inventory": {"2019-12-31": "", "2018-12-31": "", "2017-12-31": "", "2016-12-31": "", "2015-12-31": "", "2014-12-31": "", "2013-12-31": "", "2012-12-31": "", "2011-12-31": "", "2010-12-31": "", "2009-12-31": "", "2008-12-31": "", "2007-12-31": "", "2006-12-31": "", "2005-12-31": ""}, "Pre-Paid Expenses": {"2019-12-31": "", "2018-12-31": "", "2017-12-31": "", "2016-12-31": "", "2015-12-31": "", "2014-12-31": "", "2013-12-31": "", "2012-12-31": "", "2011-12-31": "", "2010-12-31": "", "2009-12-31": "", "2008-12-31": "", "2007-12-31": "", "2006-12-31": "", "2005-12-31": ""}, "Other Current Assets": {"2019-12-31": "", "2018-12-31": "", "2017-12-31": "", "2016-12-31": "", "2015-12-31": "", "2014-12-31": "", "2013-12-31": "", "2012-12-31": "", "2011-12-31": "", "2010-12-31": "", "2009-12-31": "", "2008-12-31": "", "2007-12-31": "", "2006-12-31": "", "2005-12-31": ""}, "Total Current Assets": {"2019-12-31": "10780.87000", "2018-12-31": "9310.90400", "2017-12-31": "8813.68900", "2016-12-31": "5439.99800", "2015-12-31": "6250.63200", "2014-12-31": "5588.48600", "2013-12-31": "5863.64100", "2012-12-31": "2216.98300", "2011-12-31": "1954.57900", "2010-12-31": "1932.42400", "2009-12-31": "2082.51800", "2008-12-31": "2017.22300", "2007-12-31": "1925.18000", "2006-12-31": "2240.55300", "2005-12-31": "2583.88100"}, "Property, Plant, And Equipment": {"2019-12-31": "", "2018-12-31": "", "2017-12-31": "", "2016-12-31": "", "2015-12-31": "", "2014-12-31": "", "2013-12-31": "", "2012-12-31": "", "2011-12-31": "", "2010-12-31": "", "2009-12-31": "", "2008-12-31": "", "2007-12-31": "", "2006-12-31": "", "2005-12-31": ""}, "Long-Term Investments": {"2019-12-31": "18757.91000", "2018-12-31": "16841.83000", "2017-12-31": "18069.49000", "2016-12-31": "16973.50000", "2015-12-31": "15111.20000", "2014-12-31": "16155.31000", "2013-12-31": "14846.62000", "2012-12-31": "8359.56400", "2011-12-31": "7953.11500", "2010-12-31": "7478.53700", "2009-12-31": "6998.17900", "2008-12-31": "6252.42700", "2007-12-31": "7310.54500", "2006-12-31": "6980.18000", "2005-12-31": "6254.46500"}, "Goodwill And Intangible Assets": {"2019-12-31": "4047.02200", "2018-12-31": "3964.17100", "2017-12-31": "3133.14500", "2016-12-31": "1864.79000", "2015-12-31": "1960.21600", "2014-12-31": "1751.86200", "2013-12-31": "1532.80000", "2012-12-31": "1049.22500", "2011-12-31": "867.55800", "2010-12-31": "641.73300", "2009-12-31": "502.83300", "2008-12-31": "361.42400", "2007-12-31": "344.91100", "2006-12-31": "339.71700", "2005-12-31": "339.71700"}, "Other Long-Term Assets": {"2019-12-31": "3321.97200", "2018-12-31": "2714.84500", "2017-12-31": "2323.12200", "2016-12-31": "1204.59900", "2015-12-31": "1264.30700", "2014-12-31": "1351.29200", "2013-12-31": "1451.48100", "2012-12-31": "773.35100", "2011-12-31": "562.17700", "2010-12-31": "584.11200", "2009-12-31": "501.56900", "2008-12-31": "697.22500", "2007-12-31": "351.49200", "2006-12-31": "309.28900", "2005-12-31": "423.70600"}, "Total Long-Term Assets": {"2019-12-31": "26692.95000", "2018-12-31": "23995.36000", "2017-12-31": "23991.32000", "2016-12-31": "20435.30000", "2015-12-31": "18688.48000", "2014-12-31": "19611.88000", "2013-12-31": "18091.87000", "2012-12-31": "10339.60000", "2011-12-31": "9577.52300", "2010-12-31": "8893.16500", "2009-12-31": "8159.37800", "2008-12-31": "7494.83100", "2007-12-31": "8209.23900", "2006-12-31": "7847.57800", "2005-12-31": "7230.21700"}, "Total Assets": {"2019-12-31": "37473.82000", "2018-12-31": "33306.26000", "2017-12-31": "32805.02000", "2016-12-31": "25875.30000", "2015-12-31": "24939.12000", "2014-12-31": "25200.36000", "2013-12-31": "23955.51000", "2012-12-31": "12556.59000", "2011-12-31": "11532.10000", "2010-12-31": "10825.59000", "2009-12-31": "10241.90000", "2008-12-31": "9512.05400", "2007-12-31": "10134.42000", "2006-12-31": "10088.13000", "2005-12-31": "9814.09800"}, "Total Current Liabilities": {"2019-12-31": "20178.85000", "2018-12-31": "19226.29000", "2017-12-31": "18289.48000", "2016-12-31": "13660.48000", "2015-12-31": "13766.25000", "2014-12-31": "14231.78000", "2013-12-31": "14171.24000", "2012-12-31": "6474.89900", "2011-12-31": "6379.12600", "2010-12-31": "6288.65800", "2009-12-31": "6191.67700", "2008-12-31": "6362.62600", "2007-12-31": "6505.67200", "2006-12-31": "6650.56000", "2005-12-31": "6973.02700"}, "Long Term Debt": {"2019-12-31": "3534.18300", "2018-12-31": "3009.57700", "2017-12-31": "3099.23000", "2016-12-31": "2574.52900", "2015-12-31": "2239.27100", "2014-12-31": "2253.59400", "2013-12-31": "2256.22700", "2012-12-31": "1492.55000", "2011-12-31": "1293.52000", "2010-12-31": "1015.94700", "2009-12-31": "963.64800", "2008-12-31": "694.40900", "2007-12-31": "680.69800", "2006-12-31": "858.35710", "2005-12-31": "848.88100"}, "Other Non-Current Liabilities": {"2019-12-31": "2504.80200", "2018-12-31": "1796.03600", "2017-12-31": "1748.46000", "2016-12-31": "1099.20000", "2015-12-31": "1030.02300", "2014-12-31": "1051.93100", "2013-12-31": "777.85000", "2012-12-31": "613.89700", "2011-12-31": "397.11100", "2010-12-31": "333.29200", "2009-12-31": "294.85700", "2008-12-31": "274.08400", "2007-12-31": "306.88700", "2006-12-31": "282.82100", "2005-12-31": "286.75700"}, "Total Long Term Liabilities": {"2019-12-31": "6216.54700", "2018-12-31": "4979.67500", "2017-12-31": "5013.95900", "2016-12-31": "3747.40700", "2015-12-31": "3332.25200", "2014-12-31": "3366.57300", "2013-12-31": "3106.26000", "2012-12-31": "2192.67200", "2011-12-31": "1764.86200", "2010-12-31": "1349.23900", "2009-12-31": "1258.50500", "2008-12-31": "968.49300", "2007-12-31": "987.58500", "2006-12-31": "1141.17800", "2005-12-31": "1135.63800"}, "Total Liabilities": {"2019-12-31": "26395.40000", "2018-12-31": "24205.96000", "2017-12-31": "23303.44000", "2016-12-31": "17407.89000", "2015-12-31": "17098.51000", "2014-12-31": "17598.35000", "2013-12-31": "17277.50000", "2012-12-31": "8667.57100", "2011-12-31": "8143.98800", "2010-12-31": "7637.89700", "2009-12-31": "7450.18200", "2008-12-31": "7331.11900", "2007-12-31": "7493.25700", "2006-12-31": "7791.73800", "2005-12-31": "8108.66500"}, "Common Stock Net": {"2019-12-31": "3404.91900", "2018-12-31": "3392.99300", "2017-12-31": "3381.83400", "2016-12-31": "3368.66600", "2015-12-31": "3342.35700", "2014-12-31": "3308.39500", "2013-12-31": "3288.86300", "2012-12-31": "908.98000", "2011-12-31": "891.50700", "2010-12-31": "884.45700", "2009-12-31": "872.87600", "2008-12-31": "869.74400", "2007-12-31": "866.36200", "2006-12-31": "854.56100", "2005-12-31": "743.50300"}, "Retained Earnings (Accumulated Deficit)": {"2019-12-31": "7457.17600", "2018-12-31": "5782.31000", "2017-12-31": "3776.74300", "2016-12-31": "3526.39500", "2015-12-31": "3137.28500", "2014-12-31": "2581.86600", "2013-12-31": "2294.90900", "2012-12-31": "2068.34000", "2011-12-31": "1835.08600", "2010-12-31": "1735.97300", "2009-12-31": "1514.39800", "2008-12-31": "1297.90100", "2007-12-31": "1417.26900", "2006-12-31": "1015.67900", "2005-12-31": "669.05700"}, "Comprehensive Income": {"2019-12-31": "208.77200", "2018-12-31": "-94.65000", "2017-12-31": "2345.57100", "2016-12-31": "1565.86600", "2015-12-31": "1354.50800", "2014-12-31": "1704.55700", "2013-12-31": "1089.80500", "2012-12-31": "911.33700", "2011-12-31": "660.92000", "2010-12-31": "551.09300", "2009-12-31": "387.08600", "2008-12-31": "13.02900", "2007-12-31": "357.53100", "2006-12-31": "426.15300", "2005-12-31": "292.87300"}, "Other Share Holders Equity": {"2019-12-31": "", "2018-12-31": "", "2017-12-31": "", "2016-12-31": "", "2015-12-31": "", "2014-12-31": "", "2013-12-31": "", "2012-12-31": "", "2011-12-31": "", "2010-12-31": "", "2009-12-31": "", "2008-12-31": "", "2007-12-31": "", "2006-12-31": "", "2005-12-31": ""}, "Share Holder Equity": {"2019-12-31": "11078.42000", "2018-12-31": "9100.30200", "2017-12-31": "9501.58100", "2016-12-31": "8467.41100", "2015-12-31": "7840.60900", "2014-12-31": "7602.00200", "2013-12-31": "6678.01000", "2012-12-31": "3889.01700", "2011-12-31": "3388.11500", "2010-12-31": "3187.69200", "2009-12-31": "2791.71400", "2008-12-31": "2180.93500", "2007-12-31": "2641.16200", "2006-12-31": "2296.39300", "2005-12-31": "1705.43300"}, "Total Liabilities And Share Holders Equity": {"2019-12-31": "37473.82000", "2018-12-31": "33306.26000", "2017-12-31": "32805.02000", "2016-12-31": "25875.30000", "2015-12-31": "24939.12000", "2014-12-31": "25200.36000", "2013-12-31": "23955.51000", "2012-12-31": "12556.59000", "2011-12-31": "11532.10000", "2010-12-31": "10825.59000", "2009-12-31": "10241.90000", "2008-12-31": "9512.05400", "2007-12-31": "10134.42000", "2006-12-31": "10088.13000", "2005-12-31": "9814.09800"}}, "balance sheet, quarterly": {"Cash On Hand": {"2020-09-30": "5262.55300", "2020-06-30": "5627.37200", "2020-03-31": "4458.32400", "2019-12-31": "3500.35300", "2019-09-30": "3199.76900", "2019-06-30": "2641.46600", "2019-03-31": "2764.40500", "2018-12-31": "2396.43200", "2018-09-30": "2626.94200", "2018-06-30": "2244.39600", "2018-03-31": "2441.65200", "2017-12-31": "2500.84600", "2017-09-30": "2355.66500", "2017-06-30": "2586.24300", "2017-03-31": "2114.69100", "2016-12-31": "2085.16400", "2016-09-30": "2540.36900", "2016-06-30": "2361.83800", "2016-03-31": "2738.63200", "2015-12-31": "3070.14100", "2015-09-30": "2632.99500", "2015-06-30": "2375.11500", "2015-03-31": "2508.69700", "2014-12-31": "2482.39400", "2014-09-30": "2348.88200", "2014-06-30": "2526.75800", "2014-03-31": "2785.44900", "2013-12-31": "2765.45200", "2013-09-30": "2715.49300", "2013-06-30": "2099.03800", "2013-03-31": "899.07500", "2012-12-31": "973.18100", "2012-09-30": "834.82800", "2012-06-30": "837.20800", "2012-03-31": "691.79700", "2011-12-31": "775.03200", "2011-09-30": "920.19300", "2011-06-30": "767.95400", "2011-03-31": "649.94700", "2010-12-31": "745.25900", "2010-09-30": "817.95400", "2010-06-30": "686.67500", "2010-03-31": "637.67200", "2009-12-31": "850.49400", "2009-09-30": "1038.41100", "2009-06-30": "686.13600", "2009-03-31": "646.97500", "2008-12-31": "640.37900", "2008-09-30": "588.45900", "2008-06-30": "682.14900", "2008-03-31": "612.05600", "2007-12-31": "477.66100", "2007-09-30": "383.62600", "2007-06-30": "403.41500", "2007-03-31": "402.98200", "2006-12-31": "555.11500", "2006-09-30": "403.81700", "2006-06-30": "333.60700", "2006-03-31": "288.41800", "2005-12-31": "333.75700", "2005-09-30": "377.33500", "2005-06-30": "391.72500", "2005-03-31": "332.40500"}, "Receivables": {"2020-09-30": "7669.91800", "2020-06-30": "7835.13800", "2020-03-31": "7528.52100", "2019-12-31": "7280.51400", "2019-09-30": "7302.55000", "2019-06-30": "7564.71600", "2019-03-31": "7251.47200", "2018-12-31": "6914.47300", "2018-09-30": "6791.27100", "2018-06-30": "6774.65900", "2018-03-31": "6508.54300", "2017-12-31": "6312.84300", "2017-09-30": "4127.67700", "2017-06-30": "3650.22400", "2017-03-31": "3439.35900", "2016-12-31": "3354.83400", "2016-09-30": "3416.86700", "2016-06-30": "3523.71900", "2016-03-31": "3530.17800", "2015-12-31": "3180.49100", "2015-09-30": "3308.57400", "2015-06-30": "3436.53300", "2015-03-31": "3257.19500", "2014-12-31": "3106.09200", "2014-09-30": "3289.61300", "2014-06-30": "3505.24000", "2014-03-31": "3351.78800", "2013-12-31": "3098.18900", "2013-09-30": "3269.08300", "2013-06-30": "3434.75900", "2013-03-31": "1285.56500", "2012-12-31": "1243.80200", "2012-09-30": "1237.86100", "2012-06-30": "1284.91100", "2012-03-31": "1292.59400", "2011-12-31": "1179.54700", "2011-09-30": "1212.30400", "2011-06-30": "1277.29100", "2011-03-31": "1261.05900", "2010-12-31": "1187.16500", "2010-09-30": "1255.93800", "2010-06-30": "1268.27500", "2010-03-31": "1223.08800", "2009-12-31": "1232.02400", "2009-09-30": "1282.36700", "2009-06-30": "1352.07300", "2009-03-31": "1350.64800", "2008-12-31": "1376.84400", "2008-09-30": "1554.18700", "2008-06-30": "1513.14400", "2008-03-31": "1485.82600", "2007-12-31": "1447.51900", "2007-09-30": "1555.39700", "2007-06-30": "1606.24600", "2007-03-31": "1627.29800", "2006-12-31": "1685.43800", "2006-09-30": "1836.45400", "2006-06-30": "2009.72500", "2006-03-31": "2214.20900", "2005-12-31": "2250.12400", "2005-09-30": "2377.88700", "2005-06-30": "1924.62500", "2005-03-31": "2048.28000"}, "Inventory": {"2020-09-30": "", "2020-06-30": "", "2020-03-31": "", "2019-12-31": "", "2019-09-30": "", "2019-06-30": "", "2019-03-31": "", "2018-12-31": "", "2018-09-30": "", "2018-06-30": "", "2018-03-31": "", "2017-12-31": "", "2017-09-30": "", "2017-06-30": "", "2017-03-31": "", "2016-12-31": "", "2016-09-30": "", "2016-06-30": "", "2016-03-31": "", "2015-12-31": "", "2015-09-30": "", "2015-06-30": "", "2015-03-31": "", "2014-12-31": "", "2014-09-30": "", "2014-06-30": "", "2014-03-31": "", "2013-12-31": "", "2013-09-30": "", "2013-06-30": "", "2013-03-31": "", "2012-12-31": "", "2012-09-30": "", "2012-06-30": "", "2012-03-31": "", "2011-12-31": "", "2011-09-30": "", "2011-06-30": "", "2011-03-31": "", "2010-12-31": "", "2010-09-30": "", "2010-06-30": "", "2010-03-31": "", "2009-12-31": "", "2009-09-30": "", "2009-06-30": "", "2009-03-31": "", "2008-12-31": "", "2008-09-30": "", "2008-06-30": "", "2008-03-31": "", "2007-12-31": "", "2007-09-30": "", "2007-06-30": "", "2007-03-31": "", "2006-12-31": "", "2006-09-30": "", "2006-06-30": "", "2006-03-31": "", "2005-12-31": "", "2005-09-30": "", "2005-06-30": "", "2005-03-31": ""}, "Pre-Paid Expenses": {"2020-09-30": "", "2020-06-30": "", "2020-03-31": "", "2019-12-31": "", "2019-09-30": "", "2019-06-30": "", "2019-03-31": "", "2018-12-31": "", "2018-09-30": "", "2018-06-30": "", "2018-03-31": "", "2017-12-31": "", "2017-09-30": "", "2017-06-30": "", "2017-03-31": "", "2016-12-31": "", "2016-09-30": "", "2016-06-30": "", "2016-03-31": "", "2015-12-31": "", "2015-09-30": "", "2015-06-30": "", "2015-03-31": "", "2014-12-31": "", "2014-09-30": "", "2014-06-30": "", "2014-03-31": "", "2013-12-31": "", "2013-09-30": "", "2013-06-30": "", "2013-03-31": "", "2012-12-31": "", "2012-09-30": "", "2012-06-30": "", "2012-03-31": "", "2011-12-31": "", "2011-09-30": "", "2011-06-30": "", "2011-03-31": "", "2010-12-31": "", "2010-09-30": "", "2010-06-30": "", "2010-03-31": "", "2009-12-31": "", "2009-09-30": "", "2009-06-30": "", "2009-03-31": "", "2008-12-31": "", "2008-09-30": "", "2008-06-30": "", "2008-03-31": "", "2007-12-31": "", "2007-09-30": "", "2007-06-30": "", "2007-03-31": "", "2006-12-31": "", "2006-09-30": "", "2006-06-30": "", "2006-03-31": "", "2005-12-31": "", "2005-09-30": "", "2005-06-30": "", "2005-03-31": ""}, "Other Current Assets": {"2020-09-30": "", "2020-06-30": "", "2020-03-31": "", "2019-12-31": "", "2019-09-30": "", "2019-06-30": "", "2019-03-31": "", "2018-12-31": "", "2018-09-30": "", "2018-06-30": "", "2018-03-31": "", "2017-12-31": "", "2017-09-30": "", "2017-06-30": "", "2017-03-31": "", "2016-12-31": "", "2016-09-30": "", "2016-06-30": "", "2016-03-31": "", "2015-12-31": "", "2015-09-30": "", "2015-06-30": "", "2015-03-31": "", "2014-12-31": "", "2014-09-30": "", "2014-06-30": "", "2014-03-31": "", "2013-12-31": "", "2013-09-30": "", "2013-06-30": "", "2013-03-31": "", "2012-12-31": "", "2012-09-30": "", "2012-06-30": "", "2012-03-31": "", "2011-12-31": "", "2011-09-30": "", "2011-06-30": "", "2011-03-31": "", "2010-12-31": "", "2010-09-30": "", "2010-06-30": "", "2010-03-31": "", "2009-12-31": "", "2009-09-30": "", "2009-06-30": "", "2009-03-31": "", "2008-12-31": "", "2008-09-30": "", "2008-06-30": "", "2008-03-31": "", "2007-12-31": "", "2007-09-30": "", "2007-06-30": "", "2007-03-31": "", "2006-12-31": "", "2006-09-30": "", "2006-06-30": "", "2006-03-31": "", "2005-12-31": "", "2005-09-30": "", "2005-06-30": "", "2005-03-31": ""}, "Total Current Assets": {"2020-09-30": "12932.47000", "2020-06-30": "13462.51000", "2020-03-31": "11986.85000", "2019-12-31": "10780.87000", "2019-09-30": "10502.32000", "2019-06-30": "10206.18000", "2019-03-31": "10015.88000", "2018-12-31": "9310.90400", "2018-09-30": "9418.21400", "2018-06-30": "9019.05500", "2018-03-31": "8950.19500", "2017-12-31": "8813.68900", "2017-09-30": "6483.34200", "2017-06-30": "6236.46700", "2017-03-31": "5554.05000", "2016-12-31": "5439.99800", "2016-09-30": "5957.23600", "2016-06-30": "5885.55700", "2016-03-31": "6268.81000", "2015-12-31": "6250.63200", "2015-09-30": "5941.56900", "2015-06-30": "5811.64800", "2015-03-31": "5765.89200", "2014-12-31": "5588.48600", "2014-09-30": "5638.49500", "2014-06-30": "6031.99800", "2014-03-31": "6137.23700", "2013-12-31": "5863.64100", "2013-09-30": "5984.57600", "2013-06-30": "5533.79700", "2013-03-31": "2184.64000", "2012-12-31": "2216.98300", "2012-09-30": "2072.68900", "2012-06-30": "2122.11900", "2012-03-31": "1984.39100", "2011-12-31": "1954.57900", "2011-09-30": "2132.49700", "2011-06-30": "2045.24500", "2011-03-31": "1911.00600", "2010-12-31": "1932.42400", "2010-09-30": "2073.89200", "2010-06-30": "1954.95000", "2010-03-31": "1860.76000", "2009-12-31": "2082.51800", "2009-09-30": "2320.77800", "2009-06-30": "2038.20900", "2009-03-31": "1997.62300", "2008-12-31": "2017.22300", "2008-09-30": "2142.64600", "2008-06-30": "2195.29300", "2008-03-31": "2097.88200", "2007-12-31": "1925.18000", "2007-09-30": "1939.02300", "2007-06-30": "2009.66100", "2007-03-31": "2030.28000", "2006-12-31": "2240.55300", "2006-09-30": "2240.27100", "2006-06-30": "2343.33200", "2006-03-31": "2502.62700", "2005-12-31": "2583.88100", "2005-09-30": "2755.22200", "2005-06-30": "2316.35000", "2005-03-31": "2380.68500"}, "Property, Plant, And Equipment": {"2020-09-30": "", "2020-06-30": "", "2020-03-31": "", "2019-12-31": "", "2019-09-30": "", "2019-06-30": "", "2019-03-31": "", "2018-12-31": "", "2018-09-30": "", "2018-06-30": "", "2018-03-31": "", "2017-12-31": "", "2017-09-30": "", "2017-06-30": "", "2017-03-31": "", "2016-12-31": "", "2016-09-30": "", "2016-06-30": "", "2016-03-31": "", "2015-12-31": "", "2015-09-30": "", "2015-06-30": "", "2015-03-31": "", "2014-12-31": "", "2014-09-30": "", "2014-06-30": "", "2014-03-31": "", "2013-12-31": "", "2013-09-30": "", "2013-06-30": "", "2013-03-31": "", "2012-12-31": "", "2012-09-30": "", "2012-06-30": "", "2012-03-31": "", "2011-12-31": "", "2011-09-30": "", "2011-06-30": "", "2011-03-31": "", "2010-12-31": "", "2010-09-30": "", "2010-06-30": "", "2010-03-31": "", "2009-12-31": "", "2009-09-30": "", "2009-06-30": "", "2009-03-31": "", "2008-12-31": "", "2008-09-30": "", "2008-06-30": "", "2008-03-31": "", "2007-12-31": "", "2007-09-30": "", "2007-06-30": "", "2007-03-31": "", "2006-12-31": "", "2006-09-30": "", "2006-06-30": "", "2006-03-31": "", "2005-12-31": "", "2005-09-30": "", "2005-06-30": "", "2005-03-31": ""}, "Long-Term Investments": {"2020-09-30": "18325.64000", "2020-06-30": "16653.99000", "2020-03-31": "16058.57000", "2019-12-31": "18757.91000", "2019-09-30": "18728.29000", "2019-06-30": "18518.14000", "2019-03-31": "17297.88000", "2018-12-31": "16841.83000", "2018-09-30": "18420.59000", "2018-06-30": "18150.90000", "2018-03-31": "17845.12000", "2017-12-31": "18069.49000", "2017-09-30": "17624.85000", "2017-06-30": "17098.73000", "2017-03-31": "17223.49000", "2016-12-31": "16973.50000", "2016-09-30": "16818.22000", "2016-06-30": "16790.69000", "2016-03-31": "15793.34000", "2015-12-31": "15111.20000", "2015-09-30": "15834.35000", "2015-06-30": "16083.57000", "2015-03-31": "16044.54000", "2014-12-31": "16155.31000", "2014-09-30": "15868.30000", "2014-06-30": "15708.85000", "2014-03-31": "14984.62000", "2013-12-31": "14846.62000", "2013-09-30": "14461.01000", "2013-06-30": "14484.59000", "2013-03-31": "8898.59200", "2012-12-31": "8359.56400", "2012-09-30": "8350.84400", "2012-06-30": "7972.31400", "2012-03-31": "8138.19900", "2011-12-31": "7953.11500", "2011-09-30": "7677.53900", "2011-06-30": "7917.40100", "2011-03-31": "7611.13700", "2010-12-31": "7478.53700", "2010-09-30": "7422.21500", "2010-06-30": "7192.98800", "2010-03-31": "7337.69900", "2009-12-31": "6998.17900", "2009-09-30": "6932.97600", "2009-06-30": "6630.88500", "2009-03-31": "6239.63600", "2008-12-31": "6252.42700", "2008-09-30": "6637.43600", "2008-06-30": "6813.84500", "2008-03-31": "7122.25700", "2007-12-31": "7310.54500", "2007-09-30": "7348.93900", "2007-06-30": "7240.00000", "2007-03-31": "7038.90400", "2006-12-31": "6980.18000", "2006-09-30": "6762.47200", "2006-06-30": "6278.32200", "2006-03-31": "6218.16700", "2005-12-31": "6254.46500", "2005-09-30": "6158.24600", "2005-06-30": "6051.41900", "2005-03-31": "5851.87000"}, "Goodwill And Intangible Assets": {"2020-09-30": "4425.02800", "2020-06-30": "4472.17300", "2020-03-31": "4001.82400", "2019-12-31": "4047.02200", "2019-09-30": "3846.71400", "2019-06-30": "3884.95500", "2019-03-31": "3928.43600", "2018-12-31": "3964.17100", "2018-09-30": "3024.89200", "2018-06-30": "3054.18700", "2018-03-31": "3106.86300", "2017-12-31": "3133.14500", "2017-09-30": "2415.79700", "2017-06-30": "2022.98800", "2017-03-31": "1854.53400", "2016-12-31": "1864.79000", "2016-09-30": "1899.30700", "2016-06-30": "1921.05200", "2016-03-31": "1947.06300", "2015-12-31": "1960.21600", "2015-09-30": "1696.38000", "2015-06-30": "1713.89600", "2015-03-31": "1720.26800", "2014-12-31": "1751.86200", "2014-09-30": "1794.91300", "2014-06-30": "1700.19200", "2014-03-31": "1707.75200", "2013-12-31": "1532.80000", "2013-09-30": "1569.04100", "2013-06-30": "1618.58800", "2013-03-31": "1074.92500", "2012-12-31": "1049.22500", "2012-09-30": "997.83400", "2012-06-30": "991.43000", "2012-03-31": "967.62500", "2011-12-31": "867.55800", "2011-09-30": "769.68500", "2011-06-30": "767.00400", "2011-03-31": "776.06600", "2010-12-31": "641.73300", "2010-09-30": "501.18800", "2010-06-30": "501.47900", "2010-03-31": "501.30100", "2009-12-31": "502.83300", "2009-09-30": "340.49500", "2009-06-30": "341.67400", "2009-03-31": "342.85200", "2008-12-31": "361.42400", "2008-09-30": "344.62600", "2008-06-30": "345.76700", "2008-03-31": "343.96100", "2007-12-31": "344.91100", "2007-09-30": "345.86100", "2007-06-30": "346.45800", "2007-03-31": "330.33000", "2006-12-31": "339.71700", "2006-09-30": "339.71700", "2006-06-30": "339.71700", "2006-03-31": "339.71700", "2005-12-31": "339.71700", "2005-09-30": "339.71700", "2005-06-30": "339.71700", "2005-03-31": "339.71700"}, "Other Long-Term Assets": {"2020-09-30": "3848.74100", "2020-06-30": "3841.19200", "2020-03-31": "3370.94400", "2019-12-31": "3321.97200", "2019-09-30": "3388.54800", "2019-06-30": "3258.06900", "2019-03-31": "2953.52100", "2018-12-31": "2714.84500", "2018-09-30": "2575.75400", "2018-06-30": "2514.67200", "2018-03-31": "2450.48300", "2017-12-31": "2323.12200", "2017-09-30": "1489.12400", "2017-06-30": "1355.31500", "2017-03-31": "1297.82000", "2016-12-31": "1204.59900", "2016-09-30": "1319.68800", "2016-06-30": "1322.63000", "2016-03-31": "1275.96700", "2015-12-31": "1264.30700", "2015-09-30": "1329.51000", "2015-06-30": "1376.21400", "2015-03-31": "1353.06200", "2014-12-31": "1351.29200", "2014-09-30": "1399.10800", "2014-06-30": "1336.45000", "2014-03-31": "1288.79100", "2013-12-31": "1451.48100", "2013-09-30": "1533.72000", "2013-06-30": "1637.50900", "2013-03-31": "781.15200", "2012-12-31": "773.35100", "2012-09-30": "794.86500", "2012-06-30": "705.09600", "2012-03-31": "587.38300", "2011-12-31": "562.17700", "2011-09-30": "585.49900", "2011-06-30": "530.94700", "2011-03-31": "543.40600", "2010-12-31": "584.11200", "2010-09-30": "404.41400", "2010-06-30": "502.56500", "2010-03-31": "474.21500", "2009-12-31": "501.56900", "2009-09-30": "437.92600", "2009-06-30": "528.56700", "2009-03-31": "637.66300", "2008-12-31": "697.22500", "2008-09-30": "599.07000", "2008-06-30": "475.94500", "2008-03-31": "385.34800", "2007-12-31": "351.49200", "2007-09-30": "376.35300", "2007-06-30": "377.95200", "2007-03-31": "349.34100", "2006-12-31": "309.28900", "2006-09-30": "409.26700", "2006-06-30": "494.44400", "2006-03-31": "445.50300", "2005-12-31": "423.70600", "2005-09-30": "432.09100", "2005-06-30": "356.67700", "2005-03-31": "460.23400"}, "Total Long-Term Assets": {"2020-09-30": "27237.55000", "2020-06-30": "25605.12000", "2020-03-31": "24061.94000", "2019-12-31": "26692.95000", "2019-09-30": "26533.88000", "2019-06-30": "26215.40000", "2019-03-31": "24720.85000", "2018-12-31": "23995.36000", "2018-09-30": "24540.09000", "2018-06-30": "24227.98000", "2018-03-31": "23916.28000", "2017-12-31": "23991.32000", "2017-09-30": "22036.07000", "2017-06-30": "20966.87000", "2017-03-31": "20846.63000", "2016-12-31": "20435.30000", "2016-09-30": "20446.41000", "2016-06-30": "20450.07000", "2016-03-31": "19416.42000", "2015-12-31": "18688.48000", "2015-09-30": "19240.00000", "2015-06-30": "19554.49000", "2015-03-31": "19487.50000", "2014-12-31": "19611.88000", "2014-09-30": "19437.94000", "2014-06-30": "19134.27000", "2014-03-31": "18315.76000", "2013-12-31": "18091.87000", "2013-09-30": "17824.00000", "2013-06-30": "17966.18000", "2013-03-31": "10933.35000", "2012-12-31": "10339.60000", "2012-09-30": "10310.73000", "2012-06-30": "9843.11400", "2012-03-31": "9874.89300", "2011-12-31": "9577.52300", "2011-09-30": "9239.25700", "2011-06-30": "9419.29300", "2011-03-31": "9130.53000", "2010-12-31": "8893.16500", "2010-09-30": "8507.22900", "2010-06-30": "8369.51100", "2010-03-31": "8479.19100", "2009-12-31": "8159.37800", "2009-09-30": "7880.87500", "2009-06-30": "7673.29000", "2009-03-31": "7398.13000", "2008-12-31": "7494.83100", "2008-09-30": "7788.46900", "2008-06-30": "7848.47000", "2008-03-31": "8057.74100", "2007-12-31": "8209.23900", "2007-09-30": "8290.58500", "2007-06-30": "8187.52100", "2007-03-31": "7939.27700", "2006-12-31": "7847.57800", "2006-09-30": "7742.02500", "2006-06-30": "7342.89100", "2006-03-31": "7222.65900", "2005-12-31": "7230.21700", "2005-09-30": "7145.78800", "2005-06-30": "6956.06800", "2005-03-31": "6851.55000"}, "Total Assets": {"2020-09-30": "40170.02000", "2020-06-30": "39067.63000", "2020-03-31": "36048.79000", "2019-12-31": "37473.82000", "2019-09-30": "37036.20000", "2019-06-30": "36421.59000", "2019-03-31": "34736.73000", "2018-12-31": "33306.26000", "2018-09-30": "33958.30000", "2018-06-30": "33247.03000", "2018-03-31": "32866.47000", "2017-12-31": "32805.02000", "2017-09-30": "28519.41000", "2017-06-30": "27203.34000", "2017-03-31": "26400.68000", "2016-12-31": "25875.30000", "2016-09-30": "26403.64000", "2016-06-30": "26335.63000", "2016-03-31": "25685.23000", "2015-12-31": "24939.12000", "2015-09-30": "25181.57000", "2015-06-30": "25366.14000", "2015-03-31": "25253.39000", "2014-12-31": "25200.36000", "2014-09-30": "25076.44000", "2014-06-30": "25166.27000", "2014-03-31": "24452.99000", "2013-12-31": "23955.51000", "2013-09-30": "23808.58000", "2013-06-30": "23499.98000", "2013-03-31": "13117.99000", "2012-12-31": "12556.59000", "2012-09-30": "12383.42000", "2012-06-30": "11965.23000", "2012-03-31": "11859.28000", "2011-12-31": "11532.10000", "2011-09-30": "11371.75000", "2011-06-30": "11464.54000", "2011-03-31": "11041.54000", "2010-12-31": "10825.59000", "2010-09-30": "10581.12000", "2010-06-30": "10324.46000", "2010-03-31": "10339.95000", "2009-12-31": "10241.90000", "2009-09-30": "10201.65000", "2009-06-30": "9711.49900", "2009-03-31": "9395.75300", "2008-12-31": "9512.05400", "2008-09-30": "9931.11500", "2008-06-30": "10043.76000", "2008-03-31": "10155.62000", "2007-12-31": "10134.42000", "2007-09-30": "10229.61000", "2007-06-30": "10197.18000", "2007-03-31": "9969.55700", "2006-12-31": "10088.13000", "2006-09-30": "9982.29600", "2006-06-30": "9686.22300", "2006-03-31": "9725.28600", "2005-12-31": "9814.09800", "2005-09-30": "9901.01000", "2005-06-30": "9272.41900", "2005-03-31": "9232.23500"}, "Total Current Liabilities": {"2020-09-30": "21684.12000", "2020-06-30": "21106.69000", "2020-03-31": "20484.92000", "2019-12-31": "20178.85000", "2019-09-30": "20091.58000", "2019-06-30": "19970.12000", "2019-03-31": "19605.08000", "2018-12-31": "19226.29000", "2018-09-30": "19186.57000", "2018-06-30": "18779.87000", "2018-03-31": "18692.13000", "2017-12-31": "18289.48000", "2017-09-30": "15532.38000", "2017-06-30": "14346.39000", "2017-03-31": "13996.97000", "2016-12-31": "13660.48000", "2016-09-30": "14145.03000", "2016-06-30": "14142.71000", "2016-03-31": "14123.62000", "2015-12-31": "13766.25000", "2015-09-30": "14244.09000", "2015-06-30": "14373.13000", "2015-03-31": "14071.79000", "2014-12-31": "14231.78000", "2014-09-30": "14683.91000", "2014-06-30": "14955.80000", "2014-03-31": "14572.44000", "2013-12-31": "14171.24000", "2013-09-30": "14348.69000", "2013-06-30": "14223.97000", "2013-03-31": "6514.78500", "2012-12-31": "6474.89900", "2012-09-30": "6459.25900", "2012-06-30": "6449.57700", "2012-03-31": "6460.89600", "2011-12-31": "6379.12600", "2011-09-30": "6516.11100", "2011-06-30": "6551.39700", "2011-03-31": "6473.84600", "2010-12-31": "6288.65800", "2010-09-30": "6265.22300", "2010-06-30": "6179.11400", "2010-03-31": "6185.18600", "2009-12-31": "6191.67700", "2009-09-30": "6345.08800", "2009-06-30": "6395.51700", "2009-03-31": "6297.64100", "2008-12-31": "6362.62600", "2008-09-30": "6786.09000", "2008-06-30": "6709.16400", "2008-03-31": "6585.16800", "2007-12-31": "6505.67200", "2007-09-30": "6725.16800", "2007-06-30": "6690.00800", "2007-03-31": "6632.03900", "2006-12-31": "6650.56000", "2006-09-30": "6784.94800", "2006-06-30": "6889.58000", "2006-03-31": "6937.84400", "2005-12-31": "6973.02700", "2005-09-30": "7228.60700", "2005-06-30": "6383.34100", "2005-03-31": "6483.01300"}, "Long Term Debt": {"2020-09-30": "3498.31100", "2020-06-30": "3606.10900", "2020-03-31": "3593.95400", "2019-12-31": "3534.18300", "2019-09-30": "3896.96200", "2019-06-30": "3625.74400", "2019-03-31": "3058.96800", "2018-12-31": "3009.57700", "2018-09-30": "2993.24300", "2018-06-30": "3024.30600", "2018-03-31": "3048.09600", "2017-12-31": "3099.23000", "2017-09-30": "2471.41900", "2017-06-30": "2485.67100", "2017-03-31": "2581.60500", "2016-12-31": "2574.52900", "2016-09-30": "2589.35000", "2016-06-30": "2602.43200", "2016-03-31": "2299.75600", "2015-12-31": "2239.27100", "2015-09-30": "2240.51700", "2015-06-30": "2246.87500", "2015-03-31": "2249.55400", "2014-12-31": "2253.59400", "2014-09-30": "2273.79500", "2014-06-30": "2258.52200", "2014-03-31": "2255.82400", "2013-12-31": "2256.22700", "2013-09-30": "2250.47900", "2013-06-30": "2249.81900", "2013-03-31": "1732.25000", "2012-12-31": "1492.55000", "2012-09-30": "1510.59800", "2012-06-30": "1309.53000", "2012-03-31": "1305.57300", "2011-12-31": "1293.52000", "2011-09-30": "1271.81000", "2011-06-30": "1268.44400", "2011-03-31": "1027.71100", "2010-12-31": "1015.94700", "2010-09-30": "996.66300", "2010-06-30": "1003.57600", "2010-03-31": "996.38600", "2009-12-31": "963.64800", "2009-09-30": "951.24800", "2009-06-30": "738.75400", "2009-03-31": "738.63100", "2008-12-31": "694.40900", "2008-09-30": "588.38600", "2008-06-30": "588.26400", "2008-03-31": "681.04300", "2007-12-31": "680.69800", "2007-09-30": "680.35300", "2007-06-30": "752.98700", "2007-03-31": "752.48200", "2006-12-31": "858.35710", "2006-09-30": "958.94200", "2006-06-30": "827.63000", "2006-03-31": "844.92800", "2005-12-31": "848.88100", "2005-09-30": "847.35200", "2005-06-30": "858.09100", "2005-03-31": "856.58100"}, "Other Non-Current Liabilities": {"2020-09-30": "2838.80700", "2020-06-30": "2729.93100", "2020-03-31": "2082.16800", "2019-12-31": "2504.80200", "2019-09-30": "2247.17900", "2019-06-30": "2261.34300", "2019-03-31": "2106.33100", "2018-12-31": "1796.03600", "2018-09-30": "1839.60300", "2018-06-30": "1809.44800", "2018-03-31": "1649.37200", "2017-12-31": "1748.46000", "2017-09-30": "1455.45900", "2017-06-30": "1332.07200", "2017-03-31": "1082.91700", "2016-12-31": "1099.20000", "2016-09-30": "1064.32800", "2016-06-30": "1078.70800", "2016-03-31": "947.61900", "2015-12-31": "1030.02300", "2015-09-30": "942.87300", "2015-06-30": "944.36800", "2015-03-31": "999.54200", "2014-12-31": "1051.93100", "2014-09-30": "878.11000", "2014-06-30": "744.81100", "2014-03-31": "663.62500", "2013-12-31": "777.85000", "2013-09-30": "675.58000", "2013-06-30": "625.48700", "2013-03-31": "640.03400", "2012-12-31": "613.89700", "2012-09-30": "519.90300", "2012-06-30": "463.22200", "2012-03-31": "416.84700", "2011-12-31": "397.11100", "2011-09-30": "305.74100", "2011-06-30": "296.61700", "2011-03-31": "276.91000", "2010-12-31": "333.29200", "2010-09-30": "245.07600", "2010-06-30": "275.32800", "2010-03-31": "235.92000", "2009-12-31": "294.85700", "2009-09-30": "212.50200", "2009-06-30": "224.80300", "2009-03-31": "179.40100", "2008-12-31": "274.08400", "2008-09-30": "243.95800", "2008-06-30": "257.25000", "2008-03-31": "274.63100", "2007-12-31": "306.88700", "2007-09-30": "262.07900", "2007-06-30": "304.78900", "2007-03-31": "211.98200", "2006-12-31": "282.82100", "2006-09-30": "263.01300", "2006-06-30": "230.91400", "2006-03-31": "236.77300", "2005-12-31": "286.75700", "2005-09-30": "229.73400", "2005-06-30": "279.68400", "2005-03-31": "264.36900"}, "Total Long Term Liabilities": {"2020-09-30": "6578.13800", "2020-06-30": "6550.69300", "2020-03-31": "5831.53900", "2019-12-31": "6216.54700", "2019-09-30": "6309.74300", "2019-06-30": "6038.38400", "2019-03-31": "5313.30100", "2018-12-31": "4979.67500", "2018-09-30": "4991.58500", "2018-06-30": "4989.75200", "2018-03-31": "4853.18800", "2017-12-31": "5013.95900", "2017-09-30": "4080.18800", "2017-06-30": "3904.43400", "2017-03-31": "3752.45700", "2016-12-31": "3747.40700", "2016-09-30": "3724.33800", "2016-06-30": "3747.34100", "2016-03-31": "3315.04300", "2015-12-31": "3332.25200", "2015-09-30": "3233.97400", "2015-06-30": "3243.13500", "2015-03-31": "3304.20400", "2014-12-31": "3366.57300", "2014-09-30": "3209.15400", "2014-06-30": "3058.81700", "2014-03-31": "2972.36400", "2013-12-31": "3106.26000", "2013-09-30": "2997.54700", "2013-06-30": "2950.16400", "2013-03-31": "2446.78500", "2012-12-31": "2192.67200", "2012-09-30": "2118.23900", "2012-06-30": "1860.36500", "2012-03-31": "1722.42000", "2011-12-31": "1764.86200", "2011-09-30": "1577.55100", "2011-06-30": "1565.06100", "2011-03-31": "1304.62100", "2010-12-31": "1349.23900", "2010-09-30": "1241.73900", "2010-06-30": "1278.90400", "2010-03-31": "1232.30600", "2009-12-31": "1258.50500", "2009-09-30": "1163.75000", "2009-06-30": "963.55700", "2009-03-31": "918.03200", "2008-12-31": "968.49300", "2008-09-30": "832.34400", "2008-06-30": "845.51400", "2008-03-31": "955.67410", "2007-12-31": "987.58500", "2007-09-30": "942.43200", "2007-06-30": "1057.77600", "2007-03-31": "964.46400", "2006-12-31": "1141.17800", "2006-09-30": "1221.95500", "2006-06-30": "1058.54400", "2006-03-31": "1081.70100", "2005-12-31": "1135.63800", "2005-09-30": "1077.08600", "2005-06-30": "1137.77500", "2005-03-31": "1120.95000"}, "Total Liabilities": {"2020-09-30": "28262.26000", "2020-06-30": "27657.38000", "2020-03-31": "26316.46000", "2019-12-31": "26395.40000", "2019-09-30": "26401.33000", "2019-06-30": "26008.50000", "2019-03-31": "24918.38000", "2018-12-31": "24205.96000", "2018-09-30": "24178.15000", "2018-06-30": "23769.62000", "2018-03-31": "23545.32000", "2017-12-31": "23303.44000", "2017-09-30": "19612.57000", "2017-06-30": "18250.82000", "2017-03-31": "17749.43000", "2016-12-31": "17407.89000", "2016-09-30": "17869.37000", "2016-06-30": "17890.05000", "2016-03-31": "17438.67000", "2015-12-31": "17098.51000", "2015-09-30": "17478.06000", "2015-06-30": "17616.26000", "2015-03-31": "17375.99000", "2014-12-31": "17598.35000", "2014-09-30": "17893.07000", "2014-06-30": "18014.62000", "2014-03-31": "17544.81000", "2013-12-31": "17277.50000", "2013-09-30": "17346.24000", "2013-06-30": "17174.13000", "2013-03-31": "8961.57000", "2012-12-31": "8667.57100", "2012-09-30": "8577.49800", "2012-06-30": "8309.94200", "2012-03-31": "8183.31600", "2011-12-31": "8143.98800", "2011-09-30": "8093.66200", "2011-06-30": "8116.45800", "2011-03-31": "7778.46700", "2010-12-31": "7637.89700", "2010-09-30": "7506.96200", "2010-06-30": "7458.01800", "2010-03-31": "7417.49200", "2009-12-31": "7450.18200", "2009-09-30": "7508.83800", "2009-06-30": "7359.07400", "2009-03-31": "7215.67300", "2008-12-31": "7331.11900", "2008-09-30": "7618.43400", "2008-06-30": "7554.67800", "2008-03-31": "7540.84200", "2007-12-31": "7493.25700", "2007-09-30": "7667.60000", "2007-06-30": "7747.78200", "2007-03-31": "7596.50300", "2006-12-31": "7791.73800", "2006-09-30": "8006.90300", "2006-06-30": "7948.12400", "2006-03-31": "8019.54500", "2005-12-31": "8108.66500", "2005-09-30": "8305.69300", "2005-06-30": "7521.11600", "2005-03-31": "7603.96300"}, "Common Stock Net": {"2020-09-30": "3425.24700", "2020-06-30": "3421.84500", "2020-03-31": "3419.52800", "2019-12-31": "3404.91900", "2019-09-30": "3402.93400", "2019-06-30": "3400.96400", "2019-03-31": "3395.94000", "2018-12-31": "3392.99300", "2018-09-30": "3392.32200", "2018-06-30": "3387.12100", "2018-03-31": "3383.66800", "2017-12-31": "3381.83400", "2017-09-30": "3379.15600", "2017-06-30": "3376.23000", "2017-03-31": "3376.03700", "2016-12-31": "3368.66600", "2016-09-30": "3365.75000", "2016-06-30": "3360.83000", "2016-03-31": "3354.61700", "2015-12-31": "3342.35700", "2015-09-30": "3335.20800", "2015-06-30": "3327.48900", "2015-03-31": "3320.32300", "2014-12-31": "3308.39500", "2014-09-30": "3302.86800", "2014-06-30": "3297.46200", "2014-03-31": "3302.30100", "2013-12-31": "3288.86300", "2013-09-30": "3277.48800", "2013-06-30": "3269.35500", "2013-03-31": "911.33000", "2012-12-31": "908.98000", "2012-09-30": "905.84100", "2012-06-30": "904.04700", "2012-03-31": "902.44100", "2011-12-31": "891.50700", "2011-09-30": "890.39300", "2011-06-30": "888.61600", "2011-03-31": "886.57400", "2010-12-31": "884.45700", "2010-09-30": "872.45200", "2010-06-30": "871.88700", "2010-03-31": "872.58700", "2009-12-31": "872.87600", "2009-09-30": "872.15300", "2009-06-30": "871.62200", "2009-03-31": "871.14600", "2008-12-31": "869.74400", "2008-09-30": "870.52800", "2008-06-30": "869.77800", "2008-03-31": "868.77200", "2007-12-31": "866.36200", "2007-09-30": "865.83400", "2007-06-30": "864.77400", "2007-03-31": "858.62000", "2006-12-31": "854.56100", "2006-09-30": "745.48500", "2006-06-30": "745.17800", "2006-03-31": "744.59600", "2005-12-31": "743.50300", "2005-09-30": "743.27200", "2005-06-30": "742.93700", "2005-03-31": "742.60200"}, "Retained Earnings (Accumulated Deficit)": {"2020-09-30": "7377.09500", "2020-06-30": "6948.46600", "2020-03-31": "6039.47400", "2019-12-31": "7457.17600", "2019-09-30": "6988.88800", "2019-06-30": "6808.20100", "2019-03-31": "6338.87400", "2018-12-31": "5782.31000", "2018-09-30": "6576.56200", "2018-06-30": "6184.29900", "2018-03-31": "5927.73900", "2017-12-31": "3776.74300", "2017-09-30": "3378.52400", "2017-06-30": "3666.24600", "2017-03-31": "3557.92700", "2016-12-31": "3526.39500", "2016-09-30": "3433.89100", "2016-06-30": "3355.26200", "2016-03-31": "3293.36700", "2015-12-31": "3137.28500", "2015-09-30": "2942.60600", "2015-06-30": "2843.30300", "2015-03-31": "2753.96300", "2014-12-31": "2581.86600", "2014-09-30": "2468.74400", "2014-06-30": "2402.71300", "2014-03-31": "2365.46900", "2013-12-31": "2294.90900", "2013-09-30": "2197.81600", "2013-06-30": "2148.24000", "2013-03-31": "2160.06000", "2012-12-31": "2068.34000", "2012-09-30": "2009.13300", "2012-06-30": "1957.77800", "2012-03-31": "1890.04000", "2011-12-31": "1835.08600", "2011-09-30": "1794.38700", "2011-06-30": "1761.06700", "2011-03-31": "1744.24500", "2010-12-31": "1735.97300", "2010-09-30": "1598.96800", "2010-06-30": "1553.54700", "2010-03-31": "1552.58000", "2009-12-31": "1514.39800", "2009-09-30": "1421.48300", "2009-06-30": "1362.35700", "2009-03-31": "1314.25900", "2008-12-31": "1297.90100", "2008-09-30": "1330.97400", "2008-06-30": "1491.59300", "2008-03-31": "1442.35500", "2007-12-31": "1417.26900", "2007-09-30": "1323.82800", "2007-06-30": "1231.47500", "2007-03-31": "1110.27400", "2006-12-31": "1015.67900", "2006-09-30": "894.29800", "2006-06-30": "790.20000", "2006-03-31": "699.76800", "2005-12-31": "669.05700", "2005-09-30": "545.93000", "2005-06-30": "670.53100", "2005-03-31": "610.36400"}, "Comprehensive Income": {"2020-09-30": "499.71400", "2020-06-30": "432.35100", "2020-03-31": "261.72600", "2019-12-31": "208.77200", "2019-09-30": "231.63200", "2019-06-30": "187.20000", "2019-03-31": "61.16800", "2018-12-31": "-94.65000", "2018-09-30": "-184.89200", "2018-06-30": "-90.56000", "2018-03-31": "12.80400", "2017-12-31": "2345.57100", "2017-09-30": "2151.20500", "2017-06-30": "1911.93300", "2017-03-31": "1719.23600", "2016-12-31": "1565.86600", "2016-09-30": "1727.64200", "2016-06-30": "1722.27700", "2016-03-31": "1591.13200", "2015-12-31": "1354.50800", "2015-09-30": "1417.41600", "2015-06-30": "1571.07800", "2015-03-31": "1795.37200", "2014-12-31": "1704.55700", "2014-09-30": "1403.58100", "2014-06-30": "1442.88200", "2014-03-31": "1232.36200", "2013-12-31": "1089.80500", "2013-09-30": "982.11900", "2013-06-30": "903.30900", "2013-03-31": "1080.11900", "2012-12-31": "911.33700", "2012-09-30": "891.14200", "2012-06-30": "793.34100", "2012-03-31": "809.61200", "2011-12-31": "660.92000", "2011-09-30": "527.40000", "2011-06-30": "633.29000", "2011-03-31": "567.55900", "2010-12-31": "551.09300", "2010-09-30": "586.63700", "2010-06-30": "424.55900", "2010-03-31": "479.05600", "2009-12-31": "387.08600", "2009-09-30": "399.17900", "2009-06-30": "118.44600", "2009-03-31": "-5.32500", "2008-12-31": "13.02900", "2008-09-30": "111.17900", "2008-06-30": "127.71400", "2008-03-31": "303.65400", "2007-12-31": "357.53100", "2007-09-30": "372.34600", "2007-06-30": "353.15100", "2007-03-31": "404.16000", "2006-12-31": "426.15300", "2006-09-30": "335.61000", "2006-06-30": "202.72100", "2006-03-31": "261.37700", "2005-12-31": "292.87300", "2005-09-30": "306.11500", "2005-06-30": "337.83500", "2005-03-31": "275.30600"}, "Other Share Holders Equity": {"2020-09-30": "", "2020-06-30": "", "2020-03-31": "", "2019-12-31": "", "2019-09-30": "", "2019-06-30": "", "2019-03-31": "", "2018-12-31": "", "2018-09-30": "", "2018-06-30": "", "2018-03-31": "", "2017-12-31": "", "2017-09-30": "", "2017-06-30": "", "2017-03-31": "", "2016-12-31": "", "2016-09-30": "", "2016-06-30": "", "2016-03-31": "", "2015-12-31": "", "2015-09-30": "", "2015-06-30": "", "2015-03-31": "", "2014-12-31": "", "2014-09-30": "", "2014-06-30": "", "2014-03-31": "", "2013-12-31": "", "2013-09-30": "", "2013-06-30": "", "2013-03-31": "", "2012-12-31": "", "2012-09-30": "", "2012-06-30": "", "2012-03-31": "", "2011-12-31": "", "2011-09-30": "", "2011-06-30": "", "2011-03-31": "", "2010-12-31": "", "2010-09-30": "", "2010-06-30": "", "2010-03-31": "", "2009-12-31": "", "2009-09-30": "", "2009-06-30": "", "2009-03-31": "", "2008-12-31": "", "2008-09-30": "", "2008-06-30": "", "2008-03-31": "", "2007-12-31": "", "2007-09-30": "", "2007-06-30": "", "2007-03-31": "", "2006-12-31": "", "2006-09-30": "", "2006-06-30": "", "2006-03-31": "", "2005-12-31": "", "2005-09-30": "", "2005-06-30": "", "2005-03-31": ""}, "Share Holder Equity": {"2020-09-30": "11907.76000", "2020-06-30": "11410.25000", "2020-03-31": "9732.33000", "2019-12-31": "11078.42000", "2019-09-30": "10634.87000", "2019-06-30": "10413.08000", "2019-03-31": "9818.34600", "2018-12-31": "9100.30200", "2018-09-30": "9780.15400", "2018-06-30": "9477.41400", "2018-03-31": "9321.15000", "2017-12-31": "9501.58100", "2017-09-30": "8906.84400", "2017-06-30": "8952.51600", "2017-03-31": "8651.25000", "2016-12-31": "8467.41100", "2016-09-30": "8534.27500", "2016-06-30": "8445.57300", "2016-03-31": "8246.56300", "2015-12-31": "7840.60900", "2015-09-30": "7703.50700", "2015-06-30": "7749.87600", "2015-03-31": "7877.39800", "2014-12-31": "7602.00200", "2014-09-30": "7183.36900", "2014-06-30": "7151.65400", "2014-03-31": "6908.18600", "2013-12-31": "6678.01000", "2013-09-30": "6462.34000", "2013-06-30": "6325.84900", "2013-03-31": "4156.42100", "2012-12-31": "3889.01700", "2012-09-30": "3805.91900", "2012-06-30": "3655.29100", "2012-03-31": "3675.96800", "2011-12-31": "3388.11500", "2011-09-30": "3278.09200", "2011-06-30": "3348.07900", "2011-03-31": "3263.06900", "2010-12-31": "3187.69200", "2010-09-30": "3074.16000", "2010-06-30": "2866.44300", "2010-03-31": "2922.45900", "2009-12-31": "2791.71400", "2009-09-30": "2692.81500", "2009-06-30": "2352.42500", "2009-03-31": "2180.08000", "2008-12-31": "2180.93500", "2008-09-30": "2312.68100", "2008-06-30": "2489.08500", "2008-03-31": "2614.78100", "2007-12-31": "2641.16200", "2007-09-30": "2562.00800", "2007-06-30": "2449.40000", "2007-03-31": "2373.05400", "2006-12-31": "2296.39300", "2006-09-30": "1975.39300", "2006-06-30": "1738.09900", "2006-03-31": "1705.74100", "2005-12-31": "1705.43300", "2005-09-30": "1595.31700", "2005-06-30": "1751.30300", "2005-03-31": "1628.27200"}, "Total Liabilities And Share Holders Equity": {"2020-09-30": "40170.02000", "2020-06-30": "39067.63000", "2020-03-31": "36048.79000", "2019-12-31": "37473.82000", "2019-09-30": "37036.20000", "2019-06-30": "36421.59000", "2019-03-31": "34736.73000", "2018-12-31": "33306.26000", "2018-09-30": "33958.30000", "2018-06-30": "33247.03000", "2018-03-31": "32866.47000", "2017-12-31": "32805.02000", "2017-09-30": "28519.41000", "2017-06-30": "27203.34000", "2017-03-31": "26400.68000", "2016-12-31": "25875.30000", "2016-09-30": "26403.64000", "2016-06-30": "26335.63000", "2016-03-31": "25685.23000", "2015-12-31": "24939.12000", "2015-09-30": "25181.57000", "2015-06-30": "25366.14000", "2015-03-31": "25253.39000", "2014-12-31": "25200.36000", "2014-09-30": "25076.44000", "2014-06-30": "25166.27000", "2014-03-31": "24452.99000", "2013-12-31": "23955.51000", "2013-09-30": "23808.58000", "2013-06-30": "23499.98000", "2013-03-31": "13117.99000", "2012-12-31": "12556.59000", "2012-09-30": "12383.42000", "2012-06-30": "11965.23000", "2012-03-31": "11859.28000", "2011-12-31": "11532.10000", "2011-09-30": "11371.75000", "2011-06-30": "11464.54000", "2011-03-31": "11041.54000", "2010-12-31": "10825.59000", "2010-09-30": "10581.12000", "2010-06-30": "10324.46000", "2010-03-31": "10339.95000", "2009-12-31": "10241.90000", "2009-09-30": "10201.65000", "2009-06-30": "9711.49900", "2009-03-31": "9395.75300", "2008-12-31": "9512.05400", "2008-09-30": "9931.11500", "2008-06-30": "10043.76000", "2008-03-31": "10155.62000", "2007-12-31": "10134.42000", "2007-09-30": "10229.61000", "2007-06-30": "10197.18000", "2007-03-31": "9969.55700", "2006-12-31": "10088.13000", "2006-09-30": "9982.29600", "2006-06-30": "9686.22300", "2006-03-31": "9725.28600", "2005-12-31": "9814.09800", "2005-09-30": "9901.01000", "2005-06-30": "9272.41900", "2005-03-31": "9232.23500"}}, "cash flow statement": {"Net Income/Loss": {"2019-12-31": "1799.46200", "2018-12-31": "-130.35300", "2017-12-31": "400.75800", "2016-12-31": "460.44300", "2015-12-31": "589.14200", "2014-12-31": "323.68800", "2013-12-31": "283.84500", "2012-12-31": "258.24800", "2011-12-31": "148.48600", "2010-12-31": "267.72900", "2009-12-31": "202.41900", "2008-12-31": "-58.43400", "2007-12-31": "405.87700", "2006-12-31": "392.50200", "2005-12-31": "147.91500"}, "Total Depreciation And Amortization - Cash Flow": {"2019-12-31": "269.23900", "2018-12-31": "427.04400", "2017-12-31": "203.87100", "2016-12-31": "212.87000", "2015-12-31": "200.98700", "2014-12-31": "203.58000", "2013-12-31": "190.06600", "2012-12-31": "87.32600", "2011-12-31": "70.57200", "2010-12-31": "53.58700", "2009-12-31": "31.17200", "2008-12-31": "31.19100", "2007-12-31": "32.56300", "2006-12-31": "34.04200", "2005-12-31": "36.34400"}, "Other Non-Cash Items": {"2019-12-31": "-1328.23100", "2018-12-31": "283.18600", "2017-12-31": "-377.57400", "2016-12-31": "-11.01600", "2015-12-31": "-201.41500", "2014-12-31": "-24.34000", "2013-12-31": "-99.33700", "2012-12-31": "6.05500", "2011-12-31": "-30.20800", "2010-12-31": "-29.17700", "2009-12-31": "86.95600", "2008-12-31": "307.17700", "2007-12-31": "-27.56900", "2006-12-31": "-33.04700", "2005-12-31": "-64.22100"}, "Total Non-Cash Items": {"2019-12-31": "-1058.99200", "2018-12-31": "710.23000", "2017-12-31": "-173.70300", "2016-12-31": "201.85400", "2015-12-31": "-0.42800", "2014-12-31": "179.24000", "2013-12-31": "90.72900", "2012-12-31": "93.38100", "2011-12-31": "40.36400", "2010-12-31": "24.41000", "2009-12-31": "118.12800", "2008-12-31": "338.36800", "2007-12-31": "4.99400", "2006-12-31": "0.99500", "2005-12-31": "-27.87700"}, "Change In Accounts Receivable": {"2019-12-31": "-103.98200", "2018-12-31": "-27.96100", "2017-12-31": "-38.25900", "2016-12-31": "-163.12300", "2015-12-31": "5.60400", "2014-12-31": "21.14800", "2013-12-31": "142.06500", "2012-12-31": "-36.59000", "2011-12-31": "-10.74500", "2010-12-31": "7.64700", "2009-12-31": "21.03500", "2008-12-31": "24.82900", "2007-12-31": "27.45700", "2006-12-31": "11.53100", "2005-12-31": "50.27400"}, "Change In Inventories": {"2019-12-31": "", "2018-12-31": "", "2017-12-31": "", "2016-12-31": "", "2015-12-31": "", "2014-12-31": "", "2013-12-31": "", "2012-12-31": "", "2011-12-31": "", "2010-12-31": "", "2009-12-31": "", "2008-12-31": "", "2007-12-31": "", "2006-12-31": "", "2005-12-31": ""}, "Change In Accounts Payable": {"2019-12-31": "354.11600", "2018-12-31": "62.87900", "2017-12-31": "197.70600", "2016-12-31": "134.59300", "2015-12-31": "-4.52200", "2014-12-31": "147.84000", "2013-12-31": "97.24900", "2012-12-31": "71.07300", "2011-12-31": "59.61200", "2010-12-31": "37.79900", "2009-12-31": "-91.93300", "2008-12-31": "-84.24400", "2007-12-31": "-64.31400", "2006-12-31": "26.68800", "2005-12-31": "20.54100"}, "Change In Assets/Liabilities": {"2019-12-31": "213.61200", "2018-12-31": "249.50500", "2017-12-31": "484.00300", "2016-12-31": "-62.04300", "2015-12-31": "-39.66900", "2014-12-31": "84.94100", "2013-12-31": "54.80600", "2012-12-31": "28.34700", "2011-12-31": "47.44400", "2010-12-31": "-122.16600", "2009-12-31": "24.91100", "2008-12-31": "256.19000", "2007-12-31": "98.36900", "2006-12-31": "107.48300", "2005-12-31": "393.60600"}, "Total Change In Assets/Liabilities": {"2019-12-31": "500.68400", "2018-12-31": "338.15300", "2017-12-31": "607.48200", "2016-12-31": "-107.05700", "2015-12-31": "-10.77000", "2014-12-31": "207.35300", "2013-12-31": "376.11500", "2012-12-31": "52.92100", "2011-12-31": "124.34700", "2010-12-31": "-76.72000", "2009-12-31": "-45.98700", "2008-12-31": "196.77500", "2007-12-31": "61.51200", "2006-12-31": "145.70200", "2005-12-31": "464.42100"}, "Cash Flow From Operating Activities": {"2019-12-31": "1274.12000", "2018-12-31": "892.85700", "2017-12-31": "858.52900", "2016-12-31": "534.62300", "2015-12-31": "651.15100", "2014-12-31": "716.79200", "2013-12-31": "745.52100", "2012-12-31": "392.53300", "2011-12-31": "311.31800", "2010-12-31": "223.29100", "2009-12-31": "282.46300", "2008-12-31": "397.00000", "2007-12-31": "496.52700", "2006-12-31": "509.86700", "2005-12-31": "542.76100"}, "Net Change In Property, Plant, And Equipment": {"2019-12-31": "-123.37600", "2018-12-31": "-106.59300", "2017-12-31": "-74.65200", "2016-12-31": "-63.67400", "2015-12-31": "-79.75500", "2014-12-31": "-82.13200", "2013-12-31": "-47.72500", "2012-12-31": "-45.51900", "2011-12-31": "-60.13200", "2010-12-31": "-42.10300", "2009-12-31": "-21.90600", "2008-12-31": "-17.67300", "2007-12-31": "-14.49500", "2006-12-31": "-9.19200", "2005-12-31": "-29.49800"}, "Net Change In Intangible Assets": {"2019-12-31": "", "2018-12-31": "", "2017-12-31": "", "2016-12-31": "", "2015-12-31": "", "2014-12-31": "", "2013-12-31": "", "2012-12-31": "", "2011-12-31": "", "2010-12-31": "", "2009-12-31": "", "2008-12-31": "", "2007-12-31": "", "2006-12-31": "", "2005-12-31": ""}, "Net Acquisitions/Divestitures": {"2019-12-31": "-245.33200", "2018-12-31": "-1175.21100", "2017-12-31": "-1431.71200", "2016-12-31": "-7.52700", "2015-12-31": "-261.52100", "2014-12-31": "-319.08600", "2013-12-31": "-12.19800", "2012-12-31": "-243.67500", "2011-12-31": "-120.10200", "2010-12-31": "-214.15600", "2009-12-31": "-154.92000", "2008-12-31": "-10.07000", "2007-12-31": "-8.10300", "2006-12-31": "", "2005-12-31": "43.23700"}, "Net Change In Short-term Investments": {"2019-12-31": "-95.86700", "2018-12-31": "1101.63600", "2017-12-31": "234.74300", "2016-12-31": "-689.19400", "2015-12-31": "-62.12400", "2014-12-31": "-129.16400", "2013-12-31": "-470.42300", "2012-12-31": "-428.29200", "2011-12-31": "-216.97200", "2010-12-31": "202.88200", "2009-12-31": "23.61600", "2008-12-31": "-467.02600", "2007-12-31": "91.06300", "2006-12-31": "110.81100", "2005-12-31": "-126.82700"}, "Net Change In Long-Term Investments": {"2019-12-31": "-87.37890", "2018-12-31": "-583.77000", "2017-12-31": "518.24110", "2016-12-31": "-876.95200", "2015-12-31": "467.64600", "2014-12-31": "-354.15600", "2013-12-31": "979.64390", "2012-12-31": "380.15600", "2011-12-31": "-91.43400", "2010-12-31": "-238.24700", "2009-12-31": "-208.44200", "2008-12-31": "376.98700", "2007-12-31": "-440.89310", "2006-12-31": "-456.80800", "2005-12-31": "-446.42610"}, "Net Change In Investments - Total": {"2019-12-31": "-183.24590", "2018-12-31": "517.86600", "2017-12-31": "752.98410", "2016-12-31": "-1566.14600", "2015-12-31": "405.52200", "2014-12-31": "-483.32000", "2013-12-31": "509.22090", "2012-12-31": "-48.13600", "2011-12-31": "-308.40600", "2010-12-31": "-35.36500", "2009-12-31": "-184.82600", "2008-12-31": "-90.03900", "2007-12-31": "-349.83010", "2006-12-31": "-345.99700", "2005-12-31": "-573.25320"}, "Investing Activities - Other": {"2019-12-31": "16.79500", "2018-12-31": "-33.30100", "2017-12-31": "8.92300", "2016-12-31": "-1.13400", "2015-12-31": "-0.79700", "2014-12-31": "262.33300", "2013-12-31": "-261.91100", "2012-12-31": "-39.80000", "2011-12-31": "-2.46600", "2010-12-31": "8.28100", "2009-12-31": "27.94300", "2008-12-31": "-34.19000", "2007-12-31": "-1.97900", "2006-12-31": "1.71500", "2005-12-31": "0.72700"}, "Cash Flow From Investing Activities": {"2019-12-31": "-535.15900", "2018-12-31": "-797.23900", "2017-12-31": "-744.45700", "2016-12-31": "-1638.48100", "2015-12-31": "63.44900", "2014-12-31": "-622.20500", "2013-12-31": "187.38700", "2012-12-31": "-377.13000", "2011-12-31": "-491.10600", "2010-12-31": "-283.34300", "2009-12-31": "-333.70900", "2008-12-31": "-151.97200", "2007-12-31": "-374.40700", "2006-12-31": "-353.47400", "2005-12-31": "-558.78700"}, "Net Long-Term Debt": {"2019-12-31": "541.50810", "2018-12-31": "-82.25000", "2017-12-31": "404.68500", "2016-12-31": "280.93700", "2015-12-31": "-18.22300", "2014-12-31": "5.75800", "2013-12-31": "225.23600", "2012-12-31": "179.00200", "2011-12-31": "245.62400", "2010-12-31": "12.87600", "2009-12-31": "252.05300", "2008-12-31": "2.23500", "2007-12-31": "-181.31400", "2006-12-31": "104.43200", "2005-12-31": "-13.23000"}, "Net Current Debt": {"2019-12-31": "", "2018-12-31": "", "2017-12-31": "", "2016-12-31": "", "2015-12-31": "", "2014-12-31": "", "2013-12-31": "", "2012-12-31": "", "2011-12-31": "", "2010-12-31": "", "2009-12-31": "", "2008-12-31": "", "2007-12-31": "", "2006-12-31": "", "2005-12-31": ""}, "Debt Issuance/Retirement Net - Total": {"2019-12-31": "541.50810", "2018-12-31": "-82.25000", "2017-12-31": "404.68500", "2016-12-31": "280.93700", "2015-12-31": "-18.22300", "2014-12-31": "5.75800", "2013-12-31": "225.23600", "2012-12-31": "179.00200", "2011-12-31": "245.62400", "2010-12-31": "12.87600", "2009-12-31": "252.05300", "2008-12-31": "2.23500", "2007-12-31": "-181.31400", "2006-12-31": "104.43200", "2005-12-31": "-13.23000"}, "Net Common Equity Issued/Repurchased": {"2019-12-31": "-116.30700", "2018-12-31": "-54.00700", "2017-12-31": "-110.83800", "2016-12-31": "-51.14200", "2015-12-31": "-26.73900", "2014-12-31": "-20.36200", "2013-12-31": "-32.87000", "2012-12-31": "-7.72800", "2011-12-31": "-41.73100", "2010-12-31": "-45.21800", "2009-12-31": "", "2008-12-31": "-60.60100", "2007-12-31": "-24.21000", "2006-12-31": "-45.88000", "2005-12-31": "-15.92600"}, "Net Total Equity Issued/Repurchased": {"2019-12-31": "-116.30700", "2018-12-31": "-54.00700", "2017-12-31": "-110.83800", "2016-12-31": "-51.14200", "2015-12-31": "-26.73900", "2014-12-31": "-20.36200", "2013-12-31": "-32.87000", "2012-12-31": "-7.72800", "2011-12-31": "-41.73100", "2010-12-31": "-45.21800", "2009-12-31": "", "2008-12-31": "-60.60100", "2007-12-31": "-24.21000", "2006-12-31": "-45.88000", "2005-12-31": "-15.92600"}, "Total Common And Preferred Stock Dividends Paid": {"2019-12-31": "", "2018-12-31": "", "2017-12-31": "", "2016-12-31": "", "2015-12-31": "", "2014-12-31": "", "2013-12-31": "", "2012-12-31": "", "2011-12-31": "", "2010-12-31": "", "2009-12-31": "", "2008-12-31": "", "2007-12-31": "", "2006-12-31": "", "2005-12-31": ""}, "Financial Activities - Other": {"2019-12-31": "-65.88400", "2018-12-31": "-42.72800", "2017-12-31": "-37.53200", "2016-12-31": "-77.77600", "2015-12-31": "-29.24900", "2014-12-31": "-52.52000", "2013-12-31": "-16.99900", "2012-12-31": "-29.31200", "2011-12-31": "-9.30400", "2010-12-31": "-13.26800", "2009-12-31": "-0.44100", "2008-12-31": "0.06400", "2007-12-31": "", "2006-12-31": "-0.00500", "2005-12-31": ""}, "Cash Flow From Financial Activities": {"2019-12-31": "359.31700", "2018-12-31": "-178.98500", "2017-12-31": "256.31500", "2016-12-31": "152.01900", "2015-12-31": "-74.21100", "2014-12-31": "-67.12400", "2013-12-31": "175.36700", "2012-12-31": "141.96200", "2011-12-31": "194.58900", "2010-12-31": "-45.61000", "2009-12-31": "251.61200", "2008-12-31": "-58.30200", "2007-12-31": "-205.52400", "2006-12-31": "58.54700", "2005-12-31": "-29.15600"}, "Net Cash Flow": {"2019-12-31": "1103.92100", "2018-12-31": "-104.41400", "2017-12-31": "415.68200", "2016-12-31": "-984.97700", "2015-12-31": "587.74700", "2014-12-31": "-18.35700", "2013-12-31": "1114.76000", "2012-12-31": "160.50700", "2011-12-31": "12.97800", "2010-12-31": "-105.23500", "2009-12-31": "210.11500", "2008-12-31": "162.33900", "2007-12-31": "-77.55500", "2006-12-31": "221.35800", "2005-12-31": "-45.18200"}, "Stock-Based Compensation": {"2019-12-31": "", "2018-12-31": "", "2017-12-31": "", "2016-12-31": "", "2015-12-31": "", "2014-12-31": "", "2013-12-31": "", "2012-12-31": "", "2011-12-31": "", "2010-12-31": "", "2009-12-31": "", "2008-12-31": "", "2007-12-31": "", "2006-12-31": "", "2005-12-31": ""}, "Common Stock Dividends Paid": {"2019-12-31": "", "2018-12-31": "", "2017-12-31": "", "2016-12-31": "", "2015-12-31": "", "2014-12-31": "", "2013-12-31": "", "2012-12-31": "", "2011-12-31": "", "2010-12-31": "", "2009-12-31": "", "2008-12-31": "", "2007-12-31": "", "2006-12-31": "", "2005-12-31": ""}}, "cash flow statement, quarterly": {"Net Income/Loss": {"2020-09-30": 454.043, "2020-06-30": 931.671, "2020-03-31": "-1401.37600", "2019-12-31": 511.513, "2019-09-30": 203.953, "2019-06-30": 506.483, "2019-03-31": "577.51300", "2018-12-31": -753.374, "2018-09-30": 409.028, "2018-06-30": 279.587, "2018-03-31": "-65.59400", "2017-12-31": 439.326, "2017-09-30": -261.035, "2017-06-30": 151.427, "2017-03-31": "71.04000", "2016-12-31": 132.703, "2016-09-30": 83.421, "2016-06-30": 80.673, "2016-03-31": "163.64600", "2015-12-31": 198.273, "2015-09-30": 104.41, "2015-06-30": 92.453, "2015-03-31": "194.00600", "2014-12-31": 118.222, "2014-09-30": 76.824, "2014-06-30": 41.141, "2014-03-31": "87.50100", "2013-12-31": 98.939, "2013-09-30": 66.967, "2013-06-30": 28.676, "2013-03-31": "89.26300", "2012-12-31": 58.093, "2012-09-30": 51.674, "2012-06-30": 90.768, "2012-03-31": "57.71300", "2011-12-31": 52.307, "2011-09-30": 54.669, "2011-06-30": 31.649, "2011-03-31": "9.86100", "2010-12-31": 140.449, "2010-09-30": 63.157, "2010-06-30": 20.917, "2010-03-31": "43.20600", "2009-12-31": 93.742, "2009-09-30": 59.211, "2009-06-30": 33.03, "2009-03-31": "16.43600", "2008-12-31": -32.377, "2008-09-30": -142.287, "2008-06-30": 82.242, "2008-03-31": "33.98800", "2007-12-31": 93.649, "2007-09-30": 92.353, "2007-06-30": 121.201, "2007-03-31": "98.67400", "2006-12-31": 121.382, "2006-09-30": 104.098, "2006-06-30": 90.432, "2006-03-31": "76.59000", "2005-12-31": 123.128, "2005-09-30": -111.098, "2005-06-30": 60.167, "2005-03-31": "75.71800"}, "Total Depreciation And Amortization - Cash Flow": {"2020-09-30": 0, "2020-06-30": 0, "2020-03-31": "", "2019-12-31": 269.239, "2019-09-30": 0, "2019-06-30": 0, "2019-03-31": "", "2018-12-31": 427.044, "2018-09-30": 0, "2018-06-30": 0, "2018-03-31": "", "2017-12-31": 203.871, "2017-09-30": 0, "2017-06-30": 0, "2017-03-31": "", "2016-12-31": 212.87, "2016-09-30": 0, "2016-06-30": 0, "2016-03-31": "", "2015-12-31": 200.987, "2015-09-30": 0, "2015-06-30": 0, "2015-03-31": "", "2014-12-31": 203.58, "2014-09-30": 0, "2014-06-30": 0, "2014-03-31": "", "2013-12-31": 190.066, "2013-09-30": 0, "2013-06-30": 0, "2013-03-31": "", "2012-12-31": 87.326, "2012-09-30": 0, "2012-06-30": 0, "2012-03-31": "", "2011-12-31": 70.572, "2011-09-30": 0, "2011-06-30": 0, "2011-03-31": "", "2010-12-31": 53.587, "2010-09-30": 0, "2010-06-30": 0, "2010-03-31": "", "2009-12-31": 31.172, "2009-09-30": 0, "2009-06-30": 0, "2009-03-31": "", "2008-12-31": 31.191, "2008-09-30": 0, "2008-06-30": 0, "2008-03-31": "", "2007-12-31": 32.563, "2007-09-30": 0, "2007-06-30": 0, "2007-03-31": "", "2006-12-31": 34.042, "2006-09-30": 0, "2006-06-30": 0, "2006-03-31": "", "2005-12-31": 36.344, "2005-09-30": 0, "2005-06-30": 0, "2005-03-31": ""}, "Other Non-Cash Items": {"2020-09-30": 318.804, "2020-06-30": -508.608, "2020-03-31": "1467.05400", "2019-12-31": -752.24, "2019-09-30": 258.847, "2019-06-30": -276.048, "2019-03-31": "-558.79000", "2018-12-31": 143.031, "2018-09-30": 46.614, "2018-06-30": -29.725, "2018-03-31": "123.26600", "2017-12-31": -1014.845, "2017-09-30": 621.793, "2017-06-30": 74.572, "2017-03-31": "-59.09400", "2016-12-31": -7.633, "2016-09-30": 170.722, "2016-06-30": 94.11, "2016-03-31": "-268.21500", "2015-12-31": -360.931, "2015-09-30": 207.94, "2015-06-30": 122.75, "2015-03-31": "-171.17400", "2014-12-31": -355.502, "2014-09-30": 222.739, "2014-06-30": 173.507, "2014-03-31": "-65.08400", "2013-12-31": -456.888, "2013-09-30": 235.519, "2013-06-30": 155.741, "2013-03-31": "-33.70900", "2012-12-31": -33.335, "2012-09-30": 83.124, "2012-06-30": 78.371, "2012-03-31": "-122.10500", "2011-12-31": -195.137, "2011-09-30": 106.096, "2011-06-30": 77.897, "2011-03-31": "-19.06400", "2010-12-31": -74.721, "2010-09-30": 46.101, "2010-06-30": 38.33, "2010-03-31": "-38.88700", "2009-12-31": -23, "2009-09-30": 44.138, "2009-06-30": 69.551, "2009-03-31": "-3.73300", "2008-12-31": -65.719, "2008-09-30": 256.366, "2008-06-30": 101.606, "2008-03-31": "14.92400", "2007-12-31": -98.667, "2007-09-30": 53.834, "2007-06-30": 50.822, "2007-03-31": "-33.55800", "2006-12-31": -124.383, "2006-09-30": 90.851, "2006-06-30": 82.257, "2006-03-31": "-81.77200", "2005-12-31": -468.172, "2005-09-30": 287.375, "2005-06-30": 83.355, "2005-03-31": "33.22100"}, "Total Non-Cash Items": {"2020-09-30": 318.804, "2020-06-30": -508.608, "2020-03-31": "1467.05400", "2019-12-31": -483.001, "2019-09-30": 258.847, "2019-06-30": -276.048, "2019-03-31": "-558.79000", "2018-12-31": 570.075, "2018-09-30": 46.614, "2018-06-30": -29.725, "2018-03-31": "123.26600", "2017-12-31": -810.974, "2017-09-30": 621.793, "2017-06-30": 74.572, "2017-03-31": "-59.09400", "2016-12-31": 205.237, "2016-09-30": 170.722, "2016-06-30": 94.11, "2016-03-31": "-268.21500", "2015-12-31": -159.944, "2015-09-30": 207.94, "2015-06-30": 122.75, "2015-03-31": "-171.17400", "2014-12-31": -151.922, "2014-09-30": 222.739, "2014-06-30": 173.507, "2014-03-31": "-65.08400", "2013-12-31": -266.822, "2013-09-30": 235.519, "2013-06-30": 155.741, "2013-03-31": "-33.70900", "2012-12-31": 53.991, "2012-09-30": 83.124, "2012-06-30": 78.371, "2012-03-31": "-122.10500", "2011-12-31": -124.565, "2011-09-30": 106.096, "2011-06-30": 77.897, "2011-03-31": "-19.06400", "2010-12-31": -21.134, "2010-09-30": 46.101, "2010-06-30": 38.33, "2010-03-31": "-38.88700", "2009-12-31": 8.172, "2009-09-30": 44.138, "2009-06-30": 69.551, "2009-03-31": "-3.73300", "2008-12-31": -34.528, "2008-09-30": 256.366, "2008-06-30": 101.606, "2008-03-31": "14.92400", "2007-12-31": -66.104, "2007-09-30": 53.834, "2007-06-30": 50.822, "2007-03-31": "-33.55800", "2006-12-31": -90.341, "2006-09-30": 90.851, "2006-06-30": 82.257, "2006-03-31": "-81.77200", "2005-12-31": -431.828, "2005-09-30": 287.375, "2005-06-30": 83.355, "2005-03-31": "33.22100"}, "Change In Accounts Receivable": {"2020-09-30": 0, "2020-06-30": 0, "2020-03-31": "", "2019-12-31": -103.982, "2019-09-30": 0, "2019-06-30": 0, "2019-03-31": "", "2018-12-31": -27.961, "2018-09-30": 0, "2018-06-30": 0, "2018-03-31": "", "2017-12-31": -38.259, "2017-09-30": 0, "2017-06-30": 0, "2017-03-31": "", "2016-12-31": -163.123, "2016-09-30": 0, "2016-06-30": 0, "2016-03-31": "", "2015-12-31": 5.604, "2015-09-30": 0, "2015-06-30": 0, "2015-03-31": "", "2014-12-31": 21.148, "2014-09-30": 0, "2014-06-30": 0, "2014-03-31": "", "2013-12-31": 142.065, "2013-09-30": 0, "2013-06-30": 0, "2013-03-31": "", "2012-12-31": -36.59, "2012-09-30": 0, "2012-06-30": 0, "2012-03-31": "", "2011-12-31": -10.745, "2011-09-30": 0, "2011-06-30": 0, "2011-03-31": "", "2010-12-31": 7.647, "2010-09-30": 0, "2010-06-30": 0, "2010-03-31": "", "2009-12-31": 21.035, "2009-09-30": 0, "2009-06-30": 0, "2009-03-31": "", "2008-12-31": 24.829, "2008-09-30": 0, "2008-06-30": 0, "2008-03-31": "", "2007-12-31": 27.457, "2007-09-30": 0, "2007-06-30": 0, "2007-03-31": "", "2006-12-31": 11.531, "2006-09-30": 0, "2006-06-30": 0, "2006-03-31": "", "2005-12-31": 50.274, "2005-09-30": 0, "2005-06-30": 0, "2005-03-31": ""}, "Change In Inventories": {"2020-09-30": 0, "2020-06-30": 0, "2020-03-31": "", "2019-12-31": 0, "2019-09-30": 0, "2019-06-30": 0, "2019-03-31": "", "2018-12-31": 0, "2018-09-30": 0, "2018-06-30": 0, "2018-03-31": "", "2017-12-31": 0, "2017-09-30": 0, "2017-06-30": 0, "2017-03-31": "", "2016-12-31": 0, "2016-09-30": 0, "2016-06-30": 0, "2016-03-31": "", "2015-12-31": 0, "2015-09-30": 0, "2015-06-30": 0, "2015-03-31": "", "2014-12-31": 0, "2014-09-30": 0, "2014-06-30": 0, "2014-03-31": "", "2013-12-31": 0, "2013-09-30": 0, "2013-06-30": 0, "2013-03-31": "", "2012-12-31": 0, "2012-09-30": 0, "2012-06-30": 0, "2012-03-31": "", "2011-12-31": 0, "2011-09-30": 0, "2011-06-30": 0, "2011-03-31": "", "2010-12-31": 0, "2010-09-30": 0, "2010-06-30": 0, "2010-03-31": "", "2009-12-31": 0, "2009-09-30": 0, "2009-06-30": 0, "2009-03-31": "", "2008-12-31": 0, "2008-09-30": 0, "2008-06-30": 0, "2008-03-31": "", "2007-12-31": 0, "2007-09-30": 0, "2007-06-30": 0, "2007-03-31": "", "2006-12-31": 0, "2006-09-30": 0, "2006-06-30": 0, "2006-03-31": "", "2005-12-31": 0, "2005-09-30": 0, "2005-06-30": 0, "2005-03-31": ""}, "Change In Accounts Payable": {"2020-09-30": 0, "2020-06-30": 0, "2020-03-31": "", "2019-12-31": 354.116, "2019-09-30": 0, "2019-06-30": 0, "2019-03-31": "", "2018-12-31": 62.879, "2018-09-30": 0, "2018-06-30": 0, "2018-03-31": "", "2017-12-31": 197.706, "2017-09-30": 0, "2017-06-30": 0, "2017-03-31": "", "2016-12-31": 134.593, "2016-09-30": 0, "2016-06-30": 0, "2016-03-31": "", "2015-12-31": -4.522, "2015-09-30": 0, "2015-06-30": 0, "2015-03-31": "", "2014-12-31": 147.84, "2014-09-30": 0, "2014-06-30": 0, "2014-03-31": "", "2013-12-31": 97.249, "2013-09-30": 0, "2013-06-30": 0, "2013-03-31": "", "2012-12-31": 71.073, "2012-09-30": 0, "2012-06-30": 0, "2012-03-31": "", "2011-12-31": 59.612, "2011-09-30": 0, "2011-06-30": 0, "2011-03-31": "", "2010-12-31": 37.799, "2010-09-30": 0, "2010-06-30": 0, "2010-03-31": "", "2009-12-31": -91.933, "2009-09-30": 0, "2009-06-30": 0, "2009-03-31": "", "2008-12-31": -84.244, "2008-09-30": 0, "2008-06-30": 0, "2008-03-31": "", "2007-12-31": -64.314, "2007-09-30": 0, "2007-06-30": 0, "2007-03-31": "", "2006-12-31": 26.688, "2006-09-30": 0, "2006-06-30": 0, "2006-03-31": "", "2005-12-31": 20.541, "2005-09-30": 0, "2005-06-30": 0, "2005-03-31": ""}, "Change In Assets/Liabilities": {"2020-09-30": 0, "2020-06-30": 0, "2020-03-31": "", "2019-12-31": 213.612, "2019-09-30": 0, "2019-06-30": 0, "2019-03-31": "", "2018-12-31": 249.505, "2018-09-30": 0, "2018-06-30": 0, "2018-03-31": "", "2017-12-31": 484.003, "2017-09-30": 0, "2017-06-30": 0, "2017-03-31": "", "2016-12-31": -62.043, "2016-09-30": 0, "2016-06-30": 0, "2016-03-31": "", "2015-12-31": -39.669, "2015-09-30": 0, "2015-06-30": 0, "2015-03-31": "", "2014-12-31": 84.941, "2014-09-30": 0, "2014-06-30": 0, "2014-03-31": "", "2013-12-31": 54.806, "2013-09-30": 0, "2013-06-30": 0, "2013-03-31": "", "2012-12-31": 28.347, "2012-09-30": 0, "2012-06-30": 0, "2012-03-31": "", "2011-12-31": 47.444, "2011-09-30": 0, "2011-06-30": 0, "2011-03-31": "", "2010-12-31": -122.166, "2010-09-30": 0, "2010-06-30": 0, "2010-03-31": "", "2009-12-31": 24.911, "2009-09-30": 0, "2009-06-30": 0, "2009-03-31": "", "2008-12-31": 256.19, "2008-09-30": 0, "2008-06-30": 0, "2008-03-31": "", "2007-12-31": 98.369, "2007-09-30": 0, "2007-06-30": 0, "2007-03-31": "", "2006-12-31": 107.483, "2006-09-30": 0, "2006-06-30": 0, "2006-03-31": "", "2005-12-31": 393.606, "2005-09-30": 0, "2005-06-30": 0, "2005-03-31": ""}, "Total Change In Assets/Liabilities": {"2020-09-30": 0, "2020-06-30": 0, "2020-03-31": "", "2019-12-31": 500.684, "2019-09-30": 0, "2019-06-30": 0, "2019-03-31": "", "2018-12-31": 338.153, "2018-09-30": 0, "2018-06-30": 0, "2018-03-31": "", "2017-12-31": 607.482, "2017-09-30": 0, "2017-06-30": 0, "2017-03-31": "", "2016-12-31": -107.057, "2016-09-30": 0, "2016-06-30": 0, "2016-03-31": "", "2015-12-31": -10.77, "2015-09-30": 0, "2015-06-30": 0, "2015-03-31": "", "2014-12-31": 207.353, "2014-09-30": 0, "2014-06-30": 0, "2014-03-31": "", "2013-12-31": 376.115, "2013-09-30": 0, "2013-06-30": 0, "2013-03-31": "", "2012-12-31": 52.921, "2012-09-30": 0, "2012-06-30": 0, "2012-03-31": "", "2011-12-31": 124.347, "2011-09-30": 0, "2011-06-30": 0, "2011-03-31": "", "2010-12-31": -76.72, "2010-09-30": 0, "2010-06-30": 0, "2010-03-31": "", "2009-12-31": -45.987, "2009-09-30": 0, "2009-06-30": 0, "2009-03-31": "", "2008-12-31": 196.775, "2008-09-30": 0, "2008-06-30": 0, "2008-03-31": "", "2007-12-31": 61.512, "2007-09-30": 0, "2007-06-30": 0, "2007-03-31": "", "2006-12-31": 145.702, "2006-09-30": 0, "2006-06-30": 0, "2006-03-31": "", "2005-12-31": 464.421, "2005-09-30": 0, "2005-06-30": 0, "2005-03-31": ""}, "Cash Flow From Operating Activities": {"2020-09-30": 772.847, "2020-06-30": 423.063, "2020-03-31": "65.67800", "2019-12-31": 562.162, "2019-09-30": 462.8, "2019-06-30": 230.435, "2019-03-31": "18.72300", "2018-12-31": 129.681, "2018-09-30": 455.642, "2018-06-30": 249.862, "2018-03-31": "57.67200", "2017-12-31": 259.826, "2017-09-30": 360.758, "2017-06-30": 225.999, "2017-03-31": "11.94600", "2016-12-31": 210.266, "2016-09-30": 254.143, "2016-06-30": 174.783, "2016-03-31": "-104.56900", "2015-12-31": 100.766, "2015-09-30": 312.35, "2015-06-30": 215.203, "2015-03-31": "22.83200", "2014-12-31": 180.164, "2014-09-30": 299.563, "2014-06-30": 214.648, "2014-03-31": "22.41700", "2013-12-31": 203.064, "2013-09-30": 302.486, "2013-06-30": 184.417, "2013-03-31": "55.55400", "2012-12-31": 152.988, "2012-09-30": 134.798, "2012-06-30": 169.139, "2012-03-31": "-64.39200", "2011-12-31": 50.21, "2011-09-30": 160.765, "2011-06-30": 109.546, "2011-03-31": "-9.20300", "2010-12-31": 50.467, "2010-09-30": 109.258, "2010-06-30": 59.247, "2010-03-31": "4.31900", "2009-12-31": 63.83, "2009-09-30": 103.349, "2009-06-30": 102.581, "2009-03-31": "12.70300", "2008-12-31": 50.161, "2008-09-30": 114.079, "2008-06-30": 183.848, "2008-03-31": "48.91200", "2007-12-31": 113.201, "2007-09-30": 146.187, "2007-06-30": 172.023, "2007-03-31": "65.11600", "2006-12-31": 147.411, "2006-09-30": 194.949, "2006-06-30": 172.689, "2006-03-31": "-5.18200", "2005-12-31": 114.023, "2005-09-30": 176.277, "2005-06-30": 143.522, "2005-03-31": "108.93900"}, "Net Change In Property, Plant, And Equipment": {"2020-09-30": -2.165, "2020-06-30": -20.553, "2020-03-31": "-29.52600", "2019-12-31": -43.868, "2019-09-30": -44.057, "2019-06-30": -24.65, "2019-03-31": "-10.80100", "2018-12-31": -29.235, "2018-09-30": -25.261, "2018-06-30": -28.835, "2018-03-31": "-23.26200", "2017-12-31": -24.553, "2017-09-30": -14.521, "2017-06-30": -19.714, "2017-03-31": "-15.86400", "2016-12-31": -14.109, "2016-09-30": -14.931, "2016-06-30": -19.734, "2016-03-31": "-14.90000", "2015-12-31": -17.7, "2015-09-30": -23.113, "2015-06-30": -15.336, "2015-03-31": "-23.60600", "2014-12-31": -29.782, "2014-09-30": -34.396, "2014-06-30": -7.229, "2014-03-31": "-10.72500", "2013-12-31": -11.048, "2013-09-30": -10.259, "2013-06-30": -11.976, "2013-03-31": "-14.44200", "2012-12-31": -12.03, "2012-09-30": -10.604, "2012-06-30": -9.968, "2012-03-31": "-12.91700", "2011-12-31": -16.621, "2011-09-30": -16.353, "2011-06-30": -14.319, "2011-03-31": "-12.83900", "2010-12-31": -13.355, "2010-09-30": -28.748, "2010-06-30": 0, "2010-03-31": "", "2009-12-31": -21.906, "2009-09-30": 0, "2009-06-30": 0, "2009-03-31": "", "2008-12-31": -17.673, "2008-09-30": 0, "2008-06-30": 0, "2008-03-31": "", "2007-12-31": -14.495, "2007-09-30": 0, "2007-06-30": 0, "2007-03-31": "", "2006-12-31": -9.192, "2006-09-30": 0, "2006-06-30": 0, "2006-03-31": "", "2005-12-31": -29.498, "2005-09-30": 0, "2005-06-30": 0, "2005-03-31": ""}, "Net Change In Intangible Assets": {"2020-09-30": 0, "2020-06-30": 0, "2020-03-31": "", "2019-12-31": 0, "2019-09-30": 0, "2019-06-30": 0, "2019-03-31": "", "2018-12-31": 0, "2018-09-30": 0, "2018-06-30": 0, "2018-03-31": "", "2017-12-31": 0, "2017-09-30": 0, "2017-06-30": 0, "2017-03-31": "", "2016-12-31": 0, "2016-09-30": 0, "2016-06-30": 0, "2016-03-31": "", "2015-12-31": 0, "2015-09-30": 0, "2015-06-30": 0, "2015-03-31": "", "2014-12-31": 0, "2014-09-30": 0, "2014-06-30": 0, "2014-03-31": "", "2013-12-31": 0, "2013-09-30": 0, "2013-06-30": 0, "2013-03-31": "", "2012-12-31": 0, "2012-09-30": 0, "2012-06-30": 0, "2012-03-31": "", "2011-12-31": 0, "2011-09-30": 0, "2011-06-30": 0, "2011-03-31": "", "2010-12-31": 0, "2010-09-30": 0, "2010-06-30": 0, "2010-03-31": "", "2009-12-31": 0, "2009-09-30": 0, "2009-06-30": 0, "2009-03-31": "", "2008-12-31": 0, "2008-09-30": 0, "2008-06-30": 0, "2008-03-31": "", "2007-12-31": 0, "2007-09-30": 0, "2007-06-30": 0, "2007-03-31": "", "2006-12-31": 0, "2006-09-30": 0, "2006-06-30": 0, "2006-03-31": "", "2005-12-31": 0, "2005-09-30": 0, "2005-06-30": 0, "2005-03-31": ""}, "Net Acquisitions/Divestitures": {"2020-09-30": 0, "2020-06-30": -547.847, "2020-03-31": "", "2019-12-31": -219.705, "2019-09-30": -0.397, "2019-06-30": -15.83, "2019-03-31": "-9.40000", "2018-12-31": -1163.897, "2018-09-30": -3.51, "2018-06-30": 0.005, "2018-03-31": "-7.80900", "2017-12-31": -839.667, "2017-09-30": -390.012, "2017-06-30": -198.223, "2017-03-31": "-3.81000", "2016-12-31": -1.765, "2016-09-30": 0, "2016-06-30": -1.162, "2016-03-31": "-4.60000", "2015-12-31": -261.521, "2015-09-30": 0, "2015-06-30": 0, "2015-03-31": "", "2014-12-31": -2.779, "2014-09-30": -147.496, "2014-06-30": -15.076, "2014-03-31": "-153.73500", "2013-12-31": 1.156, "2013-09-30": -21.11, "2013-06-30": 44.287, "2013-03-31": "-36.53100", "2012-12-31": 2.507, "2012-09-30": -102.562, "2012-06-30": -62.75, "2012-03-31": "-80.87000", "2011-12-31": -99.783, "2011-09-30": -14.478, "2011-06-30": -1.955, "2011-03-31": "-3.88600", "2010-12-31": -173.872, "2010-09-30": -4.967, "2010-06-30": -12.271, "2010-03-31": "-23.04600", "2009-12-31": -147.074, "2009-09-30": -5.365, "2009-06-30": 0.845, "2009-03-31": "-3.32600", "2008-12-31": -10.07, "2008-09-30": 0, "2008-06-30": 0, "2008-03-31": "", "2007-12-31": 0, "2007-09-30": 0, "2007-06-30": -8.103, "2007-03-31": "", "2006-12-31": 0, "2006-09-30": 0, "2006-06-30": 0, "2006-03-31": "", "2005-12-31": 0, "2005-09-30": 0, "2005-06-30": 57.194, "2005-03-31": "-13.95700"}, "Net Change In Short-term Investments": {"2020-09-30": -965.923, "2020-06-30": -674.352, "2020-03-31": "942.69500", "2019-12-31": 355.541, "2019-09-30": -157.576, "2019-06-30": -623.491, "2019-03-31": "329.65900", "2018-12-31": 844.348, "2018-09-30": 36.86, "2018-06-30": 91.396, "2018-03-31": "129.03200", "2017-12-31": -171.395, "2017-09-30": -271.83, "2017-06-30": 515.644, "2017-03-31": "162.32400", "2016-12-31": -348.452, "2016-09-30": 7.593, "2016-06-30": -671.222, "2016-03-31": "322.88700", "2015-12-31": 625.549, "2015-09-30": -91.702, "2015-06-30": -449.426, "2015-03-31": "-146.54500", "2014-12-31": 84.454, "2014-09-30": 54.757, "2014-06-30": -398.932, "2014-03-31": "130.55700", "2013-12-31": -293.112, "2013-09-30": -158.349, "2013-06-30": 391.7, "2013-03-31": "-410.66200", "2012-12-31": -244.544, "2012-09-30": -259.287, "2012-06-30": -3.694, "2012-03-31": "79.23300", "2011-12-31": -48.915, "2011-09-30": 107.181, "2011-06-30": -167.632, "2011-03-31": "-107.60600", "2010-12-31": 30.37, "2010-09-30": 47.115, "2010-06-30": -23.014, "2010-03-31": "148.41100", "2009-12-31": 172.64, "2009-09-30": 97.875, "2009-06-30": -110.932, "2009-03-31": "-135.96700", "2008-12-31": -191.454, "2008-09-30": -188.89, "2008-06-30": -56.809, "2008-03-31": "-29.87300", "2007-12-31": 27.056, "2007-09-30": 201.957, "2007-06-30": -104.941, "2007-03-31": "-33.00900", "2006-12-31": 186.041, "2006-09-30": -156.164, "2006-06-30": -121.684, "2006-03-31": "202.61800", "2005-12-31": -42.219, "2005-09-30": -71.792, "2005-06-30": -70.367, "2005-03-31": "57.55100"}, "Net Change In Long-Term Investments": {"2020-09-30": -49.683, "2020-06-30": 1343.543, "2020-03-31": "3.39900", "2019-12-31": 9.4272, "2019-09-30": 65.8309, "2019-06-30": -197.038, "2019-03-31": "34.40100", "2018-12-31": 7.8549, "2018-09-30": -12.7659, "2018-06-30": -413.47, "2018-03-31": "-165.38900", "2017-12-31": 371.5961, "2017-09-30": 147.418, "2017-06-30": 100.772, "2017-03-31": "-101.54500", "2016-12-31": -222.001, "2016-09-30": -35.074, "2016-06-30": -79.834, "2016-03-31": "-540.04300", "2015-12-31": 21.528, "2015-09-30": 90.2691, "2015-06-30": 113.7539, "2015-03-31": "242.09500", "2014-12-31": -52.9431, "2014-09-30": -308.3319, "2014-06-30": -53.951, "2014-03-31": "61.07000", "2013-12-31": 165.4779, "2013-09-30": 502.856, "2013-06-30": 200.54, "2013-03-31": "110.77000", "2012-12-31": 261.73, "2012-09-30": 42.732, "2012-06-30": 93.266, "2012-03-31": "-17.57200", "2011-12-31": -15.548, "2011-09-30": -62.513, "2011-06-30": -53.96, "2011-03-31": "40.58700", "2010-12-31": 42.701, "2010-09-30": 5.79, "2010-06-30": 54.943, "2010-03-31": "-341.68100", "2009-12-31": -264.879, "2009-09-30": -44.785, "2009-06-30": 39.77, "2009-03-31": "61.45200", "2008-12-31": 96.468, "2008-09-30": 78.783, "2008-06-30": 76.261, "2008-03-31": "125.47500", "2007-12-31": -50.7501, "2007-09-30": -291.186, "2007-06-30": -53.062, "2007-03-31": "-45.89500", "2006-12-31": -191.095, "2006-09-30": -94.9629, "2006-06-30": 16.0049, "2006-03-31": "-186.75500", "2005-12-31": -93.2351, "2005-09-30": -88.5051, "2005-06-30": -69.9189, "2005-03-31": "-194.76700"}, "Net Change In Investments - Total": {"2020-09-30": -1015.606, "2020-06-30": 669.191, "2020-03-31": "946.09400", "2019-12-31": 364.9682, "2019-09-30": -91.7451, "2019-06-30": -820.529, "2019-03-31": "364.06000", "2018-12-31": 852.2029, "2018-09-30": 24.0941, "2018-06-30": -322.074, "2018-03-31": "-36.35700", "2017-12-31": 200.2011, "2017-09-30": -124.412, "2017-06-30": 616.416, "2017-03-31": "60.77900", "2016-12-31": -570.4529, "2016-09-30": -27.4811, "2016-06-30": -751.056, "2016-03-31": "-217.15600", "2015-12-31": 647.077, "2015-09-30": -1.4329, "2015-06-30": -335.6721, "2015-03-31": "95.55000", "2014-12-31": 31.5109, "2014-09-30": -253.5749, "2014-06-30": -452.883, "2014-03-31": "191.62700", "2013-12-31": -127.6341, "2013-09-30": 344.507, "2013-06-30": 592.24, "2013-03-31": "-299.89200", "2012-12-31": 17.186, "2012-09-30": -216.555, "2012-06-30": 89.572, "2012-03-31": "61.66100", "2011-12-31": -64.463, "2011-09-30": 44.668, "2011-06-30": -221.592, "2011-03-31": "-67.01900", "2010-12-31": 73.071, "2010-09-30": 52.905, "2010-06-30": 31.929, "2010-03-31": "-193.27000", "2009-12-31": -92.239, "2009-09-30": 53.09, "2009-06-30": -71.162, "2009-03-31": "-74.51500", "2008-12-31": -94.9861, "2008-09-30": -110.1069, "2008-06-30": 19.452, "2008-03-31": "95.60200", "2007-12-31": -23.6941, "2007-09-30": -89.229, "2007-06-30": -158.003, "2007-03-31": "-78.90400", "2006-12-31": -5.054, "2006-09-30": -251.1269, "2006-06-30": -105.6791, "2006-03-31": "15.86300", "2005-12-31": -135.4542, "2005-09-30": -160.2971, "2005-06-30": -140.2859, "2005-03-31": "-137.21600"}, "Investing Activities - Other": {"2020-09-30": -13.394, "2020-06-30": 46.246, "2020-03-31": "-9.94900", "2019-12-31": 20.604, "2019-09-30": 0.687, "2019-06-30": -2.757, "2019-03-31": "-1.73900", "2018-12-31": -3.095, "2018-09-30": -2.899, "2018-06-30": -26.491, "2018-03-31": "-0.81600", "2017-12-31": 13.787, "2017-09-30": -2.056, "2017-06-30": 0.64, "2017-03-31": "-3.44800", "2016-12-31": 3.484, "2016-09-30": -2.887, "2016-06-30": -1.538, "2016-03-31": "-0.19300", "2015-12-31": -136.239, "2015-09-30": 144.701, "2015-06-30": 32.023, "2015-03-31": "-41.28200", "2014-12-31": 60.185, "2014-09-30": -2.356, "2014-06-30": 51.223, "2014-03-31": "153.28100", "2013-12-31": -188.564, "2013-09-30": -198.359, "2013-06-30": 115.133, "2013-03-31": "9.87900", "2012-12-31": -7.533, "2012-09-30": 10.115, "2012-06-30": -43.858, "2012-03-31": "1.47600", "2011-12-31": -15.756, "2011-09-30": 2.32, "2011-06-30": 18.754, "2011-03-31": "-7.78400", "2010-12-31": 3.31, "2010-09-30": 17.614, "2010-06-30": 1.594, "2010-03-31": "-14.23700", "2009-12-31": 13.435, "2009-09-30": -5.428, "2009-06-30": -5.46, "2009-03-31": "25.39600", "2008-12-31": 38.235, "2008-09-30": -62.334, "2008-06-30": -7.246, "2008-03-31": "-2.84500", "2007-12-31": 10.343, "2007-09-30": -3.715, "2007-06-30": -5.484, "2007-03-31": "-3.12300", "2006-12-31": 11.721, "2006-09-30": -2.583, "2006-06-30": -2.358, "2006-03-31": "-5.06500", "2005-12-31": 7.352, "2005-09-30": -3.637, "2005-06-30": -1.11, "2005-03-31": "-1.87800"}, "Cash Flow From Investing Activities": {"2020-09-30": -1031.165, "2020-06-30": 147.037, "2020-03-31": "906.61900", "2019-12-31": 121.999, "2019-09-30": -135.512, "2019-06-30": -863.766, "2019-03-31": "342.12000", "2018-12-31": -344.024, "2018-09-30": -7.576, "2018-06-30": -377.395, "2018-03-31": "-68.24400", "2017-12-31": -650.232, "2017-09-30": -531.001, "2017-06-30": 399.119, "2017-03-31": "37.65700", "2016-12-31": -582.843, "2016-09-30": -45.299, "2016-06-30": -773.49, "2016-03-31": "-236.84900", "2015-12-31": 231.617, "2015-09-30": 120.155, "2015-06-30": -318.985, "2015-03-31": "30.66200", "2014-12-31": 59.135, "2014-09-30": -437.823, "2014-06-30": -423.965, "2014-03-31": "180.44800", "2013-12-31": -326.09, "2013-09-30": 114.779, "2013-06-30": 739.684, "2013-03-31": "-340.98600", "2012-12-31": 0.13, "2012-09-30": -319.606, "2012-06-30": -27.004, "2012-03-31": "-30.65000", "2011-12-31": -196.623, "2011-09-30": 16.157, "2011-06-30": -219.112, "2011-03-31": "-91.52800", "2010-12-31": -110.846, "2010-09-30": 36.804, "2010-06-30": 21.252, "2010-03-31": "-230.55300", "2009-12-31": -247.784, "2009-09-30": 42.297, "2009-06-30": -75.777, "2009-03-31": "-52.44500", "2008-12-31": -84.494, "2008-09-30": -172.441, "2008-06-30": 12.206, "2008-03-31": "92.75700", "2007-12-31": -27.846, "2007-09-30": -92.944, "2007-06-30": -171.59, "2007-03-31": "-82.02700", "2006-12-31": -2.525, "2006-09-30": -253.71, "2006-06-30": -108.037, "2006-03-31": "10.79800", "2005-12-31": -157.6, "2005-09-30": -163.934, "2005-06-30": -84.202, "2005-03-31": "-153.05100"}, "Net Long-Term Debt": {"2020-09-30": -108.477, "2020-06-30": 11.477, "2020-03-31": "59.15400", "2019-12-31": -356.7989, "2019-09-30": 277.297, "2019-06-30": 569.754, "2019-03-31": "51.25600", "2018-12-31": 17.986, "2018-09-30": -29.191, "2018-06-30": -21.445, "2018-03-31": "-49.60000", "2017-12-31": 586.563, "2017-09-30": -72.212, "2017-06-30": -119.051, "2017-03-31": "9.38500", "2016-12-31": -12.514, "2016-09-30": -10.948, "2016-06-30": 304.381, "2016-03-31": "0.01800", "2015-12-31": -12.251, "2015-09-30": -4.158, "2015-06-30": -0.365, "2015-03-31": "-1.44900", "2014-12-31": -17.92, "2014-09-30": 17.485, "2014-06-30": 4.681, "2014-03-31": "1.51200", "2013-12-31": -18.583, "2013-09-30": -1.556, "2013-06-30": 5.928, "2013-03-31": "239.44700", "2012-12-31": -19.238, "2012-09-30": 196.064, "2012-06-30": -2.273, "2012-03-31": "4.44900", "2011-12-31": 0.188, "2011-09-30": 3.122, "2011-06-30": 240.47, "2011-03-31": "1.84400", "2010-12-31": -10.124, "2010-09-30": -6.148, "2010-06-30": 6.99, "2010-03-31": "22.15800", "2009-12-31": 0.299, "2009-09-30": 197.623, "2009-06-30": 2.398, "2009-03-31": "51.73300", "2008-12-31": 95.285, "2008-09-30": 0, "2008-06-30": -93.05, "2008-03-31": "", "2007-12-31": 2.73, "2007-09-30": -73.032, "2007-06-30": 0, "2007-03-31": "-111.01200", "2006-12-31": 0, "2006-09-30": 128.971, "2006-06-30": -19.463, "2006-03-31": "-5.07600", "2005-12-31": 0, "2005-09-30": -13.23, "2005-06-30": 0, "2005-03-31": ""}, "Net Current Debt": {"2020-09-30": 0, "2020-06-30": 0, "2020-03-31": "", "2019-12-31": 0, "2019-09-30": 0, "2019-06-30": 0, "2019-03-31": "", "2018-12-31": 0, "2018-09-30": 0, "2018-06-30": 0, "2018-03-31": "", "2017-12-31": 0, "2017-09-30": 0, "2017-06-30": 0, "2017-03-31": "", "2016-12-31": 0, "2016-09-30": 0, "2016-06-30": 0, "2016-03-31": "", "2015-12-31": 0, "2015-09-30": 0, "2015-06-30": 0, "2015-03-31": "", "2014-12-31": 0, "2014-09-30": 0, "2014-06-30": 0, "2014-03-31": "", "2013-12-31": 0, "2013-09-30": 0, "2013-06-30": 0, "2013-03-31": "", "2012-12-31": 0, "2012-09-30": 0, "2012-06-30": 0, "2012-03-31": "", "2011-12-31": 0, "2011-09-30": 0, "2011-06-30": 0, "2011-03-31": "", "2010-12-31": 0, "2010-09-30": 0, "2010-06-30": 0, "2010-03-31": "", "2009-12-31": 0, "2009-09-30": 0, "2009-06-30": 0, "2009-03-31": "", "2008-12-31": 0, "2008-09-30": 0, "2008-06-30": 0, "2008-03-31": "", "2007-12-31": 0, "2007-09-30": 0, "2007-06-30": 0, "2007-03-31": "", "2006-12-31": 0, "2006-09-30": 0, "2006-06-30": 0, "2006-03-31": "", "2005-12-31": 0, "2005-09-30": 0, "2005-06-30": 0, "2005-03-31": ""}, "Debt Issuance/Retirement Net - Total": {"2020-09-30": -108.477, "2020-06-30": 11.477, "2020-03-31": "59.15400", "2019-12-31": -356.7989, "2019-09-30": 277.297, "2019-06-30": 569.754, "2019-03-31": "51.25600", "2018-12-31": 17.986, "2018-09-30": -29.191, "2018-06-30": -21.445, "2018-03-31": "-49.60000", "2017-12-31": 586.563, "2017-09-30": -72.212, "2017-06-30": -119.051, "2017-03-31": "9.38500", "2016-12-31": -12.514, "2016-09-30": -10.948, "2016-06-30": 304.381, "2016-03-31": "0.01800", "2015-12-31": -12.251, "2015-09-30": -4.158, "2015-06-30": -0.365, "2015-03-31": "-1.44900", "2014-12-31": -17.92, "2014-09-30": 17.485, "2014-06-30": 4.681, "2014-03-31": "1.51200", "2013-12-31": -18.583, "2013-09-30": -1.556, "2013-06-30": 5.928, "2013-03-31": "239.44700", "2012-12-31": -19.238, "2012-09-30": 196.064, "2012-06-30": -2.273, "2012-03-31": "4.44900", "2011-12-31": 0.188, "2011-09-30": 3.122, "2011-06-30": 240.47, "2011-03-31": "1.84400", "2010-12-31": -10.124, "2010-09-30": -6.148, "2010-06-30": 6.99, "2010-03-31": "22.15800", "2009-12-31": 0.299, "2009-09-30": 197.623, "2009-06-30": 2.398, "2009-03-31": "51.73300", "2008-12-31": 95.285, "2008-09-30": 0, "2008-06-30": -93.05, "2008-03-31": "", "2007-12-31": 2.73, "2007-09-30": -73.032, "2007-06-30": 0, "2007-03-31": "-111.01200", "2006-12-31": 0, "2006-09-30": 128.971, "2006-06-30": -19.463, "2006-03-31": "-5.07600", "2005-12-31": 0, "2005-09-30": -13.23, "2005-06-30": 0, "2005-03-31": ""}, "Net Common Equity Issued/Repurchased": {"2020-09-30": 0, "2020-06-30": -0.078, "2020-03-31": "-23.86500", "2019-12-31": -34.309, "2019-09-30": -12.732, "2019-06-30": -31.617, "2019-03-31": "-37.64900", "2018-12-31": -23.178, "2018-09-30": -6.572, "2018-06-30": -11.968, "2018-03-31": "-12.28900", "2017-12-31": -26.402, "2017-09-30": -25.242, "2017-06-30": -35.682, "2017-03-31": "-23.51200", "2016-12-31": -40.17, "2016-09-30": 0.133, "2016-06-30": -13.418, "2016-03-31": "2.31300", "2015-12-31": -3.448, "2015-09-30": -4.23, "2015-06-30": -1.942, "2015-03-31": "-17.11900", "2014-12-31": 0.6, "2014-09-30": -8.277, "2014-06-30": 0.234, "2014-03-31": "-12.91900", "2013-12-31": 5.329, "2013-09-30": -13.276, "2013-06-30": -24.773, "2013-03-31": "-0.15000", "2012-12-31": -0.469, "2012-09-30": 0.39, "2012-06-30": -5.35, "2012-03-31": "-2.29900", "2011-12-31": -8.295, "2011-09-30": -19.944, "2011-06-30": -13.492, "2011-03-31": "", "2010-12-31": -3.138, "2010-09-30": -17.829, "2010-06-30": -19.864, "2010-03-31": "-4.38700", "2009-12-31": 0, "2009-09-30": 0, "2009-06-30": 0, "2009-03-31": "", "2008-12-31": -0.363, "2008-09-30": -18.332, "2008-06-30": -33.004, "2008-03-31": "-8.90200", "2007-12-31": 0, "2007-09-30": 0, "2007-06-30": 0, "2007-03-31": "-24.21000", "2006-12-31": -0.001, "2006-09-30": 0, "2006-06-30": 0, "2006-03-31": "-45.87900", "2005-12-31": -0.001, "2005-09-30": -13.503, "2005-06-30": 0, "2005-03-31": "-2.42200"}, "Net Total Equity Issued/Repurchased": {"2020-09-30": 0, "2020-06-30": 591.813, "2020-03-31": "-23.86500", "2019-12-31": -34.309, "2019-09-30": -12.732, "2019-06-30": -31.617, "2019-03-31": "-37.64900", "2018-12-31": -23.178, "2018-09-30": -6.572, "2018-06-30": -11.968, "2018-03-31": "-12.28900", "2017-12-31": -26.402, "2017-09-30": -25.242, "2017-06-30": -35.682, "2017-03-31": "-23.51200", "2016-12-31": -40.17, "2016-09-30": 0.133, "2016-06-30": -13.418, "2016-03-31": "2.31300", "2015-12-31": -3.448, "2015-09-30": -4.23, "2015-06-30": -1.942, "2015-03-31": "-17.11900", "2014-12-31": 0.6, "2014-09-30": -8.277, "2014-06-30": 0.234, "2014-03-31": "-12.91900", "2013-12-31": 5.329, "2013-09-30": -13.276, "2013-06-30": -24.773, "2013-03-31": "-0.15000", "2012-12-31": -0.469, "2012-09-30": 0.39, "2012-06-30": -5.35, "2012-03-31": "-2.29900", "2011-12-31": -8.295, "2011-09-30": -19.944, "2011-06-30": -13.492, "2011-03-31": "", "2010-12-31": -3.138, "2010-09-30": -17.829, "2010-06-30": -19.864, "2010-03-31": "-4.38700", "2009-12-31": 0, "2009-09-30": 0, "2009-06-30": 0, "2009-03-31": "", "2008-12-31": -0.363, "2008-09-30": -18.332, "2008-06-30": -33.004, "2008-03-31": "-8.90200", "2007-12-31": 0, "2007-09-30": 0, "2007-06-30": 0, "2007-03-31": "-24.21000", "2006-12-31": -0.001, "2006-09-30": 0, "2006-06-30": 0, "2006-03-31": "-45.87900", "2005-12-31": -0.001, "2005-09-30": -13.503, "2005-06-30": 0, "2005-03-31": "-2.42200"}, "Total Common And Preferred Stock Dividends Paid": {"2020-09-30": 0, "2020-06-30": 0, "2020-03-31": "", "2019-12-31": 0, "2019-09-30": 0, "2019-06-30": 0, "2019-03-31": "", "2018-12-31": 0, "2018-09-30": 0, "2018-06-30": 0, "2018-03-31": "", "2017-12-31": 0, "2017-09-30": 0, "2017-06-30": 0, "2017-03-31": "", "2016-12-31": 0, "2016-09-30": 0, "2016-06-30": 0, "2016-03-31": "", "2015-12-31": 0, "2015-09-30": 0, "2015-06-30": 0, "2015-03-31": "", "2014-12-31": 0, "2014-09-30": 0, "2014-06-30": 0, "2014-03-31": "", "2013-12-31": 0, "2013-09-30": 0, "2013-06-30": 0, "2013-03-31": "", "2012-12-31": 0, "2012-09-30": 0, "2012-06-30": 0, "2012-03-31": "", "2011-12-31": 0, "2011-09-30": 0, "2011-06-30": 0, "2011-03-31": "", "2010-12-31": 0, "2010-09-30": 0, "2010-06-30": 0, "2010-03-31": "", "2009-12-31": 0, "2009-09-30": 0, "2009-06-30": 0, "2009-03-31": "", "2008-12-31": 0, "2008-09-30": 0, "2008-06-30": 0, "2008-03-31": "", "2007-12-31": 0, "2007-09-30": 0, "2007-06-30": 0, "2007-03-31": "", "2006-12-31": 0, "2006-09-30": 0, "2006-06-30": 0, "2006-03-31": "", "2005-12-31": 0, "2005-09-30": 0, "2005-06-30": 0, "2005-03-31": ""}, "Financial Activities - Other": {"2020-09-30": -23.432, "2020-06-30": -16.667, "2020-03-31": "-14.38200", "2019-12-31": -20.219, "2019-09-30": -14.077, "2019-06-30": -17.912, "2019-03-31": "-13.67600", "2018-12-31": -2.024, "2018-09-30": -24.543, "2018-06-30": -3.354, "2018-03-31": "-12.80700", "2017-12-31": -4.531, "2017-09-30": -3.242, "2017-06-30": -17.344, "2017-03-31": "-12.41500", "2016-12-31": 1.71, "2016-09-30": -16.102, "2016-06-30": -52.251, "2016-03-31": "-11.13300", "2015-12-31": -1.831, "2015-09-30": 0, "2015-06-30": -12.538, "2015-03-31": "-14.88000", "2014-12-31": -3.065, "2014-09-30": -17.15, "2014-06-30": -12.77, "2014-03-31": "-19.53500", "2013-12-31": -0.918, "2013-09-30": -4.608, "2013-06-30": -3.365, "2013-03-31": "-8.10800", "2012-12-31": -8.958, "2012-09-30": -0.696, "2012-06-30": -26.611, "2012-03-31": "6.95300", "2011-12-31": -8.12, "2011-09-30": -0.167, "2011-06-30": -0.914, "2011-03-31": "-0.10300", "2010-12-31": 1.281, "2010-09-30": -0.254, "2010-06-30": -14.295, "2010-03-31": "", "2009-12-31": -0.5, "2009-09-30": 0, "2009-06-30": 0, "2009-03-31": "0.05900", "2008-12-31": 0.064, "2008-09-30": 0, "2008-06-30": 0, "2008-03-31": "", "2007-12-31": 0, "2007-09-30": 0, "2007-06-30": 0, "2007-03-31": "", "2006-12-31": -0.005, "2006-09-30": 0, "2006-06-30": 0, "2006-03-31": "", "2005-12-31": 0, "2005-09-30": 0, "2005-06-30": 0, "2005-03-31": ""}, "Cash Flow From Financial Activities": {"2020-09-30": -131.909, "2020-06-30": 586.623, "2020-03-31": "20.90700", "2019-12-31": -411.327, "2019-09-30": 250.488, "2019-06-30": 520.225, "2019-03-31": "-0.06900", "2018-12-31": -7.216, "2018-09-30": -60.306, "2018-06-30": -36.767, "2018-03-31": "-74.69600", "2017-12-31": 555.63, "2017-09-30": -100.696, "2017-06-30": -172.077, "2017-03-31": "-26.54200", "2016-12-31": -50.974, "2016-09-30": -26.917, "2016-06-30": 238.712, "2016-03-31": "-8.80200", "2015-12-31": -17.53, "2015-09-30": -8.388, "2015-06-30": -14.845, "2015-03-31": "-33.44800", "2014-12-31": -20.385, "2014-09-30": -7.942, "2014-06-30": -7.855, "2014-03-31": "-30.94200", "2013-12-31": -14.172, "2013-09-30": -19.44, "2013-06-30": -22.21, "2013-03-31": "231.18900", "2012-12-31": -28.665, "2012-09-30": 195.758, "2012-06-30": -34.234, "2012-03-31": "9.10300", "2011-12-31": -16.227, "2011-09-30": -16.989, "2011-06-30": 226.064, "2011-03-31": "1.74100", "2010-12-31": -11.981, "2010-09-30": -24.231, "2010-06-30": -27.169, "2010-03-31": "17.77100", "2009-12-31": -0.201, "2009-09-30": 197.623, "2009-06-30": 2.398, "2009-03-31": "51.79200", "2008-12-31": 94.986, "2008-09-30": -18.332, "2008-06-30": -126.054, "2008-03-31": "-8.90200", "2007-12-31": 2.73, "2007-09-30": -73.032, "2007-06-30": 0, "2007-03-31": "-135.22200", "2006-12-31": -0.006, "2006-09-30": 128.971, "2006-06-30": -19.463, "2006-03-31": "-50.95500", "2005-12-31": -0.001, "2005-09-30": -26.733, "2005-06-30": 0, "2005-03-31": "-2.42200"}, "Net Cash Flow": {"2020-09-30": -364.819, "2020-06-30": 1169.048, "2020-03-31": "957.97100", "2019-12-31": 300.584, "2019-09-30": 558.303, "2019-06-30": -122.939, "2019-03-31": "367.97300", "2018-12-31": -230.51, "2018-09-30": 382.546, "2018-06-30": -197.256, "2018-03-31": "-59.19400", "2017-12-31": 145.181, "2017-09-30": -230.578, "2017-06-30": 471.552, "2017-03-31": "29.52700", "2016-12-31": -455.205, "2016-09-30": 178.531, "2016-06-30": -376.794, "2016-03-31": "-331.50900", "2015-12-31": 286.715, "2015-09-30": 408.257, "2015-06-30": -105.143, "2015-03-31": "-2.08200", "2014-12-31": 194.578, "2014-09-30": -178.543, "2014-06-30": -207.286, "2014-03-31": "172.89400", "2013-12-31": -136.796, "2013-09-30": 412.7, "2013-06-30": 900.645, "2013-03-31": "-61.78900", "2012-12-31": 123.982, "2012-09-30": 15.222, "2012-06-30": 104.538, "2012-03-31": "-83.23500", "2011-12-31": -161.956, "2011-09-30": 152.239, "2011-06-30": 118.007, "2011-03-31": "-95.31200", "2010-12-31": -72.695, "2010-09-30": 131.279, "2010-06-30": 49.003, "2010-03-31": "-212.82200", "2009-12-31": -189.298, "2009-09-30": 349.112, "2009-06-30": 42.64, "2009-03-31": "7.66100", "2008-12-31": 51.541, "2008-09-30": -93.69, "2008-06-30": 70.093, "2008-03-31": "134.39500", "2007-12-31": 93.934, "2007-09-30": -19.789, "2007-06-30": 0.433, "2007-03-31": "-152.13300", "2006-12-31": 151.298, "2006-09-30": 70.21, "2006-06-30": 45.189, "2006-03-31": "-45.33900", "2005-12-31": -43.578, "2005-09-30": -14.39, "2005-06-30": 59.32, "2005-03-31": "-46.53400"}, "Stock-Based Compensation": {"2020-09-30": 0, "2020-06-30": 0, "2020-03-31": "", "2019-12-31": 0, "2019-09-30": 0, "2019-06-30": 0, "2019-03-31": "", "2018-12-31": 0, "2018-09-30": 0, "2018-06-30": 0, "2018-03-31": "", "2017-12-31": 0, "2017-09-30": 0, "2017-06-30": 0, "2017-03-31": "", "2016-12-31": 0, "2016-09-30": 0, "2016-06-30": 0, "2016-03-31": "", "2015-12-31": 0, "2015-09-30": 0, "2015-06-30": 0, "2015-03-31": "", "2014-12-31": 0, "2014-09-30": 0, "2014-06-30": 0, "2014-03-31": "", "2013-12-31": 0, "2013-09-30": 0, "2013-06-30": 0, "2013-03-31": "", "2012-12-31": 0, "2012-09-30": 0, "2012-06-30": 0, "2012-03-31": "", "2011-12-31": 0, "2011-09-30": 0, "2011-06-30": 0, "2011-03-31": "", "2010-12-31": 0, "2010-09-30": 0, "2010-06-30": 0, "2010-03-31": "", "2009-12-31": 0, "2009-09-30": 0, "2009-06-30": 0, "2009-03-31": "", "2008-12-31": 0, "2008-09-30": 0, "2008-06-30": 0, "2008-03-31": "", "2007-12-31": 0, "2007-09-30": 0, "2007-06-30": 0, "2007-03-31": "", "2006-12-31": 0, "2006-09-30": 0, "2006-06-30": 0, "2006-03-31": "", "2005-12-31": 0, "2005-09-30": 0, "2005-06-30": 0, "2005-03-31": ""}, "Common Stock Dividends Paid": {"2020-09-30": 0, "2020-06-30": 0, "2020-03-31": "", "2019-12-31": 0, "2019-09-30": 0, "2019-06-30": 0, "2019-03-31": "", "2018-12-31": 0, "2018-09-30": 0, "2018-06-30": 0, "2018-03-31": "", "2017-12-31": 0, "2017-09-30": 0, "2017-06-30": 0, "2017-03-31": "", "2016-12-31": 0, "2016-09-30": 0, "2016-06-30": 0, "2016-03-31": "", "2015-12-31": 0, "2015-09-30": 0, "2015-06-30": 0, "2015-03-31": "", "2014-12-31": 0, "2014-09-30": 0, "2014-06-30": 0, "2014-03-31": "", "2013-12-31": 0, "2013-09-30": 0, "2013-06-30": 0, "2013-03-31": "", "2012-12-31": 0, "2012-09-30": 0, "2012-06-30": 0, "2012-03-31": "", "2011-12-31": 0, "2011-09-30": 0, "2011-06-30": 0, "2011-03-31": "", "2010-12-31": 0, "2010-09-30": 0, "2010-06-30": 0, "2010-03-31": "", "2009-12-31": 0, "2009-09-30": 0, "2009-06-30": 0, "2009-03-31": "", "2008-12-31": 0, "2008-09-30": 0, "2008-06-30": 0, "2008-03-31": "", "2007-12-31": 0, "2007-09-30": 0, "2007-06-30": 0, "2007-03-31": "", "2006-12-31": 0, "2006-09-30": 0, "2006-06-30": 0, "2006-03-31": "", "2005-12-31": 0, "2005-09-30": 0, "2005-06-30": 0, "2005-03-31": ""}}, "financial ratios": {"Current Ratio": {"2019-12-31": "", "2018-12-31": "", "2017-12-31": "", "2016-12-31": "", "2015-12-31": "", "2014-12-31": "", "2013-12-31": "", "2012-12-31": "", "2011-12-31": "", "2010-12-31": "", "2009-12-31": "", "2008-12-31": "", "2007-12-31": "", "2006-12-31": "", "2005-12-31": ""}, "Long-term Debt / Capital": {"2019-12-31": "0.24190", "2018-12-31": "0.24850", "2017-12-31": "0.24600", "2016-12-31": "0.23320", "2015-12-31": "0.22220", "2014-12-31": "0.22870", "2013-12-31": "0.25250", "2012-12-31": "0.27730", "2011-12-31": "0.27630", "2010-12-31": "0.24170", "2009-12-31": "0.25660", "2008-12-31": "0.24150", "2007-12-31": "0.20490", "2006-12-31": "0.27210", "2005-12-31": "0.33230"}, "Debt/Equity Ratio": {"2019-12-31": "0.31900", "2018-12-31": "0.33070", "2017-12-31": "0.32620", "2016-12-31": "0.30410", "2015-12-31": "0.28560", "2014-12-31": "0.29640", "2013-12-31": "0.33790", "2012-12-31": "0.38380", "2011-12-31": "0.38180", "2010-12-31": "0.31870", "2009-12-31": "0.34520", "2008-12-31": "0.31840", "2007-12-31": "0.25770", "2006-12-31": "0.37380", "2005-12-31": "0.49780"}, "Gross Margin": {"2019-12-31": "", "2018-12-31": "", "2017-12-31": "", "2016-12-31": "", "2015-12-31": "", "2014-12-31": "", "2013-12-31": "", "2012-12-31": "", "2011-12-31": "", "2010-12-31": "", "2009-12-31": "", "2008-12-31": "", "2007-12-31": "", "2006-12-31": "", "2005-12-31": ""}, "Operating Margin": {"2019-12-31": "26.00560", "2018-12-31": "0.58120", "2017-12-31": "3.57340", "2016-12-31": "14.34720", "2015-12-31": "16.02250", "2014-12-31": "10.86590", "2013-12-31": "11.00480", "2012-12-31": "13.49320", "2011-12-31": "10.51150", "2010-12-31": "16.58920", "2009-12-31": "12.20720", "2008-12-31": "-5.64710", "2007-12-31": "24.71190", "2006-12-31": "24.55620", "2005-12-31": "11.35570"}, "EBIT Margin": {"2019-12-31": "26.00560", "2018-12-31": "0.58120", "2017-12-31": "3.57340", "2016-12-31": "14.34720", "2015-12-31": "16.02250", "2014-12-31": "10.86590", "2013-12-31": "11.00480", "2012-12-31": "13.49320", "2011-12-31": "10.51150", "2010-12-31": "16.58920", "2009-12-31": "12.20720", "2008-12-31": "-5.64710", "2007-12-31": "24.71190", "2006-12-31": "24.55620", "2005-12-31": "11.35570"}, "EBITDA Margin": {"2019-12-31": "28.83190", "2018-12-31": "6.82330", "2017-12-31": "6.93670", "2016-12-31": "18.14030", "2015-12-31": "19.76530", "2014-12-31": "14.83150", "2013-12-31": "15.40140", "2012-12-31": "16.40400", "2011-12-31": "13.19490", "2010-12-31": "18.99710", "2009-12-31": "13.71360", "2008-12-31": "-4.06900", "2007-12-31": "25.98860", "2006-12-31": "25.90760", "2005-12-31": "13.00760"}, "Pre-Tax Profit Margin": {"2019-12-31": "23.99500", "2018-12-31": "-0.11480", "2017-12-31": "1.44010", "2016-12-31": "11.22450", "2015-12-31": "13.81950", "2014-12-31": "8.57820", "2013-12-31": "8.36770", "2012-12-31": "10.40130", "2011-12-31": "7.23190", "2010-12-31": "13.27910", "2009-12-31": "9.59910", "2008-12-31": "-8.08610", "2007-12-31": "22.46790", "2006-12-31": "21.96900", "2005-12-31": "8.45400"}, "Net Profit Margin": {"2019-12-31": "18.79520", "2018-12-31": "-1.87360", "2017-12-31": "6.52080", "2016-12-31": "8.11990", "2015-12-31": "10.85240", "2014-12-31": "6.25640", "2013-12-31": "6.50050", "2012-12-31": "8.44590", "2011-12-31": "5.40030", "2010-12-31": "11.98860", "2009-12-31": "9.74410", "2008-12-31": "-2.97320", "2007-12-31": "15.90500", "2006-12-31": "15.58160", "2005-12-31": "6.72300"}, "Asset Turnover": {"2019-12-31": "0.25420", "2018-12-31": "0.20540", "2017-12-31": "0.18480", "2016-12-31": "0.21690", "2015-12-31": "0.21530", "2014-12-31": "0.20370", "2013-12-31": "0.18050", "2012-12-31": "0.23890", "2011-12-31": "0.22810", "2010-12-31": "0.20560", "2009-12-31": "0.20200", "2008-12-31": "0.20780", "2007-12-31": "0.25170", "2006-12-31": "0.24970", "2005-12-31": "0.22420"}, "Inventory Turnover Ratio": {"2019-12-31": "", "2018-12-31": "", "2017-12-31": "", "2016-12-31": "", "2015-12-31": "", "2014-12-31": "", "2013-12-31": "", "2012-12-31": "", "2011-12-31": "", "2010-12-31": "", "2009-12-31": "", "2008-12-31": "", "2007-12-31": "", "2006-12-31": "", "2005-12-31": ""}, "Receiveable Turnover": {"2019-12-31": "", "2018-12-31": "", "2017-12-31": "", "2016-12-31": "", "2015-12-31": "", "2014-12-31": "", "2013-12-31": "", "2012-12-31": "", "2011-12-31": "", "2010-12-31": "", "2009-12-31": "", "2008-12-31": "", "2007-12-31": "", "2006-12-31": "", "2005-12-31": ""}, "Days Sales In Receivables": {"2019-12-31": "", "2018-12-31": "", "2017-12-31": "", "2016-12-31": "", "2015-12-31": "", "2014-12-31": "", "2013-12-31": "", "2012-12-31": "", "2011-12-31": "", "2010-12-31": "", "2009-12-31": "", "2008-12-31": "", "2007-12-31": "", "2006-12-31": "", "2005-12-31": ""}, "ROE - Return On Equity": {"2019-12-31": "16.24300", "2018-12-31": "-1.43240", "2017-12-31": "4.21780", "2016-12-31": "5.43780", "2015-12-31": "7.51400", "2014-12-31": "4.25790", "2013-12-31": "4.25040", "2012-12-31": "6.64040", "2011-12-31": "4.38260", "2010-12-31": "8.39880", "2009-12-31": "7.25070", "2008-12-31": "-2.67930", "2007-12-31": "15.36740", "2006-12-31": "17.09210", "2005-12-31": "8.67320"}, "Return On Tangible Equity": {"2019-12-31": "25.59180", "2018-12-31": "-2.53800", "2017-12-31": "6.29290", "2016-12-31": "6.97360", "2015-12-31": "10.01880", "2014-12-31": "5.53300", "2013-12-31": "5.51670", "2012-12-31": "9.09390", "2011-12-31": "5.89100", "2010-12-31": "10.51580", "2009-12-31": "8.84360", "2008-12-31": "-3.21150", "2007-12-31": "17.67560", "2006-12-31": "20.05960", "2005-12-31": "10.83060"}, "ROA - Return On Assets": {"2019-12-31": "4.80190", "2018-12-31": "-0.39140", "2017-12-31": "1.22160", "2016-12-31": "1.77950", "2015-12-31": "2.36230", "2014-12-31": "1.28450", "2013-12-31": "1.18490", "2012-12-31": "2.05670", "2011-12-31": "1.28760", "2010-12-31": "2.47310", "2009-12-31": "1.97640", "2008-12-31": "-0.61430", "2007-12-31": "4.00490", "2006-12-31": "3.89070", "2005-12-31": "1.50720"}, "ROI - Return On Investment": {"2019-12-31": "12.31450", "2018-12-31": "-1.07640", "2017-12-31": "3.18040", "2016-12-31": "4.16990", "2015-12-31": "5.84470", "2014-12-31": "3.28430", "2013-12-31": "3.17700", "2012-12-31": "4.79880", "2011-12-31": "3.17170", "2010-12-31": "6.36900", "2009-12-31": "5.39010", "2008-12-31": "-2.03220", "2007-12-31": "12.21840", "2006-12-31": "12.44160", "2005-12-31": "5.79080"}, "Book Value Per Share": {"2019-12-31": "803.13300", "2018-12-31": "655.26370", "2017-12-31": "683.37030", "2016-12-31": "606.76540", "2015-12-31": "561.68850", "2014-12-31": "544.47800", "2013-12-31": "477.47820", "2012-12-31": "403.88590", "2011-12-31": "352.15830", "2010-12-31": "328.01930", "2009-12-31": "284.31760", "2008-12-31": "222.22690", "2007-12-31": "265.25680", "2006-12-31": "229.77720", "2005-12-31": "174.04150"}, "Operating Cash Flow Per Share": {"2019-12-31": 27.6606, "2018-12-31": 2.831, "2017-12-31": 23.3214, "2016-12-31": -8.3332, "2015-12-31": -4.6828, "2014-12-31": -8.2424, "2013-12-31": 18.6245, "2012-12-31": 8.6009, "2011-12-31": 9.1891, "2010-12-31": -5.9268, "2009-12-31": -11.452, "2008-12-31": -9.5487, "2007-12-31": -1.1174, "2006-12-31": -2.499, "2005-12-31": 53.3636}, "Free Cash Flow Per Share": {"2019-12-31": 26.4284, "2018-12-31": 0.5051, "2017-12-31": 22.5144, "2016-12-31": -7.1841, "2015-12-31": -4.5121, "2014-12-31": -10.2932, "2013-12-31": 19.5417, "2012-12-31": 10.0743, "2011-12-31": 7.3093, "2010-12-31": -8.0002, "2009-12-31": -11.8919, "2008-12-31": -9.886, "2007-12-31": -1.6526, "2006-12-31": -0.5158, "2005-12-31": 50.4634}}, "financial ratios, quarterly": {"Current Ratio": {"2020-09-30": "", "2020-06-30": "", "2020-03-31": "", "2019-12-31": "", "2019-09-30": "", "2019-06-30": "", "2019-03-31": "", "2018-12-31": "", "2018-09-30": "", "2018-06-30": "", "2018-03-31": "", "2017-12-31": "", "2017-09-30": "", "2017-06-30": "", "2017-03-31": "", "2016-12-31": "", "2016-09-30": "", "2016-06-30": "", "2016-03-31": "", "2015-12-31": "", "2015-09-30": "", "2015-06-30": "", "2015-03-31": "", "2014-12-31": "", "2014-09-30": "", "2014-06-30": "", "2014-03-31": "", "2013-12-31": "", "2013-09-30": "", "2013-06-30": "", "2013-03-31": "", "2012-12-31": "", "2012-09-30": "", "2012-06-30": "", "2012-03-31": "", "2011-12-31": "", "2011-09-30": "", "2011-06-30": "", "2011-03-31": "", "2010-12-31": "", "2010-09-30": "", "2010-06-30": "", "2010-03-31": "", "2009-12-31": "", "2009-09-30": "", "2009-06-30": "", "2009-03-31": "", "2008-12-31": "", "2008-09-30": "", "2008-06-30": "", "2008-03-31": "", "2007-12-31": "", "2007-09-30": "", "2007-06-30": "", "2007-03-31": "", "2006-12-31": "", "2006-09-30": "", "2006-06-30": "", "2006-03-31": "", "2005-12-31": "", "2005-09-30": "", "2005-06-30": "", "2005-03-31": ""}, "Long-term Debt / Capital": {"2020-09-30": "0.22710", "2020-06-30": "0.24010", "2020-03-31": "0.26970", "2019-12-31": "0.24190", "2019-09-30": "0.26820", "2019-06-30": "0.25830", "2019-03-31": "0.23750", "2018-12-31": "0.24850", "2018-09-30": "0.23430", "2018-06-30": "0.24190", "2018-03-31": "0.24640", "2017-12-31": "0.24600", "2017-09-30": "0.21720", "2017-06-30": "0.21730", "2017-03-31": "0.22980", "2016-12-31": "0.23320", "2016-09-30": "0.23280", "2016-06-30": "0.23560", "2016-03-31": "0.21810", "2015-12-31": "0.22220", "2015-09-30": "0.22530", "2015-06-30": "0.22480", "2015-03-31": "0.22210", "2014-12-31": "0.22870", "2014-09-30": "0.24040", "2014-06-30": "0.24000", "2014-03-31": "0.24620", "2013-12-31": "0.25250", "2013-09-30": "0.25830", "2013-06-30": "0.26230", "2013-03-31": "0.29420", "2012-12-31": "0.27730", "2012-09-30": "0.28410", "2012-06-30": "0.26380", "2012-03-31": "0.26210", "2011-12-31": "0.27630", "2011-09-30": "0.27950", "2011-06-30": "0.27480", "2011-03-31": "0.23950", "2010-12-31": "0.24170", "2010-09-30": "0.24480", "2010-06-30": "0.25930", "2010-03-31": "0.25430", "2009-12-31": "0.25660", "2009-09-30": "0.26100", "2009-06-30": "0.23900", "2009-03-31": "0.25310", "2008-12-31": "0.24150", "2008-09-30": "0.20280", "2008-06-30": "0.19120", "2008-03-31": "0.20660", "2007-12-31": "0.20490", "2007-09-30": "0.20980", "2007-06-30": "0.23510", "2007-03-31": "0.24080", "2006-12-31": "0.27210", "2006-09-30": "0.32680", "2006-06-30": "0.32260", "2006-03-31": "0.33130", "2005-12-31": "0.33230", "2005-09-30": "0.34690", "2005-06-30": "0.32880", "2005-03-31": "0.34470"}, "Debt/Equity Ratio": {"2020-09-30": "0.29380", "2020-06-30": "0.31600", "2020-03-31": "0.36930", "2019-12-31": "0.31900", "2019-09-30": "0.36640", "2019-06-30": "0.34820", "2019-03-31": "0.31160", "2018-12-31": "0.33070", "2018-09-30": "0.30610", "2018-06-30": "0.31910", "2018-03-31": "0.32700", "2017-12-31": "0.32620", "2017-09-30": "0.27750", "2017-06-30": "0.27770", "2017-03-31": "0.29840", "2016-12-31": "0.30410", "2016-09-30": "0.30340", "2016-06-30": "0.30810", "2016-03-31": "0.27890", "2015-12-31": "0.28560", "2015-09-30": "0.29080", "2015-06-30": "0.28990", "2015-03-31": "0.28560", "2014-12-31": "0.29640", "2014-09-30": "0.31650", "2014-06-30": "0.31580", "2014-03-31": "0.32650", "2013-12-31": "0.33790", "2013-09-30": "0.34820", "2013-06-30": "0.35570", "2013-03-31": "0.41680", "2012-12-31": "0.38380", "2012-09-30": "0.39690", "2012-06-30": "0.35830", "2012-03-31": "0.35520", "2011-12-31": "0.38180", "2011-09-30": "0.38800", "2011-06-30": "0.37890", "2011-03-31": "0.31500", "2010-12-31": "0.31870", "2010-09-30": "0.32420", "2010-06-30": "0.35010", "2010-03-31": "0.34090", "2009-12-31": "0.34520", "2009-09-30": "0.35330", "2009-06-30": "0.31400", "2009-03-31": "0.33880", "2008-12-31": "0.31840", "2008-09-30": "0.25440", "2008-06-30": "0.23630", "2008-03-31": "0.26050", "2007-12-31": "0.25770", "2007-09-30": "0.26560", "2007-06-30": "0.30740", "2007-03-31": "0.31710", "2006-12-31": "0.37380", "2006-09-30": "0.48540", "2006-06-30": "0.47620", "2006-03-31": "0.49530", "2005-12-31": "0.49780", "2005-09-30": "0.53110", "2005-06-30": "0.49000", "2005-03-31": "0.52610"}, "Gross Margin": {"2020-09-30": "", "2020-06-30": "", "2020-03-31": "", "2019-12-31": "", "2019-09-30": "", "2019-06-30": "", "2019-03-31": "", "2018-12-31": "", "2018-09-30": "", "2018-06-30": "", "2018-03-31": "", "2017-12-31": "", "2017-09-30": "", "2017-06-30": "", "2017-03-31": "", "2016-12-31": "", "2016-09-30": "", "2016-06-30": "", "2016-03-31": "", "2015-12-31": "", "2015-09-30": "", "2015-06-30": "", "2015-03-31": "", "2014-12-31": "", "2014-09-30": "", "2014-06-30": "", "2014-03-31": "", "2013-12-31": "", "2013-09-30": "", "2013-06-30": "", "2013-03-31": "", "2012-12-31": "", "2012-09-30": "", "2012-06-30": "", "2012-03-31": "", "2011-12-31": "", "2011-09-30": "", "2011-06-30": "", "2011-03-31": "", "2010-12-31": "", "2010-09-30": "", "2010-06-30": "", "2010-03-31": "", "2009-12-31": "", "2009-09-30": "", "2009-06-30": "", "2009-03-31": "", "2008-12-31": "", "2008-09-30": "", "2008-06-30": "", "2008-03-31": "", "2007-12-31": "", "2007-09-30": "", "2007-06-30": "", "2007-03-31": "", "2006-12-31": "", "2006-09-30": "", "2006-06-30": "", "2006-03-31": "", "2005-12-31": "", "2005-09-30": "", "2005-06-30": "", "2005-03-31": ""}, "Operating Margin": {"2020-09-30": "23.77940", "2020-06-30": "39.66330", "2020-03-31": "-537.83530", "2019-12-31": "29.20060", "2019-09-30": "12.89920", "2019-06-30": "27.32330", "2019-03-31": "32.14700", "2018-12-31": "-89.38340", "2018-09-30": "24.84870", "2018-06-30": "15.66580", "2018-03-31": "6.66530", "2017-12-31": "10.75030", "2017-09-30": "-21.90400", "2017-06-30": "16.23110", "2017-03-31": "9.02080", "2016-12-31": "14.95640", "2016-09-30": "10.66410", "2016-06-30": "14.07680", "2016-03-31": "17.81570", "2015-12-31": "19.65940", "2015-09-30": "13.60960", "2015-06-30": "9.93210", "2015-03-31": "20.64530", "2014-12-31": "14.58820", "2014-09-30": "10.24630", "2014-06-30": "6.68390", "2014-03-31": "11.75170", "2013-12-31": "10.73730", "2013-09-30": "10.30100", "2013-06-30": "7.19320", "2013-03-31": "17.24230", "2012-12-31": "11.08860", "2012-09-30": "10.07830", "2012-06-30": "20.38740", "2012-03-31": "13.19120", "2011-12-31": "14.10130", "2011-09-30": "13.43240", "2011-06-30": "9.05670", "2011-03-31": "4.89270", "2010-12-31": "21.32730", "2010-09-30": "19.57710", "2010-06-30": "9.36100", "2010-03-31": "15.00340", "2009-12-31": "19.97590", "2009-09-30": "10.85300", "2009-06-30": "10.00210", "2009-03-31": "7.25160", "2008-12-31": "-15.60320", "2008-09-30": "-54.83500", "2008-06-30": "20.66450", "2008-03-31": "11.39770", "2007-12-31": "20.44930", "2007-09-30": "24.46440", "2007-06-30": "28.45250", "2007-03-31": "25.46350", "2006-12-31": "28.15430", "2006-09-30": "25.38740", "2006-06-30": "24.02810", "2006-03-31": "20.45380", "2005-12-31": "30.04930", "2005-09-30": "-30.28390", "2005-06-30": "18.39280", "2005-03-31": "21.76830"}, "EBIT Margin": {"2020-09-30": "23.77940", "2020-06-30": "39.66330", "2020-03-31": "-537.83530", "2019-12-31": "29.20060", "2019-09-30": "12.89920", "2019-06-30": "27.32330", "2019-03-31": "32.14700", "2018-12-31": "-89.38340", "2018-09-30": "24.84870", "2018-06-30": "15.66580", "2018-03-31": "6.66530", "2017-12-31": "10.75030", "2017-09-30": "-21.90400", "2017-06-30": "16.23110", "2017-03-31": "9.02080", "2016-12-31": "14.95640", "2016-09-30": "10.66410", "2016-06-30": "14.07680", "2016-03-31": "17.81570", "2015-12-31": "19.65940", "2015-09-30": "13.60960", "2015-06-30": "9.93210", "2015-03-31": "20.64530", "2014-12-31": "14.58820", "2014-09-30": "10.24630", "2014-06-30": "6.68390", "2014-03-31": "11.75170", "2013-12-31": "10.73730", "2013-09-30": "10.30100", "2013-06-30": "7.19320", "2013-03-31": "17.24230", "2012-12-31": "11.08860", "2012-09-30": "10.07830", "2012-06-30": "20.38740", "2012-03-31": "13.19120", "2011-12-31": "14.10130", "2011-09-30": "13.43240", "2011-06-30": "9.05670", "2011-03-31": "4.89270", "2010-12-31": "21.32730", "2010-09-30": "19.57710", "2010-06-30": "9.36100", "2010-03-31": "15.00340", "2009-12-31": "19.97590", "2009-09-30": "10.85300", "2009-06-30": "10.00210", "2009-03-31": "7.25160", "2008-12-31": "-15.60320", "2008-09-30": "-54.83500", "2008-06-30": "20.66450", "2008-03-31": "11.39770", "2007-12-31": "20.44940", "2007-09-30": "24.46440", "2007-06-30": "28.45250", "2007-03-31": "25.46350", "2006-12-31": "28.15440", "2006-09-30": "25.38740", "2006-06-30": "24.02810", "2006-03-31": "20.45380", "2005-12-31": "30.04930", "2005-09-30": "-30.28390", "2005-06-30": "18.39280", "2005-03-31": "21.76830"}, "EBITDA Margin": {"2020-09-30": "", "2020-06-30": "", "2020-03-31": "", "2019-12-31": "", "2019-09-30": "", "2019-06-30": "", "2019-03-31": "", "2018-12-31": "", "2018-09-30": "", "2018-06-30": "", "2018-03-31": "", "2017-12-31": "", "2017-09-30": "", "2017-06-30": "", "2017-03-31": "", "2016-12-31": "", "2016-09-30": "", "2016-06-30": "", "2016-03-31": "", "2015-12-31": "", "2015-09-30": "", "2015-06-30": "", "2015-03-31": "", "2014-12-31": "", "2014-09-30": "", "2014-06-30": "", "2014-03-31": "", "2013-12-31": "", "2013-09-30": "", "2013-06-30": "", "2013-03-31": "", "2012-12-31": "", "2012-09-30": "", "2012-06-30": "", "2012-03-31": "", "2011-12-31": "", "2011-09-30": "", "2011-06-30": "", "2011-03-31": "", "2010-12-31": "", "2010-09-30": "", "2010-06-30": "", "2010-03-31": "", "2009-12-31": "", "2009-09-30": "", "2009-06-30": "", "2009-03-31": "", "2008-12-31": "", "2008-09-30": "", "2008-06-30": "", "2008-03-31": "", "2007-12-31": "", "2007-09-30": "", "2007-06-30": "", "2007-03-31": "", "2006-12-31": "", "2006-09-30": "", "2006-06-30": "", "2006-03-31": "", "2005-12-31": "", "2005-09-30": "", "2005-06-30": "", "2005-03-31": ""}, "Pre-Tax Profit Margin": {"2020-09-30": "20.05920", "2020-06-30": "37.52770", "2020-03-31": "-527.92330", "2019-12-31": "24.83060", "2019-09-30": "12.88350", "2019-06-30": "26.65700", "2019-03-31": "29.63320", "2018-12-31": "-89.22220", "2018-09-30": "23.21280", "2018-06-30": "18.15470", "2018-03-31": "2.71900", "2017-12-31": "8.64210", "2017-09-30": "-23.89860", "2017-06-30": "14.14420", "2017-03-31": "6.66150", "2016-12-31": "12.61440", "2016-09-30": "8.34780", "2016-06-30": "8.42270", "2016-03-31": "15.57470", "2015-12-31": "17.57300", "2015-09-30": "11.37070", "2015-06-30": "7.68710", "2015-03-31": "18.39420", "2014-12-31": "12.46910", "2014-09-30": "7.96450", "2014-06-30": "4.31770", "2014-03-31": "9.35590", "2013-12-31": "8.29550", "2013-09-30": "7.73150", "2013-06-30": "4.42500", "2013-03-31": "14.36690", "2012-12-31": "8.15600", "2012-09-30": "6.85380", "2012-06-30": "17.18380", "2012-03-31": "10.16760", "2011-12-31": "10.92860", "2011-09-30": "9.93350", "2011-06-30": "5.67300", "2011-03-31": "1.84220", "2010-12-31": "18.25950", "2010-09-30": "16.26410", "2010-06-30": "5.80390", "2010-03-31": "11.65730", "2009-12-31": "16.70590", "2009-09-30": "8.39870", "2009-06-30": "7.73540", "2009-03-31": "4.86510", "2008-12-31": "-18.45290", "2008-09-30": "-57.48740", "2008-06-30": "18.69180", "2008-03-31": "8.93080", "2007-12-31": "18.32580", "2007-09-30": "22.26880", "2007-06-30": "26.28030", "2007-03-31": "22.96750", "2006-12-31": "25.48370", "2006-09-30": "22.79680", "2006-06-30": "21.48500", "2006-03-31": "17.91390", "2005-12-31": "27.34060", "2005-09-30": "-33.55980", "2005-06-30": "15.51700", "2005-03-31": "18.97090"}, "Net Profit Margin": {"2020-09-30": "15.54830", "2020-06-30": "29.43050", "2020-03-31": "-418.79820", "2019-12-31": "19.79850", "2019-09-30": "10.11470", "2019-06-30": "20.38850", "2019-03-31": "23.31360", "2018-12-31": "-72.06610", "2018-09-30": "18.31160", "2018-06-30": "14.00250", "2018-03-31": "-4.08170", "2017-12-31": "26.16190", "2017-09-30": "-17.20560", "2017-06-30": "10.10200", "2017-03-31": "4.94910", "2016-12-31": "9.29050", "2016-09-30": "5.85460", "2016-06-30": "5.72680", "2016-03-31": "11.65330", "2015-12-31": "13.93150", "2015-09-30": "7.63490", "2015-06-30": "7.00360", "2015-03-31": "14.66740", "2014-12-31": "8.80360", "2014-09-30": "5.83420", "2014-06-30": "3.18260", "2014-03-31": "7.07580", "2013-12-31": "7.71720", "2013-09-30": "5.50480", "2013-06-30": "2.69010", "2013-03-31": "10.84350", "2012-12-31": "7.02910", "2012-09-30": "6.48400", "2012-06-30": "12.93720", "2012-03-31": "7.80930", "2011-12-31": "7.32390", "2011-09-30": "7.87830", "2011-06-30": "4.68410", "2011-03-31": "1.33080", "2010-12-31": "22.90270", "2010-09-30": "11.26740", "2010-06-30": "4.04160", "2010-03-31": "7.93130", "2009-12-31": "16.93170", "2009-09-30": "11.81700", "2009-06-30": "6.27790", "2009-03-31": "3.30350", "2008-12-31": "-7.50440", "2008-09-30": "-34.23520", "2008-06-30": "13.59450", "2008-03-31": "6.53460", "2007-12-31": "14.32550", "2007-09-30": "14.90880", "2007-06-30": "18.36620", "2007-03-31": "15.94240", "2006-12-31": "18.66920", "2006-09-30": "16.40850", "2006-06-30": "14.70950", "2006-03-31": "12.36060", "2005-12-31": "21.24260", "2005-09-30": "-22.38020", "2005-06-30": "10.86190", "2005-03-31": "13.27970"}, "Asset Turnover": {"2020-09-30": "0.07250", "2020-06-30": "0.08020", "2020-03-31": "0.00930", "2019-12-31": "0.06890", "2019-09-30": "0.05490", "2019-06-30": "0.06700", "2019-03-31": "0.07120", "2018-12-31": "0.03130", "2018-09-30": "0.06580", "2018-06-30": "0.05980", "2018-03-31": "0.04790", "2017-12-31": "0.05070", "2017-09-30": "0.05280", "2017-06-30": "0.05450", "2017-03-31": "0.05350", "2016-12-31": "0.05520", "2016-09-30": "0.05420", "2016-06-30": "0.05220", "2016-03-31": "0.05360", "2015-12-31": "0.05700", "2015-09-30": "0.05330", "2015-06-30": "0.05140", "2015-03-31": "0.05160", "2014-12-31": "0.05300", "2014-09-30": "0.05180", "2014-06-30": "0.05000", "2014-03-31": "0.05070", "2013-12-31": "0.05340", "2013-09-30": "0.05010", "2013-06-30": "0.04390", "2013-03-31": "0.06250", "2012-12-31": "0.06430", "2012-09-30": "0.06180", "2012-06-30": "0.05790", "2012-03-31": "0.06180", "2011-12-31": "0.05940", "2011-09-30": "0.05950", "2011-06-30": "0.05640", "2011-03-31": "0.05630", "2010-12-31": "0.05650", "2010-09-30": "0.05310", "2010-06-30": "0.04990", "2010-03-31": "0.05190", "2009-12-31": "0.05380", "2009-09-30": "0.04900", "2009-06-30": "0.05380", "2009-03-31": "0.05270", "2008-12-31": "0.04580", "2008-09-30": "0.04180", "2008-06-30": "0.06020", "2008-03-31": "0.05120", "2007-12-31": "0.06440", "2007-09-30": "0.06060", "2007-06-30": "0.06470", "2007-03-31": "0.06210", "2006-12-31": "0.06440", "2006-09-30": "0.06360", "2006-06-30": "0.06350", "2006-03-31": "0.06370", "2005-12-31": "0.05910", "2005-09-30": "0.05010", "2005-06-30": "0.05970", "2005-03-31": "0.06180"}, "Inventory Turnover Ratio": {"2020-09-30": "", "2020-06-30": "", "2020-03-31": "", "2019-12-31": "", "2019-09-30": "", "2019-06-30": "", "2019-03-31": "", "2018-12-31": "", "2018-09-30": "", "2018-06-30": "", "2018-03-31": "", "2017-12-31": "", "2017-09-30": "", "2017-06-30": "", "2017-03-31": "", "2016-12-31": "", "2016-09-30": "", "2016-06-30": "", "2016-03-31": "", "2015-12-31": "", "2015-09-30": "", "2015-06-30": "", "2015-03-31": "", "2014-12-31": "", "2014-09-30": "", "2014-06-30": "", "2014-03-31": "", "2013-12-31": "", "2013-09-30": "", "2013-06-30": "", "2013-03-31": "", "2012-12-31": "", "2012-09-30": "", "2012-06-30": "", "2012-03-31": "", "2011-12-31": "", "2011-09-30": "", "2011-06-30": "", "2011-03-31": "", "2010-12-31": "", "2010-09-30": "", "2010-06-30": "", "2010-03-31": "", "2009-12-31": "", "2009-09-30": "", "2009-06-30": "", "2009-03-31": "", "2008-12-31": "", "2008-09-30": "", "2008-06-30": "", "2008-03-31": "", "2007-12-31": "", "2007-09-30": "", "2007-06-30": "", "2007-03-31": "", "2006-12-31": "", "2006-09-30": "", "2006-06-30": "", "2006-03-31": "", "2005-12-31": "", "2005-09-30": "", "2005-06-30": "", "2005-03-31": ""}, "Receiveable Turnover": {"2020-09-30": "", "2020-06-30": "", "2020-03-31": "", "2019-12-31": "", "2019-09-30": "", "2019-06-30": "", "2019-03-31": "", "2018-12-31": "", "2018-09-30": "", "2018-06-30": "", "2018-03-31": "", "2017-12-31": "", "2017-09-30": "", "2017-06-30": "", "2017-03-31": "", "2016-12-31": "", "2016-09-30": "", "2016-06-30": "", "2016-03-31": "", "2015-12-31": "", "2015-09-30": "", "2015-06-30": "", "2015-03-31": "", "2014-12-31": "", "2014-09-30": "", "2014-06-30": "", "2014-03-31": "", "2013-12-31": "", "2013-09-30": "", "2013-06-30": "", "2013-03-31": "", "2012-12-31": "", "2012-09-30": "", "2012-06-30": "", "2012-03-31": "", "2011-12-31": "", "2011-09-30": "", "2011-06-30": "", "2011-03-31": "", "2010-12-31": "", "2010-09-30": "", "2010-06-30": "", "2010-03-31": "", "2009-12-31": "", "2009-09-30": "", "2009-06-30": "", "2009-03-31": "", "2008-12-31": "", "2008-09-30": "", "2008-06-30": "", "2008-03-31": "", "2007-12-31": "", "2007-09-30": "", "2007-06-30": "", "2007-03-31": "", "2006-12-31": "", "2006-09-30": "", "2006-06-30": "", "2006-03-31": "", "2005-12-31": "", "2005-09-30": "", "2005-06-30": "", "2005-03-31": ""}, "Days Sales In Receivables": {"2020-09-30": "", "2020-06-30": "", "2020-03-31": "", "2019-12-31": "", "2019-09-30": "", "2019-06-30": "", "2019-03-31": "", "2018-12-31": "", "2018-09-30": "", "2018-06-30": "", "2018-03-31": "", "2017-12-31": "", "2017-09-30": "", "2017-06-30": "", "2017-03-31": "", "2016-12-31": "", "2016-09-30": "", "2016-06-30": "", "2016-03-31": "", "2015-12-31": "", "2015-09-30": "", "2015-06-30": "", "2015-03-31": "", "2014-12-31": "", "2014-09-30": "", "2014-06-30": "", "2014-03-31": "", "2013-12-31": "", "2013-09-30": "", "2013-06-30": "", "2013-03-31": "", "2012-12-31": "", "2012-09-30": "", "2012-06-30": "", "2012-03-31": "", "2011-12-31": "", "2011-09-30": "", "2011-06-30": "", "2011-03-31": "", "2010-12-31": "", "2010-09-30": "", "2010-06-30": "", "2010-03-31": "", "2009-12-31": "", "2009-09-30": "", "2009-06-30": "", "2009-03-31": "", "2008-12-31": "", "2008-09-30": "", "2008-06-30": "", "2008-03-31": "", "2007-12-31": "", "2007-09-30": "", "2007-06-30": "", "2007-03-31": "", "2006-12-31": "", "2006-09-30": "", "2006-06-30": "", "2006-03-31": "", "2005-12-31": "", "2005-09-30": "", "2005-06-30": "", "2005-03-31": ""}, "ROE - Return On Equity": {"2020-09-30": "4.01240", "2020-06-30": "8.61190", "2020-03-31": "-14.39920", "2019-12-31": "4.61720", "2019-09-30": "1.91780", "2019-06-30": "4.86390", "2019-03-31": "5.88200", "2018-12-31": "-8.27860", "2018-09-30": "4.18220", "2018-06-30": "2.95000", "2018-03-31": "-0.70370", "2017-12-31": "4.62370", "2017-09-30": "-2.93070", "2017-06-30": "1.69140", "2017-03-31": "0.82120", "2016-12-31": "1.56720", "2016-09-30": "0.97750", "2016-06-30": "0.95520", "2016-03-31": "1.98440", "2015-12-31": "2.52880", "2015-09-30": "1.35540", "2015-06-30": "1.19300", "2015-03-31": "2.46280", "2014-12-31": "1.55510", "2014-09-30": "1.06950", "2014-06-30": "0.57530", "2014-03-31": "1.26660", "2013-12-31": "1.48160", "2013-09-30": "1.03630", "2013-06-30": "0.45330", "2013-03-31": "2.14760", "2012-12-31": "1.49380", "2012-09-30": "1.35770", "2012-06-30": "2.48320", "2012-03-31": "1.57000", "2011-12-31": "1.54380", "2011-09-30": "1.66770", "2011-06-30": "0.94530", "2011-03-31": "0.30220", "2010-12-31": "4.40600", "2010-09-30": "2.05440", "2010-06-30": "0.72970", "2010-03-31": "1.47840", "2009-12-31": "3.35790", "2009-09-30": "2.19890", "2009-06-30": "1.40410", "2009-03-31": "0.75390", "2008-12-31": "-1.48450", "2008-09-30": "-6.15250", "2008-06-30": "3.30410", "2008-03-31": "1.29980", "2007-12-31": "3.54570", "2007-09-30": "3.60470", "2007-06-30": "4.94820", "2007-03-31": "4.15810", "2006-12-31": "5.28580", "2006-09-30": "5.26970", "2006-06-30": "5.20290", "2006-03-31": "4.49010", "2005-12-31": "7.21970", "2005-09-30": "-6.96400", "2005-06-30": "3.43560", "2005-03-31": "4.65020"}, "Return On Tangible Equity": {"2020-09-30": "6.06790", "2020-06-30": "13.42840", "2020-03-31": "-24.45470", "2019-12-31": "7.27470", "2019-09-30": "3.00450", "2019-06-30": "7.75850", "2019-03-31": "9.80510", "2018-12-31": "-14.66810", "2018-09-30": "6.05500", "2018-06-30": "4.35280", "2018-03-31": "-1.05550", "2017-12-31": "6.89850", "2017-09-30": "-4.02150", "2017-06-30": "2.18520", "2017-03-31": "1.04520", "2016-12-31": "2.00990", "2016-09-30": "1.25730", "2016-06-30": "1.23650", "2016-03-31": "2.59780", "2015-12-31": "3.37180", "2015-09-30": "1.73810", "2015-06-30": "1.53170", "2015-03-31": "3.15090", "2014-12-31": "2.02080", "2014-09-30": "1.42570", "2014-06-30": "0.75470", "2014-03-31": "1.68260", "2013-12-31": "1.92290", "2013-09-30": "1.36850", "2013-06-30": "0.60920", "2013-03-31": "2.89670", "2012-12-31": "2.04570", "2012-09-30": "1.84020", "2012-06-30": "3.40740", "2012-03-31": "2.13090", "2011-12-31": "2.07520", "2011-09-30": "2.17940", "2011-06-30": "1.22620", "2011-03-31": "0.39650", "2010-12-31": "5.51650", "2010-09-30": "2.45460", "2010-06-30": "0.88450", "2010-03-31": "1.78450", "2009-12-31": "4.09550", "2009-09-30": "2.51710", "2009-06-30": "1.64270", "2009-03-31": "0.89460", "2008-12-31": "-1.77940", "2008-09-30": "-7.22980", "2008-06-30": "3.83710", "2008-03-31": "1.49670", "2007-12-31": "4.07830", "2007-09-30": "4.16730", "2007-06-30": "5.76340", "2007-03-31": "4.83050", "2006-12-31": "6.20350", "2006-09-30": "6.36420", "2006-06-30": "6.46690", "2006-03-31": "5.60680", "2005-12-31": "9.01560", "2005-09-30": "-8.84820", "2005-06-30": "4.26240", "2005-03-31": "5.87620"}, "ROA - Return On Assets": {"2020-09-30": "1.13030", "2020-06-30": "2.38480", "2020-03-31": "-3.88740", "2019-12-31": "1.36500", "2019-09-30": "0.55070", "2019-06-30": "1.39060", "2019-03-31": "1.66250", "2018-12-31": "-2.26200", "2018-09-30": "1.20450", "2018-06-30": "0.84090", "2018-03-31": "-0.19960", "2017-12-31": "1.33920", "2017-09-30": "-0.91530", "2017-06-30": "0.55660", "2017-03-31": "0.26910", "2016-12-31": "0.51290", "2016-09-30": "0.31590", "2016-06-30": "0.30630", "2016-03-31": "0.63710", "2015-12-31": "0.79500", "2015-09-30": "0.41460", "2015-06-30": "0.36450", "2015-03-31": "0.76820", "2014-12-31": "0.46910", "2014-09-30": "0.30640", "2014-06-30": "0.16350", "2014-03-31": "0.35780", "2013-12-31": "0.41300", "2013-09-30": "0.28130", "2013-06-30": "0.12200", "2013-03-31": "0.68050", "2012-12-31": "0.46260", "2012-09-30": "0.41730", "2012-06-30": "0.75860", "2012-03-31": "0.48660", "2011-12-31": "0.45360", "2011-09-30": "0.48070", "2011-06-30": "0.27610", "2011-03-31": "0.08930", "2010-12-31": "1.29740", "2010-09-30": "0.59690", "2010-06-30": "0.20260", "2010-03-31": "0.41790", "2009-12-31": "0.91530", "2009-09-30": "0.58040", "2009-06-30": "0.34010", "2009-03-31": "0.17490", "2008-12-31": "-0.34040", "2008-09-30": "-1.43270", "2008-06-30": "0.81880", "2008-03-31": "0.33470", "2007-12-31": "0.92410", "2007-09-30": "0.90280", "2007-06-30": "1.18860", "2007-03-31": "0.98980", "2006-12-31": "1.20320", "2006-09-30": "1.04280", "2006-06-30": "0.93360", "2006-03-31": "0.78750", "2005-12-31": "1.25460", "2005-09-30": "-1.12210", "2005-06-30": "0.64890", "2005-03-31": "0.82010"}, "ROI - Return On Investment": {"2020-09-30": "2.94720", "2020-06-30": "6.20440", "2020-03-31": "-10.51590", "2019-12-31": "3.50050", "2019-09-30": "1.40350", "2019-06-30": "3.60770", "2019-03-31": "4.48470", "2018-12-31": "-6.22120", "2018-09-30": "3.20220", "2018-06-30": "2.23640", "2018-03-31": "-0.53030", "2017-12-31": "3.48650", "2017-09-30": "-2.29420", "2017-06-30": "1.32390", "2017-03-31": "0.63240", "2016-12-31": "1.20180", "2016-09-30": "0.74990", "2016-06-30": "0.73020", "2016-03-31": "1.55170", "2015-12-31": "1.96700", "2015-09-30": "1.05000", "2015-06-30": "0.92480", "2015-03-31": "1.91570", "2014-12-31": "1.19950", "2014-09-30": "0.81230", "2014-06-30": "0.43720", "2014-03-31": "0.95480", "2013-12-31": "1.10740", "2013-09-30": "0.76860", "2013-06-30": "0.33440", "2013-03-31": "1.51580", "2012-12-31": "1.07950", "2012-09-30": "0.97200", "2012-06-30": "1.82820", "2012-03-31": "1.15850", "2011-12-31": "1.11730", "2011-09-30": "1.20150", "2011-06-30": "0.68560", "2011-03-31": "0.22980", "2010-12-31": "3.34110", "2010-09-30": "1.55150", "2010-06-30": "0.54050", "2010-03-31": "1.10250", "2009-12-31": "2.49620", "2009-09-30": "1.62490", "2009-06-30": "1.06850", "2009-03-31": "0.56310", "2008-12-31": "-1.12600", "2008-09-30": "-4.90460", "2008-06-30": "2.67250", "2008-03-31": "1.03120", "2007-12-31": "2.81920", "2007-09-30": "2.84830", "2007-06-30": "3.78470", "2007-03-31": "3.15700", "2006-12-31": "3.84760", "2006-09-30": "3.54760", "2006-06-30": "3.52460", "2006-03-31": "3.00270", "2005-12-31": "4.82040", "2005-09-30": "-4.54820", "2005-06-30": "2.30580", "2005-03-31": "3.04720"}, "Book Value Per Share": {"2020-09-30": "864.25880", "2020-06-30": "828.27000", "2020-03-31": "706.52120", "2019-12-31": "803.13300", "2019-09-30": "769.19350", "2019-06-30": "753.15210", "2019-03-31": "708.59890", "2018-12-31": "655.26370", "2018-09-30": "704.41910", "2018-06-30": "682.51580", "2018-03-31": "670.82760", "2017-12-31": "683.37030", "2017-09-30": "641.05680", "2017-06-30": "643.23290", "2017-03-31": "620.16130", "2016-12-31": "606.76540", "2016-09-30": "609.98320", "2016-06-30": "603.64330", "2016-03-31": "590.38970", "2015-12-31": "561.68850", "2015-09-30": "552.22270", "2015-06-30": "555.42720", "2015-03-31": "564.85000", "2014-12-31": "544.47800", "2014-09-30": "514.60490", "2014-06-30": "511.89280", "2014-03-31": "494.53690", "2013-12-31": "477.47820", "2013-09-30": "462.58690", "2013-06-30": "451.87870", "2013-03-31": "431.61170", "2012-12-31": "403.88590", "2012-09-30": "395.46120", "2012-06-30": "379.84940", "2012-03-31": "380.81090", "2011-12-31": "352.15830", "2011-09-30": "340.82890", "2011-06-30": "345.37640", "2011-03-31": "335.74120", "2010-12-31": "328.01930", "2010-09-30": "316.40180", "2010-06-30": "293.39230", "2010-03-31": "298.02760", "2009-12-31": "284.31760", "2009-09-30": "274.32920", "2009-06-30": "239.67650", "2009-03-31": "222.13980", "2008-12-31": "222.22690", "2008-09-30": "235.72330", "2008-06-30": "252.39150", "2008-03-31": "263.16240", "2007-12-31": "265.25680", "2007-09-30": "257.30720", "2007-06-30": "245.99780", "2007-03-31": "238.33020", "2006-12-31": "229.77720", "2006-09-30": "204.44970", "2006-06-30": "179.89020", "2006-03-31": "176.54120", "2005-12-31": "174.04150", "2005-09-30": "162.80410", "2005-06-30": "177.97790", "2005-03-31": "165.47480"}, "Operating Cash Flow Per Share": {"2020-09-30": 55.8787, "2020-06-30": 30.6081, "2020-03-31": "4.75410", "2019-12-31": 40.4358, "2019-09-30": 33.3995, "2019-06-30": 16.6076, "2019-03-31": "1.34590", "2018-12-31": 9.3928, "2018-09-30": 32.6899, "2018-06-30": 17.906, "2018-03-31": "4.13950", "2017-12-31": 18.5021, "2017-09-30": 25.8221, "2017-06-30": 16.1225, "2017-03-31": "0.85050", "2016-12-31": 14.9473, "2016-09-30": 18.0445, "2016-06-30": 12.4139, "2016-03-31": "-7.42990", "2015-12-31": 7.1691, "2015-09-30": 22.2003, "2015-06-30": 15.316, "2015-03-31": "1.62360", "2014-12-31": 12.8167, "2014-09-30": 21.3081, "2014-06-30": 15.2724, "2014-03-31": "1.59460", "2013-12-31": 20.6416, "2013-09-30": 19.4164, "2013-06-30": 13.4288, "2013-03-31": "5.74740", "2012-12-31": 15.8095, "2012-09-30": 13.9747, "2012-06-30": 17.4838, "2012-03-31": "-6.65830", "2011-12-31": 5.1403, "2011-09-30": 16.5843, "2011-06-30": 11.2274, "2011-03-31": "-0.94320", "2010-12-31": 5.1123, "2010-09-30": 11.2257, "2010-06-30": 6.042, "2010-03-31": "0.43970", "2009-12-31": 6.5028, "2009-09-30": 10.51, "2009-06-30": 10.4405, "2009-03-31": "1.29320", "2008-12-31": 4.9578, "2008-09-30": 11.7841, "2008-06-30": 18.5502, "2008-03-31": "4.90640", "2007-12-31": 11.3185, "2007-09-30": 14.653, "2007-06-30": 17.2589, "2007-03-31": "6.51680", "2006-12-31": 14.6407, "2006-09-30": 19.4832, "2006-06-30": 17.255, "2006-03-31": "-0.51430", "2005-12-31": 9.7217, "2005-09-30": 18.8519, "2005-06-30": 14.0961, "2005-03-31": "10.69390"}, "Free Cash Flow Per Share": {"2020-09-30": 55.7237, "2020-06-30": 29.1219, "2020-03-31": "2.61690", "2019-12-31": 37.2825, "2019-09-30": 30.2192, "2019-06-30": 14.8295, "2019-03-31": "0.56950", "2018-12-31": 7.285, "2018-09-30": 30.8764, "2018-06-30": 15.841, "2018-03-31": "2.46990", "2017-12-31": 16.7532, "2017-09-30": 24.7788, "2017-06-30": 14.7141, "2017-03-31": "-0.27890", "2016-12-31": 13.9432, "2016-09-30": 16.984, "2016-06-30": 11.0142, "2016-03-31": "-8.48860", "2015-12-31": 5.91, "2015-09-30": 20.5586, "2015-06-30": 14.2233, "2015-03-31": "-0.05500", "2014-12-31": 10.698, "2014-09-30": 18.8615, "2014-06-30": 14.7578, "2014-03-31": "0.83170", "2013-12-31": 19.459, "2013-09-30": 18.9181, "2013-06-30": 12.8118, "2013-03-31": "4.25330", "2012-12-31": 14.5674, "2012-09-30": 12.8728, "2012-06-30": 16.4542, "2012-03-31": "-7.99390", "2011-12-31": 3.4351, "2011-09-30": 14.8903, "2011-06-30": 9.7599, "2011-03-31": "-2.25910", "2010-12-31": 3.755, "2010-09-30": 8.2802, "2010-06-30": 6.042, "2010-03-31": "0.43970", "2009-12-31": 4.2734, "2009-09-30": 10.51, "2009-06-30": 10.4405, "2009-03-31": "1.29320", "2008-12-31": 3.1683, "2008-09-30": 11.7841, "2008-06-30": 18.5502, "2008-03-31": "4.90640", "2007-12-31": 9.8663, "2007-09-30": 14.653, "2007-06-30": 17.2589, "2007-03-31": "6.51680", "2006-12-31": 13.7237, "2006-09-30": 19.4832, "2006-06-30": 17.255, "2006-03-31": "-0.51430", "2005-12-31": 6.8215, "2005-09-30": 18.8519, "2005-06-30": 14.0961, "2005-03-31": "10.69390"}}, "revenue": {"Markel Annual Revenue (Millions of US $)": {"2019": "$9,526", "2018": "$6,841", "2017": "$6,062", "2016": "$5,612", "2015": "$5,370", "2014": "$5,134", "2013": "$4,323", "2012": "$3,000", "2011": "$2,630", "2010": "$2,225", "2009": "$2,069", "2008": "$1,977", "2007": "$2,551", "2006": "$2,519", "2005": "$2,200"}, "Markel Quarterly Revenue (Millions of US $)": {"2020-09-30": "$2,912", "2020-06-30": "$3,132", "2020-03-31": "$336", "2019-12-31": "$2,582", "2019-09-30": "$2,033", "2019-06-30": "$2,439", "2019-03-31": "$2,472", "2018-12-31": "$1,043", "2018-09-30": "$2,236", "2018-06-30": "$1,987", "2018-03-31": "$1,575", "2017-12-31": "$1,662", "2017-09-30": "$1,506", "2017-06-30": "$1,481", "2017-03-31": "$1,412", "2016-12-31": "$1,429", "2016-09-30": "$1,431", "2016-06-30": "$1,376", "2016-03-31": "$1,376", "2015-12-31": "$1,420", "2015-09-30": "$1,343", "2015-06-30": "$1,305", "2015-03-31": "$1,302", "2014-12-31": "$1,336", "2014-09-30": "$1,299", "2014-06-30": "$1,259", "2014-03-31": "$1,240", "2013-12-31": "$1,280", "2013-09-30": "$1,192", "2013-06-30": "$1,032", "2013-03-31": "$820", "2012-12-31": "$808", "2012-09-30": "$766", "2012-06-30": "$693", "2012-03-31": "$733", "2011-12-31": "$685", "2011-09-30": "$676", "2011-06-30": "$647", "2011-03-31": "$622", "2010-12-31": "$612", "2010-09-30": "$561", "2010-06-30": "$515", "2010-03-31": "$537", "2009-12-31": "$551", "2009-09-30": "$500", "2009-06-30": "$522", "2009-03-31": "$495", "2008-12-31": "$436", "2008-09-30": "$416", "2008-06-30": "$605", "2008-03-31": "$520", "2007-12-31": "$652", "2007-09-30": "$619", "2007-06-30": "$660", "2007-03-31": "$619", "2006-12-31": "$650", "2006-09-30": "$634", "2006-06-30": "$615", "2006-03-31": "$620", "2005-12-31": "$580", "2005-09-30": "$496", "2005-06-30": "$554", "2005-03-31": "$570"}}, "gross-profit": {"Markel Annual Gross Profit (Millions of US $)": {"2019": "$4,757", "2018": "$2,243", "2017": "$1,606", "2016": "$2,064", "2015": "$1,976", "2014": "$1,470", "2013": "$1,194", "2012": "$917", "2011": "$610", "2010": "$554", "2009": "$340", "2008": "$-31", "2007": "$698", "2006": "$619", "2005": "$250"}, "Markel Quarterly Gross Profit (Millions of US $)": {"2020-09-30": "$1,556", "2020-06-30": "$1,929", "2020-03-31": "$-1,236", "2019-12-31": "$1,323", "2019-09-30": "$806", "2019-06-30": "$1,299", "2019-03-31": "$1,330", "2018-12-31": "$-286", "2018-09-30": "$1,057", "2018-06-30": "$936", "2018-03-31": "$536", "2017-12-31": "$589", "2017-09-30": "$34", "2017-06-30": "$557", "2017-03-31": "$427", "2016-12-31": "$558", "2016-09-30": "$479", "2016-06-30": "$489", "2016-03-31": "$538", "2015-12-31": "$581", "2015-09-30": "$492", "2015-06-30": "$389", "2015-03-31": "$514", "2014-12-31": "$468", "2014-09-30": "$378", "2014-06-30": "$283", "2014-03-31": "$342", "2013-12-31": "$359", "2013-09-30": "$306", "2013-06-30": "$226", "2013-03-31": "$303", "2012-12-31": "$233", "2012-09-30": "$230", "2012-06-30": "$247", "2012-03-31": "$206", "2011-12-31": "$194", "2011-09-30": "$167", "2011-06-30": "$144", "2011-03-31": "$105", "2010-12-31": "$194", "2010-09-30": "$155", "2010-06-30": "$85", "2010-03-31": "$120", "2009-12-31": "$140", "2009-09-30": "$70", "2009-06-30": "$70", "2009-03-31": "$60", "2008-12-31": "$9", "2008-09-30": "$-227", "2008-06-30": "$126", "2008-03-31": "$60", "2007-12-31": "$200", "2007-09-30": "$152", "2007-06-30": "$188", "2007-03-31": "$158", "2006-12-31": "$183", "2006-09-30": "$161", "2006-06-30": "$148", "2006-03-31": "$127", "2005-12-31": "$174", "2005-09-30": "$-150", "2005-06-30": "$102", "2005-03-31": "$124"}}, "operating-income": {"Markel Annual Operating Income (Millions of US $)": {"2019": "$2,477", "2018": "$40", "2017": "$217", "2016": "$805", "2015": "$860", "2014": "$558", "2013": "$476", "2012": "$405", "2011": "$276", "2010": "$369", "2009": "$253", "2008": "$-112", "2007": "$630", "2006": "$619", "2005": "$250"}, "Markel Quarterly Operating Income (Millions of US $)": {"2020-09-30": "$692", "2020-06-30": "$1,242", "2020-03-31": "$-1,805", "2019-12-31": "$754", "2019-09-30": "$262", "2019-06-30": "$666", "2019-03-31": "$795", "2018-12-31": "$-932", "2018-09-30": "$556", "2018-06-30": "$311", "2018-03-31": "$105", "2017-12-31": "$179", "2017-09-30": "$-330", "2017-06-30": "$240", "2017-03-31": "$127", "2016-12-31": "$214", "2016-09-30": "$153", "2016-06-30": "$194", "2016-03-31": "$245", "2015-12-31": "$279", "2015-09-30": "$183", "2015-06-30": "$130", "2015-03-31": "$269", "2014-12-31": "$195", "2014-09-30": "$133", "2014-06-30": "$84", "2014-03-31": "$146", "2013-12-31": "$137", "2013-09-30": "$123", "2013-06-30": "$74", "2013-03-31": "$141", "2012-12-31": "$90", "2012-09-30": "$77", "2012-06-30": "$141", "2012-03-31": "$97", "2011-12-31": "$97", "2011-09-30": "$91", "2011-06-30": "$59", "2011-03-31": "$30", "2010-12-31": "$131", "2010-09-30": "$110", "2010-06-30": "$48", "2010-03-31": "$81", "2009-12-31": "$110", "2009-09-30": "$54", "2009-06-30": "$52", "2009-03-31": "$36", "2008-12-31": "$-68", "2008-09-30": "$-228", "2008-06-30": "$125", "2008-03-31": "$59", "2007-12-31": "$133", "2007-09-30": "$152", "2007-06-30": "$188", "2007-03-31": "$158", "2006-12-31": "$183", "2006-09-30": "$161", "2006-06-30": "$148", "2006-03-31": "$127", "2005-12-31": "$174", "2005-09-30": "$-150", "2005-06-30": "$102", "2005-03-31": "$124"}}, "ebitda": {"Markel Annual EBITDA (Millions of US $)": {"2019": "$2,747", "2018": "$467", "2017": "$420", "2016": "$1,018", "2015": "$1,061", "2014": "$761", "2013": "$666", "2012": "$492", "2011": "$347", "2010": "$423", "2009": "$284", "2008": "$-80", "2007": "$663", "2006": "$653", "2005": "$286"}, "Markel Quarterly EBITDA (Millions of US $)": {"2020-09-30": "$692", "2020-06-30": "$1,242", "2020-03-31": "$-1,805", "2019-12-31": "$754", "2019-09-30": "$262", "2019-06-30": "$666", "2019-03-31": "$795", "2018-12-31": "$-932", "2018-09-30": "$556", "2018-06-30": "$311", "2018-03-31": "$105", "2017-12-31": "$179", "2017-09-30": "$-330", "2017-06-30": "$240", "2017-03-31": "$127", "2016-12-31": "$214", "2016-09-30": "$153", "2016-06-30": "$194", "2016-03-31": "$245", "2015-12-31": "$279", "2015-09-30": "$183", "2015-06-30": "$130", "2015-03-31": "$269", "2014-12-31": "$195", "2014-09-30": "$133", "2014-06-30": "$84", "2014-03-31": "$146", "2013-12-31": "$137", "2013-09-30": "$123", "2013-06-30": "$74", "2013-03-31": "$141", "2012-12-31": "$90", "2012-09-30": "$77", "2012-06-30": "$141", "2012-03-31": "$97", "2011-12-31": "$97", "2011-09-30": "$91", "2011-06-30": "$59", "2011-03-31": "$30", "2010-12-31": "$131", "2010-09-30": "$110", "2010-06-30": "$48", "2010-03-31": "$81", "2009-12-31": "$110", "2009-09-30": "$54", "2009-06-30": "$52", "2009-03-31": "$36", "2008-12-31": "$-68", "2008-09-30": "$-228", "2008-06-30": "$125", "2008-03-31": "$59", "2007-12-31": "$133", "2007-09-30": "$152", "2007-06-30": "$188", "2007-03-31": "$158", "2006-12-31": "$183", "2006-09-30": "$161", "2006-06-30": "$148", "2006-03-31": "$127", "2005-12-31": "$174", "2005-09-30": "$-150", "2005-06-30": "$102", "2005-03-31": "$124"}}, "net-income": {"Markel Annual Net Income (Millions of US $)": {"2019": "$1,790", "2018": "$-128", "2017": "$395", "2016": "$456", "2015": "$583", "2014": "$321", "2013": "$281", "2012": "$253", "2011": "$142", "2010": "$267", "2009": "$202", "2008": "$-59", "2007": "$406", "2006": "$393", "2005": "$148"}, "Markel Quarterly Net Income (Millions of US $)": {"2020-09-30": "$453", "2020-06-30": "$922", "2020-03-31": "$-1,406", "2019-12-31": "$511", "2019-09-30": "$206", "2019-06-30": "$497", "2019-03-31": "$576", "2018-12-31": "$-752", "2018-09-30": "$409", "2018-06-30": "$278", "2018-03-31": "$-64", "2017-12-31": "$435", "2017-09-30": "$-259", "2017-06-30": "$150", "2017-03-31": "$70", "2016-12-31": "$133", "2016-09-30": "$84", "2016-06-30": "$79", "2016-03-31": "$160", "2015-12-31": "$198", "2015-09-30": "$103", "2015-06-30": "$91", "2015-03-31": "$191", "2014-12-31": "$118", "2014-09-30": "$76", "2014-06-30": "$40", "2014-03-31": "$88", "2013-12-31": "$99", "2013-09-30": "$66", "2013-06-30": "$28", "2013-03-31": "$89", "2012-12-31": "$57", "2012-09-30": "$50", "2012-06-30": "$90", "2012-03-31": "$57", "2011-12-31": "$50", "2011-09-30": "$53", "2011-06-30": "$30", "2011-03-31": "$8", "2010-12-31": "$140", "2010-09-30": "$63", "2010-06-30": "$21", "2010-03-31": "$43", "2009-12-31": "$93", "2009-09-30": "$59", "2009-06-30": "$33", "2009-03-31": "$16", "2008-12-31": "$-33", "2008-09-30": "$-142", "2008-06-30": "$82", "2008-03-31": "$34", "2007-12-31": "$93", "2007-09-30": "$92", "2007-06-30": "$121", "2007-03-31": "$99", "2006-12-31": "$121", "2006-09-30": "$104", "2006-06-30": "$90", "2006-03-31": "$77", "2005-12-31": "$123", "2005-09-30": "$-111", "2005-06-30": "$60", "2005-03-31": "$76"}}, "eps-earnings-per-share-diluted": {"Markel Annual EPS": {"2019": "$129.07", "2018": "$-9.55", "2017": "$25.81", "2016": "$31.27", "2015": "$41.74", "2014": "$22.27", "2013": "$22.48", "2012": "$25.89", "2011": "$14.60", "2010": "$27.27", "2009": "$20.52", "2008": "$-5.95", "2007": "$40.64", "2006": "$39.40", "2005": "$14.80"}, "Markel Quarterly EPS": {"2020-09-30": "$31.03", "2020-06-30": "$65.75", "2020-03-31": "$-100.60", "2019-12-31": "$36.29", "2019-09-30": "$13.95", "2019-06-30": "$36.07", "2019-03-31": "$42.76", "2018-12-31": "$-53.77", "2018-09-30": "$28.50", "2018-06-30": "$19.97", "2018-03-31": "$-4.25", "2017-12-31": "$30.42", "2017-09-30": "$-18.82", "2017-06-30": "$10.31", "2017-03-31": "$3.90", "2016-12-31": "$9.11", "2016-09-30": "$5.60", "2016-06-30": "$5.41", "2016-03-31": "$11.15", "2015-12-31": "$14.14", "2015-09-30": "$7.39", "2015-06-30": "$6.72", "2015-03-31": "$13.49", "2014-12-31": "$8.06", "2014-09-30": "$5.30", "2014-06-30": "$2.66", "2014-03-31": "$6.25", "2013-12-31": "$6.07", "2013-09-30": "$4.67", "2013-06-30": "$2.24", "2013-03-31": "$9.50", "2012-12-31": "$6.23", "2012-09-30": "$5.32", "2012-06-30": "$8.42", "2012-03-31": "$5.92", "2011-12-31": "$5.16", "2011-09-30": "$5.48", "2011-06-30": "$3.11", "2011-03-31": "$0.85", "2010-12-31": "$14.34", "2010-09-30": "$6.48", "2010-06-30": "$2.12", "2010-03-31": "$4.33", "2009-12-31": "$9.49", "2009-09-30": "$6.02", "2009-06-30": "$3.34", "2009-03-31": "$1.67", "2008-12-31": "$-3.19", "2008-09-30": "$-14.46", "2008-06-30": "$8.29", "2008-03-31": "$3.41", "2007-12-31": "$9.35", "2007-09-30": "$9.26", "2007-06-30": "$12.15", "2007-03-31": "$9.88", "2006-12-31": "$12.15", "2006-09-30": "$10.47", "2006-06-30": "$9.11", "2006-03-31": "$7.67", "2005-12-31": "$12.69", "2005-09-30": "$-11.31", "2005-06-30": "$5.95", "2005-03-31": "$7.47"}}, "shares-outstanding": {"Markel Annual Shares Outstanding (Millions of Shares)": {"2019": "14", "2018": "14", "2017": "14", "2016": "14", "2015": "14", "2014": "14", "2013": "13", "2012": "10", "2011": "10", "2010": "10", "2009": "10", "2008": "10", "2007": "10", "2006": "10", "2005": "10"}, "Markel Quarterly Shares Outstanding (Millions of Shares)": {"2020-09-30": "14", "2020-06-30": "14", "2020-03-31": "14", "2019-12-31": "14", "2019-09-30": "14", "2019-06-30": "14", "2019-03-31": "14", "2018-12-31": "14", "2018-09-30": "14", "2018-06-30": "14", "2018-03-31": "14", "2017-12-31": "14", "2017-09-30": "14", "2017-06-30": "14", "2017-03-31": "14", "2016-12-31": "14", "2016-09-30": "14", "2016-06-30": "14", "2016-03-31": "14", "2015-12-31": "14", "2015-09-30": "14", "2015-06-30": "14", "2015-03-31": "14", "2014-12-31": "14", "2014-09-30": "14", "2014-06-30": "14", "2014-03-31": "14", "2013-12-31": "13", "2013-09-30": "14", "2013-06-30": "13", "2013-03-31": "10", "2012-12-31": "10", "2012-09-30": "10", "2012-06-30": "10", "2012-03-31": "10", "2011-12-31": "10", "2011-09-30": "10", "2011-06-30": "10", "2011-03-31": "10", "2010-12-31": "10", "2010-09-30": "10", "2010-06-30": "10", "2010-03-31": "10", "2009-12-31": "10", "2009-09-30": "10", "2009-06-30": "10", "2009-03-31": "10", "2008-12-31": "10", "2008-09-30": "10", "2008-06-30": "10", "2008-03-31": "10", "2007-12-31": "10", "2007-09-30": "10", "2007-06-30": "10", "2007-03-31": "10", "2006-12-31": "10", "2006-09-30": "10", "2006-06-30": "10", "2006-03-31": "10", "2005-12-31": "10", "2005-09-30": "10", "2005-06-30": "10", "2005-03-31": "10"}}, "total-assets": {"Markel Annual Total Assets (Millions of US $)": {"2019": "$37,474", "2018": "$33,306", "2017": "$32,805", "2016": "$25,875", "2015": "$24,939", "2014": "$25,200", "2013": "$23,956", "2012": "$12,557", "2011": "$11,532", "2010": "$10,826", "2009": "$10,242", "2008": "$9,512", "2007": "$10,134", "2006": "$10,088", "2005": "$9,814"}, "Markel Quarterly Total Assets (Millions of US $)": {"2020-09-30": "$40,170", "2020-06-30": "$39,068", "2020-03-31": "$36,049", "2019-12-31": "$37,474", "2019-09-30": "$37,036", "2019-06-30": "$36,422", "2019-03-31": "$34,737", "2018-12-31": "$33,306", "2018-09-30": "$33,958", "2018-06-30": "$33,247", "2018-03-31": "$32,866", "2017-12-31": "$32,805", "2017-09-30": "$28,519", "2017-06-30": "$27,203", "2017-03-31": "$26,401", "2016-12-31": "$25,875", "2016-09-30": "$26,404", "2016-06-30": "$26,336", "2016-03-31": "$25,685", "2015-12-31": "$24,939", "2015-09-30": "$25,182", "2015-06-30": "$25,366", "2015-03-31": "$25,253", "2014-12-31": "$25,200", "2014-09-30": "$25,076", "2014-06-30": "$25,166", "2014-03-31": "$24,453", "2013-12-31": "$23,956", "2013-09-30": "$23,809", "2013-06-30": "$23,500", "2013-03-31": "$13,118", "2012-12-31": "$12,557", "2012-09-30": "$12,383", "2012-06-30": "$11,965", "2012-03-31": "$11,859", "2011-12-31": "$11,532", "2011-09-30": "$11,372", "2011-06-30": "$11,465", "2011-03-31": "$11,042", "2010-12-31": "$10,826", "2010-09-30": "$10,581", "2010-06-30": "$10,324", "2010-03-31": "$10,340", "2009-12-31": "$10,242", "2009-09-30": "$10,202", "2009-06-30": "$9,711", "2009-03-31": "$9,396", "2008-12-31": "$9,512", "2008-09-30": "$9,931", "2008-06-30": "$10,044", "2008-03-31": "$10,156", "2007-12-31": "$10,134", "2007-09-30": "$10,230", "2007-06-30": "$10,197", "2007-03-31": "$9,970", "2006-12-31": "$10,088", "2006-09-30": "$9,982", "2006-06-30": "$9,686", "2006-03-31": "$9,725", "2005-12-31": "$9,814", "2005-09-30": "$9,901", "2005-06-30": "$9,272", "2005-03-31": "$9,232"}}, "cash-on-hand": {"Markel Annual Cash on Hand (Millions of US $)": {"2019": "$3,500", "2018": "$2,396", "2017": "$2,501", "2016": "$2,085", "2015": "$3,070", "2014": "$2,482", "2013": "$2,765", "2012": "$973", "2011": "$775", "2010": "$745", "2009": "$850", "2008": "$640", "2007": "$478", "2006": "$555", "2005": "$334"}, "Markel Quarterly Cash on Hand (Millions of US $)": {"2020-09-30": "$5,263", "2020-06-30": "$5,627", "2020-03-31": "$4,458", "2019-12-31": "$3,500", "2019-09-30": "$3,200", "2019-06-30": "$2,641", "2019-03-31": "$2,764", "2018-12-31": "$2,396", "2018-09-30": "$2,627", "2018-06-30": "$2,244", "2018-03-31": "$2,442", "2017-12-31": "$2,501", "2017-09-30": "$2,356", "2017-06-30": "$2,586", "2017-03-31": "$2,115", "2016-12-31": "$2,085", "2016-09-30": "$2,540", "2016-06-30": "$2,362", "2016-03-31": "$2,739", "2015-12-31": "$3,070", "2015-09-30": "$2,633", "2015-06-30": "$2,375", "2015-03-31": "$2,509", "2014-12-31": "$2,482", "2014-09-30": "$2,349", "2014-06-30": "$2,527", "2014-03-31": "$2,785", "2013-12-31": "$2,765", "2013-09-30": "$2,715", "2013-06-30": "$2,099", "2013-03-31": "$899", "2012-12-31": "$973", "2012-09-30": "$835", "2012-06-30": "$837", "2012-03-31": "$692", "2011-12-31": "$775", "2011-09-30": "$920", "2011-06-30": "$768", "2011-03-31": "$650", "2010-12-31": "$745", "2010-09-30": "$818", "2010-06-30": "$687", "2010-03-31": "$638", "2009-12-31": "$850", "2009-09-30": "$1,038", "2009-06-30": "$686", "2009-03-31": "$647", "2008-12-31": "$640", "2008-09-30": "$588", "2008-06-30": "$682", "2008-03-31": "$612", "2007-12-31": "$478", "2007-09-30": "$384", "2007-06-30": "$403", "2007-03-31": "$403", "2006-12-31": "$555", "2006-09-30": "$404", "2006-06-30": "$334", "2006-03-31": "$288", "2005-12-31": "$334", "2005-09-30": "$377", "2005-06-30": "$392", "2005-03-31": "$332"}}, "long-term-debt": {"Markel Annual Long Term Debt (Millions of US $)": {"2019": "$3,534", "2018": "$3,010", "2017": "$3,099", "2016": "$2,575", "2015": "$2,239", "2014": "$2,254", "2013": "$2,256", "2012": "$1,493", "2011": "$1,294", "2010": "$1,016", "2009": "$964", "2008": "$694", "2007": "$681", "2006": "$858", "2005": "$849"}, "Markel Quarterly Long Term Debt (Millions of US $)": {"2020-09-30": "$3,498", "2020-06-30": "$3,606", "2020-03-31": "$3,594", "2019-12-31": "$3,534", "2019-09-30": "$3,897", "2019-06-30": "$3,626", "2019-03-31": "$3,059", "2018-12-31": "$3,010", "2018-09-30": "$2,993", "2018-06-30": "$3,024", "2018-03-31": "$3,048", "2017-12-31": "$3,099", "2017-09-30": "$2,471", "2017-06-30": "$2,486", "2017-03-31": "$2,582", "2016-12-31": "$2,575", "2016-09-30": "$2,589", "2016-06-30": "$2,602", "2016-03-31": "$2,300", "2015-12-31": "$2,239", "2015-09-30": "$2,241", "2015-06-30": "$2,247", "2015-03-31": "$2,250", "2014-12-31": "$2,254", "2014-09-30": "$2,274", "2014-06-30": "$2,259", "2014-03-31": "$2,256", "2013-12-31": "$2,256", "2013-09-30": "$2,250", "2013-06-30": "$2,250", "2013-03-31": "$1,732", "2012-12-31": "$1,493", "2012-09-30": "$1,511", "2012-06-30": "$1,310", "2012-03-31": "$1,306", "2011-12-31": "$1,294", "2011-09-30": "$1,272", "2011-06-30": "$1,268", "2011-03-31": "$1,028", "2010-12-31": "$1,016", "2010-09-30": "$997", "2010-06-30": "$1,004", "2010-03-31": "$996", "2009-12-31": "$964", "2009-09-30": "$951", "2009-06-30": "$739", "2009-03-31": "$739", "2008-12-31": "$694", "2008-09-30": "$588", "2008-06-30": "$588", "2008-03-31": "$681", "2007-12-31": "$681", "2007-09-30": "$680", "2007-06-30": "$753", "2007-03-31": "$752", "2006-12-31": "$858", "2006-09-30": "$959", "2006-06-30": "$828", "2006-03-31": "$845", "2005-12-31": "$849", "2005-09-30": "$847", "2005-06-30": "$858", "2005-03-31": "$857"}}, "total-liabilities": {"Markel Annual Total Liabilities (Millions of US $)": {"2019": "$26,395", "2018": "$24,206", "2017": "$23,303", "2016": "$17,408", "2015": "$17,099", "2014": "$17,598", "2013": "$17,278", "2012": "$8,668", "2011": "$8,144", "2010": "$7,638", "2009": "$7,450", "2008": "$7,331", "2007": "$7,493", "2006": "$7,792", "2005": "$8,109"}, "Markel Quarterly Total Liabilities (Millions of US $)": {"2020-09-30": "$28,262", "2020-06-30": "$27,657", "2020-03-31": "$26,316", "2019-12-31": "$26,395", "2019-09-30": "$26,401", "2019-06-30": "$26,009", "2019-03-31": "$24,918", "2018-12-31": "$24,206", "2018-09-30": "$24,178", "2018-06-30": "$23,770", "2018-03-31": "$23,545", "2017-12-31": "$23,303", "2017-09-30": "$19,613", "2017-06-30": "$18,251", "2017-03-31": "$17,749", "2016-12-31": "$17,408", "2016-09-30": "$17,869", "2016-06-30": "$17,890", "2016-03-31": "$17,439", "2015-12-31": "$17,099", "2015-09-30": "$17,478", "2015-06-30": "$17,616", "2015-03-31": "$17,376", "2014-12-31": "$17,598", "2014-09-30": "$17,893", "2014-06-30": "$18,015", "2014-03-31": "$17,545", "2013-12-31": "$17,278", "2013-09-30": "$17,346", "2013-06-30": "$17,174", "2013-03-31": "$8,962", "2012-12-31": "$8,668", "2012-09-30": "$8,577", "2012-06-30": "$8,310", "2012-03-31": "$8,183", "2011-12-31": "$8,144", "2011-09-30": "$8,094", "2011-06-30": "$8,116", "2011-03-31": "$7,778", "2010-12-31": "$7,638", "2010-09-30": "$7,507", "2010-06-30": "$7,458", "2010-03-31": "$7,417", "2009-12-31": "$7,450", "2009-09-30": "$7,509", "2009-06-30": "$7,359", "2009-03-31": "$7,216", "2008-12-31": "$7,331", "2008-09-30": "$7,618", "2008-06-30": "$7,555", "2008-03-31": "$7,541", "2007-12-31": "$7,493", "2007-09-30": "$7,668", "2007-06-30": "$7,748", "2007-03-31": "$7,597", "2006-12-31": "$7,792", "2006-09-30": "$8,007", "2006-06-30": "$7,948", "2006-03-31": "$8,020", "2005-12-31": "$8,109", "2005-09-30": "$8,306", "2005-06-30": "$7,521", "2005-03-31": "$7,604"}}, "total-share-holder-equity": {"Markel Annual Share Holder Equity (Millions of US $)": {"2019": "$11,078", "2018": "$9,100", "2017": "$9,502", "2016": "$8,467", "2015": "$7,841", "2014": "$7,602", "2013": "$6,678", "2012": "$3,889", "2011": "$3,388", "2010": "$3,188", "2009": "$2,792", "2008": "$2,181", "2007": "$2,641", "2006": "$2,296", "2005": "$1,705"}, "Markel Quarterly Share Holder Equity (Millions of US $)": {"2020-09-30": "$11,908", "2020-06-30": "$11,410", "2020-03-31": "$9,732", "2019-12-31": "$11,078", "2019-09-30": "$10,635", "2019-06-30": "$10,413", "2019-03-31": "$9,818", "2018-12-31": "$9,100", "2018-09-30": "$9,780", "2018-06-30": "$9,477", "2018-03-31": "$9,321", "2017-12-31": "$9,502", "2017-09-30": "$8,907", "2017-06-30": "$8,953", "2017-03-31": "$8,651", "2016-12-31": "$8,467", "2016-09-30": "$8,534", "2016-06-30": "$8,446", "2016-03-31": "$8,247", "2015-12-31": "$7,841", "2015-09-30": "$7,704", "2015-06-30": "$7,750", "2015-03-31": "$7,877", "2014-12-31": "$7,602", "2014-09-30": "$7,183", "2014-06-30": "$7,152", "2014-03-31": "$6,908", "2013-12-31": "$6,678", "2013-09-30": "$6,462", "2013-06-30": "$6,326", "2013-03-31": "$4,156", "2012-12-31": "$3,889", "2012-09-30": "$3,806", "2012-06-30": "$3,655", "2012-03-31": "$3,676", "2011-12-31": "$3,388", "2011-09-30": "$3,278", "2011-06-30": "$3,348", "2011-03-31": "$3,263", "2010-12-31": "$3,188", "2010-09-30": "$3,074", "2010-06-30": "$2,866", "2010-03-31": "$2,922", "2009-12-31": "$2,792", "2009-09-30": "$2,693", "2009-06-30": "$2,352", "2009-03-31": "$2,180", "2008-12-31": "$2,181", "2008-09-30": "$2,313", "2008-06-30": "$2,489", "2008-03-31": "$2,615", "2007-12-31": "$2,641", "2007-09-30": "$2,562", "2007-06-30": "$2,449", "2007-03-31": "$2,373", "2006-12-31": "$2,296", "2006-09-30": "$1,975", "2006-06-30": "$1,738", "2006-03-31": "$1,706", "2005-12-31": "$1,705", "2005-09-30": "$1,595", "2005-06-30": "$1,751", "2005-03-31": "$1,628"}}, "profit-margins": {"current": "8.41%"}, "gross margin": {"2020-09-30": "39.86%", "2020-06-30": "34.91%", "2020-03-31": "29.66%", "2019-12-31": "49.95%", "2019-09-30": "39.43%", "2019-06-30": "41.51%", "2019-03-31": "39.25%", "2018-12-31": "32.79%", "2018-09-30": "41.80%", "2018-06-30": "31.13%", "2018-03-31": "27.57%", "2017-12-31": "26.51%", "2017-09-30": "27.04%", "2017-06-30": "35.13%", "2017-03-31": "34.58%", "2016-12-31": "36.78%", "2016-09-30": "37.25%", "2016-06-30": "38.08%", "2016-03-31": "36.74%", "2015-12-31": "36.80%", "2015-09-30": "35.24%", "2015-06-30": "33.37%", "2015-03-31": "31.62%", "2014-12-31": "28.65%", "2014-09-30": "26.82%", "2014-06-30": "25.95%", "2014-03-31": "25.99%", "2013-12-31": "27.61%", "2013-09-30": "27.73%", "2013-06-30": "28.96%", "2013-03-31": "32.82%", "2012-12-31": "30.53%", "2012-09-30": "30.48%", "2012-06-30": "29.21%", "2012-03-31": "25.94%", "2011-12-31": "23.19%", "2011-09-30": "23.86%", "2011-06-30": "24.49%", "2011-03-31": "23.33%", "2010-12-31": "24.90%", "2010-09-30": "23.11%", "2010-06-30": "19.73%", "2010-03-31": "18.96%", "2009-12-31": "16.44%", "2009-09-30": "10.70%", "2009-06-30": "-4.71%", "2009-03-31": "-1.64%", "2008-12-31": "-1.62%", "2008-09-30": "7.25%", "2008-06-30": "22.45%", "2008-03-31": "24.48%", "2007-12-31": "27.37%", "2007-09-30": "26.73%", "2007-06-30": "26.92%", "2007-03-31": "25.81%", "2006-12-31": "24.57%", "2006-09-30": "24.91%", "2006-06-30": "12.94%", "2006-03-31": "11.24%", "2005-12-31": "11.36%"}, "operating margin": {"2020-09-30": "9.85%", "2020-06-30": "5.60%", "2020-03-31": "-1.66%", "2019-12-31": "26.00%", "2019-09-30": "9.90%", "2019-06-30": "13.25%", "2019-03-31": "9.43%", "2018-12-31": "0.58%", "2018-09-30": "15.43%", "2018-06-30": "3.94%", "2018-03-31": "3.12%", "2017-12-31": "3.56%", "2017-09-30": "4.31%", "2017-06-30": "12.76%", "2017-03-31": "12.18%", "2016-12-31": "14.36%", "2016-09-30": "15.55%", "2016-06-30": "16.34%", "2016-03-31": "15.37%", "2015-12-31": "16.03%", "2015-09-30": "14.70%", "2015-06-30": "13.87%", "2015-03-31": "13.11%", "2014-12-31": "10.87%", "2014-09-30": "9.85%", "2014-06-30": "9.86%", "2014-03-31": "10.12%", "2013-12-31": "10.99%", "2013-09-30": "11.11%", "2013-06-30": "11.15%", "2013-03-31": "14.54%", "2012-12-31": "13.50%", "2012-09-30": "14.32%", "2012-06-30": "15.29%", "2012-03-31": "12.55%", "2011-12-31": "10.53%", "2011-09-30": "12.16%", "2011-06-30": "13.51%", "2011-03-31": "13.81%", "2010-12-31": "16.63%", "2010-09-30": "16.13%", "2010-06-30": "13.93%", "2010-03-31": "14.08%", "2009-12-31": "12.19%", "2009-09-30": "3.79%", "2009-06-30": "-11.13%", "2009-03-31": "-6.92%", "2008-12-31": "-5.67%", "2008-09-30": "4.06%", "2008-06-30": "19.57%", "2008-03-31": "21.71%", "2007-12-31": "24.75%", "2007-09-30": "26.73%", "2007-06-30": "26.92%", "2007-03-31": "25.81%", "2006-12-31": "24.57%", "2006-09-30": "24.91%", "2006-06-30": "12.94%", "2006-03-31": "11.24%", "2005-12-31": "11.36%"}, "ebitda margin": {"2020-09-30": "9.85%", "2020-06-30": "5.60%", "2020-03-31": "-1.66%", "2019-12-31": "26.00%", "2019-09-30": "9.90%", "2019-06-30": "13.25%", "2019-03-31": "9.43%", "2018-12-31": "0.58%", "2018-09-30": "15.43%", "2018-06-30": "3.94%", "2018-03-31": "3.12%", "2017-12-31": "3.56%", "2017-09-30": "4.31%", "2017-06-30": "12.76%", "2017-03-31": "12.18%", "2016-12-31": "14.36%", "2016-09-30": "15.55%", "2016-06-30": "16.34%", "2016-03-31": "15.37%", "2015-12-31": "16.03%", "2015-09-30": "14.70%", "2015-06-30": "13.87%", "2015-03-31": "13.11%", "2014-12-31": "10.87%", "2014-09-30": "9.85%", "2014-06-30": "9.86%", "2014-03-31": "10.12%", "2013-12-31": "10.99%", "2013-09-30": "11.11%", "2013-06-30": "11.15%", "2013-03-31": "14.54%", "2012-12-31": "13.50%", "2012-09-30": "14.32%", "2012-06-30": "15.29%", "2012-03-31": "12.55%", "2011-12-31": "10.53%", "2011-09-30": "12.16%", "2011-06-30": "13.51%", "2011-03-31": "13.81%", "2010-12-31": "16.63%", "2010-09-30": "16.13%", "2010-06-30": "13.93%", "2010-03-31": "14.08%", "2009-12-31": "12.19%", "2009-09-30": "3.79%", "2009-06-30": "-11.13%", "2009-03-31": "-6.92%", "2008-12-31": "-5.67%", "2008-09-30": "4.06%", "2008-06-30": "19.57%", "2008-03-31": "21.71%", "2007-12-31": "24.75%", "2007-09-30": "26.73%", "2007-06-30": "26.92%", "2007-03-31": "25.81%", "2006-12-31": "24.57%", "2006-09-30": "24.91%", "2006-06-30": "12.94%", "2006-03-31": "11.24%", "2005-12-31": "11.36%"}, "pre tax profit margin": {"2020-09-30": "7.01%", "2020-06-30": "3.79%", "2020-03-31": "-2.96%", "2019-12-31": "24.00%", "2019-09-30": "8.95%", "2019-06-30": "11.87%", "2019-03-31": "8.83%", "2018-12-31": "-0.10%", "2018-09-30": "14.30%", "2018-06-30": "2.79%", "2018-03-31": "0.59%", "2017-12-31": "1.45%", "2017-09-30": "2.13%", "2017-06-30": "10.48%", "2017-03-31": "9.01%", "2016-12-31": "11.21%", "2016-09-30": "12.48%", "2016-06-30": "13.29%", "2016-03-31": "13.17%", "2015-12-31": "13.84%", "2015-09-30": "12.49%", "2015-06-30": "11.64%", "2015-03-31": "10.85%", "2014-12-31": "8.57%", "2014-09-30": "7.46%", "2014-06-30": "7.40%", "2014-03-31": "7.59%", "2013-12-31": "8.37%", "2013-09-30": "8.36%", "2013-06-30": "8.23%", "2013-03-31": "11.50%", "2012-12-31": "10.40%", "2012-09-30": "11.16%", "2012-06-30": "12.06%", "2012-03-31": "9.27%", "2011-12-31": "7.22%", "2011-09-30": "8.88%", "2011-06-30": "10.28%", "2011-03-31": "10.56%", "2010-12-31": "13.30%", "2010-09-30": "12.75%", "2010-06-30": "10.79%", "2010-03-31": "11.23%", "2009-12-31": "9.57%", "2009-09-30": "1.33%", "2009-06-30": "-13.64%", "2009-03-31": "-9.32%", "2008-12-31": "-8.09%", "2008-09-30": "1.82%", "2008-06-30": "17.40%", "2008-03-31": "19.46%", "2007-12-31": "22.47%", "2007-09-30": "24.29%", "2007-06-30": "24.42%", "2007-03-31": "23.23%", "2006-12-31": "21.99%", "2006-09-30": "22.29%", "2006-06-30": "10.13%", "2006-03-31": "8.36%", "2005-12-31": "8.41%"}, "net profit margin": {"2020-09-30": "5.36%", "2020-06-30": "2.88%", "2020-03-31": "-2.60%", "2019-12-31": "18.79%", "2019-09-30": "6.60%", "2019-06-30": "8.91%", "2019-03-31": "6.60%", "2018-12-31": "-1.89%", "2018-09-30": "14.18%", "2018-06-30": "5.79%", "2018-03-31": "4.21%", "2017-12-31": "6.53%", "2017-09-30": "1.61%", "2017-06-30": "7.60%", "2017-03-31": "6.48%", "2016-12-31": "8.13%", "2016-09-30": "9.30%", "2016-06-30": "9.79%", "2016-03-31": "10.14%", "2015-12-31": "10.86%", "2015-09-30": "9.52%", "2015-06-30": "9.08%", "2015-03-31": "8.18%", "2014-12-31": "6.27%", "2014-09-30": "5.97%", "2014-06-30": "5.89%", "2014-03-31": "5.92%", "2013-12-31": "6.52%", "2013-09-30": "6.23%", "2013-06-30": "6.54%", "2013-03-31": "9.26%", "2012-12-31": "8.47%", "2012-09-30": "8.59%", "2012-06-30": "8.97%", "2012-03-31": "6.93%", "2011-12-31": "5.36%", "2011-09-30": "9.03%", "2011-06-30": "9.87%", "2011-03-31": "10.04%", "2010-12-31": "12.00%", "2010-09-30": "10.17%", "2010-06-30": "10.27%", "2010-03-31": "10.81%", "2009-12-31": "9.72%", "2009-09-30": "3.84%", "2009-06-30": "-6.74%", "2009-03-31": "-3.94%", "2008-12-31": "-2.98%", "2008-09-30": "3.06%", "2008-06-30": "12.56%", "2008-03-31": "13.87%", "2007-12-31": "15.88%", "2007-09-30": "16.99%", "2007-06-30": "17.36%", "2007-03-31": "16.44%", "2006-12-31": "15.56%", "2006-09-30": "16.09%", "2006-06-30": "7.75%", "2006-03-31": "6.62%", "2005-12-31": "6.73%"}, "pe ratio": {"current": "41.95", "2021-02-05": "33.89", "2020-09-30": "30.02", "2020-06-30": "60.10", "2020-03-31": "0.00", "2019-12-31": "8.86", "2019-09-30": "30.38", "2019-06-30": "20.39", "2019-03-31": "26.67", "2018-12-31": "0.00", "2018-09-30": "15.93", "2018-06-30": "39.73", "2018-03-31": "66.38", "2017-12-31": "44.19", "2017-09-30": "237.33", "2017-06-30": "33.74", "2017-03-31": "40.63", "2016-12-31": "28.93", "2016-09-30": "25.59", "2016-06-30": "25.01", "2016-03-31": "22.63", "2015-12-31": "21.16", "2015-09-30": "22.49", "2015-06-30": "23.79", "2015-03-31": "25.99", "2014-12-31": "30.55", "2014-09-30": "29.94", "2014-06-30": "31.94", "2014-03-31": "29.67", "2013-12-31": "24.87", "2013-09-30": "22.89", "2013-06-30": "22.65", "2013-03-31": "17.09", "2012-12-31": "16.74", "2012-09-30": "18.45", "2012-06-30": "17.66", "2012-03-31": "22.79", "2011-12-31": "28.34", "2011-09-30": "15.00", "2011-06-30": "15.99", "2011-03-31": "17.40", "2010-12-31": "13.85", "2010-09-30": "15.37", "2010-06-30": "15.48", "2010-03-31": "16.16", "2009-12-31": "16.57", "2009-09-30": "42.83", "2009-06-30": "0.00", "2009-03-31": "0.00", "2008-12-31": "0.00", "2008-09-30": "53.26", "2008-06-30": "12.10", "2008-03-31": "12.87", "2007-12-31": "12.08", "2007-09-30": "11.14", "2007-06-30": "10.85", "2007-03-31": "11.65", "2006-12-31": "12.18"}, "price sales": {"2021-02-05": "1.70", "2020-09-30": "1.50", "2020-06-30": "1.58", "2020-03-31": "1.74", "2019-12-31": "1.67", "2019-09-30": "2.06", "2019-06-30": "1.85", "2019-03-31": "1.79", "2018-12-31": "2.12", "2018-09-30": "2.22", "2018-06-30": "2.25", "2018-03-31": "2.63", "2017-12-31": "2.63", "2017-09-30": "2.57", "2017-06-30": "2.38", "2017-03-31": "2.43", "2016-12-31": "2.27", "2016-09-30": "2.33", "2016-06-30": "2.43", "2016-03-31": "2.30", "2015-12-31": "2.31", "2015-09-30": "2.13", "2015-06-30": "2.15", "2015-03-31": "2.08", "2014-12-31": "1.87", "2014-09-30": "1.71", "2014-06-30": "1.80", "2014-03-31": "1.67", "2013-12-31": "1.64", "2013-09-30": "1.54", "2013-06-30": "1.60", "2013-03-31": "1.58", "2012-12-31": "1.40", "2012-09-30": "1.54", "2012-06-30": "1.54", "2012-03-31": "1.59", "2011-12-31": "1.54", "2011-09-30": "1.36", "2011-06-30": "1.59", "2011-03-31": "1.75", "2010-12-31": "1.66", "2010-09-30": "1.56", "2010-06-30": "1.59", "2010-03-31": "1.74", "2009-12-31": "1.61", "2009-09-30": "1.66", "2009-06-30": "1.48", "2009-03-31": "1.44", "2008-12-31": "1.50", "2008-09-30": "1.59", "2008-06-30": "1.53", "2008-03-31": "1.79", "2007-12-31": "1.92", "2007-09-30": "1.90", "2007-06-30": "1.89", "2007-03-31": "1.93", "2006-12-31": "1.91"}, "price book": {"current": "1.34", "2021-02-05": "1.27", "2020-09-30": "1.13", "2020-06-30": "1.11", "2020-03-31": "1.31", "2019-12-31": "1.42", "2019-09-30": "1.54", "2019-06-30": "1.45", "2019-03-31": "1.41", "2018-12-31": "1.58", "2018-09-30": "1.69", "2018-06-30": "1.59", "2018-03-31": "1.74", "2017-12-31": "1.67", "2017-09-30": "1.67", "2017-06-30": "1.52", "2017-03-31": "1.57", "2016-12-31": "1.49", "2016-09-30": "1.52", "2016-06-30": "1.58", "2016-03-31": "1.51", "2015-12-31": "1.57", "2015-09-30": "1.45", "2015-06-30": "1.44", "2015-03-31": "1.36", "2014-12-31": "1.25", "2014-09-30": "1.24", "2014-06-30": "1.28", "2014-03-31": "1.21", "2013-12-31": "1.22", "2013-09-30": "1.12", "2013-06-30": "1.17", "2013-03-31": "1.17", "2012-12-31": "1.07", "2012-09-30": "1.16", "2012-06-30": "1.16", "2012-03-31": "1.18", "2011-12-31": "1.18", "2011-09-30": "1.05", "2011-06-30": "1.15", "2011-03-31": "1.23", "2010-12-31": "1.15", "2010-09-30": "1.09", "2010-06-30": "1.16", "2010-03-31": "1.26", "2009-12-31": "1.20", "2009-09-30": "1.20", "2009-06-30": "1.18", "2009-03-31": "1.28", "2008-12-31": "1.35", "2008-09-30": "1.49", "2008-06-30": "1.45", "2008-03-31": "1.67", "2007-12-31": "1.85", "2007-09-30": "1.88", "2007-06-30": "1.97", "2007-03-31": "2.03", "2006-12-31": "2.09", "2006-09-30": "2.01", "2006-06-30": "1.93", "2006-03-31": "1.91"}, "price fcf": {"2021-02-05": "", "2020-09-30": "$124.75", "2020-06-30": "$99.24", "2020-03-31": "$84.95", "2019-12-31": "$82.90", "2019-09-30": "$52.90", "2019-06-30": "$53.56", "2019-03-31": "$54.57", "2018-12-31": "$56.47", "2018-09-30": "$65.94", "2018-06-30": "$59.84", "2018-03-31": "$58.72", "2017-12-31": "$55.97", "2017-09-30": "$53.16", "2017-06-30": "$45.36", "2017-03-31": "$41.66", "2016-12-31": "$33.45", "2016-09-30": "$25.42", "2016-06-30": "$28.99", "2016-03-31": "$32.20", "2015-12-31": "$40.64", "2015-09-30": "$45.42", "2015-06-30": "$43.73", "2015-03-31": "$44.26", "2014-12-31": "$45.15", "2014-09-30": "$53.91", "2014-06-30": "$53.97", "2014-03-31": "$52.02", "2013-12-31": "$55.44", "2013-09-30": "$50.55", "2013-06-30": "$44.51", "2013-03-31": "$48.15", "2012-12-31": "$35.90", "2012-09-30": "$24.77", "2012-06-30": "$26.79", "2012-03-31": "$20.09", "2011-12-31": "$25.83", "2011-09-30": "$26.15", "2011-06-30": "$19.54", "2011-03-31": "$15.82", "2010-12-31": "$18.52", "2010-09-30": "$19.04", "2010-06-30": "$21.27", "2010-03-31": "$25.66", "2009-12-31": "$26.52", "2009-09-30": "$25.41", "2009-06-30": "$26.69", "2009-03-31": "$34.80", "2008-12-31": "$38.41", "2008-09-30": "$45.11", "2008-06-30": "$47.98", "2008-03-31": "$46.68", "2007-12-31": "$48.30", "2007-09-30": "$52.15", "2007-06-30": "$56.98", "2007-03-31": "$56.98", "2006-12-31": "$49.95"}, "net worth": {"value": "$15.15B"}, "current ratio": {"2020-09-30": "0.60", "2020-06-30": "0.64", "2020-03-31": "0.59", "2019-12-31": "0.53", "2019-09-30": "0.52", "2019-06-30": "0.51", "2019-03-31": "0.51", "2018-12-31": "0.48", "2018-09-30": "0.49", "2018-06-30": "0.48", "2018-03-31": "0.48", "2017-12-31": "0.48", "2017-09-30": "0.42", "2017-06-30": "0.44", "2017-03-31": "0.40", "2016-12-31": "0.40", "2016-09-30": "0.42", "2016-06-30": "0.42", "2016-03-31": "0.44", "2015-12-31": "0.45", "2015-09-30": "0.42", "2015-06-30": "0.40", "2015-03-31": "0.41", "2014-12-31": "0.39", "2014-09-30": "0.38", "2014-06-30": "0.40", "2014-03-31": "0.42", "2013-12-31": "0.41", "2013-09-30": "0.42", "2013-06-30": "0.39", "2013-03-31": "0.34", "2012-12-31": "0.34", "2012-09-30": "0.32", "2012-06-30": "0.33", "2012-03-31": "0.31", "2011-12-31": "0.31", "2011-09-30": "0.33", "2011-06-30": "0.31", "2011-03-31": "0.30", "2010-12-31": "0.31", "2010-09-30": "0.33", "2010-06-30": "0.32", "2010-03-31": "0.30", "2009-12-31": "0.34", "2009-09-30": "0.37", "2009-06-30": "0.32", "2009-03-31": "0.32", "2008-12-31": "0.32", "2008-09-30": "0.32", "2008-06-30": "0.33", "2008-03-31": "0.32", "2007-12-31": "0.30", "2007-09-30": "0.29", "2007-06-30": "0.30", "2007-03-31": "0.31", "2006-12-31": "0.34", "2006-09-30": "0.33", "2006-06-30": "0.34", "2006-03-31": "0.36", "2005-12-31": "0.37", "2005-09-30": "0.38", "2005-06-30": "0.36", "2005-03-31": "0.37"}, "quick ratio": {"2020-09-30": "0.00", "2020-06-30": "0.00", "2020-03-31": "0.00", "2019-12-31": "0.00", "2019-09-30": "0.00", "2019-06-30": "0.00", "2019-03-31": "0.00", "2018-12-31": "0.00", "2018-09-30": "0.00", "2018-06-30": "0.00", "2018-03-31": "0.00", "2017-12-31": "0.00", "2017-09-30": "0.00", "2017-06-30": "0.00", "2017-03-31": "0.00", "2016-12-31": "0.00", "2016-09-30": "0.00", "2016-06-30": "0.00", "2016-03-31": "0.00", "2015-12-31": "0.00", "2015-09-30": "0.00", "2015-06-30": "0.00", "2015-03-31": "0.00", "2014-12-31": "0.00", "2014-09-30": "0.00", "2014-06-30": "0.00", "2014-03-31": "0.00", "2013-12-31": "0.00", "2013-09-30": "0.00", "2013-06-30": "0.00", "2013-03-31": "0.00", "2012-12-31": "0.00", "2012-09-30": "0.00", "2012-06-30": "0.00", "2012-03-31": "0.00", "2011-12-31": "0.00", "2011-09-30": "0.00", "2011-06-30": "0.00", "2011-03-31": "0.00", "2010-12-31": "0.00", "2010-09-30": "0.00", "2010-06-30": "0.00", "2010-03-31": "0.00", "2009-12-31": "0.00", "2009-09-30": "0.00", "2009-06-30": "0.00", "2009-03-31": "0.00", "2008-12-31": "0.00", "2008-09-30": "0.00", "2008-06-30": "0.00", "2008-03-31": "0.00", "2007-12-31": "0.00", "2007-09-30": "0.00", "2007-06-30": "0.00", "2007-03-31": "0.00", "2006-12-31": "0.00", "2006-09-30": "0.00", "2006-06-30": "0.00", "2006-03-31": "0.00", "2005-12-31": "0.00", "2005-09-30": "0.00", "2005-06-30": "0.00", "2005-03-31": "0.00"}, "debt equity ratio": {"current": "0.31", "2020-09-30": "2.37", "2020-06-30": "2.42", "2020-03-31": "2.70", "2019-12-31": "2.38", "2019-09-30": "2.48", "2019-06-30": "2.50", "2019-03-31": "2.54", "2018-12-31": "2.66", "2018-09-30": "2.47", "2018-06-30": "2.51", "2018-03-31": "2.53", "2017-12-31": "2.45", "2017-09-30": "2.20", "2017-06-30": "2.04", "2017-03-31": "2.05", "2016-12-31": "2.06", "2016-09-30": "2.09", "2016-06-30": "2.12", "2016-03-31": "2.12", "2015-12-31": "2.18", "2015-09-30": "2.27", "2015-06-30": "2.27", "2015-03-31": "2.21", "2014-12-31": "2.32", "2014-09-30": "2.49", "2014-06-30": "2.52", "2014-03-31": "2.54", "2013-12-31": "2.59", "2013-09-30": "2.68", "2013-06-30": "2.72", "2013-03-31": "2.16", "2012-12-31": "2.23", "2012-09-30": "2.25", "2012-06-30": "2.27", "2012-03-31": "2.23", "2011-12-31": "2.40", "2011-09-30": "2.47", "2011-06-30": "2.42", "2011-03-31": "2.38", "2010-12-31": "2.40", "2010-09-30": "2.44", "2010-06-30": "2.60", "2010-03-31": "2.54", "2009-12-31": "2.67", "2009-09-30": "2.79", "2009-06-30": "3.13", "2009-03-31": "3.31", "2008-12-31": "3.36", "2008-09-30": "3.29", "2008-06-30": "3.04", "2008-03-31": "2.88", "2007-12-31": "2.84", "2007-09-30": "2.99", "2007-06-30": "3.16", "2007-03-31": "3.20", "2006-12-31": "3.39", "2006-09-30": "4.05", "2006-06-30": "4.57", "2006-03-31": "4.70", "2005-12-31": "4.76", "2005-09-30": "5.21", "2005-06-30": "4.30", "2005-03-31": "4.67"}, "return on equity": {"2020-09-30": "4.35%", "2020-06-30": "2.17%", "2020-03-31": "-1.83%", "2019-12-31": "17.07%", "2019-09-30": "5.27%", "2019-06-30": "7.47%", "2019-03-31": "5.35%", "2018-12-31": "-1.37%", "2018-09-30": "11.11%", "2018-06-30": "4.19%", "2018-03-31": "2.86%", "2017-12-31": "4.40%", "2017-09-30": "1.07%", "2017-06-30": "5.05%", "2017-03-31": "4.29%", "2016-12-31": "5.41%", "2016-09-30": "6.30%", "2016-06-30": "6.70%", "2016-03-31": "7.00%", "2015-12-31": "7.48%", "2015-09-30": "6.50%", "2015-06-30": "6.26%", "2015-03-31": "5.70%", "2014-12-31": "4.47%", "2014-09-30": "4.34%", "2014-06-30": "4.31%", "2014-03-31": "4.26%", "2013-12-31": "4.78%", "2013-09-30": "4.61%", "2013-06-30": "4.93%", "2013-03-31": "7.38%", "2012-12-31": "6.76%", "2012-09-30": "6.80%", "2012-06-30": "7.14%", "2012-03-31": "5.55%", "2011-12-31": "4.25%", "2011-09-30": "7.07%", "2011-06-30": "7.49%", "2011-03-31": "7.49%", "2010-12-31": "8.86%", "2010-09-30": "7.55%", "2010-06-30": "7.66%", "2010-03-31": "8.48%", "2009-12-31": "8.03%", "2009-09-30": "3.19%", "2009-06-30": "-5.58%", "2009-03-31": "-3.36%", "2008-12-31": "-2.46%", "2008-09-30": "2.66%", "2008-06-30": "11.68%", "2008-03-31": "13.25%", "2007-12-31": "16.16%", "2007-09-30": "17.89%", "2007-06-30": "19.58%", "2007-03-31": "19.76%", "2006-12-31": "20.32%", "2006-09-30": "22.12%", "2006-06-30": "10.62%", "2006-03-31": "8.82%", "2005-12-31": "8.86%"}, "return on assets": {"2020-09-30": "1.26%", "2020-06-30": "0.62%", "2020-03-31": "-0.52%", "2019-12-31": "4.92%", "2019-09-30": "1.49%", "2019-06-30": "2.11%", "2019-03-31": "1.51%", "2018-12-31": "-0.39%", "2018-09-30": "3.18%", "2018-06-30": "1.22%", "2018-03-31": "0.86%", "2017-12-31": "1.38%", "2017-09-30": "0.35%", "2017-06-30": "1.65%", "2017-03-31": "1.39%", "2016-12-31": "1.75%", "2016-09-30": "2.02%", "2016-06-30": "2.11%", "2016-03-31": "2.18%", "2015-12-31": "2.31%", "2015-09-30": "1.99%", "2015-06-30": "1.89%", "2015-03-31": "1.69%", "2014-12-31": "1.29%", "2014-09-30": "1.23%", "2014-06-30": "1.20%", "2014-03-31": "1.17%", "2013-12-31": "1.34%", "2013-09-30": "1.32%", "2013-06-30": "1.46%", "2013-03-31": "2.29%", "2012-12-31": "2.08%", "2012-09-30": "2.07%", "2012-06-30": "2.14%", "2012-03-31": "1.64%", "2011-12-31": "1.24%", "2011-09-30": "2.07%", "2011-06-30": "2.20%", "2011-03-31": "2.17%", "2010-12-31": "2.54%", "2010-09-30": "2.12%", "2010-06-30": "2.10%", "2010-03-31": "2.25%", "2009-12-31": "2.03%", "2009-09-30": "0.77%", "2009-06-30": "-1.31%", "2009-03-31": "-0.79%", "2008-12-31": "-0.60%", "2008-09-30": "0.67%", "2008-06-30": "2.97%", "2008-03-31": "3.34%", "2007-12-31": "4.00%", "2007-09-30": "4.28%", "2007-06-30": "4.42%", "2007-03-31": "4.17%", "2006-12-31": "3.97%", "2006-09-30": "4.02%", "2006-06-30": "1.83%", "2006-03-31": "1.54%", "2005-12-31": "1.55%"}, "return on investments": {"2020-09-30": "6.05%", "2020-06-30": "3.15%", "2020-03-31": "-0.87%", "2019-12-31": "17.67%", "2019-09-30": "5.91%", "2019-06-30": "8.38%", "2019-03-31": "5.81%", "2018-12-31": "0.32%", "2018-09-30": "9.16%", "2018-06-30": "2.17%", "2018-03-31": "1.62%", "2017-12-31": "1.85%", "2017-09-30": "2.23%", "2017-06-30": "6.55%", "2017-03-31": "6.19%", "2016-12-31": "7.37%", "2016-09-30": "8.14%", "2016-06-30": "8.66%", "2016-03-31": "8.25%", "2015-12-31": "8.58%", "2015-09-30": "7.78%", "2015-06-30": "7.37%", "2015-03-31": "7.01%", "2014-12-31": "5.89%", "2014-09-30": "5.41%", "2014-06-30": "5.41%", "2014-03-31": "5.43%", "2013-12-31": "5.92%", "2013-09-30": "5.99%", "2013-06-30": "6.07%", "2013-03-31": "8.33%", "2012-12-31": "7.85%", "2012-09-30": "8.26%", "2012-06-30": "8.88%", "2012-03-31": "7.31%", "2011-12-31": "6.11%", "2011-09-30": "7.04%", "2011-06-30": "7.68%", "2011-03-31": "7.76%", "2010-12-31": "9.21%", "2010-09-30": "8.94%", "2010-06-30": "7.72%", "2010-03-31": "8.24%", "2009-12-31": "7.52%", "2009-09-30": "2.36%", "2009-06-30": "-7.06%", "2009-03-31": "-4.59%", "2008-12-31": "-3.69%", "2008-09-30": "2.83%", "2008-06-30": "14.50%", "2008-03-31": "16.29%", "2007-12-31": "19.58%", "2007-09-30": "21.41%", "2007-06-30": "22.23%", "2007-03-31": "22.07%", "2006-12-31": "22.10%", "2006-09-30": "23.01%", "2006-06-30": "11.83%", "2006-03-31": "9.96%", "2005-12-31": "9.91%"}, "return on tangible equity": {"2020-09-30": "7.06%", "2020-06-30": "3.52%", "2020-03-31": "-2.95%", "2019-12-31": "27.29%", "2019-09-30": "8.66%", "2019-06-30": "12.01%", "2019-03-31": "8.44%", "2018-12-31": "-2.10%", "2018-09-30": "16.43%", "2018-06-30": "6.12%", "2018-03-31": "4.03%", "2017-12-31": "5.96%", "2017-09-30": "1.40%", "2017-06-30": "6.48%", "2017-03-31": "5.51%", "2016-12-31": "7.00%", "2016-09-30": "8.22%", "2016-06-30": "8.74%", "2016-03-31": "9.12%", "2015-12-31": "9.68%", "2015-09-30": "8.37%", "2015-06-30": "8.13%", "2015-03-31": "7.44%", "2014-12-31": "5.88%", "2014-09-30": "5.72%", "2014-06-30": "5.66%", "2014-03-31": "5.64%", "2013-12-31": "6.33%", "2013-09-30": "6.19%", "2013-06-30": "6.67%", "2013-03-31": "10.04%", "2012-12-31": "9.22%", "2012-09-30": "9.23%", "2012-06-30": "9.61%", "2012-03-31": "7.37%", "2011-12-31": "5.59%", "2011-09-30": "9.13%", "2011-06-30": "9.46%", "2011-03-31": "9.31%", "2010-12-31": "10.78%", "2010-09-30": "9.12%", "2010-06-30": "9.17%", "2010-03-31": "10.05%", "2009-12-31": "9.47%", "2009-09-30": "3.74%", "2009-06-30": "-6.60%", "2009-03-31": "-3.96%", "2008-12-31": "-2.88%", "2008-09-30": "3.09%", "2008-06-30": "13.49%", "2008-03-31": "15.30%", "2007-12-31": "18.71%", "2007-09-30": "20.82%", "2007-06-30": "23.00%", "2007-03-31": "23.54%", "2006-12-31": "24.67%", "2006-09-30": "27.33%", "2006-06-30": "13.29%", "2006-03-31": "11.04%", "2005-12-31": "11.12%"}, "dividend yield history": {"last payout": "$0.00", "last yield": "0.00%"}}