{"ticker": "MTCH", "price": {"title": "Match Group Historical Annual Stock Price Data", "value": 159.82, "historical": {"2020": {"Average Stock Price": "176.4551", "Year Open": "255.2800", "Year High": "323.4000", "Year Low": "90.3600", "Year Close": "151.1900", "Annual % Change": "-39.31%"}, "2019": {"Average Stock Price": "223.8883", "Year Open": "180.2400", "Year High": "260.6600", "Year Low": "173.5000", "Year Close": "249.1100", "Annual % Change": "36.10%"}, "2018": {"Average Stock Price": "167.6116", "Year Open": "129.2900", "Year High": "222.4500", "Year Low": "129.2900", "Year Close": "183.0400", "Annual % Change": "49.69%"}, "2017": {"Average Stock Price": "100.5416", "Year Open": "67.4400", "Year High": "135.7300", "Year Low": "67.4400", "Year Close": "122.2800", "Annual % Change": "88.73%"}, "2016": {"Average Stock Price": "57.9286", "Year Open": "46.7500", "Year High": "68.6900", "Year Low": "45.5800", "Year Close": "64.7900", "Annual % Change": "0.00%"}}}, "market cap": {"value": "$42.51B"}, "income statement": {"Revenue": {"2019-12-31": "4757.05500", "2018-12-31": "4262.89200", "2017-12-31": "3307.23900", "2016-12-31": "3139.88200", "2015-12-31": "3230.93300", "2014-12-31": "3109.54700", "2013-12-31": "3022.98700", "2012-12-31": "2800.93300", "2011-12-31": "2059.44400", "2010-12-31": "1636.81500", "2009-12-31": "1346.69500", "2008-12-31": "1410.07800", "2007-12-31": "1332.58200", "2006-12-31": "1000.59300", "2005-12-31": "5024.63500"}, "Cost Of Goods Sold": {"2019-12-31": "1127.42000", "2018-12-31": "911.14600", "2017-12-31": "651.00800", "2016-12-31": "755.73000", "2015-12-31": "778.16100", "2014-12-31": "860.20400", "2013-12-31": "977.35700", "2012-12-31": "991.68800", "2011-12-31": "753.88900", "2010-12-31": "593.81600", "2009-12-31": "429.84900", "2008-12-31": "456.95000", "2007-12-31": "521.74400", "2006-12-31": "369.08000", "2005-12-31": "2607.44900"}, "Gross Profit": {"2019-12-31": "3629.63500", "2018-12-31": "3351.74600", "2017-12-31": "2656.23100", "2016-12-31": "2384.15200", "2015-12-31": "2452.77200", "2014-12-31": "2249.34300", "2013-12-31": "2045.63000", "2012-12-31": "1809.24500", "2011-12-31": "1305.55500", "2010-12-31": "1042.99900", "2009-12-31": "916.84590", "2008-12-31": "953.12800", "2007-12-31": "810.83800", "2006-12-31": "631.51310", "2005-12-31": "2417.18600"}, "Research And Development Expenses": {"2019-12-31": "345.41700", "2018-12-31": "309.32900", "2017-12-31": "250.87900", "2016-12-31": "212.76500", "2015-12-31": "196.62300", "2014-12-31": "160.51500", "2013-12-31": "139.75900", "2012-12-31": "116.52600", "2011-12-31": "90.75700", "2010-12-31": "65.09700", "2009-12-31": "57.84300", "2008-12-31": "63.81700", "2007-12-31": "61.24500", "2006-12-31": "37.68700", "2005-12-31": ""}, "SG&A Expenses": {"2019-12-31": "2518.57300", "2018-12-31": "2293.51900", "2017-12-31": "2100.47800", "2016-12-31": "1777.54300", "2015-12-31": "1860.34800", "2014-12-31": "1591.01900", "2013-12-31": "1360.91600", "2012-12-31": "1280.89900", "2011-12-31": "938.26000", "2010-12-31": "808.70600", "2009-12-31": "745.83200", "2008-12-31": "791.19400", "2007-12-31": "682.83300", "2006-12-31": "572.87500", "2005-12-31": "1690.98800"}, "Other Operating Income Or Expenses": {"2019-12-31": "", "2018-12-31": "", "2017-12-31": "", "2016-12-31": "", "2015-12-31": "", "2014-12-31": "", "2013-12-31": "", "2012-12-31": "", "2011-12-31": "", "2010-12-31": "", "2009-12-31": "", "2008-12-31": "", "2007-12-31": "", "2006-12-31": "", "2005-12-31": "-87.68700"}, "Operating Expenses": {"2019-12-31": "4175.72200", "2018-12-31": "3697.75300", "2017-12-31": "3118.77300", "2016-12-31": "3172.50700", "2015-12-31": "3051.34500", "2014-12-31": "2730.82000", "2013-12-31": "2596.78400", "2012-12-31": "2477.36500", "2011-12-31": "1861.68200", "2010-12-31": "1587.02000", "2009-12-31": "2384.68200", "2008-12-31": "1454.33200", "2007-12-31": "1411.08600", "2006-12-31": "1111.89900", "2005-12-31": "4698.35400"}, "Operating Income": {"2019-12-31": "581.33300", "2018-12-31": "565.13920", "2017-12-31": "188.46610", "2016-12-31": "-32.62480", "2015-12-31": "179.58790", "2014-12-31": "378.72710", "2013-12-31": "426.20290", "2012-12-31": "323.56810", "2011-12-31": "197.76210", "2010-12-31": "49.79490", "2009-12-31": "-1037.98700", "2008-12-31": "-44.25400", "2007-12-31": "-78.50400", "2006-12-31": "-111.30590", "2005-12-31": "326.28080"}, "Total Non-Operating Income/Expense": {"2019-12-31": "-86.82200", "2018-12-31": "196.41900", "2017-12-31": "-121.50800", "2016-12-31": "-48.46000", "2015-12-31": "-36.69800", "2014-12-31": "-108.79800", "2013-12-31": "-9.90200", "2012-12-31": "-34.50600", "2011-12-31": "-26.24000", "2010-12-31": "-27.10900", "2009-12-31": "90.98800", "2008-12-31": "155.49400", "2007-12-31": "74.41400", "2006-12-31": "35.44600", "2005-12-31": "619.94100"}, "Pre-Tax Income": {"2019-12-31": "494.51100", "2018-12-31": "761.55800", "2017-12-31": "66.95800", "2016-12-31": "-81.08500", "2015-12-31": "142.89000", "2014-12-31": "269.92900", "2013-12-31": "416.30100", "2012-12-31": "289.06200", "2011-12-31": "171.52200", "2010-12-31": "22.68600", "2009-12-31": "-946.99900", "2008-12-31": "111.24000", "2007-12-31": "-4.09000", "2006-12-31": "-75.86000", "2005-12-31": "946.22200"}, "Income Taxes": {"2019-12-31": "-49.30900", "2018-12-31": "3.81100", "2017-12-31": "-291.05000", "2016-12-31": "-64.93400", "2015-12-31": "29.51600", "2014-12-31": "35.37200", "2013-12-31": "134.50200", "2012-12-31": "119.21500", "2011-12-31": "-4.04700", "2010-12-31": "32.07900", "2009-12-31": "9.47400", "2008-12-31": "-30.69500", "2007-12-31": "2.32100", "2006-12-31": "-48.46100", "2005-12-31": "375.18800"}, "Income After Taxes": {"2019-12-31": "543.82000", "2018-12-31": "757.74700", "2017-12-31": "358.00800", "2016-12-31": "-16.15100", "2015-12-31": "113.37400", "2014-12-31": "234.55700", "2013-12-31": "281.79900", "2012-12-31": "169.84700", "2011-12-31": "175.56900", "2010-12-31": "-9.39300", "2009-12-31": "-956.47300", "2008-12-31": "141.93500", "2007-12-31": "-6.41100", "2006-12-31": "-27.39900", "2005-12-31": "571.03400"}, "Other Income": {"2019-12-31": "", "2018-12-31": "", "2017-12-31": "", "2016-12-31": "", "2015-12-31": "", "2014-12-31": "", "2013-12-31": "", "2012-12-31": "", "2011-12-31": "", "2010-12-31": "", "2009-12-31": "", "2008-12-31": "", "2007-12-31": "", "2006-12-31": "", "2005-12-31": ""}, "Income From Continuous Operations": {"2019-12-31": "543.82000", "2018-12-31": "757.74700", "2017-12-31": "358.00800", "2016-12-31": "-16.15100", "2015-12-31": "113.37400", "2014-12-31": "234.55700", "2013-12-31": "281.79900", "2012-12-31": "169.84700", "2011-12-31": "175.56900", "2010-12-31": "-9.39300", "2009-12-31": "-956.47300", "2008-12-31": "141.93500", "2007-12-31": "-6.41100", "2006-12-31": "-26.63200", "2005-12-31": "568.90500"}, "Income From Discontinued Operations": {"2019-12-31": "", "2018-12-31": "", "2017-12-31": "", "2016-12-31": "", "2015-12-31": "", "2014-12-31": "174.67300", "2013-12-31": "1.92600", "2012-12-31": "-9.05100", "2011-12-31": "-3.99200", "2010-12-31": "103.74500", "2009-12-31": "-23.43900", "2008-12-31": "-306.09600", "2007-12-31": "-139.67200", "2006-12-31": "213.69700", "2005-12-31": "300.77800"}, "Net Income": {"2019-12-31": "431.13100", "2018-12-31": "626.96100", "2017-12-31": "304.92400", "2016-12-31": "-41.28000", "2015-12-31": "119.47200", "2014-12-31": "414.87300", "2013-12-31": "285.78400", "2012-12-31": "159.26600", "2011-12-31": "174.23300", "2010-12-31": "99.35900", "2009-12-31": "-978.82200", "2008-12-31": "-156.20100", "2007-12-31": "-144.06900", "2006-12-31": "187.06500", "2005-12-31": "861.74500"}, "EBITDA": {"2019-12-31": "765.64500", "2018-12-31": "748.89820", "2017-12-31": "304.87410", "2016-12-31": "393.84420", "2015-12-31": "395.80090", "2014-12-31": "497.80910", "2013-12-31": "544.95490", "2012-12-31": "411.82010", "2011-12-31": "276.53810", "2010-12-31": "169.19590", "2009-12-31": "113.17080", "2008-12-31": "98.11700", "2007-12-31": "66.76000", "2006-12-31": "20.95110", "2005-12-31": "708.91170"}, "EBIT": {"2019-12-31": "581.33300", "2018-12-31": "565.13920", "2017-12-31": "188.46610", "2016-12-31": "-32.62480", "2015-12-31": "179.58790", "2014-12-31": "378.72710", "2013-12-31": "426.20290", "2012-12-31": "323.56810", "2011-12-31": "197.76210", "2010-12-31": "49.79490", "2009-12-31": "-1037.98700", "2008-12-31": "-44.25400", "2007-12-31": "-78.50400", "2006-12-31": "-111.30590", "2005-12-31": "326.28080"}, "Basic Shares Outstanding": {"2019-12-31": "84.26100", "2018-12-31": "83.40700", "2017-12-31": "80.08900", "2016-12-31": "80.04500", "2015-12-31": "82.94400", "2014-12-31": "83.29200", "2013-12-31": "83.48000", "2012-12-31": "86.24700", "2011-12-31": "86.75500", "2010-12-31": "106.27400", "2009-12-31": "138.59900", "2008-12-31": "139.85000", "2007-12-31": "142.84300", "2006-12-31": "152.60200", "2005-12-31": "164.72950"}, "Shares Outstanding": {"2019-12-31": "90.04300", "2018-12-31": "91.32200", "2017-12-31": "85.31000", "2016-12-31": "80.04500", "2015-12-31": "88.26700", "2014-12-31": "88.55800", "2013-12-31": "86.74200", "2012-12-31": "93.08900", "2011-12-31": "94.32100", "2010-12-31": "106.27400", "2009-12-31": "138.59900", "2008-12-31": "143.97600", "2007-12-31": "142.84300", "2006-12-31": "152.60200", "2005-12-31": "178.30900"}, "Basic EPS": {"2019-12-31": "5.12000", "2018-12-31": "7.52000", "2017-12-31": "3.81000", "2016-12-31": "-0.52000", "2015-12-31": "1.44000", "2014-12-31": "4.98000", "2013-12-31": "3.42000", "2012-12-31": "1.85000", "2011-12-31": "2.01000", "2010-12-31": "0.93000", "2009-12-31": "-7.06000", "2008-12-31": "-1.12000", "2007-12-31": "-1.01000", "2006-12-31": "1.23000", "2005-12-31": "5.24000"}, "EPS - Earnings Per Share": {"2019-12-31": "4.50000", "2018-12-31": "6.59000", "2017-12-31": "3.18000", "2016-12-31": "-0.52000", "2015-12-31": "1.33000", "2014-12-31": "4.68000", "2013-12-31": "3.29000", "2012-12-31": "1.71000", "2011-12-31": "1.85000", "2010-12-31": "0.93000", "2009-12-31": "-7.06000", "2008-12-31": "-1.08000", "2007-12-31": "-1.01000", "2006-12-31": "1.23000", "2005-12-31": "4.88000"}}, "income statement, quarterly": {"Revenue": {"2020-09-30": "639.77000", "2020-06-30": "555.45000", "2020-03-31": "1228.76500", "2019-12-31": "2611.74600", "2019-09-30": "541.49300", "2019-06-30": "497.97300", "2019-03-31": "1105.84300", "2018-12-31": "1104.10300", "2018-09-30": "1104.59200", "2018-06-30": "1059.12200", "2018-03-31": "995.07500", "2017-12-31": "950.58500", "2017-09-30": "828.43400", "2017-06-30": "767.38700", "2017-03-31": "760.83300", "2016-12-31": "811.16200", "2016-09-30": "764.10200", "2016-06-30": "745.43900", "2016-03-31": "819.17900", "2015-12-31": "848.72800", "2015-09-30": "838.56100", "2015-06-30": "771.13200", "2015-03-31": "772.51200", "2014-12-31": "830.75420", "2014-09-30": "782.23100", "2014-06-30": "756.31500", "2014-03-31": "740.24700", "2013-12-31": "724.45500", "2013-09-30": "756.87200", "2013-06-30": "799.41100", "2013-03-31": "742.24900", "2012-12-31": "765.25110", "2012-09-30": "714.47000", "2012-06-30": "680.61200", "2012-03-31": "640.60000", "2011-12-31": "596.94300", "2011-09-30": "516.88400", "2011-06-30": "485.40400", "2011-03-31": "460.21300", "2010-12-31": "451.42680", "2010-09-30": "412.96600", "2010-06-30": "394.24400", "2010-03-31": "378.17800", "2009-12-31": "338.06290", "2009-09-30": "336.57700", "2009-06-30": "340.04500", "2009-03-31": "332.01000", "2008-12-31": "315.97800", "2008-09-30": "369.28000", "2008-06-30": "354.16400", "2008-03-31": "370.65600", "2007-12-31": "378.88000", "2007-09-30": "335.36100", "2007-06-30": "1492.03500", "2007-03-31": "1490.13100", "2006-12-31": "1720.13600", "2006-09-30": "1411.66900", "2006-06-30": "1431.62300", "2006-03-31": "1449.20300", "2005-12-31": "1792.31900", "2005-09-30": "1444.43400", "2005-06-30": "1371.81600", "2005-03-31": "1136.14500"}, "Cost Of Goods Sold": {"2020-09-30": "169.82300", "2020-06-30": "148.85300", "2020-03-31": "323.22100", "2019-12-31": "602.45910", "2019-09-30": "138.22500", "2019-06-30": "126.66500", "2019-03-31": "260.07100", "2018-12-31": "253.72200", "2018-09-30": "237.23800", "2018-06-30": "218.22400", "2018-03-31": "201.96200", "2017-12-31": "199.72700", "2017-09-30": "166.29000", "2017-06-30": "139.03300", "2017-03-31": "145.95800", "2016-12-31": "212.46800", "2016-09-30": "179.13100", "2016-06-30": "170.39700", "2016-03-31": "193.73400", "2015-12-31": "214.08400", "2015-09-30": "199.37700", "2015-06-30": "177.96300", "2015-03-31": "186.73700", "2014-12-31": "215.54500", "2014-09-30": "224.69500", "2014-06-30": "210.73000", "2014-03-31": "209.23400", "2013-12-31": "199.83000", "2013-09-30": "248.85600", "2013-06-30": "272.82200", "2013-03-31": "255.84900", "2012-12-31": "268.53800", "2012-09-30": "262.27500", "2012-06-30": "237.30400", "2012-03-31": "223.57100", "2011-12-31": "211.05700", "2011-09-30": "188.64200", "2011-06-30": "181.47200", "2011-03-31": "172.71800", "2010-12-31": "174.09600", "2010-09-30": "147.93300", "2010-06-30": "140.63800", "2010-03-31": "131.14900", "2009-12-31": "104.17700", "2009-09-30": "106.02900", "2009-06-30": "106.72100", "2009-03-31": "112.92200", "2008-12-31": "92.19500", "2008-09-30": "119.76400", "2008-06-30": "107.15600", "2008-03-31": "137.83500", "2007-12-31": "165.27000", "2007-09-30": "140.64400", "2007-06-30": "779.28400", "2007-03-31": "771.31500", "2006-12-31": "879.23900", "2006-09-30": "707.13300", "2006-06-30": "718.59900", "2006-03-31": "740.10900", "2005-12-31": "944.07700", "2005-09-30": "786.10100", "2005-06-30": "770.43200", "2005-03-31": "632.80900"}, "Gross Profit": {"2020-09-30": "469.94700", "2020-06-30": "406.59700", "2020-03-31": "905.54400", "2019-12-31": "2009.28700", "2019-09-30": "403.26800", "2019-06-30": "371.30800", "2019-03-31": "845.77200", "2018-12-31": "850.38130", "2018-09-30": "867.35400", "2018-06-30": "840.89790", "2018-03-31": "793.11300", "2017-12-31": "750.85800", "2017-09-30": "662.14400", "2017-06-30": "628.35400", "2017-03-31": "614.87500", "2016-12-31": "598.69400", "2016-09-30": "584.97100", "2016-06-30": "575.04200", "2016-03-31": "625.44500", "2015-12-31": "634.64400", "2015-09-30": "639.18400", "2015-06-30": "593.16900", "2015-03-31": "585.77500", "2014-12-31": "615.20920", "2014-09-30": "557.53600", "2014-06-30": "545.58500", "2014-03-31": "531.01300", "2013-12-31": "524.62500", "2013-09-30": "508.01600", "2013-06-30": "526.58900", "2013-03-31": "486.40000", "2012-12-31": "496.71310", "2012-09-30": "452.19500", "2012-06-30": "443.30800", "2012-03-31": "417.02900", "2011-12-31": "385.88600", "2011-09-30": "328.24200", "2011-06-30": "303.93200", "2011-03-31": "287.49500", "2010-12-31": "277.33090", "2010-09-30": "265.03300", "2010-06-30": "253.60600", "2010-03-31": "247.02900", "2009-12-31": "233.88590", "2009-09-30": "230.54800", "2009-06-30": "233.32400", "2009-03-31": "219.08800", "2008-12-31": "223.78300", "2008-09-30": "249.51600", "2008-06-30": "247.00800", "2008-03-31": "232.82100", "2007-12-31": "213.61000", "2007-09-30": "194.71700", "2007-06-30": "712.75100", "2007-03-31": "718.81600", "2006-12-31": "840.89700", "2006-09-30": "704.53590", "2006-06-30": "713.02400", "2006-03-31": "709.09400", "2005-12-31": "848.24200", "2005-09-30": "658.33290", "2005-06-30": "601.38400", "2005-03-31": "503.33600"}, "Research And Development Expenses": {"2020-09-30": "39.28000", "2020-06-30": "41.92900", "2020-03-31": "105.73300", "2019-12-31": "187.42800", "2019-09-30": "36.60900", "2019-06-30": "32.68000", "2019-03-31": "88.70000", "2018-12-31": "79.20700", "2018-09-30": "77.74000", "2018-06-30": "75.44500", "2018-03-31": "76.93700", "2017-12-31": "70.04400", "2017-09-30": "70.64500", "2017-06-30": "55.43000", "2017-03-31": "54.76000", "2016-12-31": "50.39800", "2016-09-30": "49.70400", "2016-06-30": "53.56500", "2016-03-31": "59.09800", "2015-12-31": "58.07700", "2015-09-30": "46.85900", "2015-06-30": "46.43000", "2015-03-31": "45.25700", "2014-12-31": "42.16300", "2014-09-30": "40.69100", "2014-06-30": "38.84500", "2014-03-31": "38.81600", "2013-12-31": "35.35800", "2013-09-30": "35.23200", "2013-06-30": "34.05200", "2013-03-31": "35.11700", "2012-12-31": "38.53700", "2012-09-30": "27.59600", "2012-06-30": "26.91100", "2012-03-31": "23.48200", "2011-12-31": "34.19900", "2011-09-30": "21.55600", "2011-06-30": "17.28000", "2011-03-31": "17.72200", "2010-12-31": "19.04400", "2010-09-30": "16.89200", "2010-06-30": "14.36900", "2010-03-31": "14.79200", "2009-12-31": "10.36100", "2009-09-30": "12.97200", "2009-06-30": "16.42200", "2009-03-31": "18.08800", "2008-12-31": "6.93200", "2008-09-30": "18.37900", "2008-06-30": "17.05400", "2008-03-31": "21.45200", "2007-12-31": "13.25100", "2007-09-30": "", "2007-06-30": "", "2007-03-31": "", "2006-12-31": "", "2006-09-30": "", "2006-06-30": "", "2006-03-31": "", "2005-12-31": "", "2005-09-30": "", "2005-06-30": "", "2005-03-31": ""}, "SG&A Expenses": {"2020-09-30": "218.82000", "2020-06-30": "159.00500", "2020-03-31": "688.71800", "2019-12-31": "1542.69300", "2019-09-30": "182.24900", "2019-06-30": "158.15500", "2019-03-31": "635.47600", "2018-12-31": "570.77500", "2018-09-30": "577.70500", "2018-06-30": "558.02300", "2018-03-31": "587.01600", "2017-12-31": "547.68710", "2017-09-30": "588.45900", "2017-06-30": "470.32600", "2017-03-31": "494.00600", "2016-12-31": "400.75700", "2016-09-30": "417.46500", "2016-06-30": "444.00600", "2016-03-31": "515.31500", "2015-12-31": "451.78100", "2015-09-30": "477.23200", "2015-06-30": "454.05900", "2015-03-31": "477.27600", "2014-12-31": "429.63610", "2014-09-30": "385.30800", "2014-06-30": "382.38700", "2014-03-31": "393.68800", "2013-12-31": "347.35100", "2013-09-30": "324.25900", "2013-06-30": "350.66800", "2013-03-31": "338.63800", "2012-12-31": "340.17810", "2012-09-30": "328.20400", "2012-06-30": "300.89100", "2012-03-31": "311.62600", "2011-12-31": "270.02400", "2011-09-30": "237.92400", "2011-06-30": "213.77100", "2011-03-31": "216.54100", "2010-12-31": "217.58100", "2010-09-30": "193.55700", "2010-06-30": "193.22300", "2010-03-31": "204.34500", "2009-12-31": "171.50900", "2009-09-30": "179.91700", "2009-06-30": "187.87200", "2009-03-31": "206.53400", "2008-12-31": "166.64200", "2008-09-30": "222.01300", "2008-06-30": "208.17900", "2008-03-31": "194.36000", "2007-12-31": "192.60200", "2007-09-30": "146.54900", "2007-06-30": "527.41300", "2007-03-31": "534.37300", "2006-12-31": "536.09600", "2006-09-30": "484.77900", "2006-06-30": "511.90000", "2006-03-31": "503.86200", "2005-12-31": "476.32200", "2005-09-30": "517.87500", "2005-06-30": "435.12300", "2005-03-31": "342.57800"}, "Other Operating Income Or Expenses": {"2020-09-30": "", "2020-06-30": "", "2020-03-31": "", "2019-12-31": "", "2019-09-30": "", "2019-06-30": "", "2019-03-31": "", "2018-12-31": "", "2018-09-30": "", "2018-06-30": "", "2018-03-31": "", "2017-12-31": "", "2017-09-30": "", "2017-06-30": "", "2017-03-31": "", "2016-12-31": "", "2016-09-30": "", "2016-06-30": "", "2016-03-31": "", "2015-12-31": "", "2015-09-30": "", "2015-06-30": "", "2015-03-31": "", "2014-12-31": "", "2014-09-30": "", "2014-06-30": "", "2014-03-31": "", "2013-12-31": "", "2013-09-30": "", "2013-06-30": "", "2013-03-31": "", "2012-12-31": "", "2012-09-30": "", "2012-06-30": "", "2012-03-31": "", "2011-12-31": "", "2011-09-30": "", "2011-06-30": "", "2011-03-31": "", "2010-12-31": "", "2010-09-30": "", "2010-06-30": "", "2010-03-31": "", "2009-12-31": "", "2009-09-30": "", "2009-06-30": "", "2009-03-31": "", "2008-12-31": "", "2008-09-30": "", "2008-06-30": "", "2008-03-31": "", "2007-12-31": "", "2007-09-30": "-12.02900", "2007-06-30": "-27.73800", "2007-03-31": "-30.41500", "2006-12-31": "-29.76700", "2006-09-30": "-29.57800", "2006-06-30": "-27.26600", "2006-03-31": "-33.61000", "2005-12-31": "-35.26600", "2005-09-30": "-33.33600", "2005-06-30": "-24.88000", "2005-03-31": "-26.07800"}, "Operating Expenses": {"2020-09-30": "439.60300", "2020-06-30": "359.85600", "2020-03-31": "1406.54500", "2019-12-31": "2456.83100", "2019-09-30": "366.25700", "2019-06-30": "326.66400", "2019-03-31": "1025.97000", "2018-12-31": "970.18290", "2018-09-30": "931.76000", "2018-06-30": "890.68510", "2018-03-31": "905.12500", "2017-12-31": "856.22500", "2017-09-30": "847.02290", "2017-06-30": "691.75200", "2017-03-31": "723.77300", "2016-12-31": "698.34180", "2016-09-30": "678.51800", "2016-06-30": "997.88500", "2016-03-31": "797.76200", "2015-12-31": "854.15800", "2015-09-30": "751.43100", "2015-06-30": "708.36300", "2015-03-31": "737.39300", "2014-12-31": "720.38200", "2014-09-30": "681.27800", "2014-06-30": "660.62500", "2014-03-31": "668.53500", "2013-12-31": "611.50320", "2013-09-30": "634.86800", "2013-06-30": "692.71500", "2013-03-31": "657.69800", "2012-12-31": "679.95700", "2012-09-30": "636.43700", "2012-06-30": "583.13600", "2012-03-31": "577.83500", "2011-12-31": "541.48810", "2011-09-30": "470.14400", "2011-06-30": "427.17300", "2011-03-31": "422.87700", "2010-12-31": "472.87400", "2010-09-30": "375.28200", "2010-06-30": "369.61100", "2010-03-31": "369.25300", "2009-12-31": "1353.95400", "2009-09-30": "329.45600", "2009-06-30": "336.13800", "2009-03-31": "365.13400", "2008-12-31": "320.05200", "2008-09-30": "391.91800", "2008-06-30": "360.59800", "2008-03-31": "381.76400", "2007-12-31": "413.04900", "2007-09-30": "333.66800", "2007-06-30": "1425.39700", "2007-03-31": "1404.68500", "2006-12-31": "1731.00700", "2006-09-30": "1303.70800", "2006-06-30": "1350.11500", "2006-03-31": "1378.04900", "2005-12-31": "1592.24400", "2005-09-30": "1425.18500", "2005-06-30": "1306.19600", "2005-03-31": "1079.82600"}, "Operating Income": {"2020-09-30": "200.16710", "2020-06-30": "195.59400", "2020-03-31": "-177.78000", "2019-12-31": "154.91500", "2019-09-30": "175.23600", "2019-06-30": "171.30900", "2019-03-31": "79.87310", "2018-12-31": "133.92040", "2018-09-30": "172.83200", "2018-06-30": "168.43690", "2018-03-31": "89.95000", "2017-12-31": "94.35990", "2017-09-30": "-18.58890", "2017-06-30": "75.63510", "2017-03-31": "37.06000", "2016-12-31": "112.82030", "2016-09-30": "85.58400", "2016-06-30": "-252.44600", "2016-03-31": "21.41710", "2015-12-31": "-5.43010", "2015-09-30": "87.12990", "2015-06-30": "62.76900", "2015-03-31": "35.11900", "2014-12-31": "110.37220", "2014-09-30": "100.95300", "2014-06-30": "95.69000", "2014-03-31": "71.71200", "2013-12-31": "112.95180", "2013-09-30": "122.00400", "2013-06-30": "106.69600", "2013-03-31": "84.55100", "2012-12-31": "85.29410", "2012-09-30": "78.03300", "2012-06-30": "97.47600", "2012-03-31": "62.76500", "2011-12-31": "55.45490", "2011-09-30": "46.74000", "2011-06-30": "58.23100", "2011-03-31": "37.33600", "2010-12-31": "-21.44720", "2010-09-30": "37.68400", "2010-06-30": "24.63300", "2010-03-31": "8.92500", "2009-12-31": "-1015.89100", "2009-09-30": "7.12100", "2009-06-30": "3.90700", "2009-03-31": "-33.12400", "2008-12-31": "-4.07410", "2008-09-30": "-22.63800", "2008-06-30": "-6.43400", "2008-03-31": "-11.10800", "2007-12-31": "-34.16900", "2007-09-30": "1.69300", "2007-06-30": "66.63810", "2007-03-31": "85.44590", "2006-12-31": "-10.87100", "2006-09-30": "107.96090", "2006-06-30": "81.50810", "2006-03-31": "71.15410", "2005-12-31": "200.07500", "2005-09-30": "19.24890", "2005-06-30": "65.62000", "2005-03-31": "56.31900"}, "Total Non-Operating Income/Expense": {"2020-09-30": "-45.11200", "2020-06-30": "-28.23700", "2020-03-31": "-94.75900", "2019-12-31": "10.88200", "2019-09-30": "-36.20500", "2019-06-30": "-31.00700", "2019-03-31": "-30.49200", "2018-12-31": "103.25500", "2018-09-30": "-19.49700", "2018-06-30": "143.78500", "2018-03-31": "-31.12400", "2017-12-31": "-39.25200", "2017-09-30": "-35.25200", "2017-06-30": "-14.49800", "2017-03-31": "-32.50600", "2016-12-31": "13.75700", "2016-09-30": "-15.41800", "2016-06-30": "-34.83600", "2016-03-31": "-11.96300", "2015-12-31": "-31.17600", "2015-09-30": "18.40600", "2015-06-30": "-16.85200", "2015-03-31": "-7.07600", "2014-12-31": "1.52800", "2014-09-30": "-10.50800", "2014-06-30": "-83.79600", "2014-03-31": "-16.02200", "2013-12-31": "-0.90900", "2013-09-30": "5.84300", "2013-06-30": "-8.74000", "2013-03-31": "-6.09600", "2012-12-31": "-5.03100", "2012-09-30": "-4.24200", "2012-06-30": "-20.74100", "2012-03-31": "-4.49200", "2011-12-31": "-11.26000", "2011-09-30": "-10.77000", "2011-06-30": "-3.08300", "2011-03-31": "-1.12700", "2010-12-31": "-6.10500", "2010-09-30": "0.27200", "2010-06-30": "-3.89900", "2010-03-31": "-17.37700", "2009-12-31": "-21.36400", "2009-09-30": "50.96000", "2009-06-30": "60.82900", "2009-03-31": "0.56300", "2008-12-31": "308.24300", "2008-09-30": "-63.96400", "2008-06-30": "-100.47600", "2008-03-31": "11.69100", "2007-12-31": "35.38500", "2007-09-30": "12.90500", "2007-06-30": "16.54000", "2007-03-31": "12.80300", "2006-12-31": "2.75300", "2006-09-30": "13.18000", "2006-06-30": "18.04700", "2006-03-31": "8.67200", "2005-12-31": "4.89900", "2005-09-30": "23.18500", "2005-06-30": "606.37300", "2005-03-31": "12.93500"}, "Pre-Tax Income": {"2020-09-30": "155.05500", "2020-06-30": "167.35700", "2020-03-31": "-272.53900", "2019-12-31": "165.79700", "2019-09-30": "139.03100", "2019-06-30": "140.30200", "2019-03-31": "49.38100", "2018-12-31": "237.17500", "2018-09-30": "153.33500", "2018-06-30": "312.22200", "2018-03-31": "58.82600", "2017-12-31": "55.10800", "2017-09-30": "-53.84100", "2017-06-30": "61.13700", "2017-03-31": "4.55400", "2016-12-31": "126.57700", "2016-09-30": "70.16600", "2016-06-30": "-287.28200", "2016-03-31": "9.45400", "2015-12-31": "-36.60600", "2015-09-30": "105.53600", "2015-06-30": "45.91700", "2015-03-31": "28.04300", "2014-12-31": "111.90000", "2014-09-30": "90.44500", "2014-06-30": "11.89400", "2014-03-31": "55.69000", "2013-12-31": "112.04300", "2013-09-30": "127.84700", "2013-06-30": "97.95600", "2013-03-31": "78.45500", "2012-12-31": "80.26300", "2012-09-30": "73.79100", "2012-06-30": "76.73500", "2012-03-31": "58.27300", "2011-12-31": "44.19500", "2011-09-30": "35.97000", "2011-06-30": "55.14800", "2011-03-31": "36.20900", "2010-12-31": "-27.55200", "2010-09-30": "37.95600", "2010-06-30": "20.73400", "2010-03-31": "-8.45200", "2009-12-31": "-1037.25500", "2009-09-30": "58.08100", "2009-06-30": "64.73600", "2009-03-31": "-32.56100", "2008-12-31": "304.16900", "2008-09-30": "-86.60200", "2008-06-30": "-106.91000", "2008-03-31": "0.58300", "2007-12-31": "1.21600", "2007-09-30": "14.59800", "2007-06-30": "83.17800", "2007-03-31": "98.24900", "2006-12-31": "-8.11800", "2006-09-30": "121.14100", "2006-06-30": "99.55500", "2006-03-31": "79.82600", "2005-12-31": "204.97400", "2005-09-30": "42.43400", "2005-06-30": "671.99300", "2005-03-31": "69.25400"}, "Income Taxes": {"2020-09-30": "23.56800", "2020-06-30": "34.43600", "2020-03-31": "-89.89600", "2019-12-31": "-8.02100", "2019-09-30": "1.24000", "2019-06-30": "21.07600", "2019-03-31": "-63.60400", "2018-12-31": "19.69800", "2018-09-30": "-18.24200", "2018-06-30": "31.36800", "2018-03-31": "-29.01300", "2017-12-31": "31.75900", "2017-09-30": "-279.48000", "2017-06-30": "-19.42000", "2017-03-31": "-23.90900", "2016-12-31": "12.46000", "2016-09-30": "17.82600", "2016-06-30": "-96.74000", "2016-03-31": "1.52000", "2015-12-31": "-5.20600", "2015-09-30": "40.51000", "2015-06-30": "-11.96800", "2015-03-31": "6.18000", "2014-12-31": "43.91400", "2014-09-30": "-59.81600", "2014-06-30": "29.88900", "2014-03-31": "21.38500", "2013-12-31": "33.21400", "2013-09-30": "36.12600", "2013-06-30": "39.41600", "2013-03-31": "25.74600", "2012-12-31": "35.85500", "2012-09-30": "27.60600", "2012-06-30": "28.63400", "2012-03-31": "27.12000", "2011-12-31": "2.39700", "2011-09-30": "-32.00300", "2011-06-30": "9.51800", "2011-03-31": "16.04100", "2010-12-31": "5.10500", "2010-09-30": "15.51600", "2010-06-30": "5.31300", "2010-03-31": "6.14500", "2009-12-31": "-44.25900", "2009-09-30": "34.26900", "2009-06-30": "22.14300", "2009-03-31": "-2.67900", "2008-12-31": "72.87800", "2008-09-30": "-85.33500", "2008-06-30": "-22.27400", "2008-03-31": "4.03600", "2007-12-31": "-1.04400", "2007-09-30": "11.13200", "2007-06-30": "28.92800", "2007-03-31": "37.48900", "2006-12-31": "-6.32400", "2006-09-30": "53.31400", "2006-06-30": "42.42000", "2006-03-31": "33.28700", "2005-12-31": "79.41700", "2005-09-30": "6.80200", "2005-06-30": "262.45900", "2005-03-31": "41.33200"}, "Income After Taxes": {"2020-09-30": "131.48700", "2020-06-30": "132.92100", "2020-03-31": "-182.64300", "2019-12-31": "173.81800", "2019-09-30": "137.79100", "2019-06-30": "119.22600", "2019-03-31": "112.98500", "2018-12-31": "217.47700", "2018-09-30": "171.57700", "2018-06-30": "280.85400", "2018-03-31": "87.83900", "2017-12-31": "23.34900", "2017-09-30": "225.63900", "2017-06-30": "80.55700", "2017-03-31": "28.46300", "2016-12-31": "114.11700", "2016-09-30": "52.34000", "2016-06-30": "-190.54200", "2016-03-31": "7.93400", "2015-12-31": "-31.40000", "2015-09-30": "65.02600", "2015-06-30": "57.88500", "2015-03-31": "21.86300", "2014-12-31": "67.98600", "2014-09-30": "150.26100", "2014-06-30": "-17.99500", "2014-03-31": "34.30500", "2013-12-31": "78.82900", "2013-09-30": "91.72100", "2013-06-30": "58.54000", "2013-03-31": "52.70900", "2012-12-31": "44.40800", "2012-09-30": "46.18500", "2012-06-30": "48.10100", "2012-03-31": "31.15300", "2011-12-31": "41.79800", "2011-09-30": "67.97300", "2011-06-30": "45.63000", "2011-03-31": "20.16800", "2010-12-31": "-32.65700", "2010-09-30": "22.44000", "2010-06-30": "15.42100", "2010-03-31": "-14.59700", "2009-12-31": "-992.99600", "2009-09-30": "23.81200", "2009-06-30": "42.59300", "2009-03-31": "-29.88200", "2008-12-31": "231.29100", "2008-09-30": "-1.26700", "2008-06-30": "-84.63600", "2008-03-31": "-3.45300", "2007-12-31": "2.26000", "2007-09-30": "3.46600", "2007-06-30": "54.25000", "2007-03-31": "60.76000", "2006-12-31": "-1.79400", "2006-09-30": "67.82700", "2006-06-30": "57.13500", "2006-03-31": "46.53900", "2005-12-31": "125.55700", "2005-09-30": "35.63200", "2005-06-30": "409.53400", "2005-03-31": "27.92200"}, "Other Income": {"2020-09-30": "", "2020-06-30": "", "2020-03-31": "", "2019-12-31": "", "2019-09-30": "", "2019-06-30": "", "2019-03-31": "", "2018-12-31": "", "2018-09-30": "", "2018-06-30": "", "2018-03-31": "", "2017-12-31": "", "2017-09-30": "", "2017-06-30": "", "2017-03-31": "", "2016-12-31": "", "2016-09-30": "", "2016-06-30": "", "2016-03-31": "", "2015-12-31": "", "2015-09-30": "", "2015-06-30": "", "2015-03-31": "", "2014-12-31": "", "2014-09-30": "", "2014-06-30": "", "2014-03-31": "", "2013-12-31": "", "2013-09-30": "", "2013-06-30": "", "2013-03-31": "", "2012-12-31": "", "2012-09-30": "", "2012-06-30": "", "2012-03-31": "", "2011-12-31": "", "2011-09-30": "", "2011-06-30": "", "2011-03-31": "", "2010-12-31": "", "2010-09-30": "", "2010-06-30": "", "2010-03-31": "", "2009-12-31": "", "2009-09-30": "", "2009-06-30": "", "2009-03-31": "", "2008-12-31": "", "2008-09-30": "", "2008-06-30": "", "2008-03-31": "", "2007-12-31": "", "2007-09-30": "", "2007-06-30": "", "2007-03-31": "", "2006-12-31": "", "2006-09-30": "", "2006-06-30": "", "2006-03-31": "", "2005-12-31": "", "2005-09-30": "", "2005-06-30": "", "2005-03-31": ""}, "Income From Continuous Operations": {"2020-09-30": "131.48700", "2020-06-30": "132.92100", "2020-03-31": "-182.64300", "2019-12-31": "173.81800", "2019-09-30": "137.79100", "2019-06-30": "119.22600", "2019-03-31": "112.98500", "2018-12-31": "217.47700", "2018-09-30": "171.57700", "2018-06-30": "280.85400", "2018-03-31": "87.83900", "2017-12-31": "23.34900", "2017-09-30": "225.63900", "2017-06-30": "80.55700", "2017-03-31": "28.46300", "2016-12-31": "114.11700", "2016-09-30": "52.34000", "2016-06-30": "-190.54200", "2016-03-31": "7.93400", "2015-12-31": "-31.40000", "2015-09-30": "65.02600", "2015-06-30": "57.88500", "2015-03-31": "21.86300", "2014-12-31": "67.98600", "2014-09-30": "150.26100", "2014-06-30": "-17.99500", "2014-03-31": "34.30500", "2013-12-31": "78.82900", "2013-09-30": "91.72100", "2013-06-30": "58.54000", "2013-03-31": "52.70900", "2012-12-31": "44.40800", "2012-09-30": "46.18500", "2012-06-30": "48.10100", "2012-03-31": "31.15300", "2011-12-31": "41.79800", "2011-09-30": "67.97300", "2011-06-30": "45.63000", "2011-03-31": "20.16800", "2010-12-31": "-32.65700", "2010-09-30": "22.44000", "2010-06-30": "15.42100", "2010-03-31": "-14.59700", "2009-12-31": "-992.99600", "2009-09-30": "23.81200", "2009-06-30": "42.59300", "2009-03-31": "-29.88200", "2008-12-31": "231.29100", "2008-09-30": "-1.26700", "2008-06-30": "-84.63600", "2008-03-31": "-3.45300", "2007-12-31": "2.78400", "2007-09-30": "4.91800", "2007-06-30": "54.60300", "2007-03-31": "60.64700", "2006-12-31": "-1.94700", "2006-09-30": "67.85700", "2006-06-30": "57.92900", "2006-03-31": "46.41600", "2005-12-31": "125.27900", "2005-09-30": "35.10600", "2005-06-30": "408.71600", "2005-03-31": "27.31500"}, "Income From Discontinued Operations": {"2020-09-30": "0.50800", "2020-06-30": "-34.61100", "2020-03-31": "", "2019-12-31": "", "2019-09-30": "21.98100", "2019-06-30": "27.56500", "2019-03-31": "", "2018-12-31": "", "2018-09-30": "", "2018-06-30": "", "2018-03-31": "", "2017-12-31": "", "2017-09-30": "", "2017-06-30": "", "2017-03-31": "", "2016-12-31": "", "2016-09-30": "", "2016-06-30": "", "2016-03-31": "", "2015-12-31": "", "2015-09-30": "0.01700", "2015-06-30": "-0.15300", "2015-03-31": "0.12500", "2014-12-31": "0.62500", "2014-09-30": "175.73000", "2014-06-30": "-0.86800", "2014-03-31": "-0.81400", "2013-12-31": "0.02400", "2013-09-30": "3.91400", "2013-06-30": "-1.06800", "2013-03-31": "-0.94400", "2012-12-31": "-2.47000", "2012-09-30": "-5.62400", "2012-06-30": "-4.64100", "2012-03-31": "3.68400", "2011-12-31": "4.36600", "2011-09-30": "-3.92200", "2011-06-30": "-2.48800", "2011-03-31": "-1.94800", "2010-12-31": "115.85300", "2010-09-30": "-4.79500", "2010-06-30": "-2.58600", "2010-03-31": "-4.72700", "2009-12-31": "-19.96700", "2009-09-30": "-2.51400", "2009-06-30": "-2.19600", "2009-03-31": "1.23800", "2008-12-31": "-10.63900", "2008-09-30": "-13.95100", "2008-06-30": "-337.44500", "2008-03-31": "55.93900", "2007-12-31": "-372.67700", "2007-09-30": "65.55300", "2007-06-30": "40.00000", "2007-03-31": "0.10300", "2006-12-31": "17.29000", "2006-09-30": "7.08800", "2006-06-30": "-4.12100", "2006-03-31": "0.76700", "2005-12-31": "-12.21200", "2005-09-30": "34.38300", "2005-06-30": "212.66600", "2005-03-31": "44.89700"}, "Net Income": {"2020-09-30": "132.58100", "2020-06-30": "66.44100", "2020-03-31": "-211.04000", "2019-12-31": "100.42500", "2019-09-30": "128.54400", "2019-06-30": "113.46700", "2019-03-31": "88.69500", "2018-12-31": "191.75200", "2018-09-30": "145.77400", "2018-06-30": "218.35300", "2018-03-31": "71.08200", "2017-12-31": "32.80400", "2017-09-30": "179.64300", "2017-06-30": "66.26800", "2017-03-31": "26.20900", "2016-12-31": "102.05100", "2016-09-30": "43.16200", "2016-06-30": "-194.77500", "2016-03-31": "8.28200", "2015-12-31": "-31.84900", "2015-09-30": "65.61100", "2015-06-30": "59.30500", "2015-03-31": "26.40500", "2014-12-31": "70.17200", "2014-09-30": "326.81200", "2014-06-30": "-17.99600", "2014-03-31": "35.88500", "2013-12-31": "76.91700", "2013-09-30": "96.94000", "2013-06-30": "58.29000", "2013-03-31": "53.63700", "2012-12-31": "40.73900", "2012-09-30": "40.71700", "2012-06-30": "43.33200", "2012-03-31": "34.47800", "2011-12-31": "48.76600", "2011-09-30": "64.97300", "2011-06-30": "42.42400", "2011-03-31": "18.07000", "2010-12-31": "86.96400", "2010-09-30": "17.50900", "2010-06-30": "13.59100", "2010-03-31": "-18.70500", "2009-12-31": "-1012.93100", "2009-09-30": "21.68200", "2009-06-30": "40.81300", "2009-03-31": "-28.38600", "2008-12-31": "227.41700", "2008-09-30": "-14.83700", "2008-06-30": "-421.59700", "2008-03-31": "52.81600", "2007-12-31": "-369.89300", "2007-09-30": "70.47100", "2007-06-30": "94.60300", "2007-03-31": "60.75000", "2006-12-31": "15.34300", "2006-09-30": "74.94500", "2006-06-30": "53.80800", "2006-03-31": "47.18300", "2005-12-31": "113.06700", "2005-09-30": "68.07700", "2005-06-30": "618.11900", "2005-03-31": "68.94900"}, "EBITDA": {"2020-09-30": "211.84710", "2020-06-30": "-67.41300", "2020-03-31": "111.09300", "2019-12-31": "312.18510", "2019-09-30": "184.41000", "2019-06-30": "147.45400", "2019-03-31": "121.59600", "2018-12-31": "200.39940", "2018-09-30": "211.90900", "2018-06-30": "207.42990", "2018-03-31": "129.16000", "2017-12-31": "133.12690", "2017-09-30": "3.04010", "2017-06-30": "102.59810", "2017-03-31": "66.10900", "2016-12-31": "147.53920", "2016-09-30": "117.80200", "2016-06-30": "77.47100", "2016-03-31": "51.03210", "2015-12-31": "124.78590", "2015-09-30": "115.09290", "2015-06-30": "92.68000", "2015-03-31": "63.24200", "2014-12-31": "143.41020", "2014-09-30": "131.53700", "2014-06-30": "124.35300", "2014-03-31": "98.50900", "2013-12-31": "141.91580", "2013-09-30": "148.52500", "2013-06-30": "141.86900", "2013-03-31": "112.64500", "2012-12-31": "117.99810", "2012-09-30": "96.39500", "2012-06-30": "115.50600", "2012-03-31": "81.92100", "2011-12-31": "81.66290", "2011-09-30": "68.76200", "2011-06-30": "72.88100", "2011-03-31": "53.23200", "2010-12-31": "40.70580", "2010-09-30": "54.58400", "2010-06-30": "46.01400", "2010-03-31": "27.89200", "2009-12-31": "52.01580", "2009-09-30": "37.65900", "2009-06-30": "29.03000", "2009-03-31": "-5.53400", "2008-12-31": "50.20890", "2008-09-30": "9.12400", "2008-06-30": "21.77500", "2008-03-31": "17.00900", "2007-12-31": "7.75700", "2007-09-30": "-54.91900", "2007-06-30": "156.76510", "2007-03-31": "155.26890", "2006-12-31": "-175.34500", "2006-09-30": "172.30190", "2006-06-30": "193.73410", "2006-03-31": "191.31810", "2005-12-31": "289.55600", "2005-09-30": "124.52390", "2005-06-30": "158.40800", "2005-03-31": "151.40600"}, "EBIT": {"2020-09-30": "200.16710", "2020-06-30": "195.59400", "2020-03-31": "-177.78000", "2019-12-31": "154.91500", "2019-09-30": "175.23600", "2019-06-30": "171.30900", "2019-03-31": "79.87310", "2018-12-31": "133.92020", "2018-09-30": "172.83200", "2018-06-30": "168.43690", "2018-03-31": "89.95000", "2017-12-31": "94.35990", "2017-09-30": "-18.58890", "2017-06-30": "75.63510", "2017-03-31": "37.06000", "2016-12-31": "112.82020", "2016-09-30": "85.58400", "2016-06-30": "-252.44600", "2016-03-31": "21.41710", "2015-12-31": "-5.43010", "2015-09-30": "87.12990", "2015-06-30": "62.76900", "2015-03-31": "35.11900", "2014-12-31": "110.37200", "2014-09-30": "100.95300", "2014-06-30": "95.69000", "2014-03-31": "71.71200", "2013-12-31": "112.95180", "2013-09-30": "122.00400", "2013-06-30": "106.69600", "2013-03-31": "84.55100", "2012-12-31": "85.29420", "2012-09-30": "78.03300", "2012-06-30": "97.47600", "2012-03-31": "62.76500", "2011-12-31": "55.45510", "2011-09-30": "46.74000", "2011-06-30": "58.23100", "2011-03-31": "37.33600", "2010-12-31": "-21.44710", "2010-09-30": "37.68400", "2010-06-30": "24.63300", "2010-03-31": "8.92500", "2009-12-31": "-1015.89100", "2009-09-30": "7.12100", "2009-06-30": "3.90700", "2009-03-31": "-33.12400", "2008-12-31": "-4.07400", "2008-09-30": "-22.63800", "2008-06-30": "-6.43400", "2008-03-31": "-11.10800", "2007-12-31": "-34.16900", "2007-09-30": "1.69300", "2007-06-30": "66.63810", "2007-03-31": "85.44590", "2006-12-31": "-10.87100", "2006-09-30": "107.96090", "2006-06-30": "81.50810", "2006-03-31": "71.15410", "2005-12-31": "200.07500", "2005-09-30": "19.24890", "2005-06-30": "65.62000", "2005-03-31": "56.31900"}, "Basic Shares Outstanding": {"2020-09-30": "260.74400", "2020-06-30": "183.47700", "2020-03-31": "84.83900", "2019-12-31": "84.26100", "2019-09-30": "182.15400", "2019-06-30": "181.60600", "2019-03-31": "83.90500", "2018-12-31": "83.40700", "2018-09-30": "83.43300", "2018-06-30": "83.60400", "2018-03-31": "82.98300", "2017-12-31": "80.08900", "2017-09-30": "80.81700", "2017-06-30": "79.06700", "2017-03-31": "78.19300", "2016-12-31": "80.04500", "2016-09-30": "79.53200", "2016-06-30": "79.52300", "2016-03-31": "82.02700", "2015-12-31": "82.94400", "2015-09-30": "82.91000", "2015-06-30": "82.41600", "2015-03-31": "83.45300", "2014-12-31": "83.29200", "2014-09-30": "83.59100", "2014-06-30": "83.17800", "2014-03-31": "82.48400", "2013-12-31": "83.48000", "2013-09-30": "83.09400", "2013-06-30": "83.60900", "2013-03-31": "84.21800", "2012-12-31": "86.24700", "2012-09-30": "88.29600", "2012-06-30": "86.17400", "2012-03-31": "82.80100", "2011-12-31": "86.75500", "2011-09-30": "84.61300", "2011-06-30": "90.05000", "2011-03-31": "89.08100", "2010-12-31": "106.27400", "2010-09-30": "103.15200", "2010-06-30": "109.28700", "2010-03-31": "116.44600", "2009-12-31": "138.59900", "2009-09-30": "132.76400", "2009-06-30": "146.49200", "2009-03-31": "147.77600", "2008-12-31": "139.85000", "2008-09-30": "132.76400", "2008-06-30": "146.49200", "2008-03-31": "139.38300", "2007-12-31": "141.62600", "2007-09-30": "140.05400", "2007-06-30": "139.43300", "2007-03-31": "139.38350", "2006-12-31": "146.86600", "2006-09-30": "143.25350", "2006-06-30": "143.69600", "2006-03-31": "159.71600", "2005-12-31": "160.32700", "2005-09-30": "163.21050", "2005-06-30": "160.92900", "2005-03-31": "174.62550"}, "Shares Outstanding": {"2020-09-30": "289.95000", "2020-06-30": "194.98800", "2020-03-31": "84.83900", "2019-12-31": "90.04300", "2019-09-30": "193.15100", "2019-06-30": "194.48000", "2019-03-31": "90.34000", "2018-12-31": "91.32200", "2018-09-30": "91.97500", "2018-06-30": "90.93400", "2018-03-31": "89.06900", "2017-12-31": "85.31000", "2017-09-30": "87.19600", "2017-06-30": "83.77800", "2017-03-31": "82.50400", "2016-12-31": "80.04500", "2016-09-30": "81.61900", "2016-06-30": "79.52300", "2016-03-31": "84.82500", "2015-12-31": "88.26700", "2015-09-30": "88.90000", "2015-06-30": "87.09000", "2015-03-31": "88.75800", "2014-12-31": "88.55800", "2014-09-30": "88.79000", "2014-06-30": "83.17800", "2014-03-31": "87.20400", "2013-12-31": "86.74200", "2013-09-30": "86.07200", "2013-06-30": "86.56300", "2013-03-31": "87.38000", "2012-12-31": "93.08900", "2012-09-30": "94.69000", "2012-06-30": "91.94000", "2012-03-31": "91.71800", "2011-12-31": "94.32100", "2011-09-30": "93.74200", "2011-06-30": "97.30200", "2011-03-31": "93.67600", "2010-12-31": "106.27400", "2010-09-30": "106.22800", "2010-06-30": "112.60700", "2010-03-31": "116.44600", "2009-12-31": "138.59900", "2009-09-30": "134.86700", "2009-06-30": "146.49200", "2009-03-31": "147.77600", "2008-12-31": "143.97600", "2008-09-30": "134.86700", "2008-06-30": "148.07000", "2008-03-31": "139.38300", "2007-12-31": "146.39300", "2007-09-30": "140.05400", "2007-06-30": "139.43300", "2007-03-31": "143.12200", "2006-12-31": "146.86600", "2006-09-30": "151.02200", "2006-06-30": "151.28200", "2006-03-31": "168.65750", "2005-12-31": "172.00200", "2005-09-30": "173.89400", "2005-06-30": "175.08900", "2005-03-31": "183.83700"}, "Basic EPS": {"2020-09-30": "0.51000", "2020-06-30": "0.36000", "2020-03-31": "-2.49000", "2019-12-31": "2.73000", "2019-09-30": "0.71000", "2019-06-30": "0.62000", "2019-03-31": "1.06000", "2018-12-31": "2.30000", "2018-09-30": "1.75000", "2018-06-30": "2.61000", "2018-03-31": "0.86000", "2017-12-31": "0.41000", "2017-09-30": "2.22000", "2017-06-30": "0.84000", "2017-03-31": "0.34000", "2016-12-31": "1.29000", "2016-09-30": "0.54000", "2016-06-30": "-2.45000", "2016-03-31": "0.10000", "2015-12-31": "-0.39000", "2015-09-30": "0.79000", "2015-06-30": "0.72000", "2015-03-31": "0.32000", "2014-12-31": "0.85000", "2014-09-30": "3.91000", "2014-06-30": "-0.22000", "2014-03-31": "0.44000", "2013-12-31": "0.91000", "2013-09-30": "1.17000", "2013-06-30": "0.70000", "2013-03-31": "0.64000", "2012-12-31": "0.47000", "2012-09-30": "0.46000", "2012-06-30": "0.50000", "2012-03-31": "0.42000", "2011-12-31": "0.57000", "2011-09-30": "0.77000", "2011-06-30": "0.47000", "2011-03-31": "0.20000", "2010-12-31": "0.80000", "2010-09-30": "0.17000", "2010-06-30": "0.12000", "2010-03-31": "-0.16000", "2009-12-31": "-7.31000", "2009-09-30": "0.16000", "2009-06-30": "0.28000", "2009-03-31": "-0.19000", "2008-12-31": "1.63000", "2008-09-30": "-0.11000", "2008-06-30": "-3.02000", "2008-03-31": "0.38000", "2007-12-31": "-2.61000", "2007-09-30": "0.49000", "2007-06-30": "0.66000", "2007-03-31": "0.42000", "2006-12-31": "0.10000", "2006-09-30": "0.50000", "2006-06-30": "0.34000", "2006-03-31": "0.30000", "2005-12-31": "0.70000", "2005-09-30": "0.42000", "2005-06-30": "3.84000", "2005-03-31": "0.40000"}, "EPS - Earnings Per Share": {"2020-09-30": "0.46000", "2020-06-30": "0.32000", "2020-03-31": "-2.49000", "2019-12-31": "2.41000", "2019-09-30": "0.63000", "2019-06-30": "0.55000", "2019-03-31": "0.91000", "2018-12-31": "2.07000", "2018-09-30": "1.49000", "2018-06-30": "2.32000", "2018-03-31": "0.71000", "2017-12-31": "0.40000", "2017-09-30": "1.79000", "2017-06-30": "0.70000", "2017-03-31": "0.29000", "2016-12-31": "1.35000", "2016-09-30": "0.49000", "2016-06-30": "-2.45000", "2016-03-31": "0.09000", "2015-12-31": "-0.39000", "2015-09-30": "0.74000", "2015-06-30": "0.68000", "2015-03-31": "0.30000", "2014-12-31": "0.81000", "2014-09-30": "3.68000", "2014-06-30": "-0.22000", "2014-03-31": "0.41000", "2013-12-31": "0.88000", "2013-09-30": "1.13000", "2013-06-30": "0.67000", "2013-03-31": "0.61000", "2012-12-31": "0.43000", "2012-09-30": "0.43000", "2012-06-30": "0.47000", "2012-03-31": "0.38000", "2011-12-31": "0.53000", "2011-09-30": "0.69000", "2011-06-30": "0.44000", "2011-03-31": "0.19000", "2010-12-31": "0.81000", "2010-09-30": "0.16000", "2010-06-30": "0.12000", "2010-03-31": "-0.16000", "2009-12-31": "-7.31000", "2009-09-30": "0.16000", "2009-06-30": "0.28000", "2009-03-31": "-0.19000", "2008-12-31": "1.67000", "2008-09-30": "-0.11000", "2008-06-30": "-3.02000", "2008-03-31": "0.38000", "2007-12-31": "-2.53000", "2007-09-30": "0.47000", "2007-06-30": "0.62000", "2007-03-31": "0.40000", "2006-12-31": "0.10000", "2006-09-30": "0.48000", "2006-06-30": "0.34000", "2006-03-31": "0.28000", "2005-12-31": "0.66000", "2005-09-30": "0.40000", "2005-06-30": "3.54000", "2005-03-31": "0.38000"}}, "balance sheet": {"Cash On Hand": {"2019-12-31": "3159.28800", "2018-12-31": "2255.29700", "2017-12-31": "1635.80400", "2016-12-31": "1418.52900", "2015-12-31": "1520.64700", "2014-12-31": "1151.05300", "2013-12-31": "1106.44800", "2012-12-31": "770.58100", "2011-12-31": "869.84800", "2010-12-31": "1306.09600", "2009-12-31": "1733.58800", "2008-12-31": "1870.58600", "2007-12-31": "1912.09000", "2006-12-31": "2353.73700", "2005-12-31": "2568.69900"}, "Receivables": {"2019-12-31": "298.33400", "2018-12-31": "279.18900", "2017-12-31": "304.02700", "2016-12-31": "220.13800", "2015-12-31": "250.07700", "2014-12-31": "236.08600", "2013-12-31": "207.40800", "2012-12-31": "229.83000", "2011-12-31": "177.03000", "2010-12-31": "119.58100", "2009-12-31": "93.47400", "2008-12-31": "98.40200", "2007-12-31": "116.67000", "2006-12-31": "411.65600", "2005-12-31": "426.69700"}, "Inventory": {"2019-12-31": "", "2018-12-31": "", "2017-12-31": "", "2016-12-31": "", "2015-12-31": "", "2014-12-31": "", "2013-12-31": "", "2012-12-31": "", "2011-12-31": "", "2010-12-31": "", "2009-12-31": "", "2008-12-31": "", "2007-12-31": "", "2006-12-31": "325.97600", "2005-12-31": "335.88400"}, "Pre-Paid Expenses": {"2019-12-31": "", "2018-12-31": "", "2017-12-31": "", "2016-12-31": "", "2015-12-31": "", "2014-12-31": "", "2013-12-31": "", "2012-12-31": "", "2011-12-31": "", "2010-12-31": "", "2009-12-31": "", "2008-12-31": "", "2007-12-31": "", "2006-12-31": "", "2005-12-31": ""}, "Other Current Assets": {"2019-12-31": "249.36700", "2018-12-31": "228.25300", "2017-12-31": "185.37400", "2016-12-31": "204.06800", "2015-12-31": "174.28600", "2014-12-31": "148.74900", "2013-12-31": "161.53000", "2012-12-31": "156.33900", "2011-12-31": "112.25500", "2010-12-31": "118.30800", "2009-12-31": "172.98700", "2008-12-31": "215.63000", "2007-12-31": "377.44300", "2006-12-31": "834.45300", "2005-12-31": "771.33300"}, "Total Current Assets": {"2019-12-31": "3706.98900", "2018-12-31": "2762.73900", "2017-12-31": "2125.20500", "2016-12-31": "1842.73500", "2015-12-31": "1945.01000", "2014-12-31": "1535.88800", "2013-12-31": "1475.38600", "2012-12-31": "1156.75000", "2011-12-31": "1159.13300", "2010-12-31": "1543.98500", "2009-12-31": "2000.04900", "2008-12-31": "2184.61800", "2007-12-31": "3426.23700", "2006-12-31": "3958.25700", "2005-12-31": "4169.30400"}, "Property, Plant, And Equipment": {"2019-12-31": "371.35300", "2018-12-31": "318.80000", "2017-12-31": "315.17000", "2016-12-31": "306.24800", "2015-12-31": "302.81700", "2014-12-31": "302.45900", "2013-12-31": "293.96400", "2012-12-31": "270.51200", "2011-12-31": "259.58800", "2010-12-31": "267.92800", "2009-12-31": "290.33300", "2008-12-31": "330.26100", "2007-12-31": "334.34100", "2006-12-31": "594.53600", "2005-12-31": "521.13100"}, "Long-Term Investments": {"2019-12-31": "353.05200", "2018-12-31": "235.05500", "2017-12-31": "64.97700", "2016-12-31": "122.81000", "2015-12-31": "137.38600", "2014-12-31": "114.98300", "2013-12-31": "179.99000", "2012-12-31": "161.27800", "2011-12-31": "173.75200", "2010-12-31": "200.72100", "2009-12-31": "272.93000", "2008-12-31": "120.58200", "2007-12-31": "301.02300", "2006-12-31": "168.79100", "2005-12-31": "122.31300"}, "Goodwill And Intangible Assets": {"2019-12-31": "3432.93600", "2018-12-31": "3358.28100", "2017-12-31": "3222.80300", "2016-12-31": "2279.50300", "2015-12-31": "2686.19200", "2014-12-31": "2246.86200", "2013-12-31": "2120.65900", "2012-12-31": "2099.05800", "2011-12-31": "1736.63100", "2010-12-31": "1234.53700", "2009-12-31": "1228.66700", "2008-12-31": "2297.05100", "2007-12-31": "2225.69400", "2006-12-31": "8313.94800", "2005-12-31": "8780.46200"}, "Other Long-Term Assets": {"2019-12-31": "133.64000", "2018-12-31": "134.92400", "2017-12-31": "73.33400", "2016-12-31": "92.06600", "2015-12-31": "117.28600", "2014-12-31": "56.69300", "2013-12-31": "164.68500", "2012-12-31": "118.23000", "2011-12-31": "80.76100", "2010-12-31": "81.90800", "2009-12-31": "223.91000", "2008-12-31": "318.80800", "2007-12-31": "201.76400", "2006-12-31": "161.25600", "2005-12-31": "324.55500"}, "Total Long-Term Assets": {"2019-12-31": "4625.83600", "2018-12-31": "4111.84600", "2017-12-31": "3742.60500", "2016-12-31": "2803.13800", "2015-12-31": "3243.68100", "2014-12-31": "2720.99700", "2013-12-31": "2759.29800", "2012-12-31": "2649.07800", "2011-12-31": "2250.73200", "2010-12-31": "1785.09400", "2009-12-31": "2015.84000", "2008-12-31": "3066.70200", "2007-12-31": "9164.56400", "2006-12-31": "9238.53100", "2005-12-31": "9748.46100"}, "Total Assets": {"2019-12-31": "8332.82500", "2018-12-31": "6874.58500", "2017-12-31": "5867.81000", "2016-12-31": "4645.87300", "2015-12-31": "5188.69100", "2014-12-31": "4256.88500", "2013-12-31": "4234.68400", "2012-12-31": "3805.82800", "2011-12-31": "3409.86500", "2010-12-31": "3329.07900", "2009-12-31": "4015.88900", "2008-12-31": "5251.32000", "2007-12-31": "12590.80000", "2006-12-31": "13196.79000", "2005-12-31": "13917.76000"}, "Total Current Liabilities": {"2019-12-31": "1007.59900", "2018-12-31": "883.55800", "2017-12-31": "799.72800", "2016-12-31": "713.38800", "2015-12-31": "768.54600", "2014-12-31": "673.70000", "2013-12-31": "586.89700", "2012-12-31": "624.88900", "2011-12-31": "534.18500", "2010-12-31": "356.87300", "2009-12-31": "290.27700", "2008-12-31": "279.69000", "2007-12-31": "1734.23300", "2006-12-31": "2266.98800", "2005-12-31": "2233.11600"}, "Long Term Debt": {"2019-12-31": "3121.57200", "2018-12-31": "2245.54800", "2017-12-31": "1979.46900", "2016-12-31": "1582.48400", "2015-12-31": "1726.95400", "2014-12-31": "1080.00000", "2013-12-31": "1080.00000", "2012-12-31": "580.00000", "2011-12-31": "95.84400", "2010-12-31": "95.84400", "2009-12-31": "95.84400", "2008-12-31": "95.84400", "2007-12-31": "834.54200", "2006-12-31": "856.40800", "2005-12-31": "959.41000"}, "Other Non-Current Liabilities": {"2019-12-31": "239.42100", "2018-12-31": "104.39100", "2017-12-31": "63.85300", "2016-12-31": "77.70600", "2015-12-31": "98.20200", "2014-12-31": "77.82600", "2013-12-31": "474.77700", "2012-12-31": "511.77500", "2011-12-31": "467.13400", "2010-12-31": "495.92400", "2009-12-31": "473.76200", "2008-12-31": "425.47900", "2007-12-31": "278.00600", "2006-12-31": "196.46000", "2005-12-31": "223.36700"}, "Total Long Term Liabilities": {"2019-12-31": "3426.90800", "2018-12-31": "2439.22600", "2017-12-31": "2121.25900", "2016-12-31": "1921.81500", "2015-12-31": "2204.32000", "2014-12-31": "1590.04300", "2013-12-31": "1918.38600", "2012-12-31": "1473.30400", "2011-12-31": "915.54000", "2010-12-31": "922.13800", "2009-12-31": "597.78600", "2008-12-31": "544.09400", "2007-12-31": "2272.90700", "2006-12-31": "2190.32600", "2005-12-31": "2453.82100"}, "Total Liabilities": {"2019-12-31": "4434.50700", "2018-12-31": "3322.78400", "2017-12-31": "2920.98700", "2016-12-31": "2635.20300", "2015-12-31": "2972.86600", "2014-12-31": "2263.74300", "2013-12-31": "2505.28300", "2012-12-31": "2098.19300", "2011-12-31": "1449.72500", "2010-12-31": "1279.01100", "2009-12-31": "888.06300", "2008-12-31": "823.78400", "2007-12-31": "4007.14000", "2006-12-31": "4457.31400", "2005-12-31": "4686.93700"}, "Common Stock Net": {"2019-12-31": "0.27900", "2018-12-31": "0.27800", "2017-12-31": "0.27700", "2016-12-31": "0.27200", "2015-12-31": "0.27000", "2014-12-31": "0.26800", "2013-12-31": "0.26700", "2012-12-31": "0.26700", "2011-12-31": "0.25000", "2010-12-31": "0.24200", "2009-12-31": "0.23900", "2008-12-31": "0.22600", "2007-12-31": "0.22500", "2006-12-31": "0.41000", "2005-12-31": "0.43100"}, "Retained Earnings (Accumulated Deficit)": {"2019-12-31": "1689.92500", "2018-12-31": "1258.79400", "2017-12-31": "595.03800", "2016-12-31": "290.11400", "2015-12-31": "331.39400", "2014-12-31": "325.11800", "2013-12-31": "-32.73500", "2012-12-31": "-318.51900", "2011-12-31": "-477.78500", "2010-12-31": "-652.01800", "2009-12-31": "-751.37700", "2008-12-31": "227.44500", "2007-12-31": "567.82000", "2006-12-31": "291.19200", "2005-12-31": "128.07600"}, "Comprehensive Income": {"2019-12-31": "-136.34900", "2018-12-31": "-128.72200", "2017-12-31": "-103.56800", "2016-12-31": "-166.12300", "2015-12-31": "-152.10300", "2014-12-31": "-87.70000", "2013-12-31": "-13.04600", "2012-12-31": "-32.16900", "2011-12-31": "-12.44300", "2010-12-31": "17.54600", "2009-12-31": "24.50300", "2008-12-31": "2.18000", "2007-12-31": "39.81400", "2006-12-31": "76.50500", "2005-12-31": "26.07300"}, "Other Share Holders Equity": {"2019-12-31": "", "2018-12-31": "", "2017-12-31": "", "2016-12-31": "", "2015-12-31": "", "2014-12-31": "", "2013-12-31": "", "2012-12-31": "", "2011-12-31": "", "2010-12-31": "", "2009-12-31": "", "2008-12-31": "", "2007-12-31": "", "2006-12-31": "-4.99800", "2005-12-31": "-4.99800"}, "Share Holder Equity": {"2019-12-31": "3898.31800", "2018-12-31": "3551.80100", "2017-12-31": "2946.82300", "2016-12-31": "2010.67000", "2015-12-31": "2215.82500", "2014-12-31": "1993.14200", "2013-12-31": "1729.40100", "2012-12-31": "1707.63500", "2011-12-31": "1960.14000", "2010-12-31": "2050.06800", "2009-12-31": "3127.82600", "2008-12-31": "4427.53600", "2007-12-31": "8583.66200", "2006-12-31": "8739.47400", "2005-12-31": "9230.82800"}, "Total Liabilities And Share Holders Equity": {"2019-12-31": "8332.82500", "2018-12-31": "6874.58500", "2017-12-31": "5867.81000", "2016-12-31": "4645.87300", "2015-12-31": "5188.69100", "2014-12-31": "4256.88500", "2013-12-31": "4234.68400", "2012-12-31": "3805.82800", "2011-12-31": "3409.86500", "2010-12-31": "3329.07900", "2009-12-31": "4015.88900", "2008-12-31": "5251.32000", "2007-12-31": "12590.80000", "2006-12-31": "13196.79000", "2005-12-31": "13917.76000"}}, "balance sheet, quarterly": {"Cash On Hand": {"2020-09-30": "398.88400", "2020-06-30": "129.29400", "2020-03-31": "2892.64100", "2019-12-31": "465.67600", "2019-09-30": "3103.35400", "2019-06-30": "3313.70800", "2019-03-31": "2257.73800", "2018-12-31": "2255.29700", "2018-09-30": "1879.53900", "2018-06-30": "1765.23900", "2018-03-31": "1663.16700", "2017-12-31": "1635.80400", "2017-09-30": "1255.31700", "2017-06-30": "1537.28400", "2017-03-31": "1431.03000", "2016-12-31": "1418.52900", "2016-09-30": "1367.64600", "2016-06-30": "1325.19200", "2016-03-31": "1432.48000", "2015-12-31": "1520.64700", "2015-09-30": "820.38500", "2015-06-30": "889.93200", "2015-03-31": "877.21800", "2014-12-31": "1151.05300", "2014-09-30": "1050.76100", "2014-06-30": "1068.93700", "2014-03-31": "1042.85400", "2013-12-31": "1106.44800", "2013-09-30": "767.99200", "2013-06-30": "686.50000", "2013-03-31": "679.57100", "2012-12-31": "770.58100", "2012-09-30": "640.70500", "2012-06-30": "945.79300", "2012-03-31": "775.64500", "2011-12-31": "869.84800", "2011-09-30": "864.99190", "2011-06-30": "911.86300", "2011-03-31": "1317.48500", "2010-12-31": "1306.09600", "2010-09-30": "1373.42900", "2010-06-30": "1466.95300", "2010-03-31": "1527.40400", "2009-12-31": "1733.58800", "2009-09-30": "1767.04400", "2009-06-30": "1862.38900", "2009-03-31": "2009.32300", "2008-12-31": "1870.58600", "2008-09-30": "1463.62700", "2008-06-30": "1584.71300", "2008-03-31": "1415.97000", "2007-12-31": "1912.09000", "2007-09-30": "1812.28100", "2007-06-30": "1835.61500", "2007-03-31": "2038.07600", "2006-12-31": "2353.73700", "2006-09-30": "1902.13000", "2006-06-30": "2184.95200", "2006-03-31": "2424.97700", "2005-12-31": "2568.69900", "2005-09-30": "3129.98300", "2005-06-30": "4705.33100", "2005-03-31": "4179.77500"}, "Receivables": {"2020-09-30": "199.68200", "2020-06-30": "186.44700", "2020-03-31": "375.85400", "2019-12-31": "116.45900", "2019-09-30": "355.92400", "2019-06-30": "365.49500", "2019-03-31": "345.68600", "2018-12-31": "279.18900", "2018-09-30": "347.15800", "2018-06-30": "343.57600", "2018-03-31": "325.26300", "2017-12-31": "304.02700", "2017-09-30": "271.20900", "2017-06-30": "219.94600", "2017-03-31": "218.50400", "2016-12-31": "220.13800", "2016-09-30": "199.32800", "2016-06-30": "189.49100", "2016-03-31": "234.54600", "2015-12-31": "250.07700", "2015-09-30": "246.97800", "2015-06-30": "223.10600", "2015-03-31": "232.46400", "2014-12-31": "236.08600", "2014-09-30": "235.03500", "2014-06-30": "223.43600", "2014-03-31": "241.01700", "2013-12-31": "207.40800", "2013-09-30": "209.94900", "2013-06-30": "235.95000", "2013-03-31": "235.18100", "2012-12-31": "229.83000", "2012-09-30": "220.73500", "2012-06-30": "205.15600", "2012-03-31": "181.80400", "2011-12-31": "177.03000", "2011-09-30": "154.40100", "2011-06-30": "126.88700", "2011-03-31": "131.73500", "2010-12-31": "119.58100", "2010-09-30": "113.25100", "2010-06-30": "104.97100", "2010-03-31": "109.42200", "2009-12-31": "93.47400", "2009-09-30": "91.57800", "2009-06-30": "90.18900", "2009-03-31": "91.76200", "2008-12-31": "98.40200", "2008-09-30": "118.14900", "2008-06-30": "427.69300", "2008-03-31": "508.29100", "2007-12-31": "116.67000", "2007-09-30": "515.83000", "2007-06-30": "459.51200", "2007-03-31": "584.31400", "2006-12-31": "411.65600", "2006-09-30": "546.25200", "2006-06-30": "485.98900", "2006-03-31": "508.65200", "2005-12-31": "426.69700", "2005-09-30": "497.82200", "2005-06-30": "611.29800", "2005-03-31": "588.87500"}, "Inventory": {"2020-09-30": "", "2020-06-30": "", "2020-03-31": "", "2019-12-31": "", "2019-09-30": "", "2019-06-30": "", "2019-03-31": "", "2018-12-31": "", "2018-09-30": "", "2018-06-30": "", "2018-03-31": "", "2017-12-31": "", "2017-09-30": "", "2017-06-30": "", "2017-03-31": "", "2016-12-31": "", "2016-09-30": "", "2016-06-30": "", "2016-03-31": "", "2015-12-31": "", "2015-09-30": "", "2015-06-30": "", "2015-03-31": "", "2014-12-31": "", "2014-09-30": "", "2014-06-30": "", "2014-03-31": "", "2013-12-31": "", "2013-09-30": "", "2013-06-30": "", "2013-03-31": "", "2012-12-31": "", "2012-09-30": "", "2012-06-30": "", "2012-03-31": "", "2011-12-31": "", "2011-09-30": "", "2011-06-30": "", "2011-03-31": "", "2010-12-31": "", "2010-09-30": "", "2010-06-30": "", "2010-03-31": "", "2009-12-31": "", "2009-09-30": "", "2009-06-30": "", "2009-03-31": "", "2008-12-31": "", "2008-09-30": "", "2008-06-30": "348.30300", "2008-03-31": "351.41100", "2007-12-31": "", "2007-09-30": "402.09500", "2007-06-30": "347.64600", "2007-03-31": "391.77900", "2006-12-31": "325.97600", "2006-09-30": "425.94300", "2006-06-30": "364.73400", "2006-03-31": "343.01400", "2005-12-31": "335.88400", "2005-09-30": "428.59900", "2005-06-30": "388.12900", "2005-03-31": "248.16800"}, "Pre-Paid Expenses": {"2020-09-30": "", "2020-06-30": "", "2020-03-31": "", "2019-12-31": "", "2019-09-30": "", "2019-06-30": "", "2019-03-31": "", "2018-12-31": "", "2018-09-30": "", "2018-06-30": "", "2018-03-31": "", "2017-12-31": "", "2017-09-30": "", "2017-06-30": "", "2017-03-31": "", "2016-12-31": "", "2016-09-30": "", "2016-06-30": "", "2016-03-31": "", "2015-12-31": "", "2015-09-30": "", "2015-06-30": "", "2015-03-31": "", "2014-12-31": "", "2014-09-30": "", "2014-06-30": "", "2014-03-31": "", "2013-12-31": "", "2013-09-30": "", "2013-06-30": "", "2013-03-31": "", "2012-12-31": "", "2012-09-30": "", "2012-06-30": "", "2012-03-31": "", "2011-12-31": "", "2011-09-30": "", "2011-06-30": "", "2011-03-31": "", "2010-12-31": "", "2010-09-30": "", "2010-06-30": "", "2010-03-31": "", "2009-12-31": "", "2009-09-30": "", "2009-06-30": "", "2009-03-31": "", "2008-12-31": "", "2008-09-30": "185.95600", "2008-06-30": "284.10600", "2008-03-31": "349.09100", "2007-12-31": "", "2007-09-30": "207.80400", "2007-06-30": "195.46400", "2007-03-31": "210.52300", "2006-12-31": "", "2006-09-30": "", "2006-06-30": "", "2006-03-31": "", "2005-12-31": "", "2005-09-30": "", "2005-06-30": "", "2005-03-31": ""}, "Other Current Assets": {"2020-09-30": "139.59300", "2020-06-30": "136.00700", "2020-03-31": "267.81400", "2019-12-31": "97.85000", "2019-09-30": "225.01600", "2019-06-30": "234.88400", "2019-03-31": "226.47400", "2018-12-31": "228.25300", "2018-09-30": "246.19700", "2018-06-30": "237.95700", "2018-03-31": "234.50200", "2017-12-31": "185.37400", "2017-09-30": "200.37700", "2017-06-30": "255.95100", "2017-03-31": "236.78800", "2016-12-31": "204.06800", "2016-09-30": "232.55600", "2016-06-30": "278.18500", "2016-03-31": "217.30300", "2015-12-31": "174.28600", "2015-09-30": "178.88300", "2015-06-30": "209.72400", "2015-03-31": "184.26100", "2014-12-31": "148.74900", "2014-09-30": "169.48300", "2014-06-30": "185.05900", "2014-03-31": "187.20500", "2013-12-31": "161.53000", "2013-09-30": "151.98000", "2013-06-30": "148.28500", "2013-03-31": "140.93000", "2012-12-31": "156.33900", "2012-09-30": "126.78700", "2012-06-30": "128.27200", "2012-03-31": "120.20000", "2011-12-31": "112.25500", "2011-09-30": "104.74800", "2011-06-30": "110.34100", "2011-03-31": "118.11500", "2010-12-31": "118.30800", "2010-09-30": "144.89800", "2010-06-30": "153.14900", "2010-03-31": "164.17200", "2009-12-31": "172.98700", "2009-09-30": "224.99400", "2009-06-30": "199.16100", "2009-03-31": "223.03600", "2008-12-31": "215.63000", "2008-09-30": "", "2008-06-30": "87.31000", "2008-03-31": "91.18500", "2007-12-31": "377.44300", "2007-09-30": "151.96400", "2007-06-30": "219.55300", "2007-03-31": "410.05900", "2006-12-31": "834.45300", "2006-09-30": "513.29100", "2006-06-30": "532.99600", "2006-03-31": "549.96000", "2005-12-31": "771.33300", "2005-09-30": "600.79700", "2005-06-30": "688.71000", "2005-03-31": "907.01300"}, "Total Current Assets": {"2020-09-30": "738.15900", "2020-06-30": "451.74800", "2020-03-31": "3536.30900", "2019-12-31": "3708.06400", "2019-09-30": "3684.29400", "2019-06-30": "3914.08700", "2019-03-31": "2829.89800", "2018-12-31": "2762.73900", "2018-09-30": "2472.89400", "2018-06-30": "2346.77200", "2018-03-31": "2222.93200", "2017-12-31": "2125.20500", "2017-09-30": "1726.90300", "2017-06-30": "2013.18100", "2017-03-31": "1886.32200", "2016-12-31": "1842.73500", "2016-09-30": "1799.53000", "2016-06-30": "1792.86800", "2016-03-31": "1884.32900", "2015-12-31": "1945.01000", "2015-09-30": "1246.24600", "2015-06-30": "1322.76200", "2015-03-31": "1293.94300", "2014-12-31": "1535.88800", "2014-09-30": "1455.27900", "2014-06-30": "1477.43200", "2014-03-31": "1471.07600", "2013-12-31": "1475.38600", "2013-09-30": "1129.92100", "2013-06-30": "1070.73500", "2013-03-31": "1055.68200", "2012-12-31": "1156.75000", "2012-09-30": "988.22700", "2012-06-30": "1279.22100", "2012-03-31": "1077.64900", "2011-12-31": "1159.13300", "2011-09-30": "1124.14100", "2011-06-30": "1149.09100", "2011-03-31": "1567.33500", "2010-12-31": "1543.98500", "2010-09-30": "1631.57800", "2010-06-30": "1725.07300", "2010-03-31": "1800.99800", "2009-12-31": "2000.04900", "2009-09-30": "2083.61600", "2009-06-30": "2151.73900", "2009-03-31": "2324.12100", "2008-12-31": "2184.61800", "2008-09-30": "1767.73200", "2008-06-30": "2826.82900", "2008-03-31": "2810.32100", "2007-12-31": "3426.23700", "2007-09-30": "3124.09400", "2007-06-30": "3104.54100", "2007-03-31": "3685.49300", "2006-12-31": "3958.25700", "2006-09-30": "3463.73500", "2006-06-30": "3655.58700", "2006-03-31": "3927.85700", "2005-12-31": "4169.30400", "2005-09-30": "4785.06400", "2005-06-30": "6563.91800", "2005-03-31": "6074.57100"}, "Property, Plant, And Equipment": {"2020-09-30": "106.00600", "2020-06-30": "101.64700", "2020-03-31": "373.56100", "2019-12-31": "101.06500", "2019-09-30": "361.66400", "2019-06-30": "361.55000", "2019-03-31": "325.88800", "2018-12-31": "318.80000", "2018-09-30": "308.46500", "2018-06-30": "306.60200", "2018-03-31": "301.86500", "2017-12-31": "315.17000", "2017-09-30": "320.27700", "2017-06-30": "306.14400", "2017-03-31": "291.72100", "2016-12-31": "306.24800", "2016-09-30": "317.27700", "2016-06-30": "306.99900", "2016-03-31": "304.96300", "2015-12-31": "302.81700", "2015-09-30": "299.07800", "2015-06-30": "297.15800", "2015-03-31": "297.95600", "2014-12-31": "302.45900", "2014-09-30": "300.95500", "2014-06-30": "291.28900", "2014-03-31": "291.11100", "2013-12-31": "293.96400", "2013-09-30": "290.47000", "2013-06-30": "289.49300", "2013-03-31": "293.28200", "2012-12-31": "270.51200", "2012-09-30": "272.31700", "2012-06-30": "255.92600", "2012-03-31": "255.70100", "2011-12-31": "259.58800", "2011-09-30": "260.00300", "2011-06-30": "261.11800", "2011-03-31": "262.56900", "2010-12-31": "267.92800", "2010-09-30": "282.14300", "2010-06-30": "288.17700", "2010-03-31": "291.42900", "2009-12-31": "290.33300", "2009-09-30": "304.40200", "2009-06-30": "307.54200", "2009-03-31": "313.19600", "2008-12-31": "330.26100", "2008-09-30": "335.53700", "2008-06-30": "655.69500", "2008-03-31": "660.64600", "2007-12-31": "334.34100", "2007-09-30": "646.41200", "2007-06-30": "622.66600", "2007-03-31": "623.03000", "2006-12-31": "594.53600", "2006-09-30": "610.39900", "2006-06-30": "593.47600", "2006-03-31": "587.88300", "2005-12-31": "521.13100", "2005-09-30": "536.87600", "2005-06-30": "576.82600", "2005-03-31": "507.16200"}, "Long-Term Investments": {"2020-09-30": "", "2020-06-30": "", "2020-03-31": "301.59200", "2019-12-31": "", "2019-09-30": "333.98000", "2019-06-30": "101.95800", "2019-03-31": "234.59600", "2018-12-31": "235.05500", "2018-09-30": "217.61500", "2018-06-30": "217.35700", "2018-03-31": "81.91200", "2017-12-31": "64.97700", "2017-09-30": "120.80600", "2017-06-30": "122.05500", "2017-03-31": "119.52500", "2016-12-31": "122.81000", "2016-09-30": "126.85500", "2016-06-30": "127.31800", "2016-03-31": "129.69500", "2015-12-31": "137.38600", "2015-09-30": "138.82500", "2015-06-30": "131.38500", "2015-03-31": "123.67900", "2014-12-31": "114.98300", "2014-09-30": "117.23500", "2014-06-30": "119.48700", "2014-03-31": "184.28200", "2013-12-31": "179.99000", "2013-09-30": "164.17000", "2013-06-30": "196.81100", "2013-03-31": "157.75000", "2012-12-31": "161.27800", "2012-09-30": "169.72800", "2012-06-30": "191.60700", "2012-03-31": "206.95300", "2011-12-31": "173.75200", "2011-09-30": "177.62700", "2011-06-30": "255.90900", "2011-03-31": "199.17900", "2010-12-31": "200.72100", "2010-09-30": "209.89000", "2010-06-30": "216.28100", "2010-03-31": "244.86800", "2009-12-31": "272.93000", "2009-09-30": "268.66600", "2009-06-30": "335.60400", "2009-03-31": "141.22100", "2008-12-31": "120.58200", "2008-09-30": "256.83900", "2008-06-30": "433.84500", "2008-03-31": "501.02200", "2007-12-31": "301.02300", "2007-09-30": "488.02900", "2007-06-30": "583.05200", "2007-03-31": "175.06000", "2006-12-31": "168.79100", "2006-09-30": "146.31400", "2006-06-30": "137.34800", "2006-03-31": "132.29500", "2005-12-31": "122.31300", "2005-09-30": "86.52200", "2005-06-30": "119.08500", "2005-03-31": "1500.95000"}, "Goodwill And Intangible Assets": {"2020-09-30": "1478.84100", "2020-06-30": "1463.09400", "2020-03-31": "3713.60600", "2019-12-31": "1468.16300", "2019-09-30": "3456.68800", "2019-06-30": "3521.38000", "2019-03-31": "3353.89700", "2018-12-31": "3358.28100", "2018-09-30": "3196.32300", "2018-06-30": "3214.64700", "2018-03-31": "3254.41500", "2017-12-31": "3222.80300", "2017-09-30": "3161.69200", "2017-06-30": "2263.27000", "2017-03-31": "2240.83700", "2016-12-31": "2279.50300", "2016-09-30": "2324.85200", "2016-06-30": "2332.93700", "2016-03-31": "2625.38200", "2015-12-31": "2686.19200", "2015-09-30": "2229.06200", "2015-06-30": "2250.91200", "2015-03-31": "2190.45300", "2014-12-31": "2246.86200", "2014-09-30": "2310.69500", "2014-06-30": "2191.01100", "2014-03-31": "2187.83800", "2013-12-31": "2120.65900", "2013-09-30": "2131.07600", "2013-06-30": "2130.47600", "2013-03-31": "2153.00400", "2012-12-31": "2099.05800", "2012-09-30": "2048.31800", "2012-06-30": "1713.08000", "2012-03-31": "1729.14300", "2011-12-31": "1736.63100", "2011-09-30": "1735.92900", "2011-06-30": "1323.29800", "2011-03-31": "1323.31600", "2010-12-31": "1234.53700", "2010-09-30": "1309.36000", "2010-06-30": "1307.95900", "2010-03-31": "1267.67500", "2009-12-31": "1228.66700", "2009-09-30": "2309.38700", "2009-06-30": "2224.65900", "2009-03-31": "2285.63600", "2008-12-31": "2297.05100", "2008-09-30": "2321.58700", "2008-06-30": "7758.76600", "2008-03-31": "8316.07300", "2007-12-31": "2225.69400", "2007-09-30": "8409.83100", "2007-06-30": "8432.50000", "2007-03-31": "8460.79400", "2006-12-31": "8313.94800", "2006-09-30": "8774.02300", "2006-06-30": "8843.91900", "2006-03-31": "8873.67400", "2005-12-31": "8780.46200", "2005-09-30": "8967.93800", "2005-06-30": "14281.25000", "2005-03-31": "13568.92000"}, "Other Long-Term Assets": {"2020-09-30": "110.58600", "2020-06-30": "66.22200", "2020-03-31": "318.83200", "2019-12-31": "64.23200", "2019-09-30": "120.06900", "2019-06-30": "103.85200", "2019-03-31": "113.76100", "2018-12-31": "134.92400", "2018-09-30": "92.23300", "2018-06-30": "87.66100", "2018-03-31": "85.74200", "2017-12-31": "73.33400", "2017-09-30": "81.39800", "2017-06-30": "81.41700", "2017-03-31": "80.92200", "2016-12-31": "92.06600", "2016-09-30": "102.64600", "2016-06-30": "99.90000", "2016-03-31": "107.97400", "2015-12-31": "117.28600", "2015-09-30": "114.10700", "2015-06-30": "72.84100", "2015-03-31": "52.07400", "2014-12-31": "56.69300", "2014-09-30": "54.24600", "2014-06-30": "88.25900", "2014-03-31": "89.74900", "2013-12-31": "164.68500", "2013-09-30": "89.14500", "2013-06-30": "124.97600", "2013-03-31": "120.52800", "2012-12-31": "118.23000", "2012-09-30": "103.98500", "2012-06-30": "106.51400", "2012-03-31": "83.03200", "2011-12-31": "80.76100", "2011-09-30": "250.62700", "2011-06-30": "519.88500", "2011-03-31": "184.23000", "2010-12-31": "81.90800", "2010-09-30": "179.22700", "2010-06-30": "177.42200", "2010-03-31": "165.54400", "2009-12-31": "223.91000", "2009-09-30": "217.93300", "2009-06-30": "243.94900", "2009-03-31": "309.52600", "2008-12-31": "318.80800", "2008-09-30": "401.44500", "2008-06-30": "353.16400", "2008-03-31": "280.46100", "2007-12-31": "201.76400", "2007-09-30": "192.91900", "2007-06-30": "179.37200", "2007-03-31": "170.22400", "2006-12-31": "161.25600", "2006-09-30": "176.12400", "2006-06-30": "199.59800", "2006-03-31": "222.26500", "2005-12-31": "324.55500", "2005-09-30": "50.24000", "2005-06-30": "64.84000", "2005-03-31": "1500.35200"}, "Total Long-Term Assets": {"2020-09-30": "1931.93300", "2020-06-30": "1882.98400", "2020-03-31": "4898.44000", "2019-12-31": "4656.73900", "2019-09-30": "4620.49700", "2019-06-30": "4385.01800", "2019-03-31": "4330.00400", "2018-12-31": "4111.84600", "2018-09-30": "3899.45300", "2018-06-30": "3888.51200", "2018-03-31": "3808.04200", "2017-12-31": "3742.60500", "2017-09-30": "3814.05200", "2017-06-30": "2772.88600", "2017-03-31": "2733.00500", "2016-12-31": "2803.13800", "2016-09-30": "2871.63000", "2016-06-30": "2867.15400", "2016-03-31": "3168.01400", "2015-12-31": "3243.68100", "2015-09-30": "2781.07200", "2015-06-30": "2752.29600", "2015-03-31": "2664.16200", "2014-12-31": "2720.99700", "2014-09-30": "2783.13100", "2014-06-30": "2690.04600", "2014-03-31": "2752.98000", "2013-12-31": "2759.29800", "2013-09-30": "2674.86100", "2013-06-30": "2741.75600", "2013-03-31": "2724.56400", "2012-12-31": "2649.07800", "2012-09-30": "2594.34800", "2012-06-30": "2267.12700", "2012-03-31": "2274.82900", "2011-12-31": "2250.73200", "2011-09-30": "2424.18600", "2011-06-30": "2360.21000", "2011-03-31": "1969.29400", "2010-12-31": "1785.09400", "2010-09-30": "1980.62000", "2010-06-30": "1989.83900", "2010-03-31": "1969.51600", "2009-12-31": "2015.84000", "2009-09-30": "3100.38800", "2009-06-30": "3111.75400", "2009-03-31": "3049.57900", "2008-12-31": "3066.70200", "2008-09-30": "3315.40800", "2008-06-30": "9201.47100", "2008-03-31": "9758.20200", "2007-12-31": "9164.56400", "2007-09-30": "9737.19000", "2007-06-30": "9817.59000", "2007-03-31": "9429.10700", "2006-12-31": "9238.53100", "2006-09-30": "9706.86000", "2006-06-30": "9774.34100", "2006-03-31": "9816.11600", "2005-12-31": "9748.46100", "2005-09-30": "9925.28200", "2005-06-30": "15219.66000", "2005-03-31": "17150.80000"}, "Total Assets": {"2020-09-30": "2670.09200", "2020-06-30": "2334.73200", "2020-03-31": "8434.74900", "2019-12-31": "8364.80300", "2019-09-30": "8304.79100", "2019-06-30": "8299.10500", "2019-03-31": "7159.90200", "2018-12-31": "6874.58500", "2018-09-30": "6372.34700", "2018-06-30": "6235.28400", "2018-03-31": "6030.97400", "2017-12-31": "5867.81000", "2017-09-30": "5540.95500", "2017-06-30": "4786.06700", "2017-03-31": "4619.32700", "2016-12-31": "4645.87300", "2016-09-30": "4671.16000", "2016-06-30": "4660.02200", "2016-03-31": "5052.34300", "2015-12-31": "5188.69100", "2015-09-30": "4027.31800", "2015-06-30": "4075.05800", "2015-03-31": "3958.10500", "2014-12-31": "4256.88500", "2014-09-30": "4238.41000", "2014-06-30": "4167.47800", "2014-03-31": "4224.05600", "2013-12-31": "4234.68400", "2013-09-30": "3804.78200", "2013-06-30": "3812.49100", "2013-03-31": "3780.24600", "2012-12-31": "3805.82800", "2012-09-30": "3582.57500", "2012-06-30": "3546.34800", "2012-03-31": "3352.47800", "2011-12-31": "3409.86500", "2011-09-30": "3548.32700", "2011-06-30": "3509.30100", "2011-03-31": "3536.62900", "2010-12-31": "3329.07900", "2010-09-30": "3612.19800", "2010-06-30": "3714.91200", "2010-03-31": "3770.51400", "2009-12-31": "4015.88900", "2009-09-30": "5184.00400", "2009-06-30": "5263.49300", "2009-03-31": "5373.70000", "2008-12-31": "5251.32000", "2008-09-30": "5083.14000", "2008-06-30": "12028.30000", "2008-03-31": "12568.52000", "2007-12-31": "12590.80000", "2007-09-30": "12861.29000", "2007-06-30": "12922.13000", "2007-03-31": "13114.60000", "2006-12-31": "13196.79000", "2006-09-30": "13170.60000", "2006-06-30": "13429.93000", "2006-03-31": "13743.97000", "2005-12-31": "13917.76000", "2005-09-30": "14710.34000", "2005-06-30": "21783.57000", "2005-03-31": "23225.37000"}, "Total Current Liabilities": {"2020-09-30": "488.19500", "2020-06-30": "459.04200", "2020-03-31": "1064.41600", "2019-12-31": "1010.18000", "2019-09-30": "1036.28100", "2019-06-30": "953.46200", "2019-03-31": "907.82000", "2018-12-31": "883.55800", "2018-09-30": "893.50500", "2018-06-30": "845.68000", "2018-03-31": "829.49300", "2017-12-31": "799.72800", "2017-09-30": "835.52600", "2017-06-30": "683.81500", "2017-03-31": "679.39500", "2016-12-31": "713.38800", "2016-09-30": "702.58900", "2016-06-30": "692.20600", "2016-03-31": "776.94200", "2015-12-31": "768.54600", "2015-09-30": "653.45700", "2015-06-30": "714.85700", "2015-03-31": "625.75200", "2014-12-31": "673.70000", "2014-09-30": "653.69300", "2014-06-30": "587.73000", "2014-03-31": "600.64300", "2013-12-31": "586.89700", "2013-09-30": "601.55100", "2013-06-30": "610.65600", "2013-03-31": "591.43900", "2012-12-31": "624.88900", "2012-09-30": "625.06900", "2012-06-30": "609.54300", "2012-03-31": "524.78700", "2011-12-31": "534.18500", "2011-09-30": "493.27800", "2011-06-30": "405.49200", "2011-03-31": "404.61900", "2010-12-31": "356.87300", "2010-09-30": "318.03700", "2010-06-30": "326.83800", "2010-03-31": "308.44900", "2009-12-31": "290.27700", "2009-09-30": "266.65100", "2009-06-30": "298.21200", "2009-03-31": "313.09700", "2008-12-31": "279.69000", "2008-09-30": "404.71500", "2008-06-30": "1596.27300", "2008-03-31": "1732.32200", "2007-12-31": "1734.23300", "2007-09-30": "1654.89100", "2007-06-30": "1619.66200", "2007-03-31": "1858.26800", "2006-12-31": "2266.98800", "2006-09-30": "2142.05300", "2006-06-30": "2201.82700", "2006-03-31": "2144.70900", "2005-12-31": "2233.11600", "2005-09-30": "2709.57100", "2005-06-30": "4870.69000", "2005-03-31": "3629.46600"}, "Long Term Debt": {"2020-09-30": "3521.09200", "2020-06-30": "3527.66000", "2020-03-31": "3625.00800", "2019-12-31": "2889.62600", "2019-09-30": "3111.88200", "2019-06-30": "3138.53100", "2019-03-31": "2332.23400", "2018-12-31": "2245.54800", "2018-09-30": "1983.99300", "2018-06-30": "1982.27100", "2018-03-31": "1980.57900", "2017-12-31": "1979.46900", "2017-09-30": "1649.26700", "2017-06-30": "1572.99400", "2017-03-31": "1571.98200", "2016-12-31": "1582.48400", "2016-09-30": "1641.28500", "2016-06-30": "1655.25900", "2016-03-31": "1660.87200", "2015-12-31": "1726.95400", "2015-09-30": "1000.00000", "2015-06-30": "1000.00000", "2015-03-31": "1080.00000", "2014-12-31": "1080.00000", "2014-09-30": "1080.00000", "2014-06-30": "1080.00000", "2014-03-31": "1080.00000", "2013-12-31": "1080.00000", "2013-09-30": "580.00000", "2013-06-30": "580.00000", "2013-03-31": "580.00000", "2012-12-31": "580.00000", "2012-09-30": "80.00000", "2012-06-30": "80.00000", "2012-03-31": "80.00000", "2011-12-31": "95.84400", "2011-09-30": "95.84400", "2011-06-30": "95.84400", "2011-03-31": "95.84400", "2010-12-31": "95.84400", "2010-09-30": "95.84400", "2010-06-30": "95.84400", "2010-03-31": "95.84400", "2009-12-31": "95.84400", "2009-09-30": "95.84400", "2009-06-30": "95.84400", "2009-03-31": "95.84400", "2008-12-31": "95.84400", "2008-09-30": "95.84400", "2008-06-30": "835.19900", "2008-03-31": "850.00500", "2007-12-31": "834.54200", "2007-09-30": "823.39100", "2007-06-30": "811.82700", "2007-03-31": "835.21000", "2006-12-31": "856.40800", "2006-09-30": "871.57400", "2006-06-30": "858.06300", "2006-03-31": "881.97800", "2005-12-31": "959.41000", "2005-09-30": "962.97500", "2005-06-30": "794.27200", "2005-03-31": "785.52200"}, "Other Non-Current Liabilities": {"2020-09-30": "83.40500", "2020-06-30": "38.39000", "2020-03-31": "228.67200", "2019-12-31": "56.45300", "2019-09-30": "251.90800", "2019-06-30": "260.00300", "2019-03-31": "253.69500", "2018-12-31": "104.39100", "2018-09-30": "61.86600", "2018-06-30": "59.11600", "2018-03-31": "55.47400", "2017-12-31": "63.85300", "2017-09-30": "70.45500", "2017-06-30": "67.97100", "2017-03-31": "81.22500", "2016-12-31": "77.70600", "2016-09-30": "75.04400", "2016-06-30": "115.46500", "2016-03-31": "109.36000", "2015-12-31": "98.20200", "2015-09-30": "86.11700", "2015-06-30": "83.95000", "2015-03-31": "63.56000", "2014-12-31": "77.82600", "2014-09-30": "71.35200", "2014-06-30": "472.82700", "2014-03-31": "481.96200", "2013-12-31": "474.77700", "2013-09-30": "476.34700", "2013-06-30": "562.24900", "2013-03-31": "548.31300", "2012-12-31": "511.77500", "2012-09-30": "513.02500", "2012-06-30": "506.41200", "2012-03-31": "471.33500", "2011-12-31": "467.13400", "2011-09-30": "539.24800", "2011-06-30": "479.84800", "2011-03-31": "498.10900", "2010-12-31": "495.92400", "2010-09-30": "486.43200", "2010-06-30": "485.36700", "2010-03-31": "481.25700", "2009-12-31": "473.76200", "2009-09-30": "463.23900", "2009-06-30": "438.90500", "2009-03-31": "430.01800", "2008-12-31": "425.47900", "2008-09-30": "396.91200", "2008-06-30": "441.02200", "2008-03-31": "443.33900", "2007-12-31": "278.00600", "2007-09-30": "349.78800", "2007-06-30": "360.28800", "2007-03-31": "398.30000", "2006-12-31": "196.46000", "2006-09-30": "160.99900", "2006-06-30": "169.40000", "2006-03-31": "157.75300", "2005-12-31": "223.36700", "2005-09-30": "204.53900", "2005-06-30": "147.68300", "2005-03-31": "152.48800"}, "Total Long Term Liabilities": {"2020-09-30": "3624.45800", "2020-06-30": "3583.52800", "2020-03-31": "3915.50900", "2019-12-31": "3456.30500", "2019-09-30": "3462.74900", "2019-06-30": "3502.04600", "2019-03-31": "2680.74600", "2018-12-31": "2439.22600", "2018-09-30": "2150.25000", "2018-06-30": "2152.65600", "2018-03-31": "2119.09000", "2017-12-31": "2121.25900", "2017-09-30": "1796.72600", "2017-06-30": "1928.28000", "2017-03-31": "1921.20300", "2016-12-31": "1921.81500", "2016-09-30": "1998.37200", "2016-06-30": "2068.88300", "2016-03-31": "2148.89000", "2015-12-31": "2204.32000", "2015-09-30": "1528.67000", "2015-06-30": "1544.81500", "2015-03-31": "1579.63900", "2014-12-31": "1590.04300", "2014-09-30": "1607.89200", "2014-06-30": "1904.92100", "2014-03-31": "1912.18900", "2013-12-31": "1918.38600", "2013-09-30": "1415.23500", "2013-06-30": "1519.30100", "2013-03-31": "1502.31700", "2012-12-31": "1473.30400", "2012-09-30": "956.87010", "2012-06-30": "944.36500", "2012-03-31": "921.47100", "2011-12-31": "915.54000", "2011-09-30": "654.18700", "2011-06-30": "632.17400", "2011-03-31": "654.07000", "2010-12-31": "922.13800", "2010-09-30": "642.46800", "2010-06-30": "641.54000", "2010-03-31": "599.27300", "2009-12-31": "597.78600", "2009-09-30": "587.07700", "2009-06-30": "562.34400", "2009-03-31": "553.40300", "2008-12-31": "544.09400", "2008-09-30": "524.81900", "2008-06-30": "2242.52700", "2008-03-31": "2322.19300", "2007-12-31": "2272.90700", "2007-09-30": "2174.96300", "2007-06-30": "2175.57600", "2007-03-31": "2241.32900", "2006-12-31": "2190.32600", "2006-09-30": "2293.25200", "2006-06-30": "2303.77400", "2006-03-31": "2326.72300", "2005-12-31": "2453.82100", "2005-09-30": "2527.44100", "2005-06-30": "2667.85900", "2005-03-31": "5002.64600"}, "Total Liabilities": {"2020-09-30": "4112.65300", "2020-06-30": "4042.57000", "2020-03-31": "4979.92500", "2019-12-31": "4466.48500", "2019-09-30": "4499.03000", "2019-06-30": "4455.50800", "2019-03-31": "3588.56600", "2018-12-31": "3322.78400", "2018-09-30": "3043.75500", "2018-06-30": "2998.33600", "2018-03-31": "2948.58300", "2017-12-31": "2920.98700", "2017-09-30": "2632.25200", "2017-06-30": "2612.09500", "2017-03-31": "2600.59800", "2016-12-31": "2635.20300", "2016-09-30": "2700.96100", "2016-06-30": "2761.08900", "2016-03-31": "2925.83200", "2015-12-31": "2972.86600", "2015-09-30": "2182.12700", "2015-06-30": "2259.67200", "2015-03-31": "2205.39100", "2014-12-31": "2263.74300", "2014-09-30": "2261.58500", "2014-06-30": "2492.65100", "2014-03-31": "2512.83200", "2013-12-31": "2505.28300", "2013-09-30": "2016.78600", "2013-06-30": "2129.95700", "2013-03-31": "2093.75600", "2012-12-31": "2098.19300", "2012-09-30": "1581.93900", "2012-06-30": "1553.90800", "2012-03-31": "1446.25800", "2011-12-31": "1449.72500", "2011-09-30": "1147.46500", "2011-06-30": "1037.66600", "2011-03-31": "1058.68900", "2010-12-31": "1279.01100", "2010-09-30": "960.50500", "2010-06-30": "968.37800", "2010-03-31": "907.72200", "2009-12-31": "888.06300", "2009-09-30": "853.72800", "2009-06-30": "860.55600", "2009-03-31": "866.50000", "2008-12-31": "823.78400", "2008-09-30": "929.53400", "2008-06-30": "3838.80000", "2008-03-31": "4054.51500", "2007-12-31": "4007.14000", "2007-09-30": "3829.85400", "2007-06-30": "3795.23800", "2007-03-31": "4099.59700", "2006-12-31": "4457.31400", "2006-09-30": "4435.30500", "2006-06-30": "4505.60100", "2006-03-31": "4471.43200", "2005-12-31": "4686.93700", "2005-09-30": "5237.01200", "2005-06-30": "7538.54900", "2005-03-31": "8632.11200"}, "Common Stock Net": {"2020-09-30": "0.26400", "2020-06-30": "0.24200", "2020-03-31": "0.28000", "2019-12-31": "0.27900", "2019-09-30": "0.27900", "2019-06-30": "0.27900", "2019-03-31": "0.27900", "2018-12-31": "0.27800", "2018-09-30": "0.27800", "2018-06-30": "0.27800", "2018-03-31": "0.27700", "2017-12-31": "0.27700", "2017-09-30": "0.27600", "2017-06-30": "0.27300", "2017-03-31": "0.27300", "2016-12-31": "0.27200", "2016-09-30": "0.27100", "2016-06-30": "0.27100", "2016-03-31": "0.27100", "2015-12-31": "0.27000", "2015-09-30": "0.27000", "2015-06-30": "0.27000", "2015-03-31": "0.26900", "2014-12-31": "0.26800", "2014-09-30": "0.26800", "2014-06-30": "0.26700", "2014-03-31": "0.26700", "2013-12-31": "0.26700", "2013-09-30": "0.26700", "2013-06-30": "0.26700", "2013-03-31": "0.26700", "2012-12-31": "0.26700", "2012-09-30": "0.26500", "2012-06-30": "0.26400", "2012-03-31": "0.25400", "2011-12-31": "0.25000", "2011-09-30": "0.24600", "2011-06-30": "0.24600", "2011-03-31": "0.24300", "2010-12-31": "0.24200", "2010-09-30": "0.24100", "2010-06-30": "0.24000", "2010-03-31": "0.24000", "2009-12-31": "0.23900", "2009-09-30": "0.23800", "2009-06-30": "0.23800", "2009-03-31": "0.23800", "2008-12-31": "0.22600", "2008-09-30": "0.22600", "2008-06-30": "0.45100", "2008-03-31": "0.45000", "2007-12-31": "0.22500", "2007-09-30": "0.44600", "2007-06-30": "0.44500", "2007-03-31": "0.44400", "2006-12-31": "0.41000", "2006-09-30": "0.44000", "2006-06-30": "0.43800", "2006-03-31": "0.43600", "2005-12-31": "0.43100", "2005-09-30": "0.42600", "2005-06-30": "7.66700", "2005-03-31": "7.64500"}, "Retained Earnings (Accumulated Deficit)": {"2020-09-30": "-8631.70500", "2020-06-30": "-8764.28600", "2020-03-31": "1478.88500", "2019-12-31": "1689.92500", "2019-09-30": "1589.50000", "2019-06-30": "1460.95600", "2019-03-31": "1347.48900", "2018-12-31": "1258.79400", "2018-09-30": "1067.04200", "2018-06-30": "921.26800", "2018-03-31": "702.91500", "2017-12-31": "595.03800", "2017-09-30": "562.23400", "2017-06-30": "382.59100", "2017-03-31": "316.32300", "2016-12-31": "290.11400", "2016-09-30": "188.06300", "2016-06-30": "144.90100", "2016-03-31": "339.67600", "2015-12-31": "331.39400", "2015-09-30": "391.49200", "2015-06-30": "354.09900", "2015-03-31": "322.84800", "2014-12-31": "325.11800", "2014-09-30": "283.52300", "2014-06-30": "-14.84600", "2014-03-31": "3.15000", "2013-12-31": "-32.73500", "2013-09-30": "-109.65200", "2013-06-30": "-206.59200", "2013-03-31": "-264.88200", "2012-12-31": "-318.51900", "2012-09-30": "-359.25800", "2012-06-30": "-399.97500", "2012-03-31": "-443.30700", "2011-12-31": "-477.78500", "2011-09-30": "-526.55100", "2011-06-30": "-591.52400", "2011-03-31": "-633.94800", "2010-12-31": "-652.01800", "2010-09-30": "-738.98200", "2010-06-30": "-756.49100", "2010-03-31": "-770.08200", "2009-12-31": "-751.37700", "2009-09-30": "261.55400", "2009-06-30": "239.87200", "2009-03-31": "199.05900", "2008-12-31": "227.44500", "2008-09-30": "0.02800", "2008-06-30": "199.03900", "2008-03-31": "620.63600", "2007-12-31": "567.82000", "2007-09-30": "971.23500", "2007-06-30": "899.47100", "2007-03-31": "803.49900", "2006-12-31": "291.19200", "2006-09-30": "304.01200", "2006-06-30": "229.06700", "2006-03-31": "175.25900", "2005-12-31": "128.07600", "2005-09-30": "15.00900", "2005-06-30": "3115.82800", "2005-03-31": "2497.70900"}, "Comprehensive Income": {"2020-09-30": "-108.11100", "2020-06-30": "-124.31200", "2020-03-31": "-157.28500", "2019-12-31": "-136.34900", "2019-09-30": "-144.60400", "2019-06-30": "-125.70500", "2019-03-31": "-126.71900", "2018-12-31": "-128.72200", "2018-09-30": "-112.85500", "2018-06-30": "-112.71700", "2018-03-31": "-74.95000", "2017-12-31": "-103.56800", "2017-09-30": "-99.51300", "2017-06-30": "-136.73800", "2017-03-31": "-147.34500", "2016-12-31": "-166.12300", "2016-09-30": "-122.68400", "2016-06-30": "-117.40700", "2016-03-31": "-110.96400", "2015-12-31": "-152.10300", "2015-09-30": "-144.48800", "2015-06-30": "-130.29500", "2015-03-31": "-143.27300", "2014-12-31": "-87.70000", "2014-09-30": "-46.76800", "2014-06-30": "-9.90600", "2014-03-31": "-7.69700", "2013-12-31": "-13.04600", "2013-09-30": "-6.62500", "2013-06-30": "-32.18700", "2013-03-31": "-44.09600", "2012-12-31": "-32.16900", "2012-09-30": "-11.89100", "2012-06-30": "-15.56000", "2012-03-31": "18.45300", "2011-12-31": "-12.44300", "2011-09-30": "12.13700", "2011-06-30": "62.22400", "2011-03-31": "20.84300", "2010-12-31": "17.54600", "2010-09-30": "7.92900", "2010-06-30": "3.09800", "2010-03-31": "14.62100", "2009-12-31": "24.50300", "2009-09-30": "21.94300", "2009-06-30": "40.87400", "2009-03-31": "-8.71400", "2008-12-31": "2.18000", "2008-09-30": "-28.79200", "2008-06-30": "96.97500", "2008-03-31": "44.23800", "2007-12-31": "39.81400", "2007-09-30": "85.94400", "2007-06-30": "62.46900", "2007-03-31": "78.20000", "2006-12-31": "76.50500", "2006-09-30": "51.47000", "2006-06-30": "42.76700", "2006-03-31": "32.05200", "2005-12-31": "26.07300", "2005-09-30": "33.21100", "2005-06-30": "32.77700", "2005-03-31": "40.03400"}, "Other Share Holders Equity": {"2020-09-30": "", "2020-06-30": "", "2020-03-31": "", "2019-12-31": "", "2019-09-30": "", "2019-06-30": "", "2019-03-31": "", "2018-12-31": "", "2018-09-30": "", "2018-06-30": "", "2018-03-31": "", "2017-12-31": "", "2017-09-30": "", "2017-06-30": "", "2017-03-31": "", "2016-12-31": "", "2016-09-30": "", "2016-06-30": "", "2016-03-31": "", "2015-12-31": "", "2015-09-30": "", "2015-06-30": "", "2015-03-31": "", "2014-12-31": "", "2014-09-30": "", "2014-06-30": "", "2014-03-31": "", "2013-12-31": "", "2013-09-30": "", "2013-06-30": "", "2013-03-31": "", "2012-12-31": "", "2012-09-30": "", "2012-06-30": "", "2012-03-31": "", "2011-12-31": "", "2011-09-30": "", "2011-06-30": "", "2011-03-31": "", "2010-12-31": "", "2010-09-30": "", "2010-06-30": "", "2010-03-31": "", "2009-12-31": "", "2009-09-30": "", "2009-06-30": "", "2009-03-31": "", "2008-12-31": "", "2008-09-30": "", "2008-06-30": "", "2008-03-31": "", "2007-12-31": "", "2007-09-30": "", "2007-06-30": "-4.99800", "2007-03-31": "-4.99800", "2006-12-31": "-4.99800", "2006-09-30": "-4.99800", "2006-06-30": "-4.99800", "2006-03-31": "-4.99800", "2005-12-31": "-4.99800", "2005-09-30": "-4.99800", "2005-06-30": "-4.99800", "2005-03-31": "-4.99800"}, "Share Holder Equity": {"2020-09-30": "-1442.56100", "2020-06-30": "-1707.83800", "2020-03-31": "3454.82400", "2019-12-31": "3898.31800", "2019-09-30": "3805.76100", "2019-06-30": "3843.59700", "2019-03-31": "3571.33600", "2018-12-31": "3551.80100", "2018-09-30": "3328.59200", "2018-06-30": "3236.94800", "2018-03-31": "3082.39100", "2017-12-31": "2946.82300", "2017-09-30": "2908.70300", "2017-06-30": "2173.97200", "2017-03-31": "2018.72900", "2016-12-31": "2010.67000", "2016-09-30": "1970.19900", "2016-06-30": "1898.93300", "2016-03-31": "2126.51100", "2015-12-31": "2215.82500", "2015-09-30": "1845.19100", "2015-06-30": "1815.38600", "2015-03-31": "1752.71400", "2014-12-31": "1993.14200", "2014-09-30": "1976.82500", "2014-06-30": "1674.82700", "2014-03-31": "1711.22400", "2013-12-31": "1729.40100", "2013-09-30": "1787.99600", "2013-06-30": "1682.53400", "2013-03-31": "1686.49000", "2012-12-31": "1707.63500", "2012-09-30": "2000.63600", "2012-06-30": "1992.44000", "2012-03-31": "1906.22000", "2011-12-31": "1960.14000", "2011-09-30": "2400.86200", "2011-06-30": "2471.63500", "2011-03-31": "2477.94000", "2010-12-31": "2050.06800", "2010-09-30": "2651.69300", "2010-06-30": "2746.53400", "2010-03-31": "2862.79200", "2009-12-31": "3127.82600", "2009-09-30": "4330.27600", "2009-06-30": "4402.93700", "2009-03-31": "4507.20000", "2008-12-31": "4427.53600", "2008-09-30": "4153.60600", "2008-06-30": "8189.49900", "2008-03-31": "8514.00800", "2007-12-31": "8583.66200", "2007-09-30": "9031.43100", "2007-06-30": "9126.89300", "2007-03-31": "9015.00400", "2006-12-31": "8739.47400", "2006-09-30": "8735.29100", "2006-06-30": "8924.32700", "2006-03-31": "9272.54200", "2005-12-31": "9230.82800", "2005-09-30": "9473.33300", "2005-06-30": "14245.02000", "2005-03-31": "14593.26000"}, "Total Liabilities And Share Holders Equity": {"2020-09-30": "2670.09200", "2020-06-30": "2334.73200", "2020-03-31": "8434.74900", "2019-12-31": "8364.80300", "2019-09-30": "8304.79100", "2019-06-30": "8299.10500", "2019-03-31": "7159.90200", "2018-12-31": "6874.58500", "2018-09-30": "6372.34700", "2018-06-30": "6235.28400", "2018-03-31": "6030.97400", "2017-12-31": "5867.81000", "2017-09-30": "5540.95500", "2017-06-30": "4786.06700", "2017-03-31": "4619.32700", "2016-12-31": "4645.87300", "2016-09-30": "4671.16000", "2016-06-30": "4660.02200", "2016-03-31": "5052.34300", "2015-12-31": "5188.69100", "2015-09-30": "4027.31800", "2015-06-30": "4075.05800", "2015-03-31": "3958.10500", "2014-12-31": "4256.88500", "2014-09-30": "4238.41000", "2014-06-30": "4167.47800", "2014-03-31": "4224.05600", "2013-12-31": "4234.68400", "2013-09-30": "3804.78200", "2013-06-30": "3812.49100", "2013-03-31": "3780.24600", "2012-12-31": "3805.82800", "2012-09-30": "3582.57500", "2012-06-30": "3546.34800", "2012-03-31": "3352.47800", "2011-12-31": "3409.86500", "2011-09-30": "3548.32700", "2011-06-30": "3509.30100", "2011-03-31": "3536.62900", "2010-12-31": "3329.07900", "2010-09-30": "3612.19800", "2010-06-30": "3714.91200", "2010-03-31": "3770.51400", "2009-12-31": "4015.88900", "2009-09-30": "5184.00400", "2009-06-30": "5263.49300", "2009-03-31": "5373.70000", "2008-12-31": "5251.32000", "2008-09-30": "5083.14000", "2008-06-30": "12028.30000", "2008-03-31": "12568.52000", "2007-12-31": "12590.80000", "2007-09-30": "12861.29000", "2007-06-30": "12922.13000", "2007-03-31": "13114.60000", "2006-12-31": "13196.79000", "2006-09-30": "13170.60000", "2006-06-30": "13429.93000", "2006-03-31": "13743.97000", "2005-12-31": "13917.76000", "2005-09-30": "14710.34000", "2005-06-30": "21783.57000", "2005-03-31": "23225.37000"}}, "cash flow statement": {"Net Income/Loss": {"2019-12-31": "543.82000", "2018-12-31": "757.74700", "2017-12-31": "358.00800", "2016-12-31": "-16.15100", "2015-12-31": "113.37400", "2014-12-31": "409.23000", "2013-12-31": "283.72500", "2012-12-31": "160.79600", "2011-12-31": "171.57700", "2010-12-31": "94.35200", "2009-12-31": "-979.91200", "2008-12-31": "-164.16100", "2007-12-31": "-146.08300", "2006-12-31": "187.06500", "2005-12-31": "869.68300"}, "Total Depreciation And Amortization - Cash Flow": {"2019-12-31": "184.31200", "2018-12-31": "183.75900", "2017-12-31": "116.40800", "2016-12-31": "426.46900", "2015-12-31": "216.21300", "2014-12-31": "119.08200", "2013-12-31": "118.75200", "2012-12-31": "88.25200", "2011-12-31": "78.77600", "2010-12-31": "119.40100", "2009-12-31": "1151.15800", "2008-12-31": "142.37100", "2007-12-31": "145.26400", "2006-12-31": "132.25700", "2005-12-31": "382.63100"}, "Other Non-Cash Items": {"2019-12-31": "242.69400", "2018-12-31": "-4.05000", "2017-12-31": "37.24400", "2016-12-31": "-46.99700", "2015-12-31": "27.10100", "2014-12-31": "-21.35300", "2013-12-31": "-10.03600", "2012-12-31": "105.10500", "2011-12-31": "67.91900", "2010-12-31": "7.98100", "2009-12-31": "37.19500", "2008-12-31": "78.09400", "2007-12-31": "140.45500", "2006-12-31": "-97.99200", "2005-12-31": "-1849.54400"}, "Total Non-Cash Items": {"2019-12-31": "427.00600", "2018-12-31": "179.70900", "2017-12-31": "153.65200", "2016-12-31": "379.47200", "2015-12-31": "243.31400", "2014-12-31": "97.72900", "2013-12-31": "108.71600", "2012-12-31": "193.35700", "2011-12-31": "146.69500", "2010-12-31": "127.38200", "2009-12-31": "1188.35300", "2008-12-31": "220.46500", "2007-12-31": "285.71900", "2006-12-31": "34.26500", "2005-12-31": "-1466.91300"}, "Change In Accounts Receivable": {"2019-12-31": "-91.43500", "2018-12-31": "-34.82800", "2017-12-31": "-115.16900", "2016-12-31": "1.28300", "2015-12-31": "-29.68000", "2014-12-31": "-19.91800", "2013-12-31": "10.42100", "2012-12-31": "-30.99100", "2011-12-31": "-58.31400", "2010-12-31": "-32.90100", "2009-12-31": "-18.12100", "2008-12-31": "5.62500", "2007-12-31": "-8.86300", "2006-12-31": "-40.10000", "2005-12-31": "-26.92400"}, "Change In Inventories": {"2019-12-31": "", "2018-12-31": "", "2017-12-31": "", "2016-12-31": "", "2015-12-31": "", "2014-12-31": "", "2013-12-31": "", "2012-12-31": "", "2011-12-31": "", "2010-12-31": "", "2009-12-31": "", "2008-12-31": "", "2007-12-31": "", "2006-12-31": "", "2005-12-31": "9.09600"}, "Change In Accounts Payable": {"2019-12-31": "41.88200", "2018-12-31": "53.55500", "2017-12-31": "-25.28900", "2016-12-31": "", "2015-12-31": "", "2014-12-31": "", "2013-12-31": "-0.76600", "2012-12-31": "-14.38400", "2011-12-31": "", "2010-12-31": "", "2009-12-31": "", "2008-12-31": "", "2007-12-31": "", "2006-12-31": "34.95100", "2005-12-31": ""}, "Change In Assets/Liabilities": {"2019-12-31": "19.95300", "2018-12-31": "4.91100", "2017-12-31": "44.84200", "2016-12-31": "22.99500", "2015-12-31": "45.74000", "2014-12-31": "26.53600", "2013-12-31": "-40.32600", "2012-12-31": "-21.12700", "2011-12-31": "50.23700", "2010-12-31": "11.01700", "2009-12-31": "20.69600", "2008-12-31": "1.89200", "2007-12-31": "-13.88500", "2006-12-31": "1.30600", "2005-12-31": "71.27620"}, "Total Change In Assets/Liabilities": {"2019-12-31": "-32.88700", "2018-12-31": "50.67200", "2017-12-31": "-94.96100", "2016-12-31": "-19.08300", "2015-12-31": "48.98300", "2014-12-31": "-82.91100", "2013-12-31": "18.52000", "2012-12-31": "-19.49200", "2011-12-31": "42.10300", "2010-12-31": "109.05300", "2009-12-31": "130.40900", "2008-12-31": "48.08800", "2007-12-31": "-180.59600", "2006-12-31": "-196.59700", "2005-12-31": "489.27320"}, "Cash Flow From Operating Activities": {"2019-12-31": "937.93900", "2018-12-31": "988.12800", "2017-12-31": "416.69900", "2016-12-31": "344.23800", "2015-12-31": "405.67100", "2014-12-31": "424.04800", "2013-12-31": "410.96100", "2012-12-31": "354.52700", "2011-12-31": "372.38600", "2010-12-31": "340.70700", "2009-12-31": "348.54700", "2008-12-31": "118.92000", "2007-12-31": "-26.47500", "2006-12-31": "45.86600", "2005-12-31": "-88.79900"}, "Net Change In Property, Plant, And Equipment": {"2019-12-31": "-136.65200", "2018-12-31": "-85.63400", "2017-12-31": "-75.52300", "2016-12-31": "-78.03900", "2015-12-31": "-62.04900", "2014-12-31": "-57.23300", "2013-12-31": "-80.31100", "2012-12-31": "-51.20100", "2011-12-31": "-39.95400", "2010-12-31": "-39.82900", "2009-12-31": "-33.93800", "2008-12-31": "-58.98300", "2007-12-31": "-112.90100", "2006-12-31": "-144.85300", "2005-12-31": "-216.71200"}, "Net Change In Intangible Assets": {"2019-12-31": "", "2018-12-31": "", "2017-12-31": "", "2016-12-31": "", "2015-12-31": "", "2014-12-31": "", "2013-12-31": "", "2012-12-31": "", "2011-12-31": "", "2010-12-31": "", "2009-12-31": "", "2008-12-31": "", "2007-12-31": "", "2006-12-31": "", "2005-12-31": ""}, "Net Acquisitions/Divestitures": {"2019-12-31": "-40.60200", "2018-12-31": "72.22300", "2017-12-31": "39.22500", "2016-12-31": "153.82500", "2015-12-31": "-617.40200", "2014-12-31": "-259.39100", "2013-12-31": "-40.43400", "2012-12-31": "-400.25400", "2011-12-31": "-278.46900", "2010-12-31": "-17.33300", "2009-12-31": "-85.53400", "2008-12-31": "325.27300", "2007-12-31": "-41.72100", "2006-12-31": "171.29800", "2005-12-31": "1201.67100"}, "Net Change In Short-term Investments": {"2019-12-31": "103.86100", "2018-12-31": "-116.07600", "2017-12-31": "84.45900", "2016-12-31": "-61.57400", "2015-12-31": "125.32800", "2014-12-31": "-154.18200", "2013-12-31": "12.50200", "2012-12-31": "141.54900", "2011-12-31": "380.96500", "2010-12-31": "-74.82900", "2009-12-31": "-356.69100", "2008-12-31": "186.29400", "2007-12-31": "583.39500", "2006-12-31": "507.43200", "2005-12-31": "965.45090"}, "Net Change In Long-Term Investments": {"2019-12-31": "-253.66300", "2018-12-31": "-52.98000", "2017-12-31": "-9.10600", "2016-12-31": "-12.56500", "2015-12-31": "-25.05700", "2014-12-31": "34.05400", "2013-12-31": "32.01100", "2012-12-31": "-21.47800", "2011-12-31": "-75.03100", "2010-12-31": "3.04100", "2009-12-31": "57.56400", "2008-12-31": "481.36900", "2007-12-31": "-104.36200", "2006-12-31": "7.18400", "2005-12-31": "-32.36300"}, "Net Change In Investments - Total": {"2019-12-31": "-149.80200", "2018-12-31": "-169.05600", "2017-12-31": "75.35300", "2016-12-31": "-74.13900", "2015-12-31": "100.27100", "2014-12-31": "-120.12800", "2013-12-31": "44.51300", "2012-12-31": "120.07100", "2011-12-31": "305.93400", "2010-12-31": "-71.78800", "2009-12-31": "-299.12700", "2008-12-31": "667.66300", "2007-12-31": "479.03300", "2006-12-31": "514.61600", "2005-12-31": "933.08800"}, "Investing Activities - Other": {"2019-12-31": "-2.47300", "2018-12-31": "9.02700", "2017-12-31": "2.99400", "2016-12-31": "11.21500", "2015-12-31": "-3.54100", "2014-12-31": "-3.04200", "2013-12-31": "-3.52900", "2012-12-31": "-9.92300", "2011-12-31": "-12.69700", "2010-12-31": "10.85400", "2009-12-31": "-4.04100", "2008-12-31": "0.04200", "2007-12-31": "12.98400", "2006-12-31": "-0.93500", "2005-12-31": "4.88400"}, "Cash Flow From Investing Activities": {"2019-12-31": "-329.52900", "2018-12-31": "-173.44000", "2017-12-31": "42.04900", "2016-12-31": "12.86200", "2015-12-31": "-582.72100", "2014-12-31": "-439.79400", "2013-12-31": "-79.76100", "2012-12-31": "-341.30700", "2011-12-31": "-25.18600", "2010-12-31": "-118.09600", "2009-12-31": "-422.64000", "2008-12-31": "933.99500", "2007-12-31": "337.39500", "2006-12-31": "540.12600", "2005-12-31": "1922.93100"}, "Net Long-Term Debt": {"2019-12-31": "887.78700", "2018-12-31": "245.88700", "2017-12-31": "404.49900", "2016-12-31": "-176.40900", "2015-12-31": "708.00000", "2014-12-31": "", "2013-12-31": "484.15600", "2012-12-31": "500.00000", "2011-12-31": "", "2010-12-31": "", "2009-12-31": "", "2008-12-31": "-519.94400", "2007-12-31": "-7.57600", "2006-12-31": "-0.71500", "2005-12-31": "-320.20000"}, "Net Current Debt": {"2019-12-31": "", "2018-12-31": "", "2017-12-31": "", "2016-12-31": "", "2015-12-31": "", "2014-12-31": "", "2013-12-31": "", "2012-12-31": "", "2011-12-31": "", "2010-12-31": "", "2009-12-31": "", "2008-12-31": "", "2007-12-31": "", "2006-12-31": "", "2005-12-31": "162.83940"}, "Debt Issuance/Retirement Net - Total": {"2019-12-31": "887.78700", "2018-12-31": "245.88700", "2017-12-31": "404.49900", "2016-12-31": "-176.40900", "2015-12-31": "708.00000", "2014-12-31": "", "2013-12-31": "484.15600", "2012-12-31": "500.00000", "2011-12-31": "", "2010-12-31": "", "2009-12-31": "", "2008-12-31": "-519.94400", "2007-12-31": "-7.57600", "2006-12-31": "-0.71500", "2005-12-31": "-157.36070"}, "Net Common Equity Issued/Repurchased": {"2019-12-31": "-95.48300", "2018-12-31": "-169.94100", "2017-12-31": "-161.74100", "2016-12-31": "-246.48900", "2015-12-31": "200.47600", "2014-12-31": "-31.55600", "2013-12-31": "-337.23800", "2012-12-31": "-433.88000", "2011-12-31": "-378.82300", "2010-12-31": "-513.65900", "2009-12-31": "-393.55600", "2008-12-31": "-156.15400", "2007-12-31": "-607.14000", "2006-12-31": "-889.42800", "2005-12-31": "-1868.14500"}, "Net Total Equity Issued/Repurchased": {"2019-12-31": "-95.48300", "2018-12-31": "-169.94100", "2017-12-31": "-161.74100", "2016-12-31": "-246.48900", "2015-12-31": "200.47600", "2014-12-31": "-31.55600", "2013-12-31": "-337.23800", "2012-12-31": "-433.88000", "2011-12-31": "-378.82300", "2010-12-31": "-513.65900", "2009-12-31": "-393.55600", "2008-12-31": "-156.15400", "2007-12-31": "-607.14000", "2006-12-31": "-889.42800", "2005-12-31": "-2523.87200"}, "Total Common And Preferred Stock Dividends Paid": {"2019-12-31": "-29.18400", "2018-12-31": "-127.62400", "2017-12-31": "-20.18400", "2016-12-31": "", "2015-12-31": "-113.19600", "2014-12-31": "-97.33800", "2013-12-31": "-79.18900", "2012-12-31": "-68.16300", "2011-12-31": "-10.66800", "2010-12-31": "", "2009-12-31": "", "2008-12-31": "", "2007-12-31": "", "2006-12-31": "", "2005-12-31": "-9.56900"}, "Financial Activities - Other": {"2019-12-31": "-363.28900", "2018-12-31": "-261.12000", "2017-12-31": "-419.44300", "2016-12-31": "-69.24200", "2015-12-31": "-116.89000", "2014-12-31": "47.91400", "2013-12-31": "-50.06300", "2012-12-31": "35.56300", "2011-12-31": "17.25800", "2010-12-31": "-203.55100", "2009-12-31": "-12.24100", "2008-12-31": "1.98200", "2007-12-31": "81.19900", "2006-12-31": "34.82800", "2005-12-31": "-12.38400"}, "Cash Flow From Financial Activities": {"2019-12-31": "399.83100", "2018-12-31": "-312.79800", "2017-12-31": "-196.86900", "2016-12-31": "-492.14000", "2015-12-31": "678.39000", "2014-12-31": "-80.98000", "2013-12-31": "17.66600", "2012-12-31": "33.52000", "2011-12-31": "-372.23300", "2010-12-31": "-717.21000", "2009-12-31": "-405.79700", "2008-12-31": "-674.11600", "2007-12-31": "-533.51700", "2006-12-31": "-855.31500", "2005-12-31": "-2703.18600"}, "Net Cash Flow": {"2019-12-31": "1006.67300", "2018-12-31": "500.00300", "2017-12-31": "273.48300", "2016-12-31": "-141.47400", "2015-12-31": "491.04200", "2014-12-31": "-110.03900", "2013-12-31": "350.46700", "2012-12-31": "45.82400", "2011-12-31": "-37.94600", "2010-12-31": "-503.89800", "2009-12-31": "-498.99700", "2008-12-31": "159.69200", "2007-12-31": "157.16200", "2006-12-31": "441.06000", "2005-12-31": "-12.61800"}, "Stock-Based Compensation": {"2019-12-31": "240.78800", "2018-12-31": "238.42000", "2017-12-31": "264.61800", "2016-12-31": "104.82000", "2015-12-31": "105.45000", "2014-12-31": "59.63400", "2013-12-31": "53.00500", "2012-12-31": "85.62500", "2011-12-31": "88.58800", "2010-12-31": "84.28000", "2009-12-31": "70.08100", "2008-12-31": "85.77300", "2007-12-31": "73.58500", "2006-12-31": "67.36100", "2005-12-31": ""}, "Common Stock Dividends Paid": {"2019-12-31": "-29.18400", "2018-12-31": "-127.62400", "2017-12-31": "-20.18400", "2016-12-31": "", "2015-12-31": "-113.19600", "2014-12-31": "-97.33800", "2013-12-31": "-79.18900", "2012-12-31": "-68.16300", "2011-12-31": "-10.66800", "2010-12-31": "", "2009-12-31": "", "2008-12-31": "", "2007-12-31": "", "2006-12-31": "", "2005-12-31": ""}}, "cash flow statement, quarterly": {"Net Income/Loss": {"2020-09-30": 131.487, "2020-06-30": 464.888, "2020-03-31": "-182.64300", "2019-12-31": 169.121, "2019-09-30": 137.791, "2019-06-30": 123.923, "2019-03-31": "112.98500", "2018-12-31": 217.477, "2018-09-30": 171.577, "2018-06-30": 280.854, "2018-03-31": "87.83900", "2017-12-31": 23.349, "2017-09-30": 225.639, "2017-06-30": 80.557, "2017-03-31": "28.46300", "2016-12-31": 114.117, "2016-09-30": 52.34, "2016-06-30": -190.542, "2016-03-31": "7.93400", "2015-12-31": -31.4, "2015-09-30": 65.026, "2015-06-30": 57.885, "2015-03-31": "21.86300", "2014-12-31": 68.611, "2014-09-30": 325.991, "2014-06-30": -18.863, "2014-03-31": "33.49100", "2013-12-31": 78.853, "2013-09-30": 95.635, "2013-06-30": 57.472, "2013-03-31": "51.76500", "2012-12-31": 41.938, "2012-09-30": 40.561, "2012-06-30": 43.46, "2012-03-31": "34.83700", "2011-12-31": 46.164, "2011-09-30": 64.051, "2011-06-30": 43.142, "2011-03-31": "18.22000", "2010-12-31": 83.196, "2010-09-30": 17.645, "2010-06-30": 12.835, "2010-03-31": "-19.32400", "2009-12-31": -1012.963, "2009-09-30": 21.298, "2009-06-30": 40.397, "2009-03-31": "-28.64400", "2008-12-31": 220.652, "2008-09-30": -15.218, "2008-06-30": -422.081, "2008-03-31": "52.48600", "2007-12-31": -371.907, "2007-09-30": 70.471, "2007-06-30": 94.603, "2007-03-31": "60.75000", "2006-12-31": 11.129, "2006-09-30": 74.945, "2006-06-30": 53.808, "2006-03-31": "47.18300", "2005-12-31": 106.6, "2005-09-30": 69.489, "2005-06-30": 621.382, "2005-03-31": "72.21200"}, "Total Depreciation And Amortization - Cash Flow": {"2020-09-30": 11.68, "2020-06-30": -263.007, "2020-03-31": "288.87300", "2019-12-31": 157.27, "2019-09-30": 9.174, "2019-06-30": -23.855, "2019-03-31": "41.72300", "2018-12-31": 66.479, "2018-09-30": 39.077, "2018-06-30": 38.993, "2018-03-31": "39.21000", "2017-12-31": 38.767, "2017-09-30": 21.629, "2017-06-30": 26.963, "2017-03-31": "29.04900", "2016-12-31": 34.719, "2016-09-30": 32.218, "2016-06-30": 329.917, "2016-03-31": "29.61500", "2015-12-31": 130.216, "2015-09-30": 27.963, "2015-06-30": 29.911, "2015-03-31": "28.12300", "2014-12-31": 33.038, "2014-09-30": 30.584, "2014-06-30": 28.663, "2014-03-31": "26.79700", "2013-12-31": 28.964, "2013-09-30": 26.521, "2013-06-30": 35.173, "2013-03-31": "28.09400", "2012-12-31": 32.704, "2012-09-30": 18.362, "2012-06-30": 18.03, "2012-03-31": "19.15600", "2011-12-31": 26.208, "2011-09-30": 22.022, "2011-06-30": 14.65, "2011-03-31": "15.89600", "2010-12-31": 62.153, "2010-09-30": 16.9, "2010-06-30": 21.381, "2010-03-31": "18.96700", "2009-12-31": 1067.907, "2009-09-30": 30.538, "2009-06-30": 25.123, "2009-03-31": "27.59000", "2008-12-31": 54.283, "2008-09-30": 31.762, "2008-06-30": 28.209, "2008-03-31": "28.11700", "2007-12-31": 41.926, "2007-09-30": -56.612, "2007-06-30": 90.127, "2007-03-31": "69.82300", "2006-12-31": -164.474, "2006-09-30": 64.341, "2006-06-30": 112.226, "2006-03-31": "120.16400", "2005-12-31": 89.481, "2005-09-30": 105.275, "2005-06-30": 92.788, "2005-03-31": "95.08700"}, "Other Non-Cash Items": {"2020-09-30": 10.447, "2020-06-30": -27.786, "2020-03-31": "91.39200", "2019-12-31": 198.061, "2019-09-30": 20.126, "2019-06-30": -11.576, "2019-03-31": "36.08300", "2018-12-31": -33.704, "2018-09-30": 48.544, "2018-06-30": -69.331, "2018-03-31": "50.44100", "2017-12-31": 141.436, "2017-09-30": -196.306, "2017-06-30": 38.143, "2017-03-31": "53.97100", "2016-12-31": -35.997, "2016-09-30": 6.943, "2016-06-30": -47.324, "2016-03-31": "29.38100", "2015-12-31": 48.488, "2015-09-30": -29.442, "2015-06-30": 12.616, "2015-03-31": "-4.56100", "2014-12-31": -8.198, "2014-09-30": -92.89, "2014-06-30": 83.819, "2014-03-31": "-4.08400", "2013-12-31": 7.522, "2013-09-30": -20.645, "2013-06-30": 11.471, "2013-03-31": "-8.38400", "2012-12-31": 25.01, "2012-09-30": 25.855, "2012-06-30": 27.428, "2012-03-31": "26.81200", "2011-12-31": 14.24, "2011-09-30": -17.116, "2011-06-30": 41.279, "2011-03-31": "29.51600", "2010-12-31": -93.064, "2010-09-30": 34.325, "2010-06-30": 15.008, "2010-03-31": "51.71200", "2009-12-31": 8.61, "2009-09-30": -10.266, "2009-06-30": 23.599, "2009-03-31": "15.25200", "2008-12-31": -358.898, "2008-09-30": 89.149, "2008-06-30": 402.442, "2008-03-31": "-54.59900", "2007-12-31": 352.104, "2007-09-30": -119.524, "2007-06-30": -61.698, "2007-03-31": "-30.42700", "2006-12-31": -30.023, "2006-09-30": -6.667, "2006-06-30": -26.547, "2006-03-31": "-34.75500", "2005-12-31": 75.377, "2005-09-30": 0.921, "2005-06-30": -1882.222, "2005-03-31": "-43.62000"}, "Total Non-Cash Items": {"2020-09-30": 22.127, "2020-06-30": -290.793, "2020-03-31": "380.26500", "2019-12-31": 355.331, "2019-09-30": 29.3, "2019-06-30": -35.431, "2019-03-31": "77.80600", "2018-12-31": 32.775, "2018-09-30": 87.621, "2018-06-30": -30.338, "2018-03-31": "89.65100", "2017-12-31": 180.203, "2017-09-30": -174.677, "2017-06-30": 65.106, "2017-03-31": "83.02000", "2016-12-31": -1.278, "2016-09-30": 39.161, "2016-06-30": 282.593, "2016-03-31": "58.99600", "2015-12-31": 178.704, "2015-09-30": -1.479, "2015-06-30": 42.527, "2015-03-31": "23.56200", "2014-12-31": 24.84, "2014-09-30": -62.306, "2014-06-30": 112.482, "2014-03-31": "22.71300", "2013-12-31": 36.486, "2013-09-30": 5.876, "2013-06-30": 46.644, "2013-03-31": "19.71000", "2012-12-31": 57.714, "2012-09-30": 44.217, "2012-06-30": 45.458, "2012-03-31": "45.96800", "2011-12-31": 40.448, "2011-09-30": 4.906, "2011-06-30": 55.929, "2011-03-31": "45.41200", "2010-12-31": -30.911, "2010-09-30": 51.225, "2010-06-30": 36.389, "2010-03-31": "70.67900", "2009-12-31": 1076.517, "2009-09-30": 20.272, "2009-06-30": 48.722, "2009-03-31": "42.84200", "2008-12-31": -304.615, "2008-09-30": 120.911, "2008-06-30": 430.651, "2008-03-31": "-26.48200", "2007-12-31": 394.03, "2007-09-30": -176.136, "2007-06-30": 28.429, "2007-03-31": "39.39600", "2006-12-31": -194.497, "2006-09-30": 57.674, "2006-06-30": 85.679, "2006-03-31": "85.40900", "2005-12-31": 164.858, "2005-09-30": 106.196, "2005-06-30": -1789.434, "2005-03-31": "51.46700"}, "Change In Accounts Receivable": {"2020-09-30": -18.692, "2020-06-30": 10.571, "2020-03-31": "-79.79900", "2019-12-31": -22.878, "2019-09-30": -7.143, "2019-06-30": 26.953, "2019-03-31": "-88.36700", "2018-12-31": 43.837, "2018-09-30": -18.48, "2018-06-30": -30.284, "2018-03-31": "-29.90100", "2017-12-31": -36.557, "2017-09-30": -55.813, "2017-06-30": -8.875, "2017-03-31": "-13.92400", "2016-12-31": -31.667, "2016-09-30": -14.905, "2016-06-30": 40.063, "2016-03-31": "7.79200", "2015-12-31": -3.858, "2015-09-30": -28.532, "2015-06-30": 6.557, "2015-03-31": "-3.84700", "2014-12-31": -7.139, "2014-09-30": -7.061, "2014-06-30": 14.669, "2014-03-31": "-20.38700", "2013-12-31": -0.389, "2013-09-30": 20.564, "2013-06-30": -5.119, "2013-03-31": "-4.63500", "2012-12-31": -14.548, "2012-09-30": 2.939, "2012-06-30": -8.845, "2012-03-31": "-10.53700", "2011-12-31": -30.82, "2011-09-30": -17.284, "2011-06-30": 3.501, "2011-03-31": "-13.71100", "2010-12-31": -13.934, "2010-09-30": -10.136, "2010-06-30": 3.298, "2010-03-31": "-12.12900", "2009-12-31": -16.076, "2009-09-30": -2.768, "2009-06-30": -1.055, "2009-03-31": "1.77800", "2008-12-31": 12.142, "2008-09-30": -16.281, "2008-06-30": -3.6, "2008-03-31": "13.36400", "2007-12-31": -9.234, "2007-09-30": -17.466, "2007-06-30": -3.203, "2007-03-31": "21.04000", "2006-12-31": -50.198, "2006-09-30": -20.275, "2006-06-30": 23.467, "2006-03-31": "6.90600", "2005-12-31": -22.197, "2005-09-30": -35.421, "2005-06-30": 20.483, "2005-03-31": "10.21100"}, "Change In Inventories": {"2020-09-30": 0, "2020-06-30": 0, "2020-03-31": "", "2019-12-31": 0, "2019-09-30": 0, "2019-06-30": 0, "2019-03-31": "", "2018-12-31": 0, "2018-09-30": 0, "2018-06-30": 0, "2018-03-31": "", "2017-12-31": 0, "2017-09-30": 0, "2017-06-30": 0, "2017-03-31": "", "2016-12-31": 0, "2016-09-30": 0, "2016-06-30": 0, "2016-03-31": "", "2015-12-31": 0, "2015-09-30": 0, "2015-06-30": 0, "2015-03-31": "", "2014-12-31": 0, "2014-09-30": 0, "2014-06-30": 0, "2014-03-31": "", "2013-12-31": 0, "2013-09-30": 0, "2013-06-30": 0, "2013-03-31": "", "2012-12-31": 0, "2012-09-30": 0, "2012-06-30": 0, "2012-03-31": "", "2011-12-31": 0, "2011-09-30": 0, "2011-06-30": 0, "2011-03-31": "", "2010-12-31": 0, "2010-09-30": 0, "2010-06-30": 0, "2010-03-31": "", "2009-12-31": 0, "2009-09-30": 0, "2009-06-30": 0, "2009-03-31": "", "2008-12-31": 0, "2008-09-30": 0, "2008-06-30": 0, "2008-03-31": "", "2007-12-31": 0, "2007-09-30": 21.712, "2007-06-30": 9.302, "2007-03-31": "-31.01400", "2006-12-31": 79.757, "2006-09-30": -55.147, "2006-06-30": -19.52, "2006-03-31": "-5.09000", "2005-12-31": 102.04, "2005-09-30": -39.905, "2005-06-30": -47.552, "2005-03-31": "-5.48700"}, "Change In Accounts Payable": {"2020-09-30": 31.63, "2020-06-30": 11.371, "2020-03-31": "-24.72000", "2019-12-31": -3.829, "2019-09-30": 50.468, "2019-06-30": 22.072, "2019-03-31": "-26.82900", "2018-12-31": -4.336, "2018-09-30": 56.828, "2018-06-30": 8.655, "2018-03-31": "-7.59200", "2017-12-31": -61.696, "2017-09-30": 50.057, "2017-06-30": -28.522, "2017-03-31": "14.87200", "2016-12-31": 0, "2016-09-30": 0, "2016-06-30": 0, "2016-03-31": "", "2015-12-31": 0, "2015-09-30": 0, "2015-06-30": 0, "2015-03-31": "", "2014-12-31": 0, "2014-09-30": 0, "2014-06-30": 0, "2014-03-31": "", "2013-12-31": -0.766, "2013-09-30": 0, "2013-06-30": 12.929, "2013-03-31": "-12.92900", "2012-12-31": -14.384, "2012-09-30": 0, "2012-06-30": 34.991, "2012-03-31": "-34.99100", "2011-12-31": 0, "2011-09-30": 0, "2011-06-30": 0, "2011-03-31": "", "2010-12-31": 0, "2010-09-30": 0, "2010-06-30": 0, "2010-03-31": "", "2009-12-31": 1.077, "2009-09-30": -1.077, "2009-06-30": 0, "2009-03-31": "", "2008-12-31": 0, "2008-09-30": 9.402, "2008-06-30": -0.543, "2008-03-31": "-8.85900", "2007-12-31": 0, "2007-09-30": 0, "2007-06-30": 0, "2007-03-31": "", "2006-12-31": 34.951, "2006-09-30": 0, "2006-06-30": 0, "2006-03-31": "", "2005-12-31": 0, "2005-09-30": 0, "2005-06-30": 0, "2005-03-31": ""}, "Change In Assets/Liabilities": {"2020-09-30": -2.193, "2020-06-30": -32.67, "2020-03-31": "35.65900", "2019-12-31": -7.868, "2019-09-30": 25.929, "2019-06-30": -31.608, "2019-03-31": "33.50000", "2018-12-31": 1.612, "2018-09-30": -4.152, "2018-06-30": -11.594, "2018-03-31": "19.04500", "2017-12-31": 17.377, "2017-09-30": 30.713, "2017-06-30": 2.71, "2017-03-31": "-5.95800", "2016-12-31": 11.418, "2016-09-30": -0.959, "2016-06-30": -0.376, "2016-03-31": "12.91200", "2015-12-31": 13.812, "2015-09-30": -2.021, "2015-06-30": 4.173, "2015-03-31": "29.77600", "2014-12-31": -6.163, "2014-09-30": 26.09, "2014-06-30": -6.208, "2014-03-31": "12.81700", "2013-12-31": -19.004, "2013-09-30": -6.33, "2013-06-30": -14.818, "2013-03-31": "-0.17400", "2012-12-31": -21.953, "2012-09-30": 0.084, "2012-06-30": -9.93, "2012-03-31": "10.67200", "2011-12-31": 14.564, "2011-09-30": 24.032, "2011-06-30": -1.614, "2011-03-31": "13.25500", "2010-12-31": 2.434, "2010-09-30": -3.013, "2010-06-30": 8.007, "2010-03-31": "3.58900", "2009-12-31": 13.633, "2009-09-30": 1.315, "2009-06-30": -2.636, "2009-03-31": "8.38400", "2008-12-31": 4.543, "2008-09-30": 2.082, "2008-06-30": 0.949, "2008-03-31": "-5.68200", "2007-12-31": -10.243, "2007-09-30": -269.691, "2007-06-30": 231.422, "2007-03-31": "34.62700", "2006-12-31": -269.4316, "2006-09-30": 88.2789, "2006-06-30": 101.0806, "2006-03-31": "81.37810", "2005-12-31": 73.4961, "2005-09-30": 5.4324, "2005-06-30": 85.6217, "2005-03-31": "-93.27400"}, "Total Change In Assets/Liabilities": {"2020-09-30": 32.302, "2020-06-30": 20.817, "2020-03-31": "-116.64700", "2019-12-31": -31.856, "2019-09-30": 73.035, "2019-06-30": 13.784, "2019-03-31": "-87.85000", "2018-12-31": 66.176, "2018-09-30": 32.7, "2018-06-30": -22.722, "2018-03-31": "-25.48200", "2017-12-31": -84.654, "2017-09-30": 89.125, "2017-06-30": -55.812, "2017-03-31": "-43.62000", "2016-12-31": 37.14, "2016-09-30": 19.564, "2016-06-30": -48.218, "2016-03-31": "-27.56900", "2015-12-31": 74.26, "2015-09-30": 34.781, "2015-06-30": -10.823, "2015-03-31": "-49.23500", "2014-12-31": 35.936, "2014-09-30": -117.795, "2014-06-30": 11.476, "2014-03-31": "-12.52800", "2013-12-31": -12.945, "2013-09-30": -12.756, "2013-06-30": 26.763, "2013-03-31": "17.45800", "2012-12-31": -75.54, "2012-09-30": 26.882, "2012-06-30": 53.179, "2012-03-31": "-24.01300", "2011-12-31": 12.239, "2011-09-30": 42.922, "2011-06-30": 1.307, "2011-03-31": "-14.36500", "2010-12-31": 80.676, "2010-09-30": 3.668, "2010-06-30": 21.436, "2010-03-31": "3.27300", "2009-12-31": 140.288, "2009-09-30": -2.727, "2009-06-30": -38.954, "2009-03-31": "31.80200", "2008-12-31": 46.949, "2008-09-30": -28.298, "2008-06-30": 20.792, "2008-03-31": "8.64500", "2007-12-31": -54.19, "2007-09-30": -318.0341, "2007-06-30": 271.4231, "2007-03-31": "-79.79500", "2006-12-31": -305.0366, "2006-09-30": -0.3881, "2006-06-30": 138.0976, "2006-03-31": "-29.26990", "2005-12-31": 69.6242, "2005-09-30": -787.69, "2005-06-30": 1290.111, "2005-03-31": "-82.77200"}, "Cash Flow From Operating Activities": {"2020-09-30": 242.958, "2020-06-30": 194.912, "2020-03-31": "80.97500", "2019-12-31": 469.684, "2019-09-30": 263.038, "2019-06-30": 102.276, "2019-03-31": "102.94100", "2018-12-31": 316.428, "2018-09-30": 291.898, "2018-06-30": 227.794, "2018-03-31": "152.00800", "2017-12-31": 118.898, "2017-09-30": 140.087, "2017-06-30": 89.851, "2017-03-31": "67.86300", "2016-12-31": 149.979, "2016-09-30": 111.065, "2016-06-30": 43.833, "2016-03-31": "39.36100", "2015-12-31": 221.564, "2015-09-30": 98.328, "2015-06-30": 89.589, "2015-03-31": "-3.81000", "2014-12-31": 129.387, "2014-09-30": 145.89, "2014-06-30": 106.13, "2014-03-31": "42.64100", "2013-12-31": 86.631, "2013-09-30": 96.067, "2013-06-30": 135.901, "2013-03-31": "92.36200", "2012-12-31": 30.92, "2012-09-30": 118.08, "2012-06-30": 146.477, "2012-03-31": "59.05000", "2011-12-31": 102.82, "2011-09-30": 112.406, "2011-06-30": 103.268, "2011-03-31": "53.89200", "2010-12-31": 132.631, "2010-09-30": 76.501, "2010-06-30": 75.027, "2010-03-31": "56.54800", "2009-12-31": 202.239, "2009-09-30": 42.881, "2009-06-30": 54.728, "2009-03-31": "48.69900", "2008-12-31": -28.441, "2008-09-30": 79.212, "2008-06-30": 31.549, "2008-03-31": "36.60000", "2007-12-31": -26.607, "2007-09-30": -429.573, "2007-06-30": 398.069, "2007-03-31": "31.63600", "2006-12-31": -498.204, "2006-09-30": 141.099, "2006-06-30": 281.894, "2006-03-31": "121.07700", "2005-12-31": 366.608, "2005-09-30": -595.876, "2005-06-30": 104.42, "2005-03-31": "36.04900"}, "Net Change In Property, Plant, And Equipment": {"2020-09-30": -14.252, "2020-06-30": 6.467, "2020-03-31": "-24.59100", "2019-12-31": -106.379, "2019-09-30": -9.422, "2019-06-30": 5.004, "2019-03-31": "-25.85500", "2018-12-31": -25.521, "2018-09-30": -20.417, "2018-06-30": -24.895, "2018-03-31": "-14.80100", "2017-12-31": -19.004, "2017-09-30": -14.698, "2017-06-30": -30.664, "2017-03-31": "-11.15700", "2016-12-31": -15.3, "2016-09-30": -27.606, "2016-06-30": -19.043, "2016-03-31": "-16.09000", "2015-12-31": -17.491, "2015-09-30": -17.742, "2015-06-30": -13.94, "2015-03-31": "-12.87600", "2014-12-31": -18.2, "2014-09-30": -12.476, "2014-06-30": -16.836, "2014-03-31": "-9.72100", "2013-12-31": -16.197, "2013-09-30": -16.295, "2013-06-30": -14.181, "2013-03-31": "-33.63800", "2012-12-31": -18.838, "2012-09-30": -12.01, "2012-06-30": -10.72, "2012-03-31": "-9.63300", "2011-12-31": -12.608, "2011-09-30": -7.997, "2011-06-30": -11.055, "2011-03-31": "-8.29400", "2010-12-31": -8.502, "2010-09-30": -7.814, "2010-06-30": -12.023, "2010-03-31": "-11.49000", "2009-12-31": -5.084, "2009-09-30": -10.238, "2009-06-30": -10.036, "2009-03-31": "-8.58000", "2008-12-31": -7.635, "2008-09-30": -15.612, "2008-06-30": -19.888, "2008-03-31": "-15.84800", "2007-12-31": -35.132, "2007-09-30": 25.284, "2007-06-30": -51.698, "2007-03-31": "-51.35500", "2006-12-31": 18.998, "2006-09-30": -53.623, "2006-06-30": -51.069, "2006-03-31": "-59.15900", "2005-12-31": -41.45, "2005-09-30": -58.167, "2005-06-30": -79.672, "2005-03-31": "-37.42300"}, "Net Change In Intangible Assets": {"2020-09-30": 0, "2020-06-30": 0, "2020-03-31": "", "2019-12-31": 0, "2019-09-30": 0, "2019-06-30": 0, "2019-03-31": "", "2018-12-31": 0, "2018-09-30": 0, "2018-06-30": 0, "2018-03-31": "", "2017-12-31": 0, "2017-09-30": 0, "2017-06-30": 0, "2017-03-31": "", "2016-12-31": 0, "2016-09-30": 0, "2016-06-30": 0, "2016-03-31": "", "2015-12-31": 0, "2015-09-30": 0, "2015-06-30": 0, "2015-03-31": "", "2014-12-31": 0, "2014-09-30": 0, "2014-06-30": 0, "2014-03-31": "", "2013-12-31": 0, "2013-09-30": 0, "2013-06-30": 0, "2013-03-31": "", "2012-12-31": 0, "2012-09-30": 0, "2012-06-30": 0, "2012-03-31": "", "2011-12-31": 0, "2011-09-30": 0, "2011-06-30": 0, "2011-03-31": "", "2010-12-31": 0, "2010-09-30": 0, "2010-06-30": 0, "2010-03-31": "", "2009-12-31": 0, "2009-09-30": 0, "2009-06-30": 0, "2009-03-31": "", "2008-12-31": 0, "2008-09-30": 0, "2008-06-30": 0, "2008-03-31": "", "2007-12-31": 0, "2007-09-30": 0, "2007-06-30": 0, "2007-03-31": "", "2006-12-31": 0, "2006-09-30": 0, "2006-06-30": 0, "2006-03-31": "", "2005-12-31": 0, "2005-09-30": 0, "2005-06-30": 0, "2005-03-31": ""}, "Net Acquisitions/Divestitures": {"2020-09-30": 0, "2020-06-30": 531.381, "2020-03-31": "-531.38100", "2019-12-31": -36.843, "2019-09-30": 0, "2019-06-30": -2.676, "2019-03-31": "-1.08300", "2018-12-31": 61.228, "2018-09-30": 0.968, "2018-06-30": 31.307, "2018-03-31": "-21.28000", "2017-12-31": 108.338, "2017-09-30": -19.949, "2017-06-30": -94.295, "2017-03-31": "45.13100", "2016-12-31": 156.349, "2016-09-30": 0, "2016-06-30": -0.272, "2016-03-31": "-2.25200", "2015-12-31": -574.116, "2015-09-30": 0, "2015-06-30": -37.577, "2015-03-31": "-5.70900", "2014-12-31": -15.195, "2014-09-30": -140.816, "2014-06-30": -25.399, "2014-03-31": "-77.98100", "2013-12-31": -0.977, "2013-09-30": -2.544, "2013-06-30": -7.719, "2013-03-31": "-29.19400", "2012-12-31": -23.131, "2012-09-30": -356.712, "2012-06-30": -10.144, "2012-03-31": "-10.26700", "2011-12-31": 0, "2011-09-30": -198.501, "2011-06-30": -31.699, "2011-03-31": "-48.26900", "2010-12-31": 0.001, "2010-09-30": -0.653, "2010-06-30": -6.922, "2010-03-31": "-9.75900", "2009-12-31": 0, "2009-09-30": -73.873, "2009-06-30": -0.124, "2009-03-31": "-11.53700", "2008-12-31": 423.254, "2008-09-30": -110.511, "2008-06-30": 17.247, "2008-03-31": "-4.71700", "2007-12-31": -0.07, "2007-09-30": 143.855, "2007-06-30": -130.93, "2007-03-31": "-54.57600", "2006-12-31": 251.446, "2006-09-30": -22.267, "2006-06-30": -0.972, "2006-03-31": "-56.90900", "2005-12-31": -180.827, "2005-09-30": 43.179, "2005-06-30": 1350.606, "2005-03-31": "-11.28700"}, "Net Change In Short-term Investments": {"2020-09-30": 0, "2020-06-30": 29.806, "2020-03-31": "-29.80600", "2019-12-31": 103.861, "2019-09-30": 0, "2019-06-30": -83.76, "2019-03-31": "83.76000", "2018-12-31": 85.83, "2018-09-30": -87.509, "2018-06-30": -114.422, "2018-03-31": "0.02500", "2017-12-31": -4.982, "2017-09-30": 15, "2017-06-30": 19.017, "2017-03-31": "55.42400", "2016-12-31": 88.462, "2016-09-30": -103.17, "2016-06-30": 107.525, "2016-03-31": "-154.39100", "2015-12-31": 25.534, "2015-09-30": 178.315, "2015-06-30": -36.641, "2015-03-31": "-41.88000", "2014-12-31": -44.294, "2014-09-30": -32.506, "2014-06-30": -44.534, "2014-03-31": "-32.84800", "2013-12-31": 0, "2013-09-30": 0, "2013-06-30": 0.002, "2013-03-31": "12.50000", "2012-12-31": 110.098, "2012-09-30": 16.705, "2012-06-30": 6.415, "2012-03-31": "8.33100", "2011-12-31": 7.513, "2011-09-30": 106.377, "2011-06-30": 174.623, "2011-03-31": "92.45200", "2010-12-31": -80.963, "2010-09-30": 66.877, "2010-06-30": 28.525, "2010-03-31": "-89.26800", "2009-12-31": -139.375, "2009-09-30": -88.247, "2009-06-30": -37.422, "2009-03-31": "-91.64700", "2008-12-31": -3.144, "2008-09-30": 15.268, "2008-06-30": 29.106, "2008-03-31": "145.06400", "2007-12-31": 90.841, "2007-09-30": 371.624, "2007-06-30": 3.813, "2007-03-31": "117.11700", "2006-12-31": -183.046, "2006-09-30": 296.974, "2006-06-30": 196.953, "2006-03-31": "196.55100", "2005-12-31": 584.3279, "2005-09-30": 91.1459, "2005-06-30": 61.1221, "2005-03-31": "228.85500"}, "Net Change In Long-Term Investments": {"2020-09-30": -9.115, "2020-06-30": 0.025, "2020-03-31": "-0.02500", "2019-12-31": -253.663, "2019-09-30": 0, "2019-06-30": 0, "2019-03-31": "", "2018-12-31": -20.8, "2018-09-30": -1, "2018-06-30": -13, "2018-03-31": "-18.18000", "2017-12-31": -125.221, "2017-09-30": 1.523, "2017-06-30": 114.621, "2017-03-31": "-0.02900", "2016-12-31": -115.89, "2016-09-30": 4.646, "2016-06-30": 6.395, "2016-03-31": "92.28400", "2015-12-31": -8.535, "2015-09-30": -9.885, "2015-06-30": 1.593, "2015-03-31": "-8.23000", "2014-12-31": 51.757, "2014-09-30": -3.002, "2014-06-30": -6.84, "2014-03-31": "-7.86100", "2013-12-31": 16.33, "2013-09-30": 40.63, "2013-06-30": -23.974, "2013-03-31": "-0.97500", "2012-12-31": -24.191, "2012-09-30": -3.57, "2012-06-30": -1.305, "2012-03-31": "7.58800", "2011-12-31": -4.611, "2011-09-30": -80.624, "2011-06-30": 2.979, "2011-03-31": "7.22500", "2010-12-31": -0.654, "2010-09-30": -0.834, "2010-06-30": -0.583, "2010-03-31": "5.11200", "2009-12-31": 2.423, "2009-09-30": 50.362, "2009-06-30": 5.99, "2009-03-31": "-1.21100", "2008-12-31": 480.124, "2008-09-30": -0.794, "2008-06-30": 50.43, "2008-03-31": "-48.39100", "2007-12-31": 15.17, "2007-09-30": 102.078, "2007-06-30": -221.36, "2007-03-31": "-0.25000", "2006-12-31": 3.067, "2006-09-30": 2.642, "2006-06-30": 0, "2006-03-31": "1.47500", "2005-12-31": -3.656, "2005-09-30": 1.912, "2005-06-30": -1.718, "2005-03-31": "-28.90100"}, "Net Change In Investments - Total": {"2020-09-30": -9.115, "2020-06-30": 29.831, "2020-03-31": "-29.83100", "2019-12-31": -149.802, "2019-09-30": 0, "2019-06-30": -83.76, "2019-03-31": "83.76000", "2018-12-31": 65.03, "2018-09-30": -88.509, "2018-06-30": -127.422, "2018-03-31": "-18.15500", "2017-12-31": -130.203, "2017-09-30": 16.523, "2017-06-30": 133.638, "2017-03-31": "55.39500", "2016-12-31": -27.428, "2016-09-30": -98.524, "2016-06-30": 113.92, "2016-03-31": "-62.10700", "2015-12-31": 16.999, "2015-09-30": 168.43, "2015-06-30": -35.048, "2015-03-31": "-50.11000", "2014-12-31": 7.463, "2014-09-30": -35.508, "2014-06-30": -51.374, "2014-03-31": "-40.70900", "2013-12-31": 16.33, "2013-09-30": 40.63, "2013-06-30": -23.972, "2013-03-31": "11.52500", "2012-12-31": 85.907, "2012-09-30": 13.135, "2012-06-30": 5.11, "2012-03-31": "15.91900", "2011-12-31": 2.902, "2011-09-30": 25.753, "2011-06-30": 177.602, "2011-03-31": "99.67700", "2010-12-31": -81.617, "2010-09-30": 66.043, "2010-06-30": 27.942, "2010-03-31": "-84.15600", "2009-12-31": -136.952, "2009-09-30": -37.885, "2009-06-30": -31.432, "2009-03-31": "-92.85800", "2008-12-31": 476.98, "2008-09-30": 14.474, "2008-06-30": 79.536, "2008-03-31": "96.67300", "2007-12-31": 106.011, "2007-09-30": 473.702, "2007-06-30": -217.547, "2007-03-31": "116.86700", "2006-12-31": -179.979, "2006-09-30": 299.616, "2006-06-30": 196.953, "2006-03-31": "198.02600", "2005-12-31": 580.672, "2005-09-30": 93.0579, "2005-06-30": 59.4041, "2005-03-31": "199.95400"}, "Investing Activities - Other": {"2020-09-30": -1421.776, "2020-06-30": -2448.664, "2020-03-31": "-0.20300", "2019-12-31": -3.544, "2019-09-30": -0.047, "2019-06-30": 2.333, "2019-03-31": "-1.21500", "2018-12-31": -0.619, "2018-09-30": 0.047, "2018-06-30": 0.252, "2018-03-31": "9.34700", "2017-12-31": 1.675, "2017-09-30": 0.243, "2017-06-30": 0.863, "2017-03-31": "0.21300", "2016-12-31": 5.653, "2016-09-30": 0.747, "2016-06-30": 0.435, "2016-03-31": "4.38000", "2015-12-31": 0.554, "2015-09-30": -6.491, "2015-06-30": -0.332, "2015-03-31": "2.72800", "2014-12-31": -14.966, "2014-09-30": 9.737, "2014-06-30": 2.344, "2014-03-31": "-0.15700", "2013-12-31": -12.433, "2013-09-30": 10.347, "2013-06-30": -0.606, "2013-03-31": "-0.83700", "2012-12-31": 2.341, "2012-09-30": 0.339, "2012-06-30": -4.35, "2012-03-31": "-8.25300", "2011-12-31": -1.261, "2011-09-30": 356.276, "2011-06-30": -367.752, "2011-03-31": "0.04000", "2010-12-31": -0.374, "2010-09-30": 2.555, "2010-06-30": 11.044, "2010-03-31": "-2.37100", "2009-12-31": 10.661, "2009-09-30": 1.204, "2009-06-30": -7.504, "2009-03-31": "-8.40200", "2008-12-31": -427.981, "2008-09-30": 433.76, "2008-06-30": -6.084, "2008-03-31": "0.34700", "2007-12-31": -0.001, "2007-09-30": -1.658, "2007-06-30": 14.608, "2007-03-31": "0.03500", "2006-12-31": 5.335, "2006-09-30": -0.099, "2006-06-30": -0.943, "2006-03-31": "-5.22800", "2005-12-31": -26.45, "2005-09-30": 12.308, "2005-06-30": 2.828, "2005-03-31": "16.19800"}, "Cash Flow From Investing Activities": {"2020-09-30": -1445.143, "2020-06-30": -1880.985, "2020-03-31": "-586.00600", "2019-12-31": -296.568, "2019-09-30": -9.469, "2019-06-30": -79.099, "2019-03-31": "55.60700", "2018-12-31": 100.118, "2018-09-30": -107.911, "2018-06-30": -120.758, "2018-03-31": "-44.88900", "2017-12-31": -39.194, "2017-09-30": -17.881, "2017-06-30": 9.542, "2017-03-31": "89.58200", "2016-12-31": 119.274, "2016-09-30": -125.383, "2016-06-30": 95.04, "2016-03-31": "-76.06900", "2015-12-31": -574.054, "2015-09-30": 144.197, "2015-06-30": -86.897, "2015-03-31": "-65.96700", "2014-12-31": -40.898, "2014-09-30": -179.063, "2014-06-30": -91.265, "2014-03-31": "-128.56800", "2013-12-31": -13.277, "2013-09-30": 32.138, "2013-06-30": -46.478, "2013-03-31": "-52.14400", "2012-12-31": 46.279, "2012-09-30": -355.248, "2012-06-30": -20.104, "2012-03-31": "-12.23400", "2011-12-31": -10.967, "2011-09-30": 175.531, "2011-06-30": -232.904, "2011-03-31": "43.15400", "2010-12-31": -90.492, "2010-09-30": 60.131, "2010-06-30": 20.041, "2010-03-31": "-107.77600", "2009-12-31": -131.375, "2009-09-30": -120.792, "2009-06-30": -49.096, "2009-03-31": "-121.37700", "2008-12-31": 464.618, "2008-09-30": 322.111, "2008-06-30": 70.811, "2008-03-31": "76.45500", "2007-12-31": 70.808, "2007-09-30": 641.183, "2007-06-30": -385.567, "2007-03-31": "10.97100", "2006-12-31": 95.8, "2006-09-30": 223.627, "2006-06-30": 143.969, "2006-03-31": "76.73000", "2005-12-31": 331.945, "2005-09-30": 90.378, "2005-06-30": 1333.166, "2005-03-31": "167.44200"}, "Net Long-Term Debt": {"2020-09-30": -20, "2020-06-30": 123.438, "2020-03-31": "496.56200", "2019-12-31": -48.785, "2019-09-30": 0, "2019-06-30": 850.01, "2019-03-31": "86.56200", "2018-12-31": 256.563, "2018-09-30": -3.801, "2018-06-30": -3.437, "2018-03-31": "-3.43800", "2017-12-31": 361.089, "2017-09-30": 75, "2017-06-30": -5, "2017-03-31": "-26.59000", "2016-12-31": -40.138, "2016-09-30": -65.161, "2016-06-30": -28.198, "2016-03-31": "-42.91200", "2015-12-31": 788, "2015-09-30": -80, "2015-06-30": 0, "2015-03-31": "", "2014-12-31": 0, "2014-09-30": 0, "2014-06-30": 0, "2014-03-31": "", "2013-12-31": 500, "2013-09-30": 0, "2013-06-30": 0, "2013-03-31": "-15.84400", "2012-12-31": 500, "2012-09-30": 0, "2012-06-30": 0, "2012-03-31": "", "2011-12-31": 0, "2011-09-30": 0, "2011-06-30": 0, "2011-03-31": "", "2010-12-31": 0, "2010-09-30": 0, "2010-06-30": 0, "2010-03-31": "", "2009-12-31": 0, "2009-09-30": 0, "2009-06-30": 0, "2009-03-31": "", "2008-12-31": -5.001, "2008-09-30": -514.943, "2008-06-30": 0, "2008-03-31": "", "2007-12-31": 0.001, "2007-09-30": 12.482, "2007-06-30": -8.855, "2007-03-31": "-11.20400", "2006-12-31": 10.991, "2006-09-30": -0.645, "2006-06-30": -0.449, "2006-03-31": "-10.61200", "2005-12-31": -361.856, "2005-09-30": 78.908, "2005-06-30": -36.948, "2005-03-31": "-0.30400"}, "Net Current Debt": {"2020-09-30": 0, "2020-06-30": 0, "2020-03-31": "", "2019-12-31": 0, "2019-09-30": 0, "2019-06-30": 0, "2019-03-31": "", "2018-12-31": 0, "2018-09-30": 0, "2018-06-30": 0, "2018-03-31": "", "2017-12-31": 0, "2017-09-30": 0, "2017-06-30": 0, "2017-03-31": "", "2016-12-31": 0, "2016-09-30": 0, "2016-06-30": 0, "2016-03-31": "", "2015-12-31": 0, "2015-09-30": 0, "2015-06-30": 0, "2015-03-31": "", "2014-12-31": 0, "2014-09-30": 0, "2014-06-30": 0, "2014-03-31": "", "2013-12-31": 0, "2013-09-30": 0, "2013-06-30": 0, "2013-03-31": "", "2012-12-31": 0, "2012-09-30": 0, "2012-06-30": 0, "2012-03-31": "", "2011-12-31": 0, "2011-09-30": 0, "2011-06-30": 0, "2011-03-31": "", "2010-12-31": 0, "2010-09-30": 0, "2010-06-30": 0, "2010-03-31": "", "2009-12-31": 0, "2009-09-30": 0, "2009-06-30": 0, "2009-03-31": "", "2008-12-31": 0, "2008-09-30": 0, "2008-06-30": 0, "2008-03-31": "", "2007-12-31": 0, "2007-09-30": 125.8972, "2007-06-30": -188.2963, "2007-03-31": "62.39910", "2006-12-31": 38.8086, "2006-09-30": -27.2314, "2006-06-30": -14.157, "2006-03-31": "2.57980", "2005-12-31": -42.8046, "2005-09-30": -11.5079, "2005-06-30": 56.3949, "2005-03-31": "160.75700"}, "Debt Issuance/Retirement Net - Total": {"2020-09-30": -20, "2020-06-30": 123.438, "2020-03-31": "496.56200", "2019-12-31": -48.785, "2019-09-30": 0, "2019-06-30": 850.01, "2019-03-31": "86.56200", "2018-12-31": 256.563, "2018-09-30": -3.801, "2018-06-30": -3.437, "2018-03-31": "-3.43800", "2017-12-31": 361.089, "2017-09-30": 75, "2017-06-30": -5, "2017-03-31": "-26.59000", "2016-12-31": -40.138, "2016-09-30": -65.161, "2016-06-30": -28.198, "2016-03-31": "-42.91200", "2015-12-31": 788, "2015-09-30": -80, "2015-06-30": 0, "2015-03-31": "", "2014-12-31": 0, "2014-09-30": 0, "2014-06-30": 0, "2014-03-31": "", "2013-12-31": 500, "2013-09-30": 0, "2013-06-30": 0, "2013-03-31": "-15.84400", "2012-12-31": 500, "2012-09-30": 0, "2012-06-30": 0, "2012-03-31": "", "2011-12-31": 0, "2011-09-30": 0, "2011-06-30": 0, "2011-03-31": "", "2010-12-31": 0, "2010-09-30": 0, "2010-06-30": 0, "2010-03-31": "", "2009-12-31": 0, "2009-09-30": 0, "2009-06-30": 0, "2009-03-31": "", "2008-12-31": -5.001, "2008-09-30": -514.943, "2008-06-30": 0, "2008-03-31": "", "2007-12-31": 0.001, "2007-09-30": 138.3792, "2007-06-30": -197.1513, "2007-03-31": "51.19510", "2006-12-31": 49.7996, "2006-09-30": -27.8764, "2006-06-30": -14.606, "2006-03-31": "-8.03220", "2005-12-31": -404.6607, "2005-09-30": 67.4001, "2005-06-30": 19.4469, "2005-03-31": "160.45300"}, "Net Common Equity Issued/Repurchased": {"2020-09-30": 1501.329, "2020-06-30": -25.744, "2020-03-31": "-122.95100", "2019-12-31": -86.267, "2019-09-30": -99.65, "2019-06-30": 107.931, "2019-03-31": "-17.49700", "2018-12-31": -37.792, "2018-09-30": -78.902, "2018-06-30": -46.554, "2018-03-31": "-6.69300", "2017-12-31": 53.383, "2017-09-30": -233.888, "2017-06-30": 67.084, "2017-03-31": "-48.32000", "2016-12-31": -46.486, "2016-09-30": 3.916, "2016-06-30": -47.209, "2016-03-31": "-156.71000", "2015-12-31": 470.572, "2015-09-30": -34.102, "2015-06-30": -10.317, "2015-03-31": "-225.67700", "2014-12-31": 3.595, "2014-09-30": 8.672, "2014-06-30": -14.743, "2014-03-31": "-29.08000", "2013-12-31": -119.757, "2013-09-30": -53.953, "2013-06-30": -75.475, "2013-03-31": "-88.05300", "2012-12-31": -315.018, "2012-09-30": -61.308, "2012-06-30": 66.097, "2012-03-31": "-123.65100", "2011-12-31": -51.302, "2011-09-30": -224.323, "2011-06-30": -102.117, "2011-03-31": "-1.08100", "2010-12-31": 10.902, "2010-09-30": -151.645, "2010-06-30": -129.233, "2010-03-31": "-243.68300", "2009-12-31": -207.051, "2009-09-30": -110.497, "2009-06-30": -195.61, "2009-03-31": "119.60200", "2008-12-31": 2.21, "2008-09-30": -8.462, "2008-06-30": 1.704, "2008-03-31": "-151.60600", "2007-12-31": -86.138, "2007-09-30": -219.155, "2007-06-30": 8.031, "2007-03-31": "-309.87800", "2006-12-31": -12.154, "2006-09-30": -329.454, "2006-06-30": -452.427, "2006-03-31": "-95.39300", "2005-12-31": -427.08, "2005-09-30": -296.889, "2005-06-30": -1156.453, "2005-03-31": "12.27700"}, "Net Total Equity Issued/Repurchased": {"2020-09-30": 1501.329, "2020-06-30": -25.744, "2020-03-31": "-122.95100", "2019-12-31": -86.267, "2019-09-30": -99.65, "2019-06-30": 107.931, "2019-03-31": "-17.49700", "2018-12-31": -37.792, "2018-09-30": -78.902, "2018-06-30": -46.554, "2018-03-31": "-6.69300", "2017-12-31": 53.383, "2017-09-30": -233.888, "2017-06-30": 67.084, "2017-03-31": "-48.32000", "2016-12-31": -46.486, "2016-09-30": 3.916, "2016-06-30": -47.209, "2016-03-31": "-156.71000", "2015-12-31": 470.572, "2015-09-30": -34.102, "2015-06-30": -10.317, "2015-03-31": "-225.67700", "2014-12-31": 3.595, "2014-09-30": 8.672, "2014-06-30": -14.743, "2014-03-31": "-29.08000", "2013-12-31": -119.757, "2013-09-30": -53.953, "2013-06-30": -75.475, "2013-03-31": "-88.05300", "2012-12-31": -315.018, "2012-09-30": -61.308, "2012-06-30": 66.097, "2012-03-31": "-123.65100", "2011-12-31": -51.302, "2011-09-30": -224.323, "2011-06-30": -102.117, "2011-03-31": "-1.08100", "2010-12-31": 10.902, "2010-09-30": -151.645, "2010-06-30": -129.233, "2010-03-31": "-243.68300", "2009-12-31": -207.051, "2009-09-30": -110.497, "2009-06-30": -195.61, "2009-03-31": "119.60200", "2008-12-31": 2.21, "2008-09-30": -8.462, "2008-06-30": 1.704, "2008-03-31": "-151.60600", "2007-12-31": -86.138, "2007-09-30": -219.155, "2007-06-30": 8.031, "2007-03-31": "-309.87800", "2006-12-31": -12.154, "2006-09-30": -329.454, "2006-06-30": -452.427, "2006-03-31": "-95.39300", "2005-12-31": -427.08, "2005-09-30": -952.616, "2005-06-30": -1156.453, "2005-03-31": "12.27700"}, "Total Common And Preferred Stock Dividends Paid": {"2020-09-30": 0, "2020-06-30": 0, "2020-03-31": "", "2019-12-31": -29.184, "2019-09-30": 0, "2019-06-30": 0, "2019-03-31": "", "2018-12-31": -127.624, "2018-09-30": 0, "2018-06-30": 0, "2018-03-31": "", "2017-12-31": -20.184, "2017-09-30": 0, "2017-06-30": 0, "2017-03-31": "", "2016-12-31": 0, "2016-09-30": 0, "2016-06-30": 0, "2016-03-31": "", "2015-12-31": -28.249, "2015-09-30": -28.218, "2015-06-30": -28.054, "2015-03-31": "-28.67500", "2014-12-31": -28.833, "2014-09-30": -28.419, "2014-06-30": -20.082, "2014-03-31": "-20.00400", "2013-12-31": -20.307, "2013-09-30": -20.002, "2013-06-30": -17.451, "2013-03-31": "-21.42900", "2012-12-31": -24.468, "2012-09-30": -21.998, "2012-06-30": -11.124, "2012-03-31": "-10.57300", "2011-12-31": -10.668, "2011-09-30": 0, "2011-06-30": 0, "2011-03-31": "", "2010-12-31": 0, "2010-09-30": 0, "2010-06-30": 0, "2010-03-31": "", "2009-12-31": 0, "2009-09-30": 0, "2009-06-30": 0, "2009-03-31": "", "2008-12-31": 0, "2008-09-30": 0, "2008-06-30": 0, "2008-03-31": "", "2007-12-31": 0, "2007-09-30": 0, "2007-06-30": 0, "2007-03-31": "", "2006-12-31": 0, "2006-09-30": 0, "2006-06-30": 0, "2006-03-31": "", "2005-12-31": -1.631, "2005-09-30": -1.412, "2005-06-30": -3.263, "2005-03-31": "-3.26300"}, "Financial Activities - Other": {"2020-09-30": -5.025, "2020-06-30": -56.69, "2020-03-31": "-178.94800", "2019-12-31": -168.266, "2019-09-30": -30.224, "2019-06-30": -22.074, "2019-03-31": "-142.72500", "2018-12-31": -44.089, "2018-09-30": -74.448, "2018-06-30": -69.564, "2018-03-31": "-73.01900", "2017-12-31": -98.357, "2017-09-30": -234.032, "2017-06-30": -42.784, "2017-03-31": "-44.27000", "2016-12-31": -24.785, "2016-09-30": 16.852, "2016-06-30": -55.141, "2016-03-31": "-6.16800", "2015-12-31": -160.837, "2015-09-30": 12.757, "2015-06-30": 14.414, "2015-03-31": "16.77600", "2014-12-31": 3.296, "2014-09-30": 7.146, "2014-06-30": 1.21, "2014-03-31": "36.26200", "2013-12-31": -73.107, "2013-09-30": 3.131, "2013-06-30": 8.484, "2013-03-31": "11.42900", "2012-12-31": 11.882, "2012-09-30": 12.17, "2012-06-30": 5.012, "2012-03-31": "6.49900", "2011-12-31": -1.921, "2011-09-30": 1.294, "2011-06-30": 8.185, "2011-03-31": "9.70000", "2010-12-31": -210.148, "2010-09-30": 1.6, "2010-06-30": 0.197, "2010-03-31": "4.80000", "2009-12-31": 0.28, "2009-09-30": -14.477, "2009-06-30": 0.816, "2009-03-31": "1.14000", "2008-12-31": 2.702, "2008-09-30": -1.743, "2008-06-30": 0.566, "2008-03-31": "0.45700", "2007-12-31": 71.496, "2007-09-30": 0.075, "2007-06-30": 10.599, "2007-03-31": "-0.97100", "2006-12-31": -1.351, "2006-09-30": 1.606, "2006-06-30": 19.925, "2006-03-31": "14.64800", "2005-12-31": 29.678, "2005-09-30": -44.211, "2005-06-30": 4.159, "2005-03-31": "-2.01000"}, "Cash Flow From Financial Activities": {"2020-09-30": 1476.304, "2020-06-30": 41.004, "2020-03-31": "194.66300", "2019-12-31": -332.502, "2019-09-30": -129.874, "2019-06-30": 935.867, "2019-03-31": "-73.66000", "2018-12-31": 47.058, "2018-09-30": -157.151, "2018-06-30": -119.555, "2018-03-31": "-83.15000", "2017-12-31": 295.931, "2017-09-30": -392.92, "2017-06-30": 19.3, "2017-03-31": "-119.18000", "2016-12-31": -111.409, "2016-09-30": -44.393, "2016-06-30": -130.548, "2016-03-31": "-205.79000", "2015-12-31": 1069.486, "2015-09-30": -129.563, "2015-06-30": -23.957, "2015-03-31": "-237.57600", "2014-12-31": -21.942, "2014-09-30": -12.601, "2014-06-30": -33.615, "2014-03-31": "-12.82200", "2013-12-31": 286.829, "2013-09-30": -70.824, "2013-06-30": -84.442, "2013-03-31": "-113.89700", "2012-12-31": 172.396, "2012-09-30": -71.136, "2012-06-30": 59.985, "2012-03-31": "-127.72500", "2011-12-31": -63.891, "2011-09-30": -223.029, "2011-06-30": -93.932, "2011-03-31": "8.61900", "2010-12-31": -199.246, "2010-09-30": -150.045, "2010-06-30": -129.036, "2010-03-31": "-238.88300", "2009-12-31": -206.771, "2009-09-30": -124.974, "2009-06-30": -194.794, "2009-03-31": "120.74200", "2008-12-31": -0.089, "2008-09-30": -525.148, "2008-06-30": 2.27, "2008-03-31": "-151.14900", "2007-12-31": -14.641, "2007-09-30": -80.701, "2007-06-30": -178.521, "2007-03-31": "-259.65400", "2006-12-31": 36.295, "2006-09-30": -355.725, "2006-06-30": -447.108, "2006-03-31": "-88.77700", "2005-12-31": -803.694, "2005-09-30": -930.839, "2005-06-30": -1136.11, "2005-03-31": "167.45700"}, "Net Cash Flow": {"2020-09-30": 269.595, "2020-06-30": -2694.573, "2020-03-31": "-316.36400", "2019-12-31": 192.205, "2019-09-30": -205.8, "2019-06-30": 934.565, "2019-03-31": "85.70300", "2018-12-31": 461.924, "2018-09-30": 26.585, "2018-06-30": -15.221, "2018-03-31": "26.71500", "2017-12-31": 377.838, "2017-09-30": -266.787, "2017-06-30": 120.165, "2017-03-31": "42.26700", "2016-12-31": 150.189, "2016-09-30": -56.2, "2016-06-30": 7.32, "2016-03-31": "-242.78300", "2015-12-31": 714.999, "2015-09-30": 110.039, "2015-06-30": -15.188, "2015-03-31": "-318.80800", "2014-12-31": 58.693, "2014-09-30": -55.614, "2014-06-30": -15.985, "2014-03-31": "-97.13300", "2013-12-31": 358.792, "2013-09-30": 62.927, "2013-06-30": 4.968, "2013-03-31": "-76.22000", "2012-12-31": 248.198, "2012-09-30": -305.417, "2012-06-30": 183.1, "2012-03-31": "-80.05700", "2011-12-31": 24.842, "2011-09-30": 56.445, "2011-06-30": -225.729, "2011-03-31": "106.49600", "2010-12-31": -160.115, "2010-09-30": -12.955, "2010-06-30": -37.103, "2010-03-31": "-293.72500", "2009-12-31": -159.773, "2009-09-30": -202.652, "2009-06-30": -184.373, "2009-03-31": "47.80100", "2008-12-31": 402.882, "2008-09-30": -89.879, "2008-06-30": 197.941, "2008-03-31": "-351.25200", "2007-12-31": 206.709, "2007-09-30": 352.894, "2007-06-30": -195.468, "2007-03-31": "-206.97300", "2006-12-31": 359.283, "2006-09-30": 8.191, "2006-06-30": -25.733, "2006-03-31": "99.31900", "2005-12-31": 77.682, "2005-09-30": -1363.012, "2005-06-30": 538.856, "2005-03-31": "733.85600"}, "Stock-Based Compensation": {"2020-09-30": 37.335, "2020-06-30": -15.152, "2020-03-31": "58.46400", "2019-12-31": 169.971, "2019-09-30": 20.805, "2019-06-30": -17.432, "2019-03-31": "67.44400", "2018-12-31": 66.414, "2018-09-30": 55.363, "2018-06-30": 57.561, "2018-03-31": "59.08200", "2017-12-31": 57.256, "2017-09-30": 134.472, "2017-06-30": 38.915, "2017-03-31": "33.97500", "2016-12-31": 22.21, "2016-09-30": 23.661, "2016-06-30": 27.764, "2016-03-31": "31.18500", "2015-12-31": 33.581, "2015-09-30": 27.009, "2015-06-30": 25.949, "2015-03-31": "18.91100", "2014-12-31": 16.137, "2014-09-30": 17.332, "2014-06-30": 16.552, "2014-03-31": "9.61300", "2013-12-31": 14.157, "2013-09-30": 14.365, "2013-06-30": 11.82, "2013-03-31": "12.66300", "2012-12-31": 20.367, "2012-09-30": 23.351, "2012-06-30": 20.441, "2012-03-31": "21.46600", "2011-12-31": 22.535, "2011-09-30": 22.885, "2011-06-30": 23.007, "2011-03-31": "20.16100", "2010-12-31": 24.629, "2010-09-30": 17.058, "2010-06-30": 21.048, "2010-03-31": "21.54500", "2009-12-31": 21.394, "2009-09-30": 16.515, "2009-06-30": 13.592, "2009-03-31": "18.58000", "2008-12-31": 9.599, "2008-09-30": 38.677, "2008-06-30": 18.611, "2008-03-31": "18.88600", "2007-12-31": 21.225, "2007-09-30": 1.601, "2007-06-30": 26.533, "2007-03-31": "24.22600", "2006-12-31": -3.411, "2006-09-30": 18.092, "2006-06-30": 28.714, "2006-03-31": "23.96600", "2005-12-31": -113.778, "2005-09-30": 84.775, "2005-06-30": 16.774, "2005-03-31": "12.22900"}, "Common Stock Dividends Paid": {"2020-09-30": 0, "2020-06-30": 0, "2020-03-31": "", "2019-12-31": -29.184, "2019-09-30": 0, "2019-06-30": 0, "2019-03-31": "", "2018-12-31": -127.624, "2018-09-30": 0, "2018-06-30": 0, "2018-03-31": "", "2017-12-31": -20.184, "2017-09-30": 0, "2017-06-30": 0, "2017-03-31": "", "2016-12-31": 0, "2016-09-30": 0, "2016-06-30": 0, "2016-03-31": "", "2015-12-31": -28.249, "2015-09-30": -28.218, "2015-06-30": -28.054, "2015-03-31": "-28.67500", "2014-12-31": -28.833, "2014-09-30": -28.419, "2014-06-30": -20.082, "2014-03-31": "-20.00400", "2013-12-31": -20.307, "2013-09-30": -20.002, "2013-06-30": -17.451, "2013-03-31": "-21.42900", "2012-12-31": -24.468, "2012-09-30": -21.998, "2012-06-30": -11.124, "2012-03-31": "-10.57300", "2011-12-31": -10.668, "2011-09-30": 0, "2011-06-30": 0, "2011-03-31": "", "2010-12-31": 0, "2010-09-30": 0, "2010-06-30": 0, "2010-03-31": "", "2009-12-31": 0, "2009-09-30": 0, "2009-06-30": 0, "2009-03-31": "", "2008-12-31": 0, "2008-09-30": 0, "2008-06-30": 0, "2008-03-31": "", "2007-12-31": 0, "2007-09-30": 0, "2007-06-30": 0, "2007-03-31": "", "2006-12-31": 0, "2006-09-30": 0, "2006-06-30": 0, "2006-03-31": "", "2005-12-31": 0, "2005-09-30": 0, "2005-06-30": 0, "2005-03-31": ""}}, "financial ratios": {"Current Ratio": {"2019-12-31": "3.67900", "2018-12-31": "3.12680", "2017-12-31": "2.65740", "2016-12-31": "2.58310", "2015-12-31": "2.53080", "2014-12-31": "2.27980", "2013-12-31": "2.51390", "2012-12-31": "1.85110", "2011-12-31": "2.16990", "2010-12-31": "4.32640", "2009-12-31": "6.89010", "2008-12-31": "7.81090", "2007-12-31": "1.97570", "2006-12-31": "1.74600", "2005-12-31": "1.86700"}, "Long-term Debt / Capital": {"2019-12-31": "0.44470", "2018-12-31": "0.38730", "2017-12-31": "0.40180", "2016-12-31": "0.44040", "2015-12-31": "0.43800", "2014-12-31": "0.35140", "2013-12-31": "0.38440", "2012-12-31": "0.25350", "2011-12-31": "0.04660", "2010-12-31": "0.04470", "2009-12-31": "0.02970", "2008-12-31": "0.02120", "2007-12-31": "0.08860", "2006-12-31": "0.08920", "2005-12-31": "0.09410"}, "Debt/Equity Ratio": {"2019-12-31": "0.80430", "2018-12-31": "0.63610", "2017-12-31": "0.67640", "2016-12-31": "0.79700", "2015-12-31": "0.79740", "2014-12-31": "0.54190", "2013-12-31": "0.62450", "2012-12-31": "0.34890", "2011-12-31": "0.04890", "2010-12-31": "0.04680", "2009-12-31": "0.03060", "2008-12-31": "0.02160", "2007-12-31": "0.09860", "2006-12-31": "0.13890", "2005-12-31": "0.14460"}, "Gross Margin": {"2019-12-31": "76.30000", "2018-12-31": "78.62610", "2017-12-31": "80.31570", "2016-12-31": "75.93130", "2015-12-31": "75.91530", "2014-12-31": "72.33670", "2013-12-31": "67.66920", "2012-12-31": "64.59440", "2011-12-31": "63.39360", "2010-12-31": "63.72130", "2009-12-31": "68.08120", "2008-12-31": "67.59400", "2007-12-31": "60.84710", "2006-12-31": "63.11390", "2005-12-31": "48.10670"}, "Operating Margin": {"2019-12-31": "12.22040", "2018-12-31": "13.25720", "2017-12-31": "5.69860", "2016-12-31": "-1.03900", "2015-12-31": "5.55840", "2014-12-31": "12.17950", "2013-12-31": "14.09870", "2012-12-31": "11.55220", "2011-12-31": "9.60270", "2010-12-31": "3.04220", "2009-12-31": "-77.07660", "2008-12-31": "-3.13840", "2007-12-31": "-5.89110", "2006-12-31": "-11.12400", "2005-12-31": "6.49360"}, "EBIT Margin": {"2019-12-31": "12.22040", "2018-12-31": "13.25720", "2017-12-31": "5.69860", "2016-12-31": "-1.03900", "2015-12-31": "5.55840", "2014-12-31": "12.17950", "2013-12-31": "14.09870", "2012-12-31": "11.55220", "2011-12-31": "9.60270", "2010-12-31": "3.04220", "2009-12-31": "-77.07660", "2008-12-31": "-3.13840", "2007-12-31": "-5.89110", "2006-12-31": "-11.12400", "2005-12-31": "6.49360"}, "EBITDA Margin": {"2019-12-31": "16.09490", "2018-12-31": "17.56780", "2017-12-31": "9.21840", "2016-12-31": "12.54330", "2015-12-31": "12.25040", "2014-12-31": "16.00910", "2013-12-31": "18.02700", "2012-12-31": "14.70300", "2011-12-31": "13.42780", "2010-12-31": "10.33690", "2009-12-31": "8.40360", "2008-12-31": "6.95830", "2007-12-31": "5.00980", "2006-12-31": "2.09390", "2005-12-31": "14.10870"}, "Pre-Tax Profit Margin": {"2019-12-31": "10.39530", "2018-12-31": "17.86480", "2017-12-31": "2.02460", "2016-12-31": "-2.58240", "2015-12-31": "4.42260", "2014-12-31": "8.68070", "2013-12-31": "13.77120", "2012-12-31": "10.32020", "2011-12-31": "8.32860", "2010-12-31": "1.38600", "2009-12-31": "-70.32020", "2008-12-31": "7.88890", "2007-12-31": "-0.30690", "2006-12-31": "-7.58150", "2005-12-31": "18.83170"}, "Net Profit Margin": {"2019-12-31": "9.06300", "2018-12-31": "14.70740", "2017-12-31": "9.21990", "2016-12-31": "-1.31470", "2015-12-31": "3.69780", "2014-12-31": "13.34190", "2013-12-31": "9.45370", "2012-12-31": "5.68620", "2011-12-31": "8.46020", "2010-12-31": "6.07030", "2009-12-31": "-72.68330", "2008-12-31": "-11.07750", "2007-12-31": "-10.81130", "2006-12-31": "18.69540", "2005-12-31": "17.15040"}, "Asset Turnover": {"2019-12-31": "0.57090", "2018-12-31": "0.62010", "2017-12-31": "0.56360", "2016-12-31": "0.67580", "2015-12-31": "0.62270", "2014-12-31": "0.73050", "2013-12-31": "0.71390", "2012-12-31": "0.73600", "2011-12-31": "0.60400", "2010-12-31": "0.49170", "2009-12-31": "0.33530", "2008-12-31": "0.26850", "2007-12-31": "0.10580", "2006-12-31": "0.07580", "2005-12-31": "0.36100"}, "Inventory Turnover Ratio": {"2019-12-31": "", "2018-12-31": "", "2017-12-31": "", "2016-12-31": "", "2015-12-31": "", "2014-12-31": "", "2013-12-31": "", "2012-12-31": "", "2011-12-31": "", "2010-12-31": "", "2009-12-31": "", "2008-12-31": "", "2007-12-31": "", "2006-12-31": "1.13220", "2005-12-31": "7.76290"}, "Receiveable Turnover": {"2019-12-31": "15.94540", "2018-12-31": "15.26880", "2017-12-31": "10.87810", "2016-12-31": "14.26320", "2015-12-31": "12.91980", "2014-12-31": "13.17130", "2013-12-31": "14.57510", "2012-12-31": "12.18700", "2011-12-31": "11.63330", "2010-12-31": "13.68790", "2009-12-31": "14.40720", "2008-12-31": "14.32980", "2007-12-31": "11.42180", "2006-12-31": "2.43070", "2005-12-31": "11.77570"}, "Days Sales In Receivables": {"2019-12-31": "22.89060", "2018-12-31": "23.90490", "2017-12-31": "33.55360", "2016-12-31": "25.59030", "2015-12-31": "28.25130", "2014-12-31": "27.71190", "2013-12-31": "25.04280", "2012-12-31": "29.95000", "2011-12-31": "31.37540", "2010-12-31": "26.66590", "2009-12-31": "25.33460", "2008-12-31": "25.47150", "2007-12-31": "31.95640", "2006-12-31": "150.16540", "2005-12-31": "30.99620"}, "ROE - Return On Equity": {"2019-12-31": "13.95010", "2018-12-31": "21.33420", "2017-12-31": "12.14900", "2016-12-31": "-0.80330", "2015-12-31": "5.11660", "2014-12-31": "11.76820", "2013-12-31": "16.29460", "2012-12-31": "9.94630", "2011-12-31": "8.95700", "2010-12-31": "-0.45820", "2009-12-31": "-30.57950", "2008-12-31": "3.20570", "2007-12-31": "-0.07470", "2006-12-31": "-0.30470", "2005-12-31": "6.16310"}, "Return On Tangible Equity": {"2019-12-31": "116.85450", "2018-12-31": "391.55950", "2017-12-31": "-129.72250", "2016-12-31": "6.00780", "2015-12-31": "-24.10330", "2014-12-31": "-92.44710", "2013-12-31": "-72.02390", "2012-12-31": "-43.39220", "2011-12-31": "78.55120", "2010-12-31": "-1.15180", "2009-12-31": "-50.36300", "2008-12-31": "6.66210", "2007-12-31": "-0.10080", "2006-12-31": "-6.25860", "2005-12-31": "126.32050"}, "ROA - Return On Assets": {"2019-12-31": "6.52620", "2018-12-31": "11.02240", "2017-12-31": "6.10120", "2016-12-31": "-0.34760", "2015-12-31": "2.18500", "2014-12-31": "5.51010", "2013-12-31": "6.65450", "2012-12-31": "4.46280", "2011-12-31": "5.14890", "2010-12-31": "-0.28220", "2009-12-31": "-23.81720", "2008-12-31": "2.70280", "2007-12-31": "-0.05090", "2006-12-31": "-0.20180", "2005-12-31": "4.08760"}, "ROI - Return On Investment": {"2019-12-31": "7.74680", "2018-12-31": "13.07060", "2017-12-31": "7.26730", "2016-12-31": "-0.44950", "2015-12-31": "2.87550", "2014-12-31": "7.63250", "2013-12-31": "10.03060", "2012-12-31": "7.42460", "2011-12-31": "8.53940", "2010-12-31": "-0.43770", "2009-12-31": "-29.67030", "2008-12-31": "3.13780", "2007-12-31": "-0.06810", "2006-12-31": "-0.27750", "2005-12-31": "5.58280"}, "Book Value Per Share": {"2019-12-31": "46.03640", "2018-12-31": "42.40860", "2017-12-31": "35.66810", "2016-12-31": "25.65150", "2015-12-31": "26.68540", "2014-12-31": "23.68700", "2013-12-31": "21.04070", "2012-12-31": "20.26600", "2011-12-31": "23.64010", "2010-12-31": "23.19920", "2009-12-31": "25.86430", "2008-12-31": "31.48850", "2007-12-31": "60.47810", "2006-12-31": "59.68910", "2005-12-31": "58.08800"}, "Operating Cash Flow Per Share": {"2019-12-31": -0.4037, "2018-12-31": 5.9358, "2017-12-31": 0.5839, "2016-12-31": -0.2954, "2015-12-31": -0.1924, "2014-12-31": 0.0507, "2013-12-31": 0.9292, "2012-12-31": -0.1396, "2011-12-31": 0.7422, "2010-12-31": 0.6911, "2009-12-31": 1.6888, "2008-12-31": 1.0113, "2007-12-31": -0.4859, "2006-12-31": 0.7986, "2005-12-31": -0.498}, "Free Cash Flow Per Share": {"2019-12-31": -0.9836, "2018-12-31": 5.8832, "2017-12-31": 0.6737, "2016-12-31": -0.5674, "2015-12-31": -0.2491, "2014-12-31": 0.3302, "2013-12-31": 0.5534, "2012-12-31": -0.266, "2011-12-31": 0.6933, "2010-12-31": 0.5613, "2009-12-31": 1.8536, "2008-12-31": 1.392, "2007-12-31": -0.327, "2006-12-31": 1.0647, "2005-12-31": -1.7134}}, "financial ratios, quarterly": {"Current Ratio": {"2020-09-30": "1.51200", "2020-06-30": "0.98410", "2020-03-31": "3.32230", "2019-12-31": "3.67070", "2019-09-30": "3.55530", "2019-06-30": "4.10510", "2019-03-31": "3.11720", "2018-12-31": "3.12680", "2018-09-30": "2.76760", "2018-06-30": "2.77500", "2018-03-31": "2.67990", "2017-12-31": "2.65740", "2017-09-30": "2.06680", "2017-06-30": "2.94400", "2017-03-31": "2.77650", "2016-12-31": "2.58310", "2016-09-30": "2.56130", "2016-06-30": "2.59010", "2016-03-31": "2.42530", "2015-12-31": "2.53080", "2015-09-30": "1.90720", "2015-06-30": "1.85040", "2015-03-31": "2.06780", "2014-12-31": "2.27980", "2014-09-30": "2.22620", "2014-06-30": "2.51380", "2014-03-31": "2.44920", "2013-12-31": "2.51390", "2013-09-30": "1.87830", "2013-06-30": "1.75340", "2013-03-31": "1.78490", "2012-12-31": "1.85110", "2012-09-30": "1.58100", "2012-06-30": "2.09870", "2012-03-31": "2.05350", "2011-12-31": "2.16990", "2011-09-30": "2.27890", "2011-06-30": "2.83380", "2011-03-31": "3.87360", "2010-12-31": "4.32640", "2010-09-30": "5.13020", "2010-06-30": "5.27810", "2010-03-31": "5.83890", "2009-12-31": "6.89010", "2009-09-30": "7.81400", "2009-06-30": "7.21550", "2009-03-31": "7.42300", "2008-12-31": "7.81090", "2008-09-30": "4.36780", "2008-06-30": "1.77090", "2008-03-31": "1.62230", "2007-12-31": "1.97570", "2007-09-30": "1.88780", "2007-06-30": "1.91680", "2007-03-31": "1.98330", "2006-12-31": "1.74600", "2006-09-30": "1.61700", "2006-06-30": "1.66030", "2006-03-31": "1.83140", "2005-12-31": "1.86700", "2005-09-30": "1.76600", "2005-06-30": "1.34760", "2005-03-31": "1.67370"}, "Long-term Debt / Capital": {"2020-09-30": "1.69400", "2020-06-30": "1.93850", "2020-03-31": "0.51200", "2019-12-31": "0.42570", "2019-09-30": "0.44980", "2019-06-30": "0.44950", "2019-03-31": "0.39510", "2018-12-31": "0.38730", "2018-09-30": "0.37350", "2018-06-30": "0.37980", "2018-03-31": "0.39120", "2017-12-31": "0.40180", "2017-09-30": "0.36180", "2017-06-30": "0.41980", "2017-03-31": "0.43780", "2016-12-31": "0.44040", "2016-09-30": "0.45450", "2016-06-30": "0.46570", "2016-03-31": "0.43850", "2015-12-31": "0.43800", "2015-09-30": "0.35150", "2015-06-30": "0.35520", "2015-03-31": "0.38130", "2014-12-31": "0.35140", "2014-09-30": "0.35330", "2014-06-30": "0.39200", "2014-03-31": "0.38690", "2013-12-31": "0.38440", "2013-09-30": "0.24490", "2013-06-30": "0.25630", "2013-03-31": "0.25590", "2012-12-31": "0.25350", "2012-09-30": "0.03840", "2012-06-30": "0.03860", "2012-03-31": "0.04030", "2011-12-31": "0.04660", "2011-09-30": "0.03840", "2011-06-30": "0.03730", "2011-03-31": "0.03720", "2010-12-31": "0.04470", "2010-09-30": "0.03490", "2010-06-30": "0.03370", "2010-03-31": "0.03240", "2009-12-31": "0.02970", "2009-09-30": "0.02170", "2009-06-30": "0.02130", "2009-03-31": "0.02080", "2008-12-31": "0.02120", "2008-09-30": "0.02260", "2008-06-30": "0.09250", "2008-03-31": "0.09080", "2007-12-31": "0.08860", "2007-09-30": "0.08360", "2007-06-30": "0.08170", "2007-03-31": "0.08480", "2006-12-31": "0.08920", "2006-09-30": "0.09070", "2006-06-30": "0.08770", "2006-03-31": "0.08690", "2005-12-31": "0.09410", "2005-09-30": "0.09230", "2005-06-30": "0.05280", "2005-03-31": "0.05110"}, "Debt/Equity Ratio": {"2020-09-30": "-2.44090", "2020-06-30": "-2.06560", "2020-03-31": "1.05320", "2019-12-31": "0.74120", "2019-09-30": "0.82130", "2019-06-30": "0.82010", "2019-03-31": "0.65690", "2018-12-31": "0.63610", "2018-09-30": "0.60020", "2018-06-30": "0.61660", "2018-03-31": "0.64710", "2017-12-31": "0.67640", "2017-09-30": "0.56700", "2017-06-30": "0.72360", "2017-03-31": "0.78120", "2016-12-31": "0.79700", "2016-09-30": "0.83310", "2016-06-30": "0.89800", "2016-03-31": "0.81160", "2015-12-31": "0.79740", "2015-09-30": "0.54190", "2015-06-30": "0.59490", "2015-03-31": "0.61620", "2014-12-31": "0.54190", "2014-09-30": "0.54630", "2014-06-30": "0.64480", "2014-03-31": "0.63110", "2013-12-31": "0.62450", "2013-09-30": "0.32440", "2013-06-30": "0.34470", "2013-03-31": "0.34390", "2012-12-31": "0.34890", "2012-09-30": "0.04790", "2012-06-30": "0.04810", "2012-03-31": "0.05030", "2011-12-31": "0.04890", "2011-09-30": "0.03990", "2011-06-30": "0.03880", "2011-03-31": "0.03870", "2010-12-31": "0.04680", "2010-09-30": "0.03610", "2010-06-30": "0.03490", "2010-03-31": "0.03350", "2009-12-31": "0.03060", "2009-09-30": "0.02210", "2009-06-30": "0.02180", "2009-03-31": "0.02130", "2008-12-31": "0.02160", "2008-09-30": "0.02310", "2008-06-30": "0.11150", "2008-03-31": "0.11080", "2007-12-31": "0.09860", "2007-09-30": "0.11080", "2007-06-30": "0.11590", "2007-03-31": "0.14060", "2006-12-31": "0.13890", "2006-09-30": "0.13920", "2006-06-30": "0.13780", "2006-03-31": "0.13590", "2005-12-31": "0.14460", "2005-09-30": "0.18790", "2005-06-30": "0.11120", "2005-03-31": "0.10340"}, "Gross Margin": {"2020-09-30": "73.45560", "2020-06-30": "73.20140", "2020-03-31": "73.69550", "2019-12-31": "76.93270", "2019-09-30": "74.47340", "2019-06-30": "74.56390", "2019-03-31": "76.48210", "2018-12-31": "77.02010", "2018-09-30": "78.52260", "2018-06-30": "79.39580", "2018-03-31": "79.70380", "2017-12-31": "78.98900", "2017-09-30": "79.92720", "2017-06-30": "81.88230", "2017-03-31": "80.81600", "2016-12-31": "73.80700", "2016-09-30": "76.55670", "2016-06-30": "77.14140", "2016-03-31": "76.35020", "2015-12-31": "74.77590", "2015-09-30": "76.22390", "2015-06-30": "76.92190", "2015-03-31": "75.82730", "2014-12-31": "74.05430", "2014-09-30": "71.27510", "2014-06-30": "72.13730", "2014-03-31": "71.73460", "2013-12-31": "72.41650", "2013-09-30": "67.12050", "2013-06-30": "65.87210", "2013-03-31": "65.53060", "2012-12-31": "64.90850", "2012-09-30": "63.29100", "2012-06-30": "65.13370", "2012-03-31": "65.09980", "2011-12-31": "64.64370", "2011-09-30": "63.50400", "2011-06-30": "62.61420", "2011-03-31": "62.47000", "2010-12-31": "61.43430", "2010-09-30": "64.17790", "2010-06-30": "64.32720", "2010-03-31": "65.32080", "2009-12-31": "69.18420", "2009-09-30": "68.49790", "2009-06-30": "68.61560", "2009-03-31": "65.98840", "2008-12-31": "70.82240", "2008-09-30": "67.56820", "2008-06-30": "69.74400", "2008-03-31": "62.81320", "2007-12-31": "56.37930", "2007-09-30": "58.06190", "2007-06-30": "47.77040", "2007-03-31": "48.23840", "2006-12-31": "48.88550", "2006-09-30": "49.90800", "2006-06-30": "49.80530", "2006-03-31": "48.92990", "2005-12-31": "47.32650", "2005-09-30": "45.57720", "2005-06-30": "43.83850", "2005-03-31": "44.30210"}, "Operating Margin": {"2020-09-30": "31.28740", "2020-06-30": "35.21360", "2020-03-31": "-14.46820", "2019-12-31": "5.93150", "2019-09-30": "32.36160", "2019-06-30": "34.40130", "2019-03-31": "7.22280", "2018-12-31": "12.12930", "2018-09-30": "15.64670", "2018-06-30": "15.90350", "2018-03-31": "9.03950", "2017-12-31": "9.92650", "2017-09-30": "-2.24390", "2017-06-30": "9.85620", "2017-03-31": "4.87100", "2016-12-31": "13.90850", "2016-09-30": "11.20060", "2016-06-30": "-33.86540", "2016-03-31": "2.61450", "2015-12-31": "-0.63980", "2015-09-30": "10.39040", "2015-06-30": "8.13990", "2015-03-31": "4.54610", "2014-12-31": "13.28580", "2014-09-30": "12.90580", "2014-06-30": "12.65210", "2014-03-31": "9.68760", "2013-12-31": "15.59130", "2013-09-30": "16.11950", "2013-06-30": "13.34680", "2013-03-31": "11.39120", "2012-12-31": "11.14590", "2012-09-30": "10.92180", "2012-06-30": "14.32180", "2012-03-31": "9.79780", "2011-12-31": "9.28980", "2011-09-30": "9.04260", "2011-06-30": "11.99640", "2011-03-31": "8.11280", "2010-12-31": "-4.75100", "2010-09-30": "9.12520", "2010-06-30": "6.24820", "2010-03-31": "2.36000", "2009-12-31": "-300.50360", "2009-09-30": "2.11570", "2009-06-30": "1.14900", "2009-03-31": "-9.97680", "2008-12-31": "-1.28940", "2008-09-30": "-6.13030", "2008-06-30": "-1.81670", "2008-03-31": "-2.99680", "2007-12-31": "-9.01840", "2007-09-30": "0.50480", "2007-06-30": "4.46630", "2007-03-31": "5.73410", "2006-12-31": "-0.63200", "2006-09-30": "7.64780", "2006-06-30": "5.69340", "2006-03-31": "4.90990", "2005-12-31": "11.16290", "2005-09-30": "1.33260", "2005-06-30": "4.78340", "2005-03-31": "4.95700"}, "EBIT Margin": {"2020-09-30": "31.28740", "2020-06-30": "35.21360", "2020-03-31": "-14.46820", "2019-12-31": "5.93150", "2019-09-30": "32.36160", "2019-06-30": "34.40130", "2019-03-31": "7.22280", "2018-12-31": "12.12930", "2018-09-30": "15.64670", "2018-06-30": "15.90350", "2018-03-31": "9.03950", "2017-12-31": "9.92650", "2017-09-30": "-2.24390", "2017-06-30": "9.85620", "2017-03-31": "4.87100", "2016-12-31": "13.90850", "2016-09-30": "11.20060", "2016-06-30": "-33.86540", "2016-03-31": "2.61450", "2015-12-31": "-0.63980", "2015-09-30": "10.39040", "2015-06-30": "8.13990", "2015-03-31": "4.54610", "2014-12-31": "13.28580", "2014-09-30": "12.90580", "2014-06-30": "12.65210", "2014-03-31": "9.68760", "2013-12-31": "15.59130", "2013-09-30": "16.11950", "2013-06-30": "13.34680", "2013-03-31": "11.39120", "2012-12-31": "11.14590", "2012-09-30": "10.92180", "2012-06-30": "14.32180", "2012-03-31": "9.79780", "2011-12-31": "9.28980", "2011-09-30": "9.04260", "2011-06-30": "11.99640", "2011-03-31": "8.11280", "2010-12-31": "-4.75100", "2010-09-30": "9.12520", "2010-06-30": "6.24820", "2010-03-31": "2.36000", "2009-12-31": "-300.50360", "2009-09-30": "2.11570", "2009-06-30": "1.14900", "2009-03-31": "-9.97680", "2008-12-31": "-1.28930", "2008-09-30": "-6.13030", "2008-06-30": "-1.81670", "2008-03-31": "-2.99680", "2007-12-31": "-9.01840", "2007-09-30": "0.50480", "2007-06-30": "4.46630", "2007-03-31": "5.73410", "2006-12-31": "-0.63200", "2006-09-30": "7.64780", "2006-06-30": "5.69340", "2006-03-31": "4.90990", "2005-12-31": "11.16290", "2005-09-30": "1.33260", "2005-06-30": "4.78340", "2005-03-31": "4.95700"}, "EBITDA Margin": {"2020-09-30": "", "2020-06-30": "", "2020-03-31": "", "2019-12-31": "", "2019-09-30": "", "2019-06-30": "", "2019-03-31": "", "2018-12-31": "", "2018-09-30": "", "2018-06-30": "", "2018-03-31": "", "2017-12-31": "", "2017-09-30": "", "2017-06-30": "", "2017-03-31": "", "2016-12-31": "", "2016-09-30": "", "2016-06-30": "", "2016-03-31": "", "2015-12-31": "", "2015-09-30": "", "2015-06-30": "", "2015-03-31": "", "2014-12-31": "", "2014-09-30": "", "2014-06-30": "", "2014-03-31": "", "2013-12-31": "", "2013-09-30": "", "2013-06-30": "", "2013-03-31": "", "2012-12-31": "", "2012-09-30": "", "2012-06-30": "", "2012-03-31": "", "2011-12-31": "", "2011-09-30": "", "2011-06-30": "", "2011-03-31": "", "2010-12-31": "", "2010-09-30": "", "2010-06-30": "", "2010-03-31": "", "2009-12-31": "", "2009-09-30": "", "2009-06-30": "", "2009-03-31": "", "2008-12-31": "", "2008-09-30": "", "2008-06-30": "", "2008-03-31": "", "2007-12-31": "", "2007-09-30": "", "2007-06-30": "", "2007-03-31": "", "2006-12-31": "", "2006-09-30": "", "2006-06-30": "", "2006-03-31": "", "2005-12-31": "", "2005-09-30": "", "2005-06-30": "", "2005-03-31": ""}, "Pre-Tax Profit Margin": {"2020-09-30": "24.23610", "2020-06-30": "30.13000", "2020-03-31": "-22.17990", "2019-12-31": "6.34810", "2019-09-30": "25.67550", "2019-06-30": "28.17460", "2019-03-31": "4.46550", "2018-12-31": "21.48120", "2018-09-30": "13.88160", "2018-06-30": "29.47930", "2018-03-31": "5.91170", "2017-12-31": "5.79730", "2017-09-30": "-6.49910", "2017-06-30": "7.96690", "2017-03-31": "0.59860", "2016-12-31": "15.60440", "2016-09-30": "9.18280", "2016-06-30": "-38.53860", "2016-03-31": "1.15410", "2015-12-31": "-4.31300", "2015-09-30": "12.58540", "2015-06-30": "5.95450", "2015-03-31": "3.63010", "2014-12-31": "13.46970", "2014-09-30": "11.56240", "2014-06-30": "1.57260", "2014-03-31": "7.52320", "2013-12-31": "15.46580", "2013-09-30": "16.89150", "2013-06-30": "12.25350", "2013-03-31": "10.56990", "2012-12-31": "10.48850", "2012-09-30": "10.32810", "2012-06-30": "11.27440", "2012-03-31": "9.09660", "2011-12-31": "7.40360", "2011-09-30": "6.95900", "2011-06-30": "11.36130", "2011-03-31": "7.86790", "2010-12-31": "-6.10330", "2010-09-30": "9.19110", "2010-06-30": "5.25920", "2010-03-31": "-2.23490", "2009-12-31": "-306.82310", "2009-09-30": "17.25640", "2009-06-30": "19.03750", "2009-03-31": "-9.80720", "2008-12-31": "96.26270", "2008-09-30": "-23.45160", "2008-06-30": "-30.18660", "2008-03-31": "0.15730", "2007-12-31": "0.32090", "2007-09-30": "4.35290", "2007-06-30": "5.57480", "2007-03-31": "6.59330", "2006-12-31": "-0.47190", "2006-09-30": "8.58140", "2006-06-30": "6.95400", "2006-03-31": "5.50830", "2005-12-31": "11.43630", "2005-09-30": "2.93780", "2005-06-30": "48.98570", "2005-03-31": "6.09550"}, "Net Profit Margin": {"2020-09-30": "20.72320", "2020-06-30": "11.96170", "2020-03-31": "-17.17500", "2019-12-31": "3.84510", "2019-09-30": "23.73880", "2019-06-30": "22.78580", "2019-03-31": "8.02060", "2018-12-31": "17.36720", "2018-09-30": "13.19710", "2018-06-30": "20.61640", "2018-03-31": "7.14340", "2017-12-31": "3.45090", "2017-09-30": "21.68470", "2017-06-30": "8.63550", "2017-03-31": "3.44480", "2016-12-31": "12.58080", "2016-09-30": "5.64870", "2016-06-30": "-26.12890", "2016-03-31": "1.01100", "2015-12-31": "-3.75260", "2015-09-30": "7.82420", "2015-06-30": "7.69060", "2015-03-31": "3.41810", "2014-12-31": "8.44680", "2014-09-30": "41.77950", "2014-06-30": "-2.37940", "2014-03-31": "4.84770", "2013-12-31": "10.61720", "2013-09-30": "12.80800", "2013-06-30": "7.29160", "2013-03-31": "7.22630", "2012-12-31": "5.32360", "2012-09-30": "5.69890", "2012-06-30": "6.36660", "2012-03-31": "5.38210", "2011-12-31": "8.16930", "2011-09-30": "12.57010", "2011-06-30": "8.73990", "2011-03-31": "3.92640", "2010-12-31": "19.26430", "2010-09-30": "4.23980", "2010-06-30": "3.44740", "2010-03-31": "-4.94610", "2009-12-31": "-299.62800", "2009-09-30": "6.44190", "2009-06-30": "12.00220", "2009-03-31": "-8.54970", "2008-12-31": "71.97240", "2008-09-30": "-4.01780", "2008-06-30": "-119.04000", "2008-03-31": "14.24930", "2007-12-31": "-97.62800", "2007-09-30": "21.01350", "2007-06-30": "6.34050", "2007-03-31": "4.07680", "2006-12-31": "0.89200", "2006-09-30": "5.30900", "2006-06-30": "3.75850", "2006-03-31": "3.25580", "2005-12-31": "6.30840", "2005-09-30": "4.71310", "2005-06-30": "45.05850", "2005-03-31": "6.06870"}, "Asset Turnover": {"2020-09-30": "0.23960", "2020-06-30": "0.23790", "2020-03-31": "0.14570", "2019-12-31": "0.31220", "2019-09-30": "0.06520", "2019-06-30": "0.06000", "2019-03-31": "0.15440", "2018-12-31": "0.16060", "2018-09-30": "0.17330", "2018-06-30": "0.16990", "2018-03-31": "0.16500", "2017-12-31": "0.16200", "2017-09-30": "0.14950", "2017-06-30": "0.16030", "2017-03-31": "0.16470", "2016-12-31": "0.17460", "2016-09-30": "0.16360", "2016-06-30": "0.16000", "2016-03-31": "0.16210", "2015-12-31": "0.16360", "2015-09-30": "0.20820", "2015-06-30": "0.18920", "2015-03-31": "0.19520", "2014-12-31": "0.19520", "2014-09-30": "0.18460", "2014-06-30": "0.18150", "2014-03-31": "0.17520", "2013-12-31": "0.17110", "2013-09-30": "0.19890", "2013-06-30": "0.20970", "2013-03-31": "0.19630", "2012-12-31": "0.20110", "2012-09-30": "0.19940", "2012-06-30": "0.19190", "2012-03-31": "0.19110", "2011-12-31": "0.17510", "2011-09-30": "0.14570", "2011-06-30": "0.13830", "2011-03-31": "0.13010", "2010-12-31": "0.13560", "2010-09-30": "0.11430", "2010-06-30": "0.10610", "2010-03-31": "0.10030", "2009-12-31": "0.08420", "2009-09-30": "0.06490", "2009-06-30": "0.06460", "2009-03-31": "0.06180", "2008-12-31": "0.06020", "2008-09-30": "0.07260", "2008-06-30": "0.02940", "2008-03-31": "0.02950", "2007-12-31": "0.03010", "2007-09-30": "0.02610", "2007-06-30": "0.11550", "2007-03-31": "0.11360", "2006-12-31": "0.13030", "2006-09-30": "0.10720", "2006-06-30": "0.10660", "2006-03-31": "0.10540", "2005-12-31": "0.12880", "2005-09-30": "0.09820", "2005-06-30": "0.06300", "2005-03-31": "0.04890"}, "Inventory Turnover Ratio": {"2020-09-30": "", "2020-06-30": "", "2020-03-31": "", "2019-12-31": "", "2019-09-30": "", "2019-06-30": "", "2019-03-31": "", "2018-12-31": "", "2018-09-30": "", "2018-06-30": "", "2018-03-31": "", "2017-12-31": "", "2017-09-30": "", "2017-06-30": "", "2017-03-31": "", "2016-12-31": "", "2016-09-30": "", "2016-06-30": "", "2016-03-31": "", "2015-12-31": "", "2015-09-30": "", "2015-06-30": "", "2015-03-31": "", "2014-12-31": "", "2014-09-30": "", "2014-06-30": "", "2014-03-31": "", "2013-12-31": "", "2013-09-30": "", "2013-06-30": "", "2013-03-31": "", "2012-12-31": "", "2012-09-30": "", "2012-06-30": "", "2012-03-31": "", "2011-12-31": "", "2011-09-30": "", "2011-06-30": "", "2011-03-31": "", "2010-12-31": "", "2010-09-30": "", "2010-06-30": "", "2010-03-31": "", "2009-12-31": "", "2009-09-30": "", "2009-06-30": "", "2009-03-31": "", "2008-12-31": "", "2008-09-30": "", "2008-06-30": "0.30770", "2008-03-31": "0.39220", "2007-12-31": "", "2007-09-30": "0.34980", "2007-06-30": "2.24160", "2007-03-31": "1.96880", "2006-12-31": "2.69730", "2006-09-30": "1.66020", "2006-06-30": "1.97020", "2006-03-31": "2.15770", "2005-12-31": "2.81070", "2005-09-30": "1.83410", "2005-06-30": "1.98500", "2005-03-31": "2.54990"}, "Receiveable Turnover": {"2020-09-30": "3.20390", "2020-06-30": "2.97910", "2020-03-31": "3.26930", "2019-12-31": "22.42630", "2019-09-30": "1.52140", "2019-06-30": "1.36250", "2019-03-31": "3.19900", "2018-12-31": "3.95470", "2018-09-30": "3.18180", "2018-06-30": "3.08260", "2018-03-31": "3.05930", "2017-12-31": "3.12660", "2017-09-30": "3.05460", "2017-06-30": "3.48900", "2017-03-31": "3.48200", "2016-12-31": "3.68480", "2016-09-30": "3.83340", "2016-06-30": "3.93390", "2016-03-31": "3.49260", "2015-12-31": "3.39390", "2015-09-30": "3.39530", "2015-06-30": "3.45630", "2015-03-31": "3.32310", "2014-12-31": "3.51890", "2014-09-30": "3.32810", "2014-06-30": "3.38490", "2014-03-31": "3.07130", "2013-12-31": "3.49290", "2013-09-30": "3.60500", "2013-06-30": "3.38810", "2013-03-31": "3.15610", "2012-12-31": "3.32960", "2012-09-30": "3.23680", "2012-06-30": "3.31750", "2012-03-31": "3.52360", "2011-12-31": "3.37200", "2011-09-30": "3.34770", "2011-06-30": "3.82550", "2011-03-31": "3.49350", "2010-12-31": "3.77510", "2010-09-30": "3.64650", "2010-06-30": "3.75570", "2010-03-31": "3.45610", "2009-12-31": "3.61670", "2009-09-30": "3.67530", "2009-06-30": "3.77040", "2009-03-31": "3.61820", "2008-12-31": "3.21110", "2008-09-30": "3.12550", "2008-06-30": "0.82810", "2008-03-31": "0.72920", "2007-12-31": "3.24750", "2007-09-30": "0.65010", "2007-06-30": "3.24700", "2007-03-31": "2.55020", "2006-12-31": "4.17860", "2006-09-30": "2.58430", "2006-06-30": "2.94580", "2006-03-31": "2.84910", "2005-12-31": "4.20040", "2005-09-30": "2.90150", "2005-06-30": "2.24410", "2005-03-31": "1.92930"}, "Days Sales In Receivables": {"2020-09-30": "28.09040", "2020-06-30": "30.21020", "2020-03-31": "27.52920", "2019-12-31": "4.01310", "2019-09-30": "59.15710", "2019-06-30": "66.05690", "2019-03-31": "28.13400", "2018-12-31": "22.75780", "2018-09-30": "28.28580", "2018-06-30": "29.19570", "2018-03-31": "29.41860", "2017-12-31": "28.78480", "2017-09-30": "29.46380", "2017-06-30": "25.79550", "2017-03-31": "25.84710", "2016-12-31": "24.42470", "2016-09-30": "23.47790", "2016-06-30": "22.87810", "2016-03-31": "25.76870", "2015-12-31": "26.51840", "2015-09-30": "26.50730", "2015-06-30": "26.03900", "2015-03-31": "27.08280", "2014-12-31": "25.57640", "2014-09-30": "27.04210", "2014-06-30": "26.58850", "2014-03-31": "29.30310", "2013-12-31": "25.76660", "2013-09-30": "24.96510", "2013-06-30": "26.56390", "2013-03-31": "28.51640", "2012-12-31": "27.03000", "2012-09-30": "27.80540", "2012-06-30": "27.12860", "2012-03-31": "25.54220", "2011-12-31": "26.69050", "2011-09-30": "26.88440", "2011-06-30": "23.52650", "2011-03-31": "25.76230", "2010-12-31": "23.84060", "2010-09-30": "24.68140", "2010-06-30": "23.96330", "2010-03-31": "26.04060", "2009-12-31": "24.88490", "2009-09-30": "24.48780", "2009-06-30": "23.87040", "2009-03-31": "24.87450", "2008-12-31": "28.02780", "2008-09-30": "28.79500", "2008-06-30": "108.68520", "2008-03-31": "123.41950", "2007-12-31": "27.71410", "2007-09-30": "138.43200", "2007-06-30": "27.71790", "2007-03-31": "35.29100", "2006-12-31": "21.53840", "2006-09-30": "34.82590", "2006-06-30": "30.55210", "2006-03-31": "31.58890", "2005-12-31": "21.42630", "2005-09-30": "31.01840", "2005-06-30": "40.10510", "2005-03-31": "46.64790"}, "ROE - Return On Equity": {"2020-09-30": "-9.11480", "2020-06-30": "-7.78300", "2020-03-31": "-5.28660", "2019-12-31": "4.45880", "2019-09-30": "3.62060", "2019-06-30": "3.10190", "2019-03-31": "3.16370", "2018-12-31": "6.12300", "2018-09-30": "5.15460", "2018-06-30": "8.67650", "2018-03-31": "2.84970", "2017-12-31": "0.79230", "2017-09-30": "7.75740", "2017-06-30": "3.70550", "2017-03-31": "1.40990", "2016-12-31": "5.67560", "2016-09-30": "2.65660", "2016-06-30": "-10.03420", "2016-03-31": "0.37310", "2015-12-31": "-1.41710", "2015-09-30": "3.52410", "2015-06-30": "3.18860", "2015-03-31": "1.24740", "2014-12-31": "3.41100", "2014-09-30": "7.60110", "2014-06-30": "-1.07440", "2014-03-31": "2.00470", "2013-12-31": "4.55820", "2013-09-30": "5.12980", "2013-06-30": "3.47930", "2013-03-31": "3.12540", "2012-12-31": "2.60060", "2012-09-30": "2.30850", "2012-06-30": "2.41420", "2012-03-31": "1.63430", "2011-12-31": "2.13240", "2011-09-30": "2.83120", "2011-06-30": "1.84610", "2011-03-31": "0.81390", "2010-12-31": "-1.59300", "2010-09-30": "0.84630", "2010-06-30": "0.56150", "2010-03-31": "-0.50990", "2009-12-31": "-31.74720", "2009-09-30": "0.54990", "2009-06-30": "0.96740", "2009-03-31": "-0.66300", "2008-12-31": "5.22390", "2008-09-30": "-0.03050", "2008-06-30": "-1.03350", "2008-03-31": "-0.04060", "2007-12-31": "0.03240", "2007-09-30": "0.05450", "2007-06-30": "0.59830", "2007-03-31": "0.67270", "2006-12-31": "-0.02230", "2006-09-30": "0.77680", "2006-06-30": "0.64910", "2006-03-31": "0.50060", "2005-12-31": "1.35720", "2005-09-30": "0.37060", "2005-06-30": "2.86920", "2005-03-31": "0.18720"}, "Return On Tangible Equity": {"2020-09-30": "-4.50080", "2020-06-30": "-4.19190", "2020-03-31": "70.57800", "2019-12-31": "7.15250", "2019-09-30": "39.47340", "2019-06-30": "37.00170", "2019-03-31": "51.96170", "2018-12-31": "112.37940", "2018-09-30": "129.71800", "2018-06-30": "1259.36300", "2018-03-31": "-51.06210", "2017-12-31": "-8.46040", "2017-09-30": "-89.18930", "2017-06-30": "-90.21130", "2017-03-31": "-12.81490", "2016-12-31": "-42.44910", "2016-09-30": "-14.75810", "2016-06-30": "43.90330", "2016-03-31": "-1.59040", "2015-12-31": "6.67560", "2015-09-30": "-16.93960", "2015-06-30": "-13.29080", "2015-03-31": "-4.99450", "2014-12-31": "-26.79570", "2014-09-30": "-45.00590", "2014-06-30": "3.48620", "2014-03-31": "-7.19770", "2013-12-31": "-20.14760", "2013-09-30": "-26.73460", "2013-06-30": "-13.06870", "2013-03-31": "-11.29850", "2012-12-31": "-11.34530", "2012-09-30": "-96.86070", "2012-06-30": "17.21830", "2012-03-31": "17.59290", "2011-12-31": "18.70080", "2011-09-30": "10.22250", "2011-06-30": "3.97360", "2011-03-31": "1.74670", "2010-12-31": "-4.00440", "2010-09-30": "1.67170", "2010-06-30": "1.07200", "2010-03-31": "-0.91510", "2009-12-31": "-52.28610", "2009-09-30": "1.17830", "2009-06-30": "1.95540", "2009-03-31": "-1.34510", "2008-12-31": "10.85630", "2008-09-30": "-0.06920", "2008-06-30": "-19.64930", "2008-03-31": "-1.74450", "2007-12-31": "0.04380", "2007-09-30": "0.79120", "2007-06-30": "7.86340", "2007-03-31": "10.94300", "2006-12-31": "-0.45760", "2006-09-30": "-175.19430", "2006-06-30": "72.04450", "2006-03-31": "11.63700", "2005-12-31": "27.81710", "2005-09-30": "6.94630", "2005-06-30": "-1128.13100", "2005-03-31": "2.66660"}, "ROA - Return On Assets": {"2020-09-30": "4.92440", "2020-06-30": "5.69320", "2020-03-31": "-2.16540", "2019-12-31": "2.07800", "2019-09-30": "1.65920", "2019-06-30": "1.43660", "2019-03-31": "1.57800", "2018-12-31": "3.16350", "2018-09-30": "2.69250", "2018-06-30": "4.50430", "2018-03-31": "1.45650", "2017-12-31": "0.39790", "2017-09-30": "4.07220", "2017-06-30": "1.68320", "2017-03-31": "0.61620", "2016-12-31": "2.45630", "2016-09-30": "1.12050", "2016-06-30": "-4.08890", "2016-03-31": "0.15700", "2015-12-31": "-0.60520", "2015-09-30": "1.61460", "2015-06-30": "1.42050", "2015-03-31": "0.55240", "2014-12-31": "1.59710", "2014-09-30": "3.54520", "2014-06-30": "-0.43180", "2014-03-31": "0.81210", "2013-12-31": "1.86150", "2013-09-30": "2.41070", "2013-06-30": "1.53550", "2013-03-31": "1.39430", "2012-12-31": "1.16680", "2012-09-30": "1.28920", "2012-06-30": "1.35640", "2012-03-31": "0.92930", "2011-12-31": "1.22580", "2011-09-30": "1.91560", "2011-06-30": "1.30030", "2011-03-31": "0.57030", "2010-12-31": "-0.98100", "2010-09-30": "0.62120", "2010-06-30": "0.41510", "2010-03-31": "-0.38710", "2009-12-31": "-24.72670", "2009-09-30": "0.45930", "2009-06-30": "0.80920", "2009-03-31": "-0.55610", "2008-12-31": "4.40440", "2008-09-30": "-0.02490", "2008-06-30": "-0.70360", "2008-03-31": "-0.02750", "2007-12-31": "0.02210", "2007-09-30": "0.03820", "2007-06-30": "0.42260", "2007-03-31": "0.46240", "2006-12-31": "-0.01480", "2006-09-30": "0.51520", "2006-06-30": "0.43130", "2006-03-31": "0.33770", "2005-12-31": "0.90010", "2005-09-30": "0.23860", "2005-06-30": "1.87630", "2005-03-31": "0.11760"}, "ROI - Return On Investment": {"2020-09-30": "6.32600", "2020-06-30": "7.30410", "2020-03-31": "-2.57980", "2019-12-31": "2.56070", "2019-09-30": "1.99190", "2019-06-30": "1.70760", "2019-03-31": "1.91380", "2018-12-31": "3.75130", "2018-09-30": "3.22960", "2018-06-30": "5.38120", "2018-03-31": "1.73490", "2017-12-31": "0.47400", "2017-09-30": "4.95040", "2017-06-30": "2.14990", "2017-03-31": "0.79270", "2016-12-31": "3.17600", "2016-09-30": "1.44930", "2016-06-30": "-5.36110", "2016-03-31": "0.20950", "2015-12-31": "-0.79640", "2015-09-30": "2.28550", "2015-06-30": "2.05600", "2015-03-31": "0.77180", "2014-12-31": "2.21230", "2014-09-30": "4.91560", "2014-06-30": "-0.65320", "2014-03-31": "1.22900", "2013-12-31": "2.80590", "2013-09-30": "3.87340", "2013-06-30": "2.58740", "2013-03-31": "2.32560", "2012-12-31": "1.94120", "2012-09-30": "2.21980", "2012-06-30": "2.32100", "2012-03-31": "1.56850", "2011-12-31": "2.03300", "2011-09-30": "2.72250", "2011-06-30": "1.77720", "2011-03-31": "0.78360", "2010-12-31": "-1.52180", "2010-09-30": "0.81670", "2010-06-30": "0.54250", "2010-03-31": "-0.49340", "2009-12-31": "-30.80330", "2009-09-30": "0.53800", "2009-06-30": "0.94680", "2009-03-31": "-0.64920", "2008-12-31": "5.11320", "2008-09-30": "-0.02980", "2008-06-30": "-0.93780", "2008-03-31": "-0.03690", "2007-12-31": "0.02960", "2007-09-30": "0.04990", "2007-06-30": "0.54940", "2007-03-31": "0.61570", "2006-12-31": "-0.02030", "2006-09-30": "0.70630", "2006-06-30": "0.59220", "2006-03-31": "0.45710", "2005-12-31": "1.22940", "2005-09-30": "0.33640", "2005-06-30": "2.71770", "2005-03-31": "0.17760"}, "Book Value Per Share": {"2020-09-30": "-5.46920", "2020-06-30": "-7.06840", "2020-03-31": "40.66840", "2019-12-31": "46.03640", "2019-09-30": "45.00720", "2019-06-30": "45.62780", "2019-03-31": "42.47650", "2018-12-31": "42.40860", "2018-09-30": "39.86820", "2018-06-30": "38.69450", "2018-03-31": "36.96360", "2017-12-31": "35.66810", "2017-09-30": "35.52870", "2017-06-30": "27.35620", "2017-03-31": "25.68260", "2016-12-31": "25.65150", "2016-09-30": "24.86650", "2016-06-30": "23.87360", "2016-03-31": "26.44880", "2015-12-31": "26.68540", "2015-09-30": "22.23740", "2015-06-30": "21.96180", "2015-03-31": "21.39570", "2014-12-31": "23.68700", "2014-09-30": "23.58950", "2014-06-30": "20.08960", "2014-03-31": "20.62780", "2013-12-31": "21.04070", "2013-09-30": "21.47250", "2013-06-30": "20.29350", "2013-03-31": "20.15430", "2012-12-31": "20.26600", "2012-09-30": "22.62270", "2012-06-30": "22.43740", "2012-03-31": "23.18300", "2011-12-31": "23.64010", "2011-09-30": "29.29060", "2011-06-30": "26.54900", "2011-03-31": "27.57430", "2010-12-31": "23.19920", "2010-09-30": "26.42260", "2010-06-30": "26.02070", "2010-03-31": "25.83650", "2009-12-31": "25.86430", "2009-09-30": "32.00430", "2009-06-30": "32.03490", "2009-03-31": "30.02180", "2008-12-31": "31.48850", "2008-09-30": "29.58640", "2008-06-30": "58.58370", "2008-03-31": "61.09010", "2007-12-31": "60.47810", "2007-09-30": "64.41180", "2007-06-30": "63.37350", "2007-03-31": "62.77400", "2006-12-31": "59.68910", "2006-09-30": "59.73730", "2006-06-30": "58.79240", "2006-03-31": "58.12760", "2005-12-31": "58.08800", "2005-09-30": "57.88560", "2005-06-30": "96.11530", "2005-03-31": "83.93620"}, "Operating Cash Flow Per Share": {"2020-09-30": 0.3745, "2020-06-30": 0.4604, "2020-03-31": "0.95450", "2019-12-31": 7.9923, "2019-09-30": 1.3691, "2019-06-30": -0.0843, "2019-03-31": "1.13950", "2018-12-31": 3.5172, "2018-09-30": 3.1264, "2018-06-30": 2.4701, "2018-03-31": "1.70660", "2017-12-31": 1.4692, "2017-09-30": 1.5328, "2017-06-30": 1.06, "2017-03-31": "0.82250", "2016-12-31": 1.9205, "2016-09-30": 1.3339, "2016-06-30": 0.5822, "2016-03-31": "0.46400", "2015-12-31": 2.5251, "2015-09-30": 1.086, "2015-06-30": 1.0278, "2015-03-31": "-0.04290", "2014-12-31": 1.4698, "2014-09-30": 1.53, "2014-06-30": 1.2996, "2014-03-31": "0.48900", "2013-12-31": 0.9696, "2013-09-30": 1.1311, "2013-06-30": 1.58, "2013-03-31": "1.05700", "2012-12-31": 0.391, "2012-09-30": 1.1821, "2012-06-30": 1.5916, "2012-03-31": "0.64380", "2011-12-31": 1.0725, "2011-09-30": 1.2604, "2011-06-30": 1.0399, "2011-03-31": "0.57530", "2010-12-31": 1.2471, "2010-09-30": 0.7904, "2010-06-30": 0.6828, "2010-03-31": "0.48560", "2009-12-31": 1.43, "2009-09-30": 0.3788, "2009-06-30": 0.3765, "2009-03-31": "0.32950", "2008-12-31": -0.2666, "2008-09-30": 0.6324, "2008-06-30": 0.1976, "2008-03-31": "0.26260", "2007-12-31": -0.1817, "2007-09-30": -3.0809, "2007-06-30": 2.8608, "2007-03-31": "0.22100", "2006-12-31": -3.2903, "2006-09-30": 0.9389, "2006-06-30": 1.9458, "2006-03-31": "0.71790", "2005-12-31": 2.1026, "2005-09-30": -3.4212, "2005-06-30": 0.6062, "2005-03-31": "0.19610"}, "Free Cash Flow Per Share": {"2020-09-30": 0.3559, "2020-06-30": 0.6573, "2020-03-31": "0.66460", "2019-12-31": 6.6313, "2019-09-30": 1.3196, "2019-06-30": 0.0947, "2019-03-31": "0.85330", "2018-12-31": 3.233, "2018-09-30": 2.9094, "2018-06-30": 2.1996, "2018-03-31": "1.54050", "2017-12-31": 1.2322, "2017-09-30": 1.3838, "2017-06-30": 0.696, "2017-03-31": "0.68730", "2016-12-31": 1.7142, "2016-09-30": 1.007, "2016-06-30": 0.3301, "2016-03-31": "0.27430", "2015-12-31": 2.3233, "2015-09-30": 0.8927, "2015-06-30": 0.865, "2015-03-31": "-0.18800", "2014-12-31": 1.2631, "2014-09-30": 1.4097, "2014-06-30": 1.0918, "2014-03-31": "0.37750", "2013-12-31": 0.7887, "2013-09-30": 0.9387, "2013-06-30": 1.4124, "2013-03-31": "0.67210", "2012-12-31": 0.1827, "2012-09-30": 1.0617, "2012-06-30": 1.4753, "2012-03-31": "0.53880", "2011-12-31": 0.9406, "2011-09-30": 1.1676, "2011-06-30": 0.9295, "2011-03-31": "0.48680", "2010-12-31": 1.1673, "2010-09-30": 0.7043, "2010-06-30": 0.5727, "2010-03-31": "0.38690", "2009-12-31": 1.399, "2009-09-30": 0.292, "2009-06-30": 0.3074, "2009-03-31": "0.27150", "2008-12-31": -0.2956, "2008-09-30": 0.493, "2008-06-30": 0.07, "2008-03-31": "0.14890", "2007-12-31": -0.3978, "2007-09-30": -2.897, "2007-06-30": 2.4805, "2007-03-31": "-0.13780", "2006-12-31": -3.1916, "2006-09-30": 0.5825, "2006-06-30": 1.568, "2006-03-31": "0.36710", "2005-12-31": 1.8505, "2005-09-30": -3.7602, "2005-06-30": 0.141, "2005-03-31": "-0.00750"}}, "revenue": {"Match Group Annual Revenue (Millions of US $)": {"2019": "$4,757", "2018": "$4,263", "2017": "$3,307", "2016": "$3,140", "2015": "$3,231", "2014": "$3,110", "2013": "$3,023", "2012": "$2,801", "2011": "$2,059", "2010": "$1,637", "2009": "$1,347", "2008": "$1,410", "2007": "$1,333", "2006": "$1,001", "2005": "$5,025"}, "Match Group Quarterly Revenue (Millions of US $)": {"2020-09-30": "$640", "2020-06-30": "$555", "2020-03-31": "$1,229", "2019-12-31": "$2,612", "2019-09-30": "$541", "2019-06-30": "$498", "2019-03-31": "$1,106", "2018-12-31": "$1,104", "2018-09-30": "$1,105", "2018-06-30": "$1,059", "2018-03-31": "$995", "2017-12-31": "$951", "2017-09-30": "$828", "2017-06-30": "$767", "2017-03-31": "$761", "2016-12-31": "$811", "2016-09-30": "$764", "2016-06-30": "$745", "2016-03-31": "$819", "2015-12-31": "$849", "2015-09-30": "$839", "2015-06-30": "$771", "2015-03-31": "$773", "2014-12-31": "$831", "2014-09-30": "$782", "2014-06-30": "$756", "2014-03-31": "$740", "2013-12-31": "$724", "2013-09-30": "$757", "2013-06-30": "$799", "2013-03-31": "$742", "2012-12-31": "$765", "2012-09-30": "$714", "2012-06-30": "$681", "2012-03-31": "$641", "2011-12-31": "$597", "2011-09-30": "$517", "2011-06-30": "$485", "2011-03-31": "$460", "2010-12-31": "$451", "2010-09-30": "$413", "2010-06-30": "$394", "2010-03-31": "$378", "2009-12-31": "$338", "2009-09-30": "$337", "2009-06-30": "$340", "2009-03-31": "$332", "2008-12-31": "$316", "2008-09-30": "$369", "2008-06-30": "$354", "2008-03-31": "$371", "2007-12-31": "$379", "2007-09-30": "$335", "2007-06-30": "$1,492", "2007-03-31": "$1,490", "2006-12-31": "$1,720", "2006-09-30": "$1,412", "2006-06-30": "$1,432", "2006-03-31": "$1,449", "2005-12-31": "$1,792", "2005-09-30": "$1,444", "2005-06-30": "$1,372", "2005-03-31": "$1,136"}}, "gross-profit": {"Match Group Annual Gross Profit (Millions of US $)": {"2019": "$3,630", "2018": "$3,352", "2017": "$2,656", "2016": "$2,384", "2015": "$2,453", "2014": "$2,249", "2013": "$2,046", "2012": "$1,809", "2011": "$1,306", "2010": "$1,043", "2009": "$917", "2008": "$953", "2007": "$811", "2006": "$632", "2005": "$2,417"}, "Match Group Quarterly Gross Profit (Millions of US $)": {"2020-09-30": "$470", "2020-06-30": "$407", "2020-03-31": "$906", "2019-12-31": "$2,009", "2019-09-30": "$403", "2019-06-30": "$371", "2019-03-31": "$846", "2018-12-31": "$850", "2018-09-30": "$867", "2018-06-30": "$841", "2018-03-31": "$793", "2017-12-31": "$751", "2017-09-30": "$662", "2017-06-30": "$628", "2017-03-31": "$615", "2016-12-31": "$599", "2016-09-30": "$585", "2016-06-30": "$575", "2016-03-31": "$625", "2015-12-31": "$635", "2015-09-30": "$639", "2015-06-30": "$593", "2015-03-31": "$586", "2014-12-31": "$615", "2014-09-30": "$558", "2014-06-30": "$546", "2014-03-31": "$531", "2013-12-31": "$525", "2013-09-30": "$508", "2013-06-30": "$527", "2013-03-31": "$486", "2012-12-31": "$497", "2012-09-30": "$452", "2012-06-30": "$443", "2012-03-31": "$417", "2011-12-31": "$386", "2011-09-30": "$328", "2011-06-30": "$304", "2011-03-31": "$287", "2010-12-31": "$277", "2010-09-30": "$265", "2010-06-30": "$254", "2010-03-31": "$247", "2009-12-31": "$234", "2009-09-30": "$231", "2009-06-30": "$233", "2009-03-31": "$219", "2008-12-31": "$224", "2008-09-30": "$250", "2008-06-30": "$247", "2008-03-31": "$233", "2007-12-31": "$214", "2007-09-30": "$195", "2007-06-30": "$713", "2007-03-31": "$719", "2006-12-31": "$841", "2006-09-30": "$705", "2006-06-30": "$713", "2006-03-31": "$709", "2005-12-31": "$848", "2005-09-30": "$658", "2005-06-30": "$601", "2005-03-31": "$503"}}, "operating-income": {"Match Group Annual Operating Income (Millions of US $)": {"2019": "$581", "2018": "$565", "2017": "$188", "2016": "$-33", "2015": "$180", "2014": "$379", "2013": "$426", "2012": "$324", "2011": "$198", "2010": "$50", "2009": "$-1,038", "2008": "$-44", "2007": "$-79", "2006": "$-111", "2005": "$326"}, "Match Group Quarterly Operating Income (Millions of US $)": {"2020-09-30": "$200", "2020-06-30": "$196", "2020-03-31": "$-178", "2019-12-31": "$155", "2019-09-30": "$175", "2019-06-30": "$171", "2019-03-31": "$80", "2018-12-31": "$134", "2018-09-30": "$173", "2018-06-30": "$168", "2018-03-31": "$90", "2017-12-31": "$94", "2017-09-30": "$-19", "2017-06-30": "$76", "2017-03-31": "$37", "2016-12-31": "$113", "2016-09-30": "$86", "2016-06-30": "$-252", "2016-03-31": "$21", "2015-12-31": "$-5", "2015-09-30": "$87", "2015-06-30": "$63", "2015-03-31": "$35", "2014-12-31": "$110", "2014-09-30": "$101", "2014-06-30": "$96", "2014-03-31": "$72", "2013-12-31": "$113", "2013-09-30": "$122", "2013-06-30": "$107", "2013-03-31": "$85", "2012-12-31": "$85", "2012-09-30": "$78", "2012-06-30": "$97", "2012-03-31": "$63", "2011-12-31": "$55", "2011-09-30": "$47", "2011-06-30": "$58", "2011-03-31": "$37", "2010-12-31": "$-21", "2010-09-30": "$38", "2010-06-30": "$25", "2010-03-31": "$9", "2009-12-31": "$-1,016", "2009-09-30": "$7", "2009-06-30": "$4", "2009-03-31": "$-33", "2008-12-31": "$-4", "2008-09-30": "$-23", "2008-06-30": "$-6", "2008-03-31": "$-11", "2007-12-31": "$-34", "2007-09-30": "$2", "2007-06-30": "$67", "2007-03-31": "$85", "2006-12-31": "$-11", "2006-09-30": "$108", "2006-06-30": "$82", "2006-03-31": "$71", "2005-12-31": "$200", "2005-09-30": "$19", "2005-06-30": "$66", "2005-03-31": "$56"}}, "ebitda": {"Match Group Annual EBITDA (Millions of US $)": {"2019": "$766", "2018": "$749", "2017": "$305", "2016": "$394", "2015": "$396", "2014": "$498", "2013": "$545", "2012": "$412", "2011": "$277", "2010": "$169", "2009": "$113", "2008": "$98", "2007": "$67", "2006": "$21", "2005": "$709"}, "Match Group Quarterly EBITDA (Millions of US $)": {"2020-09-30": "$212", "2020-06-30": "$-67", "2020-03-31": "$111", "2019-12-31": "$312", "2019-09-30": "$184", "2019-06-30": "$147", "2019-03-31": "$122", "2018-12-31": "$200", "2018-09-30": "$212", "2018-06-30": "$207", "2018-03-31": "$129", "2017-12-31": "$133", "2017-09-30": "$3", "2017-06-30": "$103", "2017-03-31": "$66", "2016-12-31": "$148", "2016-09-30": "$118", "2016-06-30": "$77", "2016-03-31": "$51", "2015-12-31": "$125", "2015-09-30": "$115", "2015-06-30": "$93", "2015-03-31": "$63", "2014-12-31": "$143", "2014-09-30": "$132", "2014-06-30": "$124", "2014-03-31": "$99", "2013-12-31": "$142", "2013-09-30": "$149", "2013-06-30": "$142", "2013-03-31": "$113", "2012-12-31": "$118", "2012-09-30": "$96", "2012-06-30": "$116", "2012-03-31": "$82", "2011-12-31": "$82", "2011-09-30": "$69", "2011-06-30": "$73", "2011-03-31": "$53", "2010-12-31": "$41", "2010-09-30": "$55", "2010-06-30": "$46", "2010-03-31": "$28", "2009-12-31": "$52", "2009-09-30": "$38", "2009-06-30": "$29", "2009-03-31": "$-6", "2008-12-31": "$50", "2008-09-30": "$9", "2008-06-30": "$22", "2008-03-31": "$17", "2007-12-31": "$8", "2007-09-30": "$-55", "2007-06-30": "$157", "2007-03-31": "$155", "2006-12-31": "$-175", "2006-09-30": "$172", "2006-06-30": "$194", "2006-03-31": "$191", "2005-12-31": "$290", "2005-09-30": "$125", "2005-06-30": "$158", "2005-03-31": "$151"}}, "net-income": {"Match Group Annual Net Income (Millions of US $)": {"2019": "$431", "2018": "$627", "2017": "$305", "2016": "$-41", "2015": "$119", "2014": "$415", "2013": "$286", "2012": "$159", "2011": "$174", "2010": "$99", "2009": "$-979", "2008": "$-156", "2007": "$-144", "2006": "$187", "2005": "$862"}, "Match Group Quarterly Net Income (Millions of US $)": {"2020-09-30": "$133", "2020-06-30": "$66", "2020-03-31": "$-211", "2019-12-31": "$100", "2019-09-30": "$129", "2019-06-30": "$113", "2019-03-31": "$89", "2018-12-31": "$192", "2018-09-30": "$146", "2018-06-30": "$218", "2018-03-31": "$71", "2017-12-31": "$33", "2017-09-30": "$180", "2017-06-30": "$66", "2017-03-31": "$26", "2016-12-31": "$102", "2016-09-30": "$43", "2016-06-30": "$-195", "2016-03-31": "$8", "2015-12-31": "$-32", "2015-09-30": "$66", "2015-06-30": "$59", "2015-03-31": "$26", "2014-12-31": "$70", "2014-09-30": "$327", "2014-06-30": "$-18", "2014-03-31": "$36", "2013-12-31": "$77", "2013-09-30": "$97", "2013-06-30": "$58", "2013-03-31": "$54", "2012-12-31": "$41", "2012-09-30": "$41", "2012-06-30": "$43", "2012-03-31": "$34", "2011-12-31": "$49", "2011-09-30": "$65", "2011-06-30": "$42", "2011-03-31": "$18", "2010-12-31": "$87", "2010-09-30": "$18", "2010-06-30": "$14", "2010-03-31": "$-19", "2009-12-31": "$-1,013", "2009-09-30": "$22", "2009-06-30": "$41", "2009-03-31": "$-28", "2008-12-31": "$227", "2008-09-30": "$-15", "2008-06-30": "$-422", "2008-03-31": "$53", "2007-12-31": "$-370", "2007-09-30": "$70", "2007-06-30": "$95", "2007-03-31": "$61", "2006-12-31": "$15", "2006-09-30": "$75", "2006-06-30": "$54", "2006-03-31": "$47", "2005-12-31": "$113", "2005-09-30": "$68", "2005-06-30": "$618", "2005-03-31": "$69"}}, "eps-earnings-per-share-diluted": {"Match Group Annual EPS": {"2019": "$4.50", "2018": "$6.59", "2017": "$3.18", "2016": "$-0.52", "2015": "$1.33", "2014": "$4.68", "2013": "$3.29", "2012": "$1.71", "2011": "$1.85", "2010": "$0.93", "2009": "$-7.06", "2008": "$-1.08", "2007": "$-1.01", "2006": "$1.23", "2005": "$4.88"}, "Match Group Quarterly EPS": {"2020-09-30": "$0.46", "2020-06-30": "$0.32", "2020-03-31": "$-2.49", "2019-12-31": "$2.41", "2019-09-30": "$0.63", "2019-06-30": "$0.55", "2019-03-31": "$0.91", "2018-12-31": "$2.07", "2018-09-30": "$1.49", "2018-06-30": "$2.32", "2018-03-31": "$0.71", "2017-12-31": "$0.40", "2017-09-30": "$1.79", "2017-06-30": "$0.70", "2017-03-31": "$0.29", "2016-12-31": "$1.35", "2016-09-30": "$0.49", "2016-06-30": "$-2.45", "2016-03-31": "$0.09", "2015-12-31": "$-0.39", "2015-09-30": "$0.74", "2015-06-30": "$0.68", "2015-03-31": "$0.30", "2014-12-31": "$0.81", "2014-09-30": "$3.68", "2014-06-30": "$-0.22", "2014-03-31": "$0.41", "2013-12-31": "$0.88", "2013-09-30": "$1.13", "2013-06-30": "$0.67", "2013-03-31": "$0.61", "2012-12-31": "$0.43", "2012-09-30": "$0.43", "2012-06-30": "$0.47", "2012-03-31": "$0.38", "2011-12-31": "$0.53", "2011-09-30": "$0.69", "2011-06-30": "$0.44", "2011-03-31": "$0.19", "2010-12-31": "$0.81", "2010-09-30": "$0.16", "2010-06-30": "$0.12", "2010-03-31": "$-0.16", "2009-12-31": "$-7.31", "2009-09-30": "$0.16", "2009-06-30": "$0.28", "2009-03-31": "$-0.19", "2008-12-31": "$1.67", "2008-09-30": "$-0.11", "2008-06-30": "$-3.02", "2008-03-31": "$0.38", "2007-12-31": "$-2.53", "2007-09-30": "$0.47", "2007-06-30": "$0.62", "2007-03-31": "$0.40", "2006-12-31": "$0.10", "2006-09-30": "$0.48", "2006-06-30": "$0.34", "2006-03-31": "$0.28", "2005-12-31": "$0.66", "2005-09-30": "$0.40", "2005-06-30": "$3.54", "2005-03-31": "$0.38"}}, "shares-outstanding": {"Match Group Annual Shares Outstanding (Millions of Shares)": {"2019": "90", "2018": "91", "2017": "85", "2016": "80", "2015": "88", "2014": "89", "2013": "87", "2012": "93", "2011": "94", "2010": "106", "2009": "139", "2008": "144", "2007": "143", "2006": "153", "2005": "178"}, "Match Group Quarterly Shares Outstanding (Millions of Shares)": {"2020-09-30": "290", "2020-06-30": "195", "2020-03-31": "85", "2019-12-31": "90", "2019-09-30": "193", "2019-06-30": "194", "2019-03-31": "90", "2018-12-31": "91", "2018-09-30": "92", "2018-06-30": "91", "2018-03-31": "89", "2017-12-31": "85", "2017-09-30": "87", "2017-06-30": "84", "2017-03-31": "83", "2016-12-31": "80", "2016-09-30": "82", "2016-06-30": "80", "2016-03-31": "85", "2015-12-31": "88", "2015-09-30": "89", "2015-06-30": "87", "2015-03-31": "89", "2014-12-31": "89", "2014-09-30": "89", "2014-06-30": "83", "2014-03-31": "87", "2013-12-31": "87", "2013-09-30": "86", "2013-06-30": "87", "2013-03-31": "87", "2012-12-31": "93", "2012-09-30": "95", "2012-06-30": "92", "2012-03-31": "92", "2011-12-31": "94", "2011-09-30": "94", "2011-06-30": "97", "2011-03-31": "94", "2010-12-31": "106", "2010-09-30": "106", "2010-06-30": "113", "2010-03-31": "116", "2009-12-31": "139", "2009-09-30": "135", "2009-06-30": "146", "2009-03-31": "148", "2008-12-31": "144", "2008-09-30": "135", "2008-06-30": "148", "2008-03-31": "139", "2007-12-31": "146", "2007-09-30": "140", "2007-06-30": "139", "2007-03-31": "143", "2006-12-31": "147", "2006-09-30": "151", "2006-06-30": "151", "2006-03-31": "169", "2005-12-31": "172", "2005-09-30": "174", "2005-06-30": "175", "2005-03-31": "184"}}, "total-assets": {"Match Group Annual Total Assets (Millions of US $)": {"2019": "$8,333", "2018": "$6,875", "2017": "$5,868", "2016": "$4,646", "2015": "$5,189", "2014": "$4,257", "2013": "$4,235", "2012": "$3,806", "2011": "$3,410", "2010": "$3,329", "2009": "$4,016", "2008": "$5,251", "2007": "$12,591", "2006": "$13,197", "2005": "$13,918"}, "Match Group Quarterly Total Assets (Millions of US $)": {"2020-09-30": "$2,670", "2020-06-30": "$2,335", "2020-03-31": "$8,435", "2019-12-31": "$8,365", "2019-09-30": "$8,305", "2019-06-30": "$8,299", "2019-03-31": "$7,160", "2018-12-31": "$6,875", "2018-09-30": "$6,372", "2018-06-30": "$6,235", "2018-03-31": "$6,031", "2017-12-31": "$5,868", "2017-09-30": "$5,541", "2017-06-30": "$4,786", "2017-03-31": "$4,619", "2016-12-31": "$4,646", "2016-09-30": "$4,671", "2016-06-30": "$4,660", "2016-03-31": "$5,052", "2015-12-31": "$5,189", "2015-09-30": "$4,027", "2015-06-30": "$4,075", "2015-03-31": "$3,958", "2014-12-31": "$4,257", "2014-09-30": "$4,238", "2014-06-30": "$4,167", "2014-03-31": "$4,224", "2013-12-31": "$4,235", "2013-09-30": "$3,805", "2013-06-30": "$3,812", "2013-03-31": "$3,780", "2012-12-31": "$3,806", "2012-09-30": "$3,583", "2012-06-30": "$3,546", "2012-03-31": "$3,352", "2011-12-31": "$3,410", "2011-09-30": "$3,548", "2011-06-30": "$3,509", "2011-03-31": "$3,537", "2010-12-31": "$3,329", "2010-09-30": "$3,612", "2010-06-30": "$3,715", "2010-03-31": "$3,771", "2009-12-31": "$4,016", "2009-09-30": "$5,184", "2009-06-30": "$5,263", "2009-03-31": "$5,374", "2008-12-31": "$5,251", "2008-09-30": "$5,083", "2008-06-30": "$12,028", "2008-03-31": "$12,569", "2007-12-31": "$12,591", "2007-09-30": "$12,861", "2007-06-30": "$12,922", "2007-03-31": "$13,115", "2006-12-31": "$13,197", "2006-09-30": "$13,171", "2006-06-30": "$13,430", "2006-03-31": "$13,744", "2005-12-31": "$13,918", "2005-09-30": "$14,710", "2005-06-30": "$21,784", "2005-03-31": "$23,225"}}, "cash-on-hand": {"Match Group Annual Cash on Hand (Millions of US $)": {"2019": "$3,159", "2018": "$2,255", "2017": "$1,636", "2016": "$1,419", "2015": "$1,521", "2014": "$1,151", "2013": "$1,106", "2012": "$771", "2011": "$870", "2010": "$1,306", "2009": "$1,734", "2008": "$1,871", "2007": "$1,912", "2006": "$2,354", "2005": "$2,569"}, "Match Group Quarterly Cash on Hand (Millions of US $)": {"2020-09-30": "$399", "2020-06-30": "$129", "2020-03-31": "$2,893", "2019-12-31": "$466", "2019-09-30": "$3,103", "2019-06-30": "$3,314", "2019-03-31": "$2,258", "2018-12-31": "$2,255", "2018-09-30": "$1,880", "2018-06-30": "$1,765", "2018-03-31": "$1,663", "2017-12-31": "$1,636", "2017-09-30": "$1,255", "2017-06-30": "$1,537", "2017-03-31": "$1,431", "2016-12-31": "$1,419", "2016-09-30": "$1,368", "2016-06-30": "$1,325", "2016-03-31": "$1,432", "2015-12-31": "$1,521", "2015-09-30": "$820", "2015-06-30": "$890", "2015-03-31": "$877", "2014-12-31": "$1,151", "2014-09-30": "$1,051", "2014-06-30": "$1,069", "2014-03-31": "$1,043", "2013-12-31": "$1,106", "2013-09-30": "$768", "2013-06-30": "$687", "2013-03-31": "$680", "2012-12-31": "$771", "2012-09-30": "$641", "2012-06-30": "$946", "2012-03-31": "$776", "2011-12-31": "$870", "2011-09-30": "$865", "2011-06-30": "$912", "2011-03-31": "$1,317", "2010-12-31": "$1,306", "2010-09-30": "$1,373", "2010-06-30": "$1,467", "2010-03-31": "$1,527", "2009-12-31": "$1,734", "2009-09-30": "$1,767", "2009-06-30": "$1,862", "2009-03-31": "$2,009", "2008-12-31": "$1,871", "2008-09-30": "$1,464", "2008-06-30": "$1,585", "2008-03-31": "$1,416", "2007-12-31": "$1,912", "2007-09-30": "$1,812", "2007-06-30": "$1,836", "2007-03-31": "$2,038", "2006-12-31": "$2,354", "2006-09-30": "$1,902", "2006-06-30": "$2,185", "2006-03-31": "$2,425", "2005-12-31": "$2,569", "2005-09-30": "$3,130", "2005-06-30": "$4,705", "2005-03-31": "$4,180"}}, "long-term-debt": {"Match Group Annual Long Term Debt (Millions of US $)": {"2019": "$3,122", "2018": "$2,246", "2017": "$1,979", "2016": "$1,582", "2015": "$1,727", "2014": "$1,080", "2013": "$1,080", "2012": "$580", "2011": "$96", "2010": "$96", "2009": "$96", "2008": "$96", "2007": "$835", "2006": "$856", "2005": "$959"}, "Match Group Quarterly Long Term Debt (Millions of US $)": {"2020-09-30": "$3,521", "2020-06-30": "$3,528", "2020-03-31": "$3,625", "2019-12-31": "$2,890", "2019-09-30": "$3,112", "2019-06-30": "$3,139", "2019-03-31": "$2,332", "2018-12-31": "$2,246", "2018-09-30": "$1,984", "2018-06-30": "$1,982", "2018-03-31": "$1,981", "2017-12-31": "$1,979", "2017-09-30": "$1,649", "2017-06-30": "$1,573", "2017-03-31": "$1,572", "2016-12-31": "$1,582", "2016-09-30": "$1,641", "2016-06-30": "$1,655", "2016-03-31": "$1,661", "2015-12-31": "$1,727", "2015-09-30": "$1,000", "2015-06-30": "$1,000", "2015-03-31": "$1,080", "2014-12-31": "$1,080", "2014-09-30": "$1,080", "2014-06-30": "$1,080", "2014-03-31": "$1,080", "2013-12-31": "$1,080", "2013-09-30": "$580", "2013-06-30": "$580", "2013-03-31": "$580", "2012-12-31": "$580", "2012-09-30": "$80", "2012-06-30": "$80", "2012-03-31": "$80", "2011-12-31": "$96", "2011-09-30": "$96", "2011-06-30": "$96", "2011-03-31": "$96", "2010-12-31": "$96", "2010-09-30": "$96", "2010-06-30": "$96", "2010-03-31": "$96", "2009-12-31": "$96", "2009-09-30": "$96", "2009-06-30": "$96", "2009-03-31": "$96", "2008-12-31": "$96", "2008-09-30": "$96", "2008-06-30": "$835", "2008-03-31": "$850", "2007-12-31": "$835", "2007-09-30": "$823", "2007-06-30": "$812", "2007-03-31": "$835", "2006-12-31": "$856", "2006-09-30": "$872", "2006-06-30": "$858", "2006-03-31": "$882", "2005-12-31": "$959", "2005-09-30": "$963", "2005-06-30": "$794", "2005-03-31": "$786"}}, "total-liabilities": {"Match Group Annual Total Liabilities (Millions of US $)": {"2019": "$4,435", "2018": "$3,323", "2017": "$2,921", "2016": "$2,635", "2015": "$2,973", "2014": "$2,264", "2013": "$2,505", "2012": "$2,098", "2011": "$1,450", "2010": "$1,279", "2009": "$888", "2008": "$824", "2007": "$4,007", "2006": "$4,457", "2005": "$4,687"}, "Match Group Quarterly Total Liabilities (Millions of US $)": {"2020-09-30": "$4,113", "2020-06-30": "$4,043", "2020-03-31": "$4,980", "2019-12-31": "$4,466", "2019-09-30": "$4,499", "2019-06-30": "$4,456", "2019-03-31": "$3,589", "2018-12-31": "$3,323", "2018-09-30": "$3,044", "2018-06-30": "$2,998", "2018-03-31": "$2,949", "2017-12-31": "$2,921", "2017-09-30": "$2,632", "2017-06-30": "$2,612", "2017-03-31": "$2,601", "2016-12-31": "$2,635", "2016-09-30": "$2,701", "2016-06-30": "$2,761", "2016-03-31": "$2,926", "2015-12-31": "$2,973", "2015-09-30": "$2,182", "2015-06-30": "$2,260", "2015-03-31": "$2,205", "2014-12-31": "$2,264", "2014-09-30": "$2,262", "2014-06-30": "$2,493", "2014-03-31": "$2,513", "2013-12-31": "$2,505", "2013-09-30": "$2,017", "2013-06-30": "$2,130", "2013-03-31": "$2,094", "2012-12-31": "$2,098", "2012-09-30": "$1,582", "2012-06-30": "$1,554", "2012-03-31": "$1,446", "2011-12-31": "$1,450", "2011-09-30": "$1,147", "2011-06-30": "$1,038", "2011-03-31": "$1,059", "2010-12-31": "$1,279", "2010-09-30": "$961", "2010-06-30": "$968", "2010-03-31": "$908", "2009-12-31": "$888", "2009-09-30": "$854", "2009-06-30": "$861", "2009-03-31": "$867", "2008-12-31": "$824", "2008-09-30": "$930", "2008-06-30": "$3,839", "2008-03-31": "$4,055", "2007-12-31": "$4,007", "2007-09-30": "$3,830", "2007-06-30": "$3,795", "2007-03-31": "$4,100", "2006-12-31": "$4,457", "2006-09-30": "$4,435", "2006-06-30": "$4,506", "2006-03-31": "$4,471", "2005-12-31": "$4,687", "2005-09-30": "$5,237", "2005-06-30": "$7,539", "2005-03-31": "$8,632"}}, "total-share-holder-equity": {"Match Group Annual Share Holder Equity (Millions of US $)": {"2019": "$3,898", "2018": "$3,552", "2017": "$2,947", "2016": "$2,011", "2015": "$2,216", "2014": "$1,993", "2013": "$1,729", "2012": "$1,708", "2011": "$1,960", "2010": "$2,050", "2009": "$3,128", "2008": "$4,428", "2007": "$8,584", "2006": "$8,739", "2005": "$9,231"}, "Match Group Quarterly Share Holder Equity (Millions of US $)": {"2020-09-30": "$-1,443", "2020-06-30": "$-1,708", "2020-03-31": "$3,455", "2019-12-31": "$3,898", "2019-09-30": "$3,806", "2019-06-30": "$3,844", "2019-03-31": "$3,571", "2018-12-31": "$3,552", "2018-09-30": "$3,329", "2018-06-30": "$3,237", "2018-03-31": "$3,082", "2017-12-31": "$2,947", "2017-09-30": "$2,909", "2017-06-30": "$2,174", "2017-03-31": "$2,019", "2016-12-31": "$2,011", "2016-09-30": "$1,970", "2016-06-30": "$1,899", "2016-03-31": "$2,127", "2015-12-31": "$2,216", "2015-09-30": "$1,845", "2015-06-30": "$1,815", "2015-03-31": "$1,753", "2014-12-31": "$1,993", "2014-09-30": "$1,977", "2014-06-30": "$1,675", "2014-03-31": "$1,711", "2013-12-31": "$1,729", "2013-09-30": "$1,788", "2013-06-30": "$1,683", "2013-03-31": "$1,686", "2012-12-31": "$1,708", "2012-09-30": "$2,001", "2012-06-30": "$1,992", "2012-03-31": "$1,906", "2011-12-31": "$1,960", "2011-09-30": "$2,401", "2011-06-30": "$2,472", "2011-03-31": "$2,478", "2010-12-31": "$2,050", "2010-09-30": "$2,652", "2010-06-30": "$2,747", "2010-03-31": "$2,863", "2009-12-31": "$3,128", "2009-09-30": "$4,330", "2009-06-30": "$4,403", "2009-03-31": "$4,507", "2008-12-31": "$4,428", "2008-09-30": "$4,154", "2008-06-30": "$8,189", "2008-03-31": "$8,514", "2007-12-31": "$8,584", "2007-09-30": "$9,031", "2007-06-30": "$9,127", "2007-03-31": "$9,015", "2006-12-31": "$8,739", "2006-09-30": "$8,735", "2006-06-30": "$8,924", "2006-03-31": "$9,273", "2005-12-31": "$9,231", "2005-09-30": "$9,473", "2005-06-30": "$14,245", "2005-03-31": "$14,593"}}, "profit-margins": {"current": "4.18%"}, "gross margin": {"2020-09-30": "75.30%", "2020-06-30": "75.45%", "2020-03-31": "75.59%", "2019-12-31": "76.29%", "2019-09-30": "76.02%", "2019-06-30": "76.95%", "2019-03-31": "77.82%", "2018-12-31": "78.61%", "2018-09-30": "79.12%", "2018-06-30": "79.49%", "2018-03-31": "80.03%", "2017-12-31": "80.31%", "2017-09-30": "79.07%", "2017-06-30": "78.21%", "2017-03-31": "77.05%", "2016-12-31": "75.95%", "2016-09-30": "76.17%", "2016-06-30": "76.08%", "2016-03-31": "76.02%", "2015-12-31": "75.90%", "2015-09-30": "75.70%", "2015-06-30": "74.50%", "2015-03-31": "73.36%", "2014-12-31": "72.37%", "2014-09-30": "71.95%", "2014-06-30": "70.88%", "2014-03-31": "69.24%", "2013-12-31": "67.70%", "2013-09-30": "65.88%", "2013-06-30": "64.97%", "2013-03-31": "64.71%", "2012-12-31": "64.58%", "2012-09-30": "64.49%", "2012-06-30": "64.61%", "2012-03-31": "64.06%", "2011-12-31": "63.38%", "2011-09-30": "62.52%", "2011-06-30": "62.63%", "2011-03-31": "63.04%", "2010-12-31": "63.75%", "2010-09-30": "65.66%", "2010-06-30": "66.76%", "2010-03-31": "67.84%", "2009-12-31": "68.08%", "2009-09-30": "68.45%", "2009-06-30": "68.24%", "2009-03-31": "68.56%", "2008-12-31": "67.66%", "2008-09-30": "64.09%", "2008-06-30": "61.78%", "2008-03-31": "52.58%", "2007-12-31": "49.81%", "2007-09-30": "49.00%", "2007-06-30": "48.71%", "2007-03-31": "49.19%", "2006-12-31": "49.36%", "2006-09-30": "48.89%", "2006-06-30": "47.87%", "2006-03-31": "46.49%", "2005-12-31": "45.44%"}, "operating margin": {"2020-09-30": "7.41%", "2020-06-30": "7.05%", "2020-03-31": "6.62%", "2019-12-31": "12.21%", "2019-09-30": "17.24%", "2019-06-30": "14.63%", "2019-03-31": "12.69%", "2018-12-31": "13.25%", "2018-09-30": "12.77%", "2018-06-30": "8.69%", "2018-03-31": "6.81%", "2017-12-31": "5.68%", "2017-09-30": "6.54%", "2017-06-30": "10.05%", "2017-03-31": "-0.52%", "2016-12-31": "-1.02%", "2016-09-30": "-4.72%", "2016-06-30": "-4.58%", "2016-03-31": "5.06%", "2015-12-31": "5.57%", "2015-09-30": "9.18%", "2015-06-30": "9.79%", "2015-03-31": "10.88%", "2014-12-31": "12.19%", "2014-09-30": "12.72%", "2014-06-30": "13.54%", "2014-03-31": "13.71%", "2013-12-31": "14.13%", "2013-09-30": "13.03%", "2013-06-30": "11.75%", "2013-03-31": "11.89%", "2012-12-31": "11.53%", "2012-09-30": "11.13%", "2012-06-30": "10.76%", "2012-03-31": "9.96%", "2011-12-31": "9.57%", "2011-09-30": "6.33%", "2011-06-30": "6.19%", "2011-03-31": "4.60%", "2010-12-31": "3.12%", "2010-09-30": "-61.98%", "2010-06-30": "-67.38%", "2010-03-31": "-71.50%", "2009-12-31": "-77.06%", "2009-09-30": "-1.96%", "2009-06-30": "-4.13%", "2009-03-31": "-4.81%", "2008-12-31": "-3.12%", "2008-09-30": "-5.02%", "2008-06-30": "-3.41%", "2008-03-31": "0.93%", "2007-12-31": "3.25%", "2007-09-30": "2.84%", "2007-06-30": "4.07%", "2007-03-31": "4.36%", "2006-12-31": "4.16%", "2006-09-30": "7.58%", "2006-06-30": "6.08%", "2006-03-31": "5.88%", "2005-12-31": "5.94%"}, "ebitda margin": {"2020-09-30": "11.28%", "2020-06-30": "10.94%", "2020-03-31": "15.45%", "2019-12-31": "16.08%", "2019-09-30": "20.10%", "2019-06-30": "17.86%", "2019-03-31": "16.94%", "2018-12-31": "17.55%", "2018-09-30": "16.57%", "2018-06-30": "12.31%", "2018-03-31": "10.39%", "2017-12-31": "9.22%", "2017-09-30": "10.10%", "2017-06-30": "14.02%", "2017-03-31": "13.27%", "2016-12-31": "12.55%", "2016-09-30": "11.68%", "2016-06-30": "11.32%", "2016-03-31": "11.71%", "2015-12-31": "12.25%", "2015-09-30": "12.88%", "2015-06-30": "13.65%", "2015-03-31": "14.70%", "2014-12-31": "16.02%", "2014-09-30": "16.56%", "2014-06-30": "17.27%", "2014-03-31": "17.62%", "2013-12-31": "18.07%", "2013-09-30": "17.04%", "2013-06-30": "15.53%", "2013-03-31": "15.27%", "2012-12-31": "14.71%", "2012-09-30": "14.28%", "2012-06-30": "14.33%", "2012-03-31": "13.66%", "2011-12-31": "13.45%", "2011-09-30": "12.34%", "2011-06-30": "12.27%", "2011-03-31": "11.35%", "2010-12-31": "10.39%", "2010-09-30": "11.88%", "2010-06-30": "11.33%", "2010-03-31": "10.55%", "2009-12-31": "8.39%", "2009-09-30": "8.38%", "2009-06-30": "6.04%", "2009-03-31": "5.47%", "2008-12-31": "6.95%", "2008-09-30": "3.80%", "2008-06-30": "-0.56%", "2008-03-31": "4.93%", "2007-12-31": "7.17%", "2007-09-30": "1.63%", "2007-06-30": "5.05%", "2007-03-31": "5.72%", "2006-12-31": "6.35%", "2006-09-30": "13.92%", "2006-06-30": "13.08%", "2006-03-31": "12.61%", "2005-12-31": "12.60%"}, "pre tax profit margin": {"2020-09-30": "4.27%", "2020-06-30": "4.03%", "2020-03-31": "3.52%", "2019-12-31": "10.38%", "2019-09-30": "17.39%", "2019-06-30": "15.18%", "2019-03-31": "17.17%", "2018-12-31": "17.85%", "2018-09-30": "14.09%", "2018-06-30": "9.71%", "2018-03-31": "3.42%", "2017-12-31": "2.03%", "2017-09-30": "4.39%", "2017-06-30": "8.48%", "2017-03-31": "-2.76%", "2016-12-31": "-2.58%", "2016-09-30": "-7.71%", "2016-06-30": "-6.43%", "2016-03-31": "3.78%", "2015-12-31": "4.42%", "2015-09-30": "9.09%", "2015-06-30": "8.74%", "2015-03-31": "7.70%", "2014-12-31": "8.68%", "2014-09-30": "8.99%", "2014-06-30": "10.35%", "2014-03-31": "13.05%", "2013-12-31": "13.77%", "2013-09-30": "12.54%", "2013-06-30": "10.93%", "2013-03-31": "10.65%", "2012-12-31": "10.32%", "2012-09-30": "9.61%", "2012-06-30": "8.83%", "2012-03-31": "8.62%", "2011-12-31": "8.31%", "2011-09-30": "5.18%", "2011-06-30": "5.58%", "2011-03-31": "3.90%", "2010-12-31": "1.41%", "2010-09-30": "-64.74%", "2010-06-30": "-66.76%", "2010-03-31": "-66.19%", "2009-12-31": "-70.30%", "2009-09-30": "29.74%", "2009-06-30": "18.35%", "2009-03-31": "5.62%", "2008-12-31": "7.87%", "2008-09-30": "-13.03%", "2008-06-30": "-6.25%", "2008-03-31": "3.88%", "2007-12-31": "5.33%", "2007-09-30": "3.73%", "2007-06-30": "4.81%", "2007-03-31": "5.14%", "2006-12-31": "4.87%", "2006-09-30": "8.32%", "2006-06-30": "6.98%", "2006-03-31": "16.49%", "2005-12-31": "17.20%"}, "net profit margin": {"2020-09-30": "1.75%", "2020-06-30": "1.70%", "2020-03-31": "2.68%", "2019-12-31": "9.06%", "2019-09-30": "16.10%", "2019-06-30": "14.16%", "2019-03-31": "14.75%", "2018-12-31": "14.71%", "2018-09-30": "11.39%", "2018-06-30": "13.10%", "2018-03-31": "9.88%", "2017-12-31": "9.22%", "2017-09-30": "11.81%", "2017-06-30": "7.64%", "2017-03-31": "-0.78%", "2016-12-31": "-1.34%", "2016-09-30": "-5.54%", "2016-06-30": "-4.70%", "2016-03-31": "3.08%", "2015-12-31": "3.68%", "2015-09-30": "6.88%", "2015-06-30": "15.27%", "2015-03-31": "12.89%", "2014-12-31": "13.35%", "2014-09-30": "14.06%", "2014-06-30": "6.45%", "2014-03-31": "8.87%", "2013-12-31": "9.46%", "2013-09-30": "8.16%", "2013-06-30": "6.42%", "2013-03-31": "6.17%", "2012-12-31": "5.68%", "2012-09-30": "6.34%", "2012-06-30": "7.84%", "2012-03-31": "8.48%", "2011-12-31": "8.45%", "2011-09-30": "11.08%", "2011-06-30": "9.12%", "2011-03-31": "7.97%", "2010-12-31": "6.11%", "2010-09-30": "-65.66%", "2010-06-30": "-68.83%", "2010-03-31": "-69.56%", "2009-12-31": "-72.61%", "2009-09-30": "19.77%", "2009-06-30": "16.58%", "2009-03-31": "-17.36%", "2008-12-31": "-11.13%", "2008-09-30": "-51.19%", "2008-06-30": "-46.49%", "2008-03-31": "-5.90%", "2007-12-31": "-3.90%", "2007-09-30": "4.78%", "2007-06-30": "4.02%", "2007-03-31": "3.39%", "2006-12-31": "3.18%", "2006-09-30": "4.75%", "2006-06-30": "4.61%", "2006-03-31": "13.97%", "2005-12-31": "15.11%"}, "pe ratio": {"current": "110.22", "2021-02-05": "0.00", "2020-09-30": "0.00", "2020-06-30": "453.01", "2020-03-31": "52.49", "2019-12-31": "17.84", "2019-09-30": "12.79", "2019-06-30": "12.45", "2019-03-31": "10.01", "2018-12-31": "8.99", "2018-09-30": "14.28", "2018-06-30": "9.47", "2018-03-31": "14.11", "2017-12-31": "12.51", "2017-09-30": "9.57", "2017-06-30": "12.50", "2017-03-31": "0.00", "2016-12-31": "0.00"}, "price sales": {"2021-02-05": "3.29", "2020-09-30": "2.28", "2020-06-30": "2.12", "2020-03-31": "1.18", "2019-12-31": "1.72", "2019-09-30": "2.36", "2019-06-30": "1.80", "2019-03-31": "1.41", "2018-12-31": "1.26", "2018-09-30": "1.52", "2018-06-30": "1.13", "2018-03-31": "1.23", "2017-12-31": "1.01", "2017-09-30": "1.00", "2017-06-30": "0.88", "2017-03-31": "0.62", "2016-12-31": "0.54"}, "price book": {"current": "0.00", "2021-02-05": "0.00", "2020-09-30": "-20.23", "2020-06-30": "-14.74", "2020-03-31": "1.42", "2019-12-31": "1.74", "2019-09-30": "1.56", "2019-06-30": "1.54", "2019-03-31": "1.59", "2018-12-31": "1.39", "2018-09-30": "1.75", "2018-06-30": "1.27", "2018-03-31": "1.36", "2017-12-31": "1.10", "2017-09-30": "1.07", "2017-06-30": "1.22", "2017-03-31": "0.92", "2016-12-31": "0.81", "2016-09-30": "0.81", "2016-06-30": "0.76", "2016-03-31": "0.57"}, "price fcf": {"2021-02-05": "", "2020-09-30": "$8.31", "2020-06-30": "$9.27", "2020-03-31": "$8.71", "2019-12-31": "$8.90", "2019-09-30": "$5.50", "2019-06-30": "$7.09", "2019-03-31": "$9.20", "2018-12-31": "$9.88", "2018-09-30": "$7.88", "2018-06-30": "$6.36", "2018-03-31": "$4.85", "2017-12-31": "$4.00", "2017-09-30": "$4.48", "2017-06-30": "$4.10", "2017-03-31": "$3.74", "2016-12-31": "$3.33"}, "net worth": {"value": "$42.51B"}, "current ratio": {"current": "1.51", "2020-09-30": "1.51", "2020-06-30": "0.98", "2020-03-31": "3.32", "2019-12-31": "3.67", "2019-09-30": "3.56", "2019-06-30": "4.11", "2019-03-31": "3.12", "2018-12-31": "3.13", "2018-09-30": "2.77", "2018-06-30": "2.78", "2018-03-31": "2.68", "2017-12-31": "2.66", "2017-09-30": "2.07", "2017-06-30": "2.94", "2017-03-31": "2.78", "2016-12-31": "2.58", "2016-09-30": "2.56", "2016-06-30": "2.59", "2016-03-31": "2.43", "2015-12-31": "2.53", "2015-09-30": "1.91", "2015-06-30": "1.85", "2015-03-31": "2.07", "2014-12-31": "2.28", "2014-09-30": "2.23", "2014-06-30": "2.51", "2014-03-31": "2.45", "2013-12-31": "2.51", "2013-09-30": "1.88", "2013-06-30": "1.75", "2013-03-31": "1.79", "2012-12-31": "1.85", "2012-09-30": "1.58", "2012-06-30": "2.10", "2012-03-31": "2.05", "2011-12-31": "2.17", "2011-09-30": "2.28", "2011-06-30": "2.83", "2011-03-31": "3.87", "2010-12-31": "4.33", "2010-09-30": "5.13", "2010-06-30": "5.28", "2010-03-31": "5.84", "2009-12-31": "6.89", "2009-09-30": "7.81", "2009-06-30": "7.22", "2009-03-31": "7.42", "2008-12-31": "7.81", "2008-09-30": "4.37", "2008-06-30": "1.77", "2008-03-31": "1.62", "2007-12-31": "1.98", "2007-09-30": "1.89", "2007-06-30": "1.92", "2007-03-31": "1.98", "2006-12-31": "1.75", "2006-09-30": "1.62", "2006-06-30": "1.66", "2006-03-31": "1.83", "2005-12-31": "1.87", "2005-09-30": "1.77", "2005-06-30": "1.35", "2005-03-31": "1.67"}, "quick ratio": {"2020-09-30": "0.00", "2020-06-30": "0.00", "2020-03-31": "0.00", "2019-12-31": "0.00", "2019-09-30": "0.00", "2019-06-30": "0.00", "2019-03-31": "0.00", "2018-12-31": "0.00", "2018-09-30": "0.00", "2018-06-30": "0.00", "2018-03-31": "0.00", "2017-12-31": "0.00", "2017-09-30": "0.00", "2017-06-30": "0.00", "2017-03-31": "0.00", "2016-12-31": "0.00", "2016-09-30": "0.00", "2016-06-30": "0.00", "2016-03-31": "0.00", "2015-12-31": "0.00", "2015-09-30": "0.00", "2015-06-30": "0.00", "2015-03-31": "0.00", "2014-12-31": "0.00", "2014-09-30": "0.00", "2014-06-30": "0.00", "2014-03-31": "0.00", "2013-12-31": "0.00", "2013-09-30": "0.00", "2013-06-30": "0.00", "2013-03-31": "0.00", "2012-12-31": "0.00", "2012-09-30": "0.00", "2012-06-30": "0.00", "2012-03-31": "0.00", "2011-12-31": "0.00", "2011-09-30": "0.00", "2011-06-30": "0.00", "2011-03-31": "0.00", "2010-12-31": "0.00", "2010-09-30": "0.00", "2010-06-30": "0.00", "2010-03-31": "0.00", "2009-12-31": "0.00", "2009-09-30": "0.00", "2009-06-30": "0.00", "2009-03-31": "0.00", "2008-12-31": "0.00", "2008-09-30": "0.00", "2008-06-30": "1.55", "2008-03-31": "1.42", "2007-12-31": "0.00", "2007-09-30": "1.65", "2007-06-30": "1.70", "2007-03-31": "1.77", "2006-12-31": "1.60", "2006-09-30": "1.42", "2006-06-30": "1.50", "2006-03-31": "1.67", "2005-12-31": "1.72", "2005-09-30": "1.61", "2005-06-30": "1.27", "2005-03-31": "1.61"}, "debt equity ratio": {"current": "0.00", "2020-09-30": "-2.85", "2020-06-30": "-2.37", "2020-03-31": "1.44", "2019-12-31": "1.15", "2019-09-30": "1.18", "2019-06-30": "1.16", "2019-03-31": "1.01", "2018-12-31": "0.94", "2018-09-30": "0.91", "2018-06-30": "0.93", "2018-03-31": "0.96", "2017-12-31": "0.99", "2017-09-30": "0.91", "2017-06-30": "1.20", "2017-03-31": "1.29", "2016-12-31": "1.31", "2016-09-30": "1.37", "2016-06-30": "1.45", "2016-03-31": "1.38", "2015-12-31": "1.34", "2015-09-30": "1.18", "2015-06-30": "1.25", "2015-03-31": "1.26", "2014-12-31": "1.14", "2014-09-30": "1.14", "2014-06-30": "1.49", "2014-03-31": "1.47", "2013-12-31": "1.45", "2013-09-30": "1.13", "2013-06-30": "1.27", "2013-03-31": "1.24", "2012-12-31": "1.23", "2012-09-30": "0.79", "2012-06-30": "0.78", "2012-03-31": "0.76", "2011-12-31": "0.74", "2011-09-30": "0.48", "2011-06-30": "0.42", "2011-03-31": "0.43", "2010-12-31": "0.62", "2010-09-30": "0.36", "2010-06-30": "0.35", "2010-03-31": "0.32", "2009-12-31": "0.28", "2009-09-30": "0.20", "2009-06-30": "0.20", "2009-03-31": "0.19", "2008-12-31": "0.19", "2008-09-30": "0.22", "2008-06-30": "0.47", "2008-03-31": "0.48", "2007-12-31": "0.47", "2007-09-30": "0.42", "2007-06-30": "0.42", "2007-03-31": "0.46", "2006-12-31": "0.51", "2006-09-30": "0.51", "2006-06-30": "0.51", "2006-03-31": "0.48", "2005-12-31": "0.51", "2005-09-30": "0.55", "2005-06-30": "0.53", "2005-03-31": "0.59"}, "return on equity": {"2020-09-30": "8.38%", "2020-06-30": "3.56%", "2020-03-31": "3.49%", "2019-12-31": "11.40%", "2019-09-30": "14.16%", "2019-06-30": "15.11%", "2019-03-31": "18.85%", "2018-12-31": "19.00%", "2018-09-30": "14.86%", "2018-06-30": "16.49%", "2018-03-31": "12.60%", "2017-12-31": "12.14%", "2017-09-30": "16.42%", "2017-06-30": "11.60%", "2017-03-31": "-1.22%", "2016-12-31": "-2.10%", "2016-09-30": "-8.57%", "2016-06-30": "-7.57%", "2016-03-31": "5.05%", "2015-12-31": "6.24%", "2015-09-30": "11.94%", "2015-06-30": "25.58%", "2015-03-31": "21.90%", "2014-12-31": "22.57%", "2014-09-30": "23.80%", "2014-06-30": "11.13%", "2014-03-31": "15.51%", "2013-12-31": "16.61%", "2013-09-30": "14.57%", "2013-06-30": "10.96%", "2013-03-31": "9.69%", "2012-12-31": "8.36%", "2012-09-30": "8.50%", "2012-06-30": "9.25%", "2012-03-31": "8.70%", "2011-12-31": "7.48%", "2011-09-30": "9.02%", "2011-06-30": "6.84%", "2011-03-31": "5.52%", "2010-12-31": "3.88%", "2010-09-30": "-35.12%", "2010-06-30": "-30.49%", "2010-03-31": "-26.32%", "2009-12-31": "-23.90%", "2009-09-30": "5.93%", "2009-06-30": "5.15%", "2009-03-31": "-4.47%", "2008-12-31": "-2.48%", "2008-09-30": "-10.24%", "2008-06-30": "-7.80%", "2008-03-31": "-1.72%", "2007-12-31": "-1.61%", "2007-09-30": "2.68%", "2007-06-30": "2.76%", "2007-03-31": "2.32%", "2006-12-31": "2.14%", "2006-09-30": "3.20%", "2006-06-30": "3.06%", "2006-03-31": "8.01%", "2005-12-31": "7.30%"}, "return on assets": {"2020-09-30": "1.61%", "2020-06-30": "1.22%", "2020-03-31": "1.57%", "2019-12-31": "5.37%", "2019-09-30": "6.83%", "2019-06-30": "7.52%", "2019-03-31": "9.68%", "2018-12-31": "9.83%", "2018-09-30": "7.64%", "2018-06-30": "8.48%", "2018-03-31": "6.30%", "2017-12-31": "5.86%", "2017-09-30": "7.64%", "2017-06-30": "5.06%", "2017-03-31": "-0.52%", "2016-12-31": "-0.88%", "2016-09-30": "-3.60%", "2016-06-30": "-3.23%", "2016-03-31": "2.20%", "2015-12-31": "2.76%", "2015-09-30": "5.42%", "2015-06-30": "11.67%", "2015-03-31": "9.75%", "2014-12-31": "9.83%", "2014-09-30": "10.01%", "2014-06-30": "4.67%", "2014-03-31": "6.67%", "2013-12-31": "7.32%", "2013-09-30": "6.58%", "2013-06-30": "5.18%", "2013-03-31": "4.87%", "2012-12-31": "4.45%", "2012-09-30": "4.81%", "2012-06-30": "5.51%", "2012-03-31": "5.50%", "2011-12-31": "4.97%", "2011-09-30": "6.09%", "2011-06-30": "4.72%", "2011-03-31": "3.86%", "2010-12-31": "2.77%", "2010-09-30": "-26.47%", "2010-06-30": "-23.88%", "2010-03-31": "-21.26%", "2009-12-31": "-19.72%", "2009-09-30": "4.97%", "2009-06-30": "4.29%", "2009-03-31": "-3.43%", "2008-12-31": "-1.80%", "2008-09-30": "-7.13%", "2008-06-30": "-5.35%", "2008-03-31": "-1.19%", "2007-12-31": "-1.12%", "2007-09-30": "1.85%", "2007-06-30": "1.88%", "2007-03-31": "1.55%", "2006-12-31": "1.43%", "2006-09-30": "2.13%", "2006-06-30": "2.02%", "2006-03-31": "5.27%", "2005-12-31": "4.72%"}, "return on investments": {"2020-09-30": "8.40%", "2020-06-30": "6.16%", "2020-03-31": "4.65%", "2019-12-31": "8.74%", "2019-09-30": "8.75%", "2019-06-30": "9.30%", "2019-03-31": "9.99%", "2018-12-31": "10.56%", "2018-09-30": "10.23%", "2018-06-30": "6.74%", "2018-03-31": "5.27%", "2017-12-31": "4.47%", "2017-09-30": "5.35%", "2017-06-30": "8.58%", "2017-03-31": "-0.45%", "2016-12-31": "-0.88%", "2016-09-30": "-4.03%", "2016-06-30": "-4.22%", "2016-03-31": "4.96%", "2015-12-31": "5.79%", "2015-09-30": "10.20%", "2015-06-30": "10.49%", "2015-03-31": "11.67%", "2014-12-31": "12.98%", "2014-09-30": "13.39%", "2014-06-30": "15.03%", "2014-03-31": "16.19%", "2013-12-31": "17.60%", "2013-09-30": "17.38%", "2013-06-30": "15.96%", "2013-03-31": "15.85%", "2012-12-31": "15.33%", "2012-09-30": "14.30%", "2012-06-30": "12.17%", "2012-03-31": "9.80%", "2011-12-31": "8.13%", "2011-09-30": "4.95%", "2011-06-30": "4.46%", "2011-03-31": "3.06%", "2010-12-31": "1.91%", "2010-09-30": "-32.07%", "2010-06-30": "-28.99%", "2010-03-31": "-26.37%", "2009-12-31": "-24.79%", "2009-09-30": "-0.58%", "2009-06-30": "-1.25%", "2009-03-31": "-1.18%", "2008-12-31": "-0.65%", "2008-09-30": "-0.92%", "2008-06-30": "-0.52%", "2008-03-31": "0.25%", "2007-12-31": "1.23%", "2007-09-30": "1.46%", "2007-06-30": "2.55%", "2007-03-31": "2.72%", "2006-12-31": "2.55%", "2006-09-30": "4.64%", "2006-06-30": "3.67%", "2006-03-31": "3.11%", "2005-12-31": "2.67%"}, "return on tangible equity": {"2020-09-30": "-8.98%", "2020-06-30": "-51.61%", "2020-03-31": "18.44%", "2019-12-31": "51.96%", "2019-09-30": "193.35%", "2019-06-30": "249.71%", "2019-03-31": "456.64%", "2018-12-31": "1425.00%", "2018-09-30": "-636.73%", "2018-06-30": "-295.73%", "2018-03-31": "-177.22%", "2017-12-31": "-145.24%", "2017-09-30": "-179.59%", "2017-06-30": "-101.39%", "2017-03-31": "7.50%", "2016-12-31": "10.79%", "2016-09-30": "40.05%", "2016-06-30": "34.25%", "2016-03-31": "-22.58%", "2015-12-31": "-27.55%", "2015-09-30": "-58.47%", "2015-06-30": "-131.87%", "2015-03-31": "-105.06%", "2014-12-31": "-105.00%", "2014-09-30": "-98.25%", "2014-06-30": "-44.47%", "2014-03-31": "-64.62%", "2013-12-31": "-69.38%", "2013-09-30": "-60.64%", "2013-06-30": "-57.31%", "2013-03-31": "-114.19%", "2012-12-31": "3741.18%", "2012-09-30": "105.70%", "2012-06-30": "56.80%", "2012-03-31": "34.33%", "2011-12-31": "21.80%", "2011-09-30": "22.41%", "2011-06-30": "14.79%", "2011-03-31": "11.53%", "2010-12-31": "7.70%", "2010-09-30": "-63.75%", "2010-06-30": "-57.29%", "2010-03-31": "-50.38%", "2009-12-31": "-47.02%", "2009-09-30": "12.26%", "2009-06-30": "10.76%", "2009-03-31": "-14.39%", "2008-12-31": "-13.68%", "2008-09-30": "-34.20%", "2008-06-30": "-35.17%", "2008-03-31": "-7.72%", "2007-12-31": "-7.00%", "2007-09-30": "41.99%", "2007-06-30": "60.18%", "2007-03-31": "80.31%", "2006-12-31": "88.22%", "2006-09-30": "129.89%", "2006-06-30": "78.66%", "2006-03-31": "256.75%", "2005-12-31": "178.69%"}, "dividend yield history": {"last payout": "$0.00", "last yield": "0.00%"}}