{"ticker": "MAT", "price": {"title": "Mattel Historical Annual Stock Price Data", "value": 18.51, "historical": {"2021": {"Average Stock Price": "18.3217", "Year Open": "17.2500", "Year High": "19.1500", "Year Low": "17.2500", "Year Close": "18.5100", "Annual % Change": "6.07%"}, "2020": {"Average Stock Price": "11.8019", "Year Open": "13.2950", "Year High": "18.1200", "Year Low": "7.2300", "Year Close": "17.4500", "Annual % Change": "28.78%"}, "2019": {"Average Stock Price": "12.0878", "Year Open": "9.7600", "Year High": "17.0700", "Year Low": "9.2000", "Year Close": "13.5500", "Annual % Change": "35.64%"}, "2018": {"Average Stock Price": "15.0017", "Year Open": "16.0200", "Year High": "17.9200", "Year Low": "9.2600", "Year Close": "9.9900", "Annual % Change": "-35.05%"}, "2017": {"Average Stock Price": "20.7516", "Year Open": "28.4800", "Year High": "31.5600", "Year Low": "13.0400", "Year Close": "15.3800", "Annual % Change": "-44.17%"}, "2016": {"Average Stock Price": "31.3146", "Year Open": "27.4300", "Year High": "34.2600", "Year Low": "24.8700", "Year Close": "27.5500", "Annual % Change": "1.40%"}, "2015": {"Average Stock Price": "25.1952", "Year Open": "30.4700", "Year High": "30.4700", "Year Low": "19.8300", "Year Close": "27.1700", "Annual % Change": "-12.20%"}, "2014": {"Average Stock Price": "36.1108", "Year Open": "47.3900", "Year High": "47.3900", "Year Low": "28.7800", "Year Close": "30.9450", "Annual % Change": "-34.96%"}, "2013": {"Average Stock Price": "43.0175", "Year Open": "36.8000", "Year High": "47.8200", "Year Low": "35.7000", "Year Close": "47.5800", "Annual % Change": "29.93%"}, "2012": {"Average Stock Price": "33.7529", "Year Open": "27.7550", "Year High": "37.7900", "Year Low": "27.7550", "Year Close": "36.6200", "Annual % Change": "31.92%"}, "2011": {"Average Stock Price": "26.3134", "Year Open": "25.7800", "Year High": "29.1900", "Year Low": "22.9400", "Year Close": "27.7600", "Annual % Change": "9.16%"}, "2010": {"Average Stock Price": "22.5853", "Year Open": "19.9900", "Year High": "26.2300", "Year Low": "19.3500", "Year Close": "25.4300", "Annual % Change": "27.28%"}, "2009": {"Average Stock Price": "16.3355", "Year Open": "16.6500", "Year High": "20.6700", "Year Low": "10.4500", "Year Close": "19.9800", "Annual % Change": "24.88%"}, "2008": {"Average Stock Price": "18.3552", "Year Open": "18.5200", "Year High": "21.8900", "Year Low": "11.4200", "Year Close": "16.0000", "Annual % Change": "-15.97%"}, "2007": {"Average Stock Price": "24.4730", "Year Open": "23.0500", "Year High": "29.6500", "Year Low": "18.9700", "Year Close": "19.0400", "Annual % Change": "-15.98%"}, "2006": {"Average Stock Price": "18.4313", "Year Open": "15.5000", "Year High": "23.8000", "Year Low": "14.7800", "Year Close": "22.6600", "Annual % Change": "43.24%"}, "2005": {"Average Stock Price": "18.1615", "Year Open": "19.1700", "Year High": "21.4200", "Year Low": "14.5300", "Year Close": "15.8200", "Annual % Change": "-18.83%"}, "2004": {"Average Stock Price": "18.0476", "Year Open": "19.3000", "Year High": "19.5000", "Year Low": "15.9800", "Year Close": "19.4900", "Annual % Change": "1.14%"}, "2003": {"Average Stock Price": "20.3593", "Year Open": "19.9000", "Year High": "23.0500", "Year Low": "18.8000", "Year Close": "19.2700", "Annual % Change": "0.63%"}, "2002": {"Average Stock Price": "19.3634", "Year Open": "16.8000", "Year High": "22.2000", "Year Low": "15.7500", "Year Close": "19.1500", "Annual % Change": "11.34%"}, "2001": {"Average Stock Price": "17.3788", "Year Open": "13.7000", "Year High": "19.7500", "Year Low": "13.7000", "Year Close": "17.2000", "Annual % Change": "19.11%"}, "2000": {"Average Stock Price": "11.9313", "Year Open": "13.0600", "Year High": "15.0000", "Year Low": "9.0630", "Year Close": "14.4400", "Annual % Change": "9.98%"}, "1999": {"Average Stock Price": "21.5849", "Year Open": "23.6900", "Year High": "29.0000", "Year Low": "11.8100", "Year Close": "13.1300", "Annual % Change": "-44.13%"}, "1998": {"Average Stock Price": "37.3820", "Year Open": "37.7500", "Year High": "45.6300", "Year Low": "21.6900", "Year Close": "23.5000", "Annual % Change": "-36.91%"}, "1997": {"Average Stock Price": "31.9786", "Year Open": "27.2500", "Year High": "41.3800", "Year Low": "24.0000", "Year Close": "37.2500", "Annual % Change": "34.23%"}, "1996": {"Average Stock Price": "27.0219", "Year Open": "25.4000", "Year High": "31.5000", "Year Low": "22.1200", "Year Close": "27.7500", "Annual % Change": "12.80%"}, "1995": {"Average Stock Price": "20.8732", "Year Open": "16.1600", "Year High": "24.8000", "Year Low": "16.1600", "Year Close": "24.6000", "Annual % Change": "53.02%"}, "1994": {"Average Stock Price": "16.6537", "Year Open": "13.2454", "Year High": "18.7200", "Year Low": "13.2454", "Year Close": "16.0768", "Annual % Change": "13.69%"}, "1993": {"Average Stock Price": "13.1550", "Year Open": "13.1840", "Year High": "15.6160", "Year Low": "10.4960", "Year Close": "14.1414", "Annual % Change": "8.87%"}, "1992": {"Average Stock Price": "11.9120", "Year Open": "10.9227", "Year High": "13.6960", "Year Low": "10.2844", "Year Close": "12.9894", "Annual % Change": "14.87%"}, "1991": {"Average Stock Price": "7.4038", "Year Open": "5.6334", "Year High": "11.3084", "Year Low": "5.0872", "Year Close": "11.3084", "Annual % Change": "105.73%"}, "1990": {"Average Stock Price": "5.4890", "Year Open": "5.4286", "Year High": "7.1352", "Year Low": "4.2680", "Year Close": "5.4968", "Annual % Change": "1.92%"}, "1989": {"Average Stock Price": "4.0928", "Year Open": "2.6296", "Year High": "5.5979", "Year Low": "2.6296", "Year Close": "5.3931", "Annual % Change": "107.90%"}, "1988": {"Average Stock Price": "2.2117", "Year Open": "1.9470", "Year High": "2.9000", "Year Low": "1.7749", "Year Close": "2.5941", "Annual % Change": "38.28%"}, "1987": {"Average Stock Price": "2.9981", "Year Open": "2.2528", "Year High": "4.2325", "Year Low": "1.8104", "Year Close": "1.8760", "Annual % Change": "-16.73%"}, "1986": {"Average Stock Price": "3.2249", "Year Open": "3.2768", "Year High": "4.2325", "Year Low": "2.1163", "Year Close": "2.2528", "Annual % Change": "-32.65%"}, "1985": {"Average Stock Price": "3.7422", "Year Open": "2.7662", "Year High": "4.6094", "Year Low": "2.7307", "Year Close": "3.3451", "Annual % Change": "19.51%"}, "1984": {"Average Stock Price": "2.5756", "Year Open": "1.5019", "Year High": "3.6536", "Year Low": "1.5019", "Year Close": "2.7989", "Annual % Change": "105.00%"}, "1983": {"Average Stock Price": "2.8233", "Year Open": "4.3008", "Year High": "4.4728", "Year Low": "1.3653", "Year Close": "1.3653", "Annual % Change": "-69.92%"}}}, "market cap": {"value": "$6.44B"}, "income statement": {"Revenue": {"2019-12-31": "4504.57100", "2018-12-31": "4514.81000", "2017-12-31": "4881.49300", "2016-12-31": "5453.15000", "2015-12-31": "5702.61300", "2014-12-31": "6023.81900", "2013-12-31": "6484.89200", "2012-12-31": "6420.88100", "2011-12-31": "6266.03700", "2010-12-31": "5856.19500", "2009-12-31": "5430.84600", "2008-12-31": "5918.00200", "2007-12-31": "5970.09000", "2006-12-31": "5650.15600", "2005-12-31": "5179.01600"}, "Cost Of Goods Sold": {"2019-12-31": "2523.79200", "2018-12-31": "2716.12700", "2017-12-31": "3056.92200", "2016-12-31": "2906.45900", "2015-12-31": "2896.25500", "2014-12-31": "3022.79700", "2013-12-31": "3006.00900", "2012-12-31": "3011.68400", "2011-12-31": "3120.21100", "2010-12-31": "2901.22200", "2009-12-31": "2716.14900", "2008-12-31": "3233.59600", "2007-12-31": "3192.79000", "2006-12-31": "3038.36300", "2005-12-31": "2806.14800"}, "Gross Profit": {"2019-12-31": "1980.77900", "2018-12-31": "1798.68300", "2017-12-31": "1824.57100", "2016-12-31": "2546.69100", "2015-12-31": "2806.35800", "2014-12-31": "3001.02200", "2013-12-31": "3478.88300", "2012-12-31": "3409.19700", "2011-12-31": "3145.82600", "2010-12-31": "2954.97300", "2009-12-31": "2714.69700", "2008-12-31": "2684.40600", "2007-12-31": "2777.30000", "2006-12-31": "2611.79300", "2005-12-31": "2372.86800"}, "Research And Development Expenses": {"2019-12-31": "", "2018-12-31": "", "2017-12-31": "", "2016-12-31": "", "2015-12-31": "", "2014-12-31": "", "2013-12-31": "", "2012-12-31": "", "2011-12-31": "", "2010-12-31": "", "2009-12-31": "", "2008-12-31": "", "2007-12-31": "", "2006-12-31": "", "2005-12-31": ""}, "SG&A Expenses": {"2019-12-31": "1941.53900", "2018-12-31": "2033.03200", "2017-12-31": "2160.26900", "2016-12-31": "2026.71600", "2015-12-31": "2265.43600", "2014-12-31": "2347.30800", "2013-12-31": "2310.78000", "2012-12-31": "2388.18200", "2011-12-31": "2104.72500", "2010-12-31": "2053.07100", "2009-12-31": "1983.52900", "2008-12-31": "2142.61400", "2007-12-31": "2047.22200", "2006-12-31": "1882.97500", "2005-12-31": "1708.33900"}, "Other Operating Income Or Expenses": {"2019-12-31": "", "2018-12-31": "", "2017-12-31": "", "2016-12-31": "", "2015-12-31": "", "2014-12-31": "", "2013-12-31": "", "2012-12-31": "", "2011-12-31": "", "2010-12-31": "", "2009-12-31": "", "2008-12-31": "", "2007-12-31": "", "2006-12-31": "", "2005-12-31": ""}, "Operating Expenses": {"2019-12-31": "4465.33100", "2018-12-31": "4749.15900", "2017-12-31": "5217.19100", "2016-12-31": "4933.17500", "2015-12-31": "5161.69100", "2014-12-31": "5370.10500", "2013-12-31": "5316.78900", "2012-12-31": "5399.86600", "2011-12-31": "5224.93600", "2010-12-31": "4954.29300", "2009-12-31": "4699.67800", "2008-12-31": "5376.21000", "2007-12-31": "5240.01200", "2006-12-31": "4921.33800", "2005-12-31": "4514.48700"}, "Operating Income": {"2019-12-31": "39.23980", "2018-12-31": "-234.34910", "2017-12-31": "-335.69820", "2016-12-31": "519.97510", "2015-12-31": "540.92190", "2014-12-31": "653.71390", "2013-12-31": "1168.10300", "2012-12-31": "1021.01500", "2011-12-31": "1041.10100", "2010-12-31": "901.90190", "2009-12-31": "731.16850", "2008-12-31": "541.79200", "2007-12-31": "730.07810", "2006-12-31": "728.81790", "2005-12-31": "664.52930"}, "Total Non-Operating Income/Expense": {"2019-12-31": "-197.52800", "2018-12-31": "-182.75400", "2017-12-31": "-165.54700", "2016-12-31": "-117.93300", "2015-12-31": "-77.00700", "2014-12-31": "-66.80400", "2013-12-31": "-68.97500", "2012-12-31": "-75.97000", "2011-12-31": "-70.42800", "2010-12-31": "-55.07700", "2009-12-31": "-71.12100", "2008-12-31": "-53.82800", "2007-12-31": "-26.68000", "2006-12-31": "-45.06200", "2005-12-31": "-12.48000"}, "Pre-Tax Income": {"2019-12-31": "-158.28800", "2018-12-31": "-417.10300", "2017-12-31": "-501.24500", "2016-12-31": "402.04200", "2015-12-31": "463.91500", "2014-12-31": "586.91000", "2013-12-31": "1099.12800", "2012-12-31": "945.04500", "2011-12-31": "970.67300", "2010-12-31": "846.82500", "2009-12-31": "660.04700", "2008-12-31": "487.96400", "2007-12-31": "703.39800", "2006-12-31": "683.75600", "2005-12-31": "652.04900"}, "Income Taxes": {"2019-12-31": "55.22400", "2018-12-31": "116.19600", "2017-12-31": "553.33400", "2016-12-31": "89.13400", "2015-12-31": "94.49900", "2014-12-31": "88.03600", "2013-12-31": "195.18400", "2012-12-31": "168.58100", "2011-12-31": "202.16500", "2010-12-31": "161.96200", "2009-12-31": "131.34300", "2008-12-31": "108.32800", "2007-12-31": "103.40500", "2006-12-31": "90.82900", "2005-12-31": "235.03000"}, "Income After Taxes": {"2019-12-31": "-213.51200", "2018-12-31": "-533.29900", "2017-12-31": "-1054.57900", "2016-12-31": "312.90800", "2015-12-31": "369.41600", "2014-12-31": "498.87400", "2013-12-31": "903.94400", "2012-12-31": "776.46400", "2011-12-31": "768.50800", "2010-12-31": "684.86300", "2009-12-31": "528.70400", "2008-12-31": "379.63600", "2007-12-31": "599.99300", "2006-12-31": "592.92700", "2005-12-31": "417.01900"}, "Other Income": {"2019-12-31": "", "2018-12-31": "", "2017-12-31": "", "2016-12-31": "", "2015-12-31": "", "2014-12-31": "", "2013-12-31": "", "2012-12-31": "", "2011-12-31": "", "2010-12-31": "", "2009-12-31": "", "2008-12-31": "", "2007-12-31": "", "2006-12-31": "", "2005-12-31": ""}, "Income From Continuous Operations": {"2019-12-31": "-213.51200", "2018-12-31": "-533.29900", "2017-12-31": "-1054.57900", "2016-12-31": "312.90800", "2015-12-31": "369.41600", "2014-12-31": "498.87400", "2013-12-31": "903.94400", "2012-12-31": "776.46400", "2011-12-31": "768.50800", "2010-12-31": "684.86300", "2009-12-31": "528.70400", "2008-12-31": "379.63600", "2007-12-31": "599.99300", "2006-12-31": "592.92700", "2005-12-31": "417.01900"}, "Income From Discontinued Operations": {"2019-12-31": "", "2018-12-31": "", "2017-12-31": "", "2016-12-31": "", "2015-12-31": "", "2014-12-31": "", "2013-12-31": "", "2012-12-31": "", "2011-12-31": "", "2010-12-31": "", "2009-12-31": "", "2008-12-31": "", "2007-12-31": "", "2006-12-31": "", "2005-12-31": ""}, "Net Income": {"2019-12-31": "-213.51200", "2018-12-31": "-533.29900", "2017-12-31": "-1054.57900", "2016-12-31": "312.90800", "2015-12-31": "369.41600", "2014-12-31": "498.87400", "2013-12-31": "895.60900", "2012-12-31": "768.73400", "2011-12-31": "759.68700", "2010-12-31": "676.95100", "2009-12-31": "522.71200", "2008-12-31": "375.90500", "2007-12-31": "595.71300", "2006-12-31": "592.92700", "2005-12-31": "417.01900"}, "EBITDA": {"2019-12-31": "283.75780", "2018-12-31": "37.58290", "2017-12-31": "-60.93120", "2016-12-31": "782.31510", "2015-12-31": "806.34890", "2014-12-31": "902.41490", "2013-12-31": "1364.49600", "2012-12-31": "1195.29700", "2011-12-31": "1202.39900", "2010-12-31": "1067.71000", "2009-12-31": "900.99850", "2008-12-31": "713.88700", "2007-12-31": "902.15810", "2006-12-31": "901.08190", "2005-12-31": "839.52030"}, "EBIT": {"2019-12-31": "39.23980", "2018-12-31": "-234.34910", "2017-12-31": "-335.69820", "2016-12-31": "519.97510", "2015-12-31": "540.92190", "2014-12-31": "653.71390", "2013-12-31": "1168.10300", "2012-12-31": "1021.01500", "2011-12-31": "1041.10100", "2010-12-31": "901.90190", "2009-12-31": "731.16850", "2008-12-31": "541.79200", "2007-12-31": "730.07810", "2006-12-31": "728.81790", "2005-12-31": "664.52930"}, "Basic Shares Outstanding": {"2019-12-31": "346.12700", "2018-12-31": "345.01200", "2017-12-31": "343.56400", "2016-12-31": "341.48000", "2015-12-31": "339.17200", "2014-12-31": "339.01600", "2013-12-31": "343.39400", "2012-12-31": "341.66500", "2011-12-31": "344.66900", "2010-12-31": "360.61500", "2009-12-31": "360.08500", "2008-12-31": "360.75700", "2007-12-31": "384.45000", "2006-12-31": "382.92100", "2005-12-31": "407.40200"}, "Shares Outstanding": {"2019-12-31": "346.12700", "2018-12-31": "345.01200", "2017-12-31": "343.56400", "2016-12-31": "344.23300", "2015-12-31": "339.74800", "2014-12-31": "340.76800", "2013-12-31": "347.45900", "2012-12-31": "346.15800", "2011-12-31": "348.42400", "2010-12-31": "364.57000", "2009-12-31": "361.51000", "2008-12-31": "362.21100", "2007-12-31": "388.95500", "2006-12-31": "386.42200", "2005-12-31": "411.03900"}, "Basic EPS": {"2019-12-31": "-0.62000", "2018-12-31": "-1.55000", "2017-12-31": "-3.07000", "2016-12-31": "0.91000", "2015-12-31": "1.08000", "2014-12-31": "1.46000", "2013-12-31": "2.61000", "2012-12-31": "2.25000", "2011-12-31": "2.20000", "2010-12-31": "1.88000", "2009-12-31": "1.45000", "2008-12-31": "1.04000", "2007-12-31": "1.55000", "2006-12-31": "1.55000", "2005-12-31": "1.02000"}, "EPS - Earnings Per Share": {"2019-12-31": "-0.62000", "2018-12-31": "-1.55000", "2017-12-31": "-3.07000", "2016-12-31": "0.91000", "2015-12-31": "1.08000", "2014-12-31": "1.45000", "2013-12-31": "2.58000", "2012-12-31": "2.22000", "2011-12-31": "2.18000", "2010-12-31": "1.86000", "2009-12-31": "1.45000", "2008-12-31": "1.04000", "2007-12-31": "1.53000", "2006-12-31": "1.53000", "2005-12-31": "1.01000"}}, "income statement, quarterly": {"Revenue": {"2020-09-30": "1631.69100", "2020-06-30": "732.13600", "2020-03-31": "594.06900", "2019-12-31": "1473.70500", "2019-09-30": "1481.55700", "2019-06-30": "860.06300", "2019-03-31": "689.24600", "2018-12-31": "1528.23900", "2018-09-30": "1437.45100", "2018-06-30": "840.74800", "2018-03-31": "708.37200", "2017-12-31": "1610.41500", "2017-09-30": "1560.98300", "2017-06-30": "974.47700", "2017-03-31": "735.61800", "2016-12-31": "1830.90000", "2016-09-30": "1795.57500", "2016-06-30": "957.27600", "2016-03-31": "869.39900", "2015-12-31": "1999.74400", "2015-09-30": "1791.96800", "2015-06-30": "988.15200", "2015-03-31": "922.74900", "2014-12-31": "1993.96600", "2014-09-30": "2021.42400", "2014-06-30": "1062.25200", "2014-03-31": "946.17700", "2013-12-31": "2113.21600", "2013-09-30": "2206.96100", "2013-06-30": "1169.10900", "2013-03-31": "995.60600", "2012-12-31": "2255.90500", "2012-09-30": "2077.81600", "2012-06-30": "1158.71100", "2012-03-31": "928.44900", "2011-12-31": "2153.75400", "2011-09-30": "1998.76000", "2011-06-30": "1161.66700", "2011-03-31": "951.85600", "2010-12-31": "2124.55400", "2010-09-30": "1833.05600", "2010-06-30": "1018.50300", "2010-03-31": "880.08200", "2009-12-31": "1955.12800", "2009-09-30": "1791.87500", "2009-06-30": "898.19700", "2009-03-31": "785.64600", "2008-12-31": "1939.95700", "2008-09-30": "1946.31500", "2008-06-30": "1112.43100", "2008-03-31": "919.29900", "2007-12-31": "2188.62500", "2007-09-30": "1838.57400", "2007-06-30": "1002.62500", "2007-03-31": "940.26500", "2006-12-31": "2108.84200", "2006-09-30": "1790.31200", "2006-06-30": "957.65500", "2006-03-31": "793.34700", "2005-12-31": "1842.92800", "2005-09-30": "1666.14500", "2005-06-30": "886.82300", "2005-03-31": "783.12000"}, "Cost Of Goods Sold": {"2020-09-30": "799.30700", "2020-06-30": "411.28800", "2020-03-31": "338.88600", "2019-12-31": "760.52690", "2019-09-30": "795.13000", "2019-06-30": "518.67900", "2019-03-31": "449.45600", "2018-12-31": "814.68690", "2018-09-30": "824.39500", "2018-06-30": "587.54600", "2018-03-31": "489.49900", "2017-12-31": "1111.53600", "2017-09-30": "913.83400", "2017-06-30": "574.71200", "2017-03-31": "456.84000", "2016-12-31": "977.21190", "2016-09-30": "924.81000", "2016-06-30": "523.70900", "2016-03-31": "480.72800", "2015-12-31": "996.28880", "2015-09-30": "912.37100", "2015-06-30": "515.29400", "2015-03-31": "472.30100", "2014-12-31": "988.18310", "2014-09-30": "1000.28600", "2014-06-30": "569.68200", "2014-03-31": "464.64600", "2013-12-31": "962.37200", "2013-09-30": "1018.98100", "2013-06-30": "569.10100", "2013-03-31": "455.55500", "2012-12-31": "1029.97200", "2012-09-30": "962.44500", "2012-06-30": "564.18900", "2012-03-31": "455.07800", "2011-12-31": "993.38990", "2011-09-30": "1042.68600", "2011-06-30": "605.42600", "2011-03-31": "478.70900", "2010-12-31": "1028.58000", "2010-09-30": "895.52500", "2010-06-30": "528.88700", "2010-03-31": "448.23000", "2009-12-31": "910.97800", "2009-09-30": "873.26000", "2009-06-30": "492.13700", "2009-03-31": "439.77400", "2008-12-31": "1047.79100", "2008-09-30": "1046.24500", "2008-06-30": "617.09700", "2008-03-31": "522.46300", "2007-12-31": "1137.88600", "2007-09-30": "973.86200", "2007-06-30": "559.46300", "2007-03-31": "521.57900", "2006-12-31": "1096.49600", "2006-09-30": "938.94300", "2006-06-30": "541.53500", "2006-03-31": "461.38900", "2005-12-31": "962.19400", "2005-09-30": "904.88800", "2005-06-30": "500.00600", "2005-03-31": "439.06000"}, "Gross Profit": {"2020-09-30": "832.38400", "2020-06-30": "320.84800", "2020-03-31": "255.18300", "2019-12-31": "713.17780", "2019-09-30": "686.42700", "2019-06-30": "341.38400", "2019-03-31": "239.79000", "2018-12-31": "713.55190", "2018-09-30": "613.05600", "2018-06-30": "253.20200", "2018-03-31": "218.87300", "2017-12-31": "498.87900", "2017-09-30": "647.14900", "2017-06-30": "399.76500", "2017-03-31": "278.77800", "2016-12-31": "853.68800", "2016-09-30": "870.76500", "2016-06-30": "433.56700", "2016-03-31": "388.67100", "2015-12-31": "1003.45500", "2015-09-30": "879.59700", "2015-06-30": "472.85800", "2015-03-31": "450.44800", "2014-12-31": "1005.78300", "2014-09-30": "1021.13800", "2014-06-30": "492.56990", "2014-03-31": "481.53100", "2013-12-31": "1150.84400", "2013-09-30": "1187.98000", "2013-06-30": "600.00800", "2013-03-31": "540.05100", "2012-12-31": "1225.93300", "2012-09-30": "1115.37100", "2012-06-30": "594.52200", "2012-03-31": "473.37100", "2011-12-31": "1160.36500", "2011-09-30": "956.07400", "2011-06-30": "556.24100", "2011-03-31": "473.14700", "2010-12-31": "1095.97400", "2010-09-30": "937.53100", "2010-06-30": "489.61600", "2010-03-31": "431.85200", "2009-12-31": "1044.15000", "2009-09-30": "918.61500", "2009-06-30": "406.06000", "2009-03-31": "345.87200", "2008-12-31": "892.16560", "2008-09-30": "900.06990", "2008-06-30": "495.33400", "2008-03-31": "396.83600", "2007-12-31": "1050.74000", "2007-09-30": "864.71200", "2007-06-30": "443.16200", "2007-03-31": "418.68600", "2006-12-31": "1012.34600", "2006-09-30": "851.36900", "2006-06-30": "416.12010", "2006-03-31": "331.95800", "2005-12-31": "880.73410", "2005-09-30": "761.25700", "2005-06-30": "386.81700", "2005-03-31": "344.06000"}, "Research And Development Expenses": {"2020-09-30": "", "2020-06-30": "", "2020-03-31": "", "2019-12-31": "", "2019-09-30": "", "2019-06-30": "", "2019-03-31": "", "2018-12-31": "", "2018-09-30": "", "2018-06-30": "", "2018-03-31": "", "2017-12-31": "", "2017-09-30": "", "2017-06-30": "", "2017-03-31": "", "2016-12-31": "", "2016-09-30": "", "2016-06-30": "", "2016-03-31": "", "2015-12-31": "", "2015-09-30": "", "2015-06-30": "", "2015-03-31": "", "2014-12-31": "", "2014-09-30": "", "2014-06-30": "", "2014-03-31": "", "2013-12-31": "", "2013-09-30": "", "2013-06-30": "", "2013-03-31": "", "2012-12-31": "", "2012-09-30": "", "2012-06-30": "", "2012-03-31": "", "2011-12-31": "", "2011-09-30": "", "2011-06-30": "", "2011-03-31": "", "2010-12-31": "", "2010-09-30": "", "2010-06-30": "", "2010-03-31": "", "2009-12-31": "", "2009-09-30": "", "2009-06-30": "", "2009-03-31": "", "2008-12-31": "", "2008-09-30": "", "2008-06-30": "", "2008-03-31": "", "2007-12-31": "", "2007-09-30": "", "2007-06-30": "", "2007-03-31": "", "2006-12-31": "", "2006-09-30": "", "2006-06-30": "", "2006-03-31": "", "2005-12-31": "", "2005-09-30": "", "2005-06-30": "", "2005-03-31": ""}, "SG&A Expenses": {"2020-09-30": "448.22700", "2020-06-30": "366.98900", "2020-03-31": "404.99300", "2019-12-31": "645.59810", "2019-09-30": "536.34000", "2019-06-30": "392.80000", "2019-03-31": "366.80100", "2018-12-31": "604.00310", "2018-09-30": "491.18200", "2018-06-30": "442.39300", "2018-03-31": "495.45400", "2017-12-31": "746.17810", "2017-09-30": "560.90500", "2017-06-30": "448.79500", "2017-03-31": "404.39100", "2016-12-31": "590.30310", "2016-09-30": "553.36900", "2016-06-30": "445.22700", "2016-03-31": "437.81700", "2015-12-31": "709.40210", "2015-09-30": "578.82400", "2015-06-30": "472.29500", "2015-03-31": "504.91500", "2014-12-31": "768.77390", "2014-09-30": "611.65900", "2014-06-30": "491.56200", "2014-03-31": "475.31300", "2013-12-31": "671.53710", "2013-09-30": "659.80500", "2013-06-30": "505.21800", "2013-03-31": "474.22000", "2012-12-31": "852.45410", "2012-09-30": "628.00400", "2012-06-30": "463.08900", "2012-03-31": "444.63500", "2011-12-31": "662.85800", "2011-09-30": "558.50400", "2011-06-30": "446.97400", "2011-03-31": "436.38900", "2010-12-31": "667.36600", "2010-09-30": "578.90000", "2010-06-30": "420.18000", "2010-03-31": "386.62500", "2009-12-31": "626.74010", "2009-09-30": "582.16100", "2009-06-30": "373.54700", "2009-03-31": "401.08100", "2008-12-31": "659.79610", "2008-09-30": "584.72100", "2008-06-30": "464.72600", "2008-03-31": "433.37100", "2007-12-31": "688.67000", "2007-09-30": "554.18400", "2007-06-30": "406.31300", "2007-03-31": "398.05500", "2006-12-31": "623.68300", "2006-09-30": "529.13400", "2006-06-30": "366.20900", "2006-03-31": "363.94900", "2005-12-31": "559.05900", "2005-09-30": "452.45700", "2005-06-30": "358.29200", "2005-03-31": "338.53100"}, "Other Operating Income Or Expenses": {"2020-09-30": "", "2020-06-30": "", "2020-03-31": "", "2019-12-31": "", "2019-09-30": "", "2019-06-30": "", "2019-03-31": "", "2018-12-31": "", "2018-09-30": "", "2018-06-30": "", "2018-03-31": "", "2017-12-31": "", "2017-09-30": "", "2017-06-30": "", "2017-03-31": "", "2016-12-31": "", "2016-09-30": "", "2016-06-30": "", "2016-03-31": "", "2015-12-31": "", "2015-09-30": "", "2015-06-30": "", "2015-03-31": "", "2014-12-31": "", "2014-09-30": "", "2014-06-30": "", "2014-03-31": "", "2013-12-31": "", "2013-09-30": "", "2013-06-30": "", "2013-03-31": "", "2012-12-31": "", "2012-09-30": "", "2012-06-30": "", "2012-03-31": "", "2011-12-31": "", "2011-09-30": "", "2011-06-30": "", "2011-03-31": "", "2010-12-31": "", "2010-09-30": "", "2010-06-30": "", "2010-03-31": "", "2009-12-31": "", "2009-09-30": "", "2009-06-30": "", "2009-03-31": "", "2008-12-31": "", "2008-09-30": "", "2008-06-30": "", "2008-03-31": "", "2007-12-31": "", "2007-09-30": "", "2007-06-30": "", "2007-03-31": "", "2006-12-31": "", "2006-09-30": "", "2006-06-30": "", "2006-03-31": "", "2005-12-31": "", "2005-09-30": "", "2005-06-30": "", "2005-03-31": ""}, "Operating Expenses": {"2020-09-30": "1247.53400", "2020-06-30": "778.27700", "2020-03-31": "743.87900", "2019-12-31": "1406.12500", "2019-09-30": "1331.47000", "2019-06-30": "911.47900", "2019-03-31": "816.25700", "2018-12-31": "1418.69000", "2018-09-30": "1315.57700", "2018-06-30": "1029.93900", "2018-03-31": "984.95300", "2017-12-31": "1857.71400", "2017-09-30": "1474.73900", "2017-06-30": "1023.50700", "2017-03-31": "861.23100", "2016-12-31": "1567.51500", "2016-09-30": "1478.17900", "2016-06-30": "968.93600", "2016-03-31": "918.54500", "2015-12-31": "1705.69100", "2015-09-30": "1491.19500", "2015-06-30": "987.58900", "2015-03-31": "977.21600", "2014-12-31": "1756.95700", "2014-09-30": "1611.94500", "2014-06-30": "1061.24400", "2014-03-31": "939.95900", "2013-12-31": "1633.90900", "2013-09-30": "1678.78600", "2013-06-30": "1074.31900", "2013-03-31": "929.77500", "2012-12-31": "1882.42600", "2012-09-30": "1590.44900", "2012-06-30": "1027.27800", "2012-03-31": "899.71300", "2011-12-31": "1656.24800", "2011-09-30": "1601.19000", "2011-06-30": "1052.40000", "2011-03-31": "915.09800", "2010-12-31": "1695.94600", "2010-09-30": "1474.42500", "2010-06-30": "949.06700", "2010-03-31": "834.85500", "2009-12-31": "1537.71800", "2009-09-30": "1455.42100", "2009-06-30": "865.68400", "2009-03-31": "840.85500", "2008-12-31": "1707.58700", "2008-09-30": "1630.96600", "2008-06-30": "1081.82300", "2008-03-31": "955.83400", "2007-12-31": "1826.55600", "2007-09-30": "1528.04600", "2007-06-30": "965.77600", "2007-03-31": "919.63400", "2006-12-31": "1720.17900", "2006-09-30": "1468.07700", "2006-06-30": "907.74400", "2006-03-31": "825.33800", "2005-12-31": "1521.25300", "2005-09-30": "1357.34500", "2005-06-30": "858.29800", "2005-03-31": "777.59100"}, "Operating Income": {"2020-09-30": "384.15700", "2020-06-30": "-46.14100", "2020-03-31": "-149.81000", "2019-12-31": "67.57960", "2019-09-30": "150.08700", "2019-06-30": "-51.41600", "2019-03-31": "-127.01100", "2018-12-31": "109.54870", "2018-09-30": "121.87400", "2018-06-30": "-189.19100", "2018-03-31": "-276.58100", "2017-12-31": "-247.29910", "2017-09-30": "86.24400", "2017-06-30": "-49.03000", "2017-03-31": "-125.61300", "2016-12-31": "263.38500", "2016-09-30": "317.39600", "2016-06-30": "-11.66000", "2016-03-31": "-49.14600", "2015-12-31": "294.05250", "2015-09-30": "300.77310", "2015-06-30": "0.56300", "2015-03-31": "-54.46700", "2014-12-31": "237.00900", "2014-09-30": "409.47890", "2014-06-30": "1.00790", "2014-03-31": "6.21800", "2013-12-31": "479.30750", "2013-09-30": "528.17490", "2013-06-30": "94.78990", "2013-03-31": "65.83100", "2012-12-31": "373.47890", "2012-09-30": "487.36690", "2012-06-30": "131.43300", "2012-03-31": "28.73600", "2011-12-31": "497.50620", "2011-09-30": "397.56990", "2011-06-30": "109.26700", "2011-03-31": "36.75800", "2010-12-31": "428.60790", "2010-09-30": "358.63100", "2010-06-30": "69.43600", "2010-03-31": "45.22700", "2009-12-31": "417.41040", "2009-09-30": "336.45400", "2009-06-30": "32.51310", "2009-03-31": "-55.20900", "2008-12-31": "232.36990", "2008-09-30": "315.34890", "2008-06-30": "30.60800", "2008-03-31": "-36.53500", "2007-12-31": "362.06960", "2007-09-30": "310.52810", "2007-06-30": "36.84900", "2007-03-31": "20.63100", "2006-12-31": "388.66270", "2006-09-30": "322.23510", "2006-06-30": "49.91100", "2006-03-31": "-31.99100", "2005-12-31": "321.67540", "2005-09-30": "308.80000", "2005-06-30": "28.52500", "2005-03-31": "5.52900"}, "Total Non-Operating Income/Expense": {"2020-09-30": "-46.08300", "2020-06-30": "-50.19200", "2020-03-31": "-49.03900", "2019-12-31": "-58.39800", "2019-09-30": "-48.13200", "2019-06-30": "-44.40800", "2019-03-31": "-46.59000", "2018-12-31": "-51.31700", "2018-09-30": "-49.28200", "2018-06-30": "-44.83100", "2018-03-31": "-37.32400", "2017-12-31": "-95.79500", "2017-09-30": "-24.98100", "2017-06-30": "-24.71300", "2017-03-31": "-20.05800", "2016-12-31": "-32.14000", "2016-09-30": "-23.36800", "2016-06-30": "-18.09200", "2016-03-31": "-44.33300", "2015-12-31": "-23.23200", "2015-09-30": "-14.63400", "2015-06-30": "-20.46100", "2015-03-31": "-18.68000", "2014-12-31": "-20.48700", "2014-09-30": "-15.29900", "2014-06-30": "-15.37900", "2014-03-31": "-15.63900", "2013-12-31": "-17.41600", "2013-09-30": "-13.83200", "2013-06-30": "-16.06100", "2013-03-31": "-21.66600", "2012-12-31": "-16.81000", "2012-09-30": "-20.52000", "2012-06-30": "-20.07200", "2012-03-31": "-18.56800", "2011-12-31": "-28.65300", "2011-09-30": "-11.89900", "2011-06-30": "-14.37900", "2011-03-31": "-15.49700", "2010-12-31": "-23.76100", "2010-09-30": "-12.01200", "2010-06-30": "-7.35900", "2010-03-31": "-11.94500", "2009-12-31": "-20.36300", "2009-09-30": "-31.82100", "2009-06-30": "-8.69600", "2009-03-31": "-10.24100", "2008-12-31": "-6.64500", "2008-09-30": "-8.24100", "2008-06-30": "-15.67500", "2008-03-31": "-23.26700", "2007-12-31": "-18.46300", "2007-09-30": "-2.84000", "2007-06-30": "-0.38400", "2007-03-31": "-4.99300", "2006-12-31": "-15.31900", "2006-09-30": "-17.68200", "2006-06-30": "-7.55700", "2006-03-31": "-4.50400", "2005-12-31": "-15.91900", "2005-09-30": "2.53900", "2005-06-30": "-2.51900", "2005-03-31": "3.41900"}, "Pre-Tax Income": {"2020-09-30": "338.07400", "2020-06-30": "-96.33300", "2020-03-31": "-198.84900", "2019-12-31": "9.18200", "2019-09-30": "101.95500", "2019-06-30": "-95.82400", "2019-03-31": "-173.60100", "2018-12-31": "58.23200", "2018-09-30": "72.59200", "2018-06-30": "-234.02200", "2018-03-31": "-313.90500", "2017-12-31": "-343.09400", "2017-09-30": "61.26300", "2017-06-30": "-73.74300", "2017-03-31": "-145.67100", "2016-12-31": "231.24500", "2016-09-30": "294.02800", "2016-06-30": "-29.75200", "2016-03-31": "-93.47900", "2015-12-31": "270.82100", "2015-09-30": "286.13900", "2015-06-30": "-19.89800", "2015-03-31": "-73.14700", "2014-12-31": "216.52200", "2014-09-30": "394.18000", "2014-06-30": "-14.37100", "2014-03-31": "-9.42100", "2013-12-31": "461.89100", "2013-09-30": "514.34300", "2013-06-30": "78.72900", "2013-03-31": "44.16500", "2012-12-31": "356.66900", "2012-09-30": "466.84700", "2012-06-30": "111.36100", "2012-03-31": "10.16800", "2011-12-31": "468.85300", "2011-09-30": "385.67100", "2011-06-30": "94.88800", "2011-03-31": "21.26100", "2010-12-31": "404.84700", "2010-09-30": "346.61900", "2010-06-30": "62.07700", "2010-03-31": "33.28200", "2009-12-31": "397.04700", "2009-09-30": "304.63300", "2009-06-30": "23.81700", "2009-03-31": "-65.45000", "2008-12-31": "225.72500", "2008-09-30": "307.10800", "2008-06-30": "14.93300", "2008-03-31": "-59.80200", "2007-12-31": "343.60700", "2007-09-30": "307.68800", "2007-06-30": "36.46500", "2007-03-31": "15.63800", "2006-12-31": "373.34400", "2006-09-30": "304.55300", "2006-06-30": "42.35400", "2006-03-31": "-36.49500", "2005-12-31": "305.75600", "2005-09-30": "311.33900", "2005-06-30": "26.00600", "2005-03-31": "8.94800"}, "Income Taxes": {"2020-09-30": "22.08000", "2020-06-30": "12.83900", "2020-03-31": "11.89200", "2019-12-31": "9.00700", "2019-09-30": "31.35900", "2019-06-30": "12.16300", "2019-03-31": "2.69500", "2018-12-31": "45.62500", "2018-09-30": "66.31400", "2018-06-30": "6.90900", "2018-03-31": "-2.65200", "2017-12-31": "-61.06800", "2017-09-30": "664.51000", "2017-06-30": "-17.66800", "2017-03-31": "-32.44000", "2016-12-31": "62.51400", "2016-09-30": "57.77800", "2016-06-30": "-10.63800", "2016-03-31": "-20.52000", "2015-12-31": "55.66100", "2015-09-30": "62.35500", "2015-06-30": "-8.54700", "2015-03-31": "-14.97000", "2014-12-31": "66.59100", "2014-09-30": "62.34400", "2014-06-30": "-42.69600", "2014-03-31": "1.79700", "2013-12-31": "92.64200", "2013-09-30": "91.50700", "2013-06-30": "5.38100", "2013-03-31": "5.65400", "2012-12-31": "50.18900", "2012-09-30": "100.91000", "2012-06-30": "15.14300", "2012-03-31": "2.33900", "2011-12-31": "98.27600", "2011-09-30": "84.87600", "2011-06-30": "14.35900", "2011-03-31": "4.65400", "2010-12-31": "79.66300", "2010-09-30": "63.35700", "2010-06-30": "10.50200", "2010-03-31": "8.44000", "2009-12-31": "68.66800", "2009-09-30": "74.79100", "2009-06-30": "2.34800", "2009-03-31": "-14.46400", "2008-12-31": "49.32400", "2008-09-30": "69.01000", "2008-06-30": "3.15000", "2008-03-31": "-13.15600", "2007-12-31": "15.13100", "2007-09-30": "70.93800", "2007-06-30": "13.66100", "2007-03-31": "3.67500", "2006-12-31": "86.99200", "2006-09-30": "65.52800", "2006-06-30": "4.97400", "2006-03-31": "-66.66500", "2005-12-31": "26.59600", "2005-09-30": "86.00000", "2005-06-30": "119.99300", "2005-03-31": "2.44100"}, "Income After Taxes": {"2020-09-30": "315.99400", "2020-06-30": "-109.17200", "2020-03-31": "-210.74100", "2019-12-31": "0.17500", "2019-09-30": "70.59600", "2019-06-30": "-107.98700", "2019-03-31": "-176.29600", "2018-12-31": "12.60700", "2018-09-30": "6.27800", "2018-06-30": "-240.93100", "2018-03-31": "-311.25300", "2017-12-31": "-282.02590", "2017-09-30": "-603.24700", "2017-06-30": "-56.07500", "2017-03-31": "-113.23100", "2016-12-31": "168.73100", "2016-09-30": "236.25000", "2016-06-30": "-19.11400", "2016-03-31": "-72.95900", "2015-12-31": "215.16000", "2015-09-30": "223.78400", "2015-06-30": "-11.35100", "2015-03-31": "-58.17700", "2014-12-31": "149.93100", "2014-09-30": "331.83600", "2014-06-30": "28.32500", "2014-03-31": "-11.21800", "2013-12-31": "369.24900", "2013-09-30": "422.83600", "2013-06-30": "73.34800", "2013-03-31": "38.51100", "2012-12-31": "306.48000", "2012-09-30": "365.93700", "2012-06-30": "96.21800", "2012-03-31": "7.82900", "2011-12-31": "370.57700", "2011-09-30": "300.79500", "2011-06-30": "80.52900", "2011-03-31": "16.60700", "2010-12-31": "325.18400", "2010-09-30": "283.26200", "2010-06-30": "51.57500", "2010-03-31": "24.84200", "2009-12-31": "328.37900", "2009-09-30": "229.84200", "2009-06-30": "21.46900", "2009-03-31": "-50.98600", "2008-12-31": "176.40100", "2008-09-30": "238.09800", "2008-06-30": "11.78300", "2008-03-31": "-46.64600", "2007-12-31": "328.47600", "2007-09-30": "236.75000", "2007-06-30": "22.80400", "2007-03-31": "11.96300", "2006-12-31": "286.35200", "2006-09-30": "239.02500", "2006-06-30": "37.38000", "2006-03-31": "30.17000", "2005-12-31": "279.16000", "2005-09-30": "225.33900", "2005-06-30": "-93.98700", "2005-03-31": "6.50700"}, "Other Income": {"2020-09-30": "", "2020-06-30": "", "2020-03-31": "", "2019-12-31": "", "2019-09-30": "", "2019-06-30": "", "2019-03-31": "", "2018-12-31": "", "2018-09-30": "", "2018-06-30": "", "2018-03-31": "", "2017-12-31": "", "2017-09-30": "", "2017-06-30": "", "2017-03-31": "", "2016-12-31": "", "2016-09-30": "", "2016-06-30": "", "2016-03-31": "", "2015-12-31": "", "2015-09-30": "", "2015-06-30": "", "2015-03-31": "", "2014-12-31": "", "2014-09-30": "", "2014-06-30": "", "2014-03-31": "", "2013-12-31": "", "2013-09-30": "", "2013-06-30": "", "2013-03-31": "", "2012-12-31": "", "2012-09-30": "", "2012-06-30": "", "2012-03-31": "", "2011-12-31": "", "2011-09-30": "", "2011-06-30": "", "2011-03-31": "", "2010-12-31": "", "2010-09-30": "", "2010-06-30": "", "2010-03-31": "", "2009-12-31": "", "2009-09-30": "", "2009-06-30": "", "2009-03-31": "", "2008-12-31": "", "2008-09-30": "", "2008-06-30": "", "2008-03-31": "", "2007-12-31": "", "2007-09-30": "", "2007-06-30": "", "2007-03-31": "", "2006-12-31": "", "2006-09-30": "", "2006-06-30": "", "2006-03-31": "", "2005-12-31": "", "2005-09-30": "", "2005-06-30": "", "2005-03-31": ""}, "Income From Continuous Operations": {"2020-09-30": "315.99400", "2020-06-30": "-109.17200", "2020-03-31": "-210.74100", "2019-12-31": "0.17500", "2019-09-30": "70.59600", "2019-06-30": "-107.98700", "2019-03-31": "-176.29600", "2018-12-31": "12.60700", "2018-09-30": "6.27800", "2018-06-30": "-240.93100", "2018-03-31": "-311.25300", "2017-12-31": "-282.02590", "2017-09-30": "-603.24700", "2017-06-30": "-56.07500", "2017-03-31": "-113.23100", "2016-12-31": "168.73100", "2016-09-30": "236.25000", "2016-06-30": "-19.11400", "2016-03-31": "-72.95900", "2015-12-31": "215.16000", "2015-09-30": "223.78400", "2015-06-30": "-11.35100", "2015-03-31": "-58.17700", "2014-12-31": "149.93100", "2014-09-30": "331.83600", "2014-06-30": "28.32500", "2014-03-31": "-11.21800", "2013-12-31": "369.24900", "2013-09-30": "422.83600", "2013-06-30": "73.34800", "2013-03-31": "38.51100", "2012-12-31": "306.48000", "2012-09-30": "365.93700", "2012-06-30": "96.21800", "2012-03-31": "7.82900", "2011-12-31": "370.57700", "2011-09-30": "300.79500", "2011-06-30": "80.52900", "2011-03-31": "16.60700", "2010-12-31": "325.18400", "2010-09-30": "283.26200", "2010-06-30": "51.57500", "2010-03-31": "24.84200", "2009-12-31": "328.37900", "2009-09-30": "229.84200", "2009-06-30": "21.46900", "2009-03-31": "-50.98600", "2008-12-31": "176.40100", "2008-09-30": "238.09800", "2008-06-30": "11.78300", "2008-03-31": "-46.64600", "2007-12-31": "328.47600", "2007-09-30": "236.75000", "2007-06-30": "22.80400", "2007-03-31": "11.96300", "2006-12-31": "286.35200", "2006-09-30": "239.02500", "2006-06-30": "37.38000", "2006-03-31": "30.17000", "2005-12-31": "279.16000", "2005-09-30": "225.33900", "2005-06-30": "-93.98700", "2005-03-31": "6.50700"}, "Income From Discontinued Operations": {"2020-09-30": "", "2020-06-30": "", "2020-03-31": "", "2019-12-31": "", "2019-09-30": "", "2019-06-30": "", "2019-03-31": "", "2018-12-31": "", "2018-09-30": "", "2018-06-30": "", "2018-03-31": "", "2017-12-31": "", "2017-09-30": "", "2017-06-30": "", "2017-03-31": "", "2016-12-31": "", "2016-09-30": "", "2016-06-30": "", "2016-03-31": "", "2015-12-31": "", "2015-09-30": "", "2015-06-30": "", "2015-03-31": "", "2014-12-31": "", "2014-09-30": "", "2014-06-30": "", "2014-03-31": "", "2013-12-31": "", "2013-09-30": "", "2013-06-30": "", "2013-03-31": "", "2012-12-31": "", "2012-09-30": "", "2012-06-30": "", "2012-03-31": "", "2011-12-31": "", "2011-09-30": "", "2011-06-30": "", "2011-03-31": "", "2010-12-31": "", "2010-09-30": "", "2010-06-30": "", "2010-03-31": "", "2009-12-31": "", "2009-09-30": "", "2009-06-30": "", "2009-03-31": "", "2008-12-31": "", "2008-09-30": "", "2008-06-30": "", "2008-03-31": "", "2007-12-31": "", "2007-09-30": "", "2007-06-30": "", "2007-03-31": "", "2006-12-31": "", "2006-09-30": "", "2006-06-30": "", "2006-03-31": "", "2005-12-31": "", "2005-09-30": "", "2005-06-30": "", "2005-03-31": ""}, "Net Income": {"2020-09-30": "315.99400", "2020-06-30": "-109.17200", "2020-03-31": "-210.74100", "2019-12-31": "0.17500", "2019-09-30": "70.59600", "2019-06-30": "-107.98700", "2019-03-31": "-176.29600", "2018-12-31": "12.60700", "2018-09-30": "6.27800", "2018-06-30": "-240.93100", "2018-03-31": "-311.25300", "2017-12-31": "-282.02590", "2017-09-30": "-603.24700", "2017-06-30": "-56.07500", "2017-03-31": "-113.23100", "2016-12-31": "168.73100", "2016-09-30": "236.25000", "2016-06-30": "-19.11400", "2016-03-31": "-72.95900", "2015-12-31": "215.16000", "2015-09-30": "223.78400", "2015-06-30": "-11.35100", "2015-03-31": "-58.17700", "2014-12-31": "152.53400", "2014-09-30": "329.49800", "2014-06-30": "28.06000", "2014-03-31": "-11.21800", "2013-12-31": "364.95700", "2013-09-30": "419.19400", "2013-06-30": "73.34800", "2013-03-31": "38.11000", "2012-12-31": "303.20000", "2012-09-30": "362.63600", "2012-06-30": "95.16700", "2012-03-31": "7.73100", "2011-12-31": "366.17600", "2011-09-30": "297.76600", "2011-06-30": "79.33900", "2011-03-31": "16.40600", "2010-12-31": "321.38000", "2010-09-30": "280.05100", "2010-06-30": "50.97300", "2010-03-31": "24.54700", "2009-12-31": "325.33600", "2009-09-30": "227.12400", "2009-06-30": "21.23800", "2009-03-31": "-50.98600", "2008-12-31": "175.18000", "2008-09-30": "235.58800", "2008-06-30": "11.78300", "2008-03-31": "-46.64600", "2007-12-31": "324.19600", "2007-09-30": "236.75000", "2007-06-30": "22.80400", "2007-03-31": "11.96300", "2006-12-31": "286.35200", "2006-09-30": "239.02500", "2006-06-30": "37.38000", "2006-03-31": "30.17000", "2005-12-31": "279.16000", "2005-09-30": "225.33900", "2005-06-30": "-93.98700", "2005-03-31": "6.50700"}, "EBITDA": {"2020-09-30": "432.05900", "2020-06-30": "1.87600", "2020-03-31": "-96.19100", "2019-12-31": "125.68360", "2019-09-30": "212.58300", "2019-06-30": "10.00200", "2019-03-31": "-64.51100", "2018-12-31": "171.93870", "2018-09-30": "194.24600", "2018-06-30": "-120.75800", "2018-03-31": "-207.84400", "2017-12-31": "-168.62710", "2017-09-30": "153.41600", "2017-06-30": "15.34200", "2017-03-31": "-61.06200", "2016-12-31": "328.20900", "2016-09-30": "382.63400", "2016-06-30": "54.27800", "2016-03-31": "17.19400", "2015-12-31": "362.05750", "2015-09-30": "367.21410", "2015-06-30": "66.75900", "2015-03-31": "10.31800", "2014-12-31": "308.53800", "2014-09-30": "476.82690", "2014-06-30": "59.31790", "2014-03-31": "57.73200", "2013-12-31": "530.55050", "2013-09-30": "578.34690", "2013-06-30": "143.53590", "2013-03-31": "112.06300", "2012-12-31": "421.32590", "2012-09-30": "530.66300", "2012-06-30": "174.16100", "2012-03-31": "69.14700", "2011-12-31": "537.30320", "2011-09-30": "439.81590", "2011-06-30": "149.01700", "2011-03-31": "76.26300", "2010-12-31": "469.66790", "2010-09-30": "400.84900", "2010-06-30": "111.40500", "2010-03-31": "85.78800", "2009-12-31": "460.70940", "2009-09-30": "377.20700", "2009-06-30": "73.92610", "2009-03-31": "-10.84400", "2008-12-31": "276.31090", "2008-09-30": "357.65090", "2008-06-30": "73.23400", "2008-03-31": "6.69100", "2007-12-31": "406.30560", "2007-09-30": "354.73910", "2007-06-30": "76.65200", "2007-03-31": "64.46100", "2006-12-31": "432.96570", "2006-09-30": "364.73810", "2006-06-30": "93.35900", "2006-03-31": "10.01900", "2005-12-31": "366.85740", "2005-09-30": "350.28110", "2005-06-30": "72.69800", "2005-03-31": "49.68400"}, "EBIT": {"2020-09-30": "384.15700", "2020-06-30": "-46.14100", "2020-03-31": "-149.81000", "2019-12-31": "67.57970", "2019-09-30": "150.08700", "2019-06-30": "-51.41600", "2019-03-31": "-127.01100", "2018-12-31": "109.54880", "2018-09-30": "121.87400", "2018-06-30": "-189.19100", "2018-03-31": "-276.58100", "2017-12-31": "-247.29930", "2017-09-30": "86.24400", "2017-06-30": "-49.03000", "2017-03-31": "-125.61300", "2016-12-31": "263.38510", "2016-09-30": "317.39600", "2016-06-30": "-11.66000", "2016-03-31": "-49.14600", "2015-12-31": "294.05280", "2015-09-30": "300.77310", "2015-06-30": "0.56300", "2015-03-31": "-54.46700", "2014-12-31": "237.00900", "2014-09-30": "409.47890", "2014-06-30": "1.00790", "2014-03-31": "6.21800", "2013-12-31": "479.30720", "2013-09-30": "528.17490", "2013-06-30": "94.78990", "2013-03-31": "65.83100", "2012-12-31": "373.47880", "2012-09-30": "487.36690", "2012-06-30": "131.43300", "2012-03-31": "28.73600", "2011-12-31": "497.50620", "2011-09-30": "397.56990", "2011-06-30": "109.26700", "2011-03-31": "36.75800", "2010-12-31": "428.60790", "2010-09-30": "358.63100", "2010-06-30": "69.43600", "2010-03-31": "45.22700", "2009-12-31": "417.41040", "2009-09-30": "336.45400", "2009-06-30": "32.51310", "2009-03-31": "-55.20900", "2008-12-31": "232.37010", "2008-09-30": "315.34890", "2008-06-30": "30.60800", "2008-03-31": "-36.53500", "2007-12-31": "362.07000", "2007-09-30": "310.52810", "2007-06-30": "36.84900", "2007-03-31": "20.63100", "2006-12-31": "388.66280", "2006-09-30": "322.23510", "2006-06-30": "49.91100", "2006-03-31": "-31.99100", "2005-12-31": "321.67520", "2005-09-30": "308.80000", "2005-06-30": "28.52500", "2005-03-31": "5.52900"}, "Basic Shares Outstanding": {"2020-09-30": "347.62800", "2020-06-30": "346.87500", "2020-03-31": "346.86700", "2019-12-31": "346.12700", "2019-09-30": "346.69800", "2019-06-30": "345.94100", "2019-03-31": "345.85200", "2018-12-31": "345.01200", "2018-09-30": "345.28500", "2018-06-30": "344.58400", "2018-03-31": "344.43400", "2017-12-31": "343.56400", "2017-09-30": "343.87000", "2017-06-30": "343.11600", "2017-03-31": "342.91400", "2016-12-31": "341.48000", "2016-09-30": "341.96100", "2016-06-30": "340.92600", "2016-03-31": "340.36900", "2015-12-31": "339.17200", "2015-09-30": "339.42000", "2015-06-30": "338.84300", "2015-03-31": "338.57900", "2014-12-31": "339.01600", "2014-09-30": "338.72800", "2014-06-30": "338.70900", "2014-03-31": "340.22600", "2013-12-31": "343.39400", "2013-09-30": "343.27900", "2013-06-30": "346.61400", "2013-03-31": "344.31500", "2012-12-31": "341.66500", "2012-09-30": "342.59500", "2012-06-30": "341.25600", "2012-03-31": "339.14400", "2011-12-31": "344.66900", "2011-09-30": "343.19100", "2011-06-30": "347.13300", "2011-03-31": "349.07200", "2010-12-31": "360.61500", "2010-09-30": "360.60800", "2010-06-30": "362.81900", "2010-03-31": "363.23100", "2009-12-31": "360.08500", "2009-09-30": "360.84300", "2009-06-30": "358.82400", "2009-03-31": "358.89100", "2008-12-31": "360.75700", "2008-09-30": "360.88100", "2008-06-30": "361.26200", "2008-03-31": "361.75100", "2007-12-31": "384.45000", "2007-09-30": "386.34600", "2007-06-30": "396.19600", "2007-03-31": "389.88300", "2006-12-31": "382.92100", "2006-09-30": "378.62800", "2006-06-30": "386.19100", "2006-03-31": "388.76600", "2005-12-31": "407.40200", "2005-09-30": "403.74300", "2005-06-30": "409.76900", "2005-03-31": "416.09600"}, "Shares Outstanding": {"2020-09-30": "348.71400", "2020-06-30": "346.87500", "2020-03-31": "346.86700", "2019-12-31": "346.12700", "2019-09-30": "348.48700", "2019-06-30": "345.94100", "2019-03-31": "345.85200", "2018-12-31": "345.01200", "2018-09-30": "345.67200", "2018-06-30": "344.58400", "2018-03-31": "344.43400", "2017-12-31": "343.56400", "2017-09-30": "343.87000", "2017-06-30": "343.11600", "2017-03-31": "342.91400", "2016-12-31": "344.23300", "2016-09-30": "344.22600", "2016-06-30": "340.92600", "2016-03-31": "340.36900", "2015-12-31": "339.74800", "2015-09-30": "339.79000", "2015-06-30": "338.84300", "2015-03-31": "338.57900", "2014-12-31": "340.76800", "2014-09-30": "340.32900", "2014-06-30": "340.64400", "2014-03-31": "340.22600", "2013-12-31": "347.45900", "2013-09-30": "346.69500", "2013-06-30": "350.42400", "2013-03-31": "348.79500", "2012-12-31": "346.15800", "2012-09-30": "347.12200", "2012-06-30": "345.55400", "2012-03-31": "343.66000", "2011-12-31": "348.42400", "2011-09-30": "346.79200", "2011-06-30": "350.94400", "2011-03-31": "352.70700", "2010-12-31": "364.57000", "2010-09-30": "363.48300", "2010-06-30": "365.85100", "2010-03-31": "366.14400", "2009-12-31": "361.51000", "2009-09-30": "361.92500", "2009-06-30": "360.88100", "2009-03-31": "358.89100", "2008-12-31": "362.21100", "2008-09-30": "361.74200", "2008-06-30": "363.91900", "2008-03-31": "361.75100", "2007-12-31": "388.95500", "2007-09-30": "391.29400", "2007-06-30": "402.84000", "2007-03-31": "396.75000", "2006-12-31": "386.42200", "2006-09-30": "382.66400", "2006-06-30": "388.77700", "2006-03-31": "391.28700", "2005-12-31": "411.03900", "2005-09-30": "407.22200", "2005-06-30": "409.76900", "2005-03-31": "421.10500"}, "Basic EPS": {"2020-09-30": "0.91000", "2020-06-30": "-0.31000", "2020-03-31": "-0.61000", "2019-12-31": "", "2019-09-30": "0.20000", "2019-06-30": "-0.31000", "2019-03-31": "-0.51000", "2018-12-31": "0.03000", "2018-09-30": "0.02000", "2018-06-30": "-0.70000", "2018-03-31": "-0.90000", "2017-12-31": "-0.83000", "2017-09-30": "-1.75000", "2017-06-30": "-0.16000", "2017-03-31": "-0.33000", "2016-12-31": "0.49000", "2016-09-30": "0.69000", "2016-06-30": "-0.06000", "2016-03-31": "-0.21000", "2015-12-31": "0.62000", "2015-09-30": "0.66000", "2015-06-30": "-0.03000", "2015-03-31": "-0.17000", "2014-12-31": "0.44000", "2014-09-30": "0.97000", "2014-06-30": "0.08000", "2014-03-31": "-0.03000", "2013-12-31": "1.07000", "2013-09-30": "1.22000", "2013-06-30": "0.21000", "2013-03-31": "0.11000", "2012-12-31": "0.89000", "2012-09-30": "1.06000", "2012-06-30": "0.28000", "2012-03-31": "0.02000", "2011-12-31": "1.05000", "2011-09-30": "0.87000", "2011-06-30": "0.23000", "2011-03-31": "0.05000", "2010-12-31": "0.89000", "2010-09-30": "0.78000", "2010-06-30": "0.14000", "2010-03-31": "0.07000", "2009-12-31": "0.90000", "2009-09-30": "0.63000", "2009-06-30": "0.06000", "2009-03-31": "-0.14000", "2008-12-31": "0.49000", "2008-09-30": "0.65000", "2008-06-30": "0.03000", "2008-03-31": "-0.13000", "2007-12-31": "0.85000", "2007-09-30": "0.61000", "2007-06-30": "0.06000", "2007-03-31": "0.03000", "2006-12-31": "0.74000", "2006-09-30": "0.63000", "2006-06-30": "0.10000", "2006-03-31": "0.08000", "2005-12-31": "0.67000", "2005-09-30": "0.56000", "2005-06-30": "-0.23000", "2005-03-31": "0.02000"}, "EPS - Earnings Per Share": {"2020-09-30": "0.91000", "2020-06-30": "-0.31000", "2020-03-31": "-0.61000", "2019-12-31": "0.00000", "2019-09-30": "0.20000", "2019-06-30": "-0.31000", "2019-03-31": "-0.51000", "2018-12-31": "0.03000", "2018-09-30": "0.02000", "2018-06-30": "-0.70000", "2018-03-31": "-0.90000", "2017-12-31": "-0.83000", "2017-09-30": "-1.75000", "2017-06-30": "-0.16000", "2017-03-31": "-0.33000", "2016-12-31": "0.50000", "2016-09-30": "0.68000", "2016-06-30": "-0.06000", "2016-03-31": "-0.21000", "2015-12-31": "0.62000", "2015-09-30": "0.66000", "2015-06-30": "-0.03000", "2015-03-31": "-0.17000", "2014-12-31": "0.43000", "2014-09-30": "0.97000", "2014-06-30": "0.08000", "2014-03-31": "-0.03000", "2013-12-31": "1.05000", "2013-09-30": "1.21000", "2013-06-30": "0.21000", "2013-03-31": "0.11000", "2012-12-31": "0.88000", "2012-09-30": "1.04000", "2012-06-30": "0.28000", "2012-03-31": "0.02000", "2011-12-31": "1.04000", "2011-09-30": "0.86000", "2011-06-30": "0.23000", "2011-03-31": "0.05000", "2010-12-31": "0.88000", "2010-09-30": "0.77000", "2010-06-30": "0.14000", "2010-03-31": "0.07000", "2009-12-31": "0.90000", "2009-09-30": "0.63000", "2009-06-30": "0.06000", "2009-03-31": "-0.14000", "2008-12-31": "0.49000", "2008-09-30": "0.65000", "2008-06-30": "0.03000", "2008-03-31": "-0.13000", "2007-12-31": "0.83000", "2007-09-30": "0.61000", "2007-06-30": "0.06000", "2007-03-31": "0.03000", "2006-12-31": "0.73000", "2006-09-30": "0.62000", "2006-06-30": "0.10000", "2006-03-31": "0.08000", "2005-12-31": "0.67000", "2005-09-30": "0.55000", "2005-06-30": "-0.23000", "2005-03-31": "0.02000"}}, "balance sheet": {"Cash On Hand": {"2019-12-31": "630.02800", "2018-12-31": "594.48100", "2017-12-31": "1079.22100", "2016-12-31": "869.53100", "2015-12-31": "892.81400", "2014-12-31": "971.65000", "2013-12-31": "1039.21600", "2012-12-31": "1335.71100", "2011-12-31": "1369.11300", "2010-12-31": "1281.12300", "2009-12-31": "1116.99700", "2008-12-31": "617.69400", "2007-12-31": "901.14800", "2006-12-31": "1205.55200", "2005-12-31": "997.73400"}, "Receivables": {"2019-12-31": "936.35900", "2018-12-31": "970.08300", "2017-12-31": "1124.65200", "2016-12-31": "1115.21700", "2015-12-31": "1145.09900", "2014-12-31": "1094.45200", "2013-12-31": "1260.10500", "2012-12-31": "1226.83300", "2011-12-31": "1246.68700", "2010-12-31": "1146.10600", "2009-12-31": "749.33500", "2008-12-31": "873.54200", "2007-12-31": "991.19600", "2006-12-31": "943.81300", "2005-12-31": "760.64300"}, "Inventory": {"2019-12-31": "495.50400", "2018-12-31": "542.88900", "2017-12-31": "600.70400", "2016-12-31": "613.79800", "2015-12-31": "587.52100", "2014-12-31": "561.75500", "2013-12-31": "568.84300", "2012-12-31": "465.05700", "2011-12-31": "487.00000", "2010-12-31": "463.83800", "2009-12-31": "355.66300", "2008-12-31": "485.92500", "2007-12-31": "428.71000", "2006-12-31": "383.14900", "2005-12-31": "376.89700"}, "Pre-Paid Expenses": {"2019-12-31": "186.08300", "2018-12-31": "239.74700", "2017-12-31": "295.66500", "2016-12-31": "341.51800", "2015-12-31": "375.62500", "2014-12-31": "559.07400", "2013-12-31": "509.82900", "2012-12-31": "529.20400", "2011-12-31": "340.90700", "2010-12-31": "335.54300", "2009-12-31": "332.62400", "2008-12-31": "409.68900", "2007-12-31": "271.88200", "2006-12-31": "317.62400", "2005-12-31": "277.22600"}, "Other Current Assets": {"2019-12-31": "", "2018-12-31": "", "2017-12-31": "", "2016-12-31": "", "2015-12-31": "", "2014-12-31": "", "2013-12-31": "", "2012-12-31": "", "2011-12-31": "", "2010-12-31": "", "2009-12-31": "", "2008-12-31": "", "2007-12-31": "", "2006-12-31": "", "2005-12-31": ""}, "Total Current Assets": {"2019-12-31": "2247.97400", "2018-12-31": "2347.20000", "2017-12-31": "3100.24200", "2016-12-31": "2940.06400", "2015-12-31": "3001.05900", "2014-12-31": "3186.93100", "2013-12-31": "3377.99300", "2012-12-31": "3556.80500", "2011-12-31": "3443.70700", "2010-12-31": "3226.61000", "2009-12-31": "2554.61900", "2008-12-31": "2386.85000", "2007-12-31": "2592.93600", "2006-12-31": "2850.13800", "2005-12-31": "2412.50000"}, "Property, Plant, And Equipment": {"2019-12-31": "550.13900", "2018-12-31": "657.59500", "2017-12-31": "785.28500", "2016-12-31": "773.96500", "2015-12-31": "741.14700", "2014-12-31": "737.86900", "2013-12-31": "659.33300", "2012-12-31": "593.21300", "2011-12-31": "523.94100", "2010-12-31": "484.70500", "2009-12-31": "504.80800", "2008-12-31": "536.16200", "2007-12-31": "518.61600", "2006-12-31": "536.74900", "2005-12-31": "547.10400"}, "Long-Term Investments": {"2019-12-31": "", "2018-12-31": "", "2017-12-31": "", "2016-12-31": "", "2015-12-31": "", "2014-12-31": "", "2013-12-31": "", "2012-12-31": "", "2011-12-31": "", "2010-12-31": "", "2009-12-31": "", "2008-12-31": "", "2007-12-31": "", "2006-12-31": "", "2005-12-31": ""}, "Goodwill And Intangible Assets": {"2019-12-31": "1390.71400", "2018-12-31": "1386.42400", "2017-12-31": "1396.66900", "2016-12-31": "1387.62800", "2015-12-31": "1384.52000", "2014-12-31": "1392.92500", "2013-12-31": "1083.23900", "2012-12-31": "1080.79800", "2011-12-31": "822.13900", "2010-12-31": "824.00700", "2009-12-31": "828.46800", "2008-12-31": "815.80300", "2007-12-31": "845.64900", "2006-12-31": "845.32400", "2005-12-31": "718.06900"}, "Other Long-Term Assets": {"2019-12-31": "833.21190", "2018-12-31": "847.00600", "2017-12-31": "945.95100", "2016-12-31": "1392.13700", "2015-12-31": "1408.41700", "2014-12-31": "1404.25800", "2013-12-31": "1319.06100", "2012-12-31": "1295.96900", "2011-12-31": "881.85100", "2010-12-31": "882.41100", "2009-12-31": "892.66000", "2008-12-31": "936.22400", "2007-12-31": "848.25400", "2006-12-31": "723.67300", "2005-12-31": "694.64000"}, "Total Long-Term Assets": {"2019-12-31": "3077.25200", "2018-12-31": "2891.02500", "2017-12-31": "3127.90500", "2016-12-31": "3553.73000", "2015-12-31": "3534.08400", "2014-12-31": "3535.05200", "2013-12-31": "3061.63300", "2012-12-31": "2969.98000", "2011-12-31": "2227.93100", "2010-12-31": "2191.12300", "2009-12-31": "2225.93600", "2008-12-31": "2288.18900", "2007-12-31": "2212.51900", "2006-12-31": "2105.74600", "2005-12-31": "1959.81300"}, "Total Assets": {"2019-12-31": "5325.22600", "2018-12-31": "5238.22500", "2017-12-31": "6228.14700", "2016-12-31": "6493.79400", "2015-12-31": "6535.14300", "2014-12-31": "6721.98300", "2013-12-31": "6439.62600", "2012-12-31": "6526.78500", "2011-12-31": "5671.63800", "2010-12-31": "5417.73300", "2009-12-31": "4780.55500", "2008-12-31": "4675.03900", "2007-12-31": "4805.45500", "2006-12-31": "4955.88400", "2005-12-31": "4372.31300"}, "Total Current Liabilities": {"2019-12-31": "1276.90700", "2018-12-31": "1249.93200", "2017-12-31": "1623.80300", "2016-12-31": "1505.57300", "2015-12-31": "1645.52900", "2014-12-31": "1088.88600", "2013-12-31": "1047.44000", "2012-12-31": "1716.01200", "2011-12-31": "1038.92800", "2010-12-31": "1350.28200", "2009-12-31": "1060.87400", "2008-12-31": "1259.97400", "2007-12-31": "1570.42900", "2006-12-31": "1582.52000", "2005-12-31": "1463.18500"}, "Long Term Debt": {"2019-12-31": "2846.75100", "2018-12-31": "2851.72300", "2017-12-31": "2873.11900", "2016-12-31": "2134.27100", "2015-12-31": "1784.72100", "2014-12-31": "2100.00000", "2013-12-31": "1600.00000", "2012-12-31": "1100.00000", "2011-12-31": "1500.00000", "2010-12-31": "950.00000", "2009-12-31": "700.00000", "2008-12-31": "750.00000", "2007-12-31": "550.00000", "2006-12-31": "635.71400", "2005-12-31": "525.00000"}, "Other Non-Current Liabilities": {"2019-12-31": "439.00100", "2018-12-31": "469.66900", "2017-12-31": "484.12600", "2016-12-31": "446.16800", "2015-12-31": "471.63900", "2014-12-31": "584.02600", "2013-12-31": "540.62700", "2012-12-31": "643.72900", "2011-12-31": "522.10700", "2010-12-31": "488.86700", "2009-12-31": "488.69200", "2008-12-31": "547.93000", "2007-12-31": "378.28400", "2006-12-31": "304.67600", "2005-12-31": "282.39500"}, "Total Long Term Liabilities": {"2019-12-31": "3556.60500", "2018-12-31": "3321.39200", "2017-12-31": "3357.24500", "2016-12-31": "2580.43900", "2015-12-31": "2256.36000", "2014-12-31": "2684.02600", "2013-12-31": "2140.62700", "2012-12-31": "1743.72900", "2011-12-31": "2022.10700", "2010-12-31": "1438.86700", "2009-12-31": "1188.69200", "2008-12-31": "1297.93000", "2007-12-31": "928.28400", "2006-12-31": "940.39000", "2005-12-31": "807.39500"}, "Total Liabilities": {"2019-12-31": "4833.51200", "2018-12-31": "4571.32400", "2017-12-31": "4981.04800", "2016-12-31": "4086.01200", "2015-12-31": "3901.88900", "2014-12-31": "3772.91200", "2013-12-31": "3188.06700", "2012-12-31": "3459.74100", "2011-12-31": "3061.03500", "2010-12-31": "2789.14900", "2009-12-31": "2249.56600", "2008-12-31": "2557.90400", "2007-12-31": "2498.71300", "2006-12-31": "2522.91000", "2005-12-31": "2270.58000"}, "Common Stock Net": {"2019-12-31": "441.36900", "2018-12-31": "441.36900", "2017-12-31": "441.36900", "2016-12-31": "441.36900", "2015-12-31": "441.36900", "2014-12-31": "441.36900", "2013-12-31": "441.36900", "2012-12-31": "441.36900", "2011-12-31": "441.36900", "2010-12-31": "441.36900", "2009-12-31": "441.36900", "2008-12-31": "441.36900", "2007-12-31": "441.36900", "2006-12-31": "441.36900", "2005-12-31": "441.36900"}, "Retained Earnings (Accumulated Deficit)": {"2019-12-31": "1413.18100", "2018-12-31": "1626.69300", "2017-12-31": "2169.00200", "2016-12-31": "3545.35900", "2015-12-31": "3745.81500", "2014-12-31": "3896.26100", "2013-12-31": "3918.12200", "2012-12-31": "3515.18100", "2011-12-31": "3167.99600", "2010-12-31": "2720.64500", "2009-12-31": "2339.50600", "2008-12-31": "2085.57300", "2007-12-31": "1977.45600", "2006-12-31": "1652.14000", "2005-12-31": "1309.82200"}, "Comprehensive Income": {"2019-12-31": "-869.48400", "2018-12-31": "-859.22600", "2017-12-31": "-781.78600", "2016-12-31": "-943.02900", "2015-12-31": "-848.89900", "2014-12-31": "-622.08900", "2013-12-31": "-443.67600", "2012-12-31": "-464.48600", "2011-12-31": "-446.64500", "2010-12-31": "-359.19900", "2009-12-31": "-379.53400", "2008-12-31": "-430.63500", "2007-12-31": "-175.81000", "2006-12-31": "-276.86100", "2005-12-31": "-303.02800"}, "Other Share Holders Equity": {"2019-12-31": "", "2018-12-31": "", "2017-12-31": "", "2016-12-31": "", "2015-12-31": "", "2014-12-31": "", "2013-12-31": "", "2012-12-31": "", "2011-12-31": "", "2010-12-31": "", "2009-12-31": "", "2008-12-31": "", "2007-12-31": "", "2006-12-31": "", "2005-12-31": ""}, "Share Holder Equity": {"2019-12-31": "491.71400", "2018-12-31": "666.90100", "2017-12-31": "1247.09900", "2016-12-31": "2407.78200", "2015-12-31": "2633.25400", "2014-12-31": "2949.07100", "2013-12-31": "3251.55900", "2012-12-31": "3067.04400", "2011-12-31": "2610.60300", "2010-12-31": "2628.58400", "2009-12-31": "2530.98900", "2008-12-31": "2117.13500", "2007-12-31": "2306.74200", "2006-12-31": "2432.97400", "2005-12-31": "2101.73300"}, "Total Liabilities And Share Holders Equity": {"2019-12-31": "5325.22600", "2018-12-31": "5238.22500", "2017-12-31": "6228.14700", "2016-12-31": "6493.79400", "2015-12-31": "6535.14300", "2014-12-31": "6721.98300", "2013-12-31": "6439.62600", "2012-12-31": "6526.78500", "2011-12-31": "5671.63800", "2010-12-31": "5417.73300", "2009-12-31": "4780.55500", "2008-12-31": "4675.03900", "2007-12-31": "4805.45500", "2006-12-31": "4955.88400", "2005-12-31": "4372.31300"}}, "balance sheet, quarterly": {"Cash On Hand": {"2020-09-30": "452.16700", "2020-06-30": "461.55700", "2020-03-31": "499.40700", "2019-12-31": "630.02800", "2019-09-30": "218.29800", "2019-06-30": "194.12500", "2019-03-31": "380.10700", "2018-12-31": "594.48100", "2018-09-30": "209.15000", "2018-06-30": "228.60600", "2018-03-31": "526.72400", "2017-12-31": "1079.22100", "2017-09-30": "181.30800", "2017-06-30": "275.39500", "2017-03-31": "381.88700", "2016-12-31": "869.53100", "2016-09-30": "297.08900", "2016-06-30": "317.80300", "2016-03-31": "599.70800", "2015-12-31": "892.81400", "2015-09-30": "289.69700", "2015-06-30": "300.45500", "2015-03-31": "682.90800", "2014-12-31": "971.65000", "2014-09-30": "262.17200", "2014-06-30": "518.21700", "2014-03-31": "897.25400", "2013-12-31": "1039.21600", "2013-09-30": "406.46100", "2013-06-30": "823.01900", "2013-03-31": "1259.51200", "2012-12-31": "1335.71100", "2012-09-30": "282.09500", "2012-06-30": "372.28100", "2012-03-31": "784.62600", "2011-12-31": "1369.11300", "2011-09-30": "254.54600", "2011-06-30": "418.47600", "2011-03-31": "1049.36300", "2010-12-31": "1281.12300", "2010-09-30": "960.54500", "2010-06-30": "544.86900", "2010-03-31": "871.89100", "2009-12-31": "1116.99700", "2009-09-30": "323.71800", "2009-06-30": "422.68500", "2009-03-31": "404.87200", "2008-12-31": "617.69400", "2008-09-30": "446.80400", "2008-06-30": "384.40700", "2008-03-31": "624.86300", "2007-12-31": "901.14800", "2007-09-30": "276.82400", "2007-06-30": "742.62100", "2007-03-31": "984.19700", "2006-12-31": "1205.55200", "2006-09-30": "552.42500", "2006-06-30": "625.05000", "2006-03-31": "603.27200", "2005-12-31": "997.73400", "2005-09-30": "173.80100", "2005-06-30": "361.92900", "2005-03-31": "778.70300"}, "Receivables": {"2020-09-30": "1326.12800", "2020-06-30": "650.50200", "2020-03-31": "528.52200", "2019-12-31": "936.35900", "2019-09-30": "1291.25500", "2019-06-30": "755.69800", "2019-03-31": "624.47700", "2018-12-31": "970.08300", "2018-09-30": "1312.93200", "2018-06-30": "780.06400", "2018-03-31": "676.11900", "2017-12-31": "1124.65200", "2017-09-30": "1506.14500", "2017-06-30": "917.65200", "2017-03-31": "806.80000", "2016-12-31": "1115.21700", "2016-09-30": "1528.80800", "2016-06-30": "794.60000", "2016-03-31": "748.07400", "2015-12-31": "1145.09900", "2015-09-30": "1451.25000", "2015-06-30": "803.11100", "2015-03-31": "699.70300", "2014-12-31": "1094.45200", "2014-09-30": "1695.35800", "2014-06-30": "884.07100", "2014-03-31": "762.61200", "2013-12-31": "1260.10500", "2013-09-30": "1885.18100", "2013-06-30": "945.72700", "2013-03-31": "750.79300", "2012-12-31": "1226.83300", "2012-09-30": "1828.21100", "2012-06-30": "980.37800", "2012-03-31": "742.26700", "2011-12-31": "1246.68700", "2011-09-30": "1650.57800", "2011-06-30": "1012.00000", "2011-03-31": "758.62000", "2010-12-31": "1146.10600", "2010-09-30": "1550.01600", "2010-06-30": "805.07600", "2010-03-31": "661.88100", "2009-12-31": "749.33500", "2009-09-30": "1450.32000", "2009-06-30": "747.15700", "2009-03-31": "565.31400", "2008-12-31": "873.54200", "2008-09-30": "1712.82000", "2008-06-30": "977.44900", "2008-03-31": "728.22900", "2007-12-31": "991.19600", "2007-09-30": "1640.30500", "2007-06-30": "860.67300", "2007-03-31": "730.57900", "2006-12-31": "943.81300", "2006-09-30": "1387.93400", "2006-06-30": "743.70100", "2006-03-31": "585.03900", "2005-12-31": "760.64300", "2005-09-30": "1262.41200", "2005-06-30": "692.40800", "2005-03-31": "571.29500"}, "Inventory": {"2020-09-30": "663.63900", "2020-06-30": "702.59200", "2020-03-31": "560.64500", "2019-12-31": "495.50400", "2019-09-30": "701.56700", "2019-06-30": "722.39400", "2019-03-31": "615.82800", "2018-12-31": "542.88900", "2018-09-30": "726.01200", "2018-06-30": "715.28800", "2018-03-31": "677.73200", "2017-12-31": "600.70400", "2017-09-30": "989.99500", "2017-06-30": "935.93300", "2017-03-31": "769.79900", "2016-12-31": "613.79800", "2016-09-30": "910.54600", "2016-06-30": "891.81600", "2016-03-31": "698.31600", "2015-12-31": "587.52100", "2015-09-30": "870.78500", "2015-06-30": "853.79500", "2015-03-31": "640.32000", "2014-12-31": "561.75500", "2014-09-30": "824.27000", "2014-06-30": "882.78800", "2014-03-31": "650.77700", "2013-12-31": "568.84300", "2013-09-30": "807.20900", "2013-06-30": "793.61100", "2013-03-31": "599.90100", "2012-12-31": "465.05700", "2012-09-30": "796.35200", "2012-06-30": "746.70700", "2012-03-31": "603.73600", "2011-12-31": "487.00000", "2011-09-30": "763.97000", "2011-06-30": "783.53300", "2011-03-31": "607.19900", "2010-12-31": "463.83800", "2010-09-30": "741.43300", "2010-06-30": "597.61400", "2010-03-31": "429.63800", "2009-12-31": "355.66300", "2009-09-30": "606.01900", "2009-06-30": "589.55400", "2009-03-31": "487.88600", "2008-12-31": "485.92500", "2008-09-30": "751.13300", "2008-06-30": "676.10800", "2008-03-31": "534.15800", "2007-12-31": "428.71000", "2007-09-30": "732.25700", "2007-06-30": "606.73500", "2007-03-31": "448.55300", "2006-12-31": "383.14900", "2006-09-30": "672.23200", "2006-06-30": "538.52500", "2006-03-31": "410.76100", "2005-12-31": "376.89700", "2005-09-30": "725.86800", "2005-06-30": "579.86900", "2005-03-31": "472.57900"}, "Pre-Paid Expenses": {"2020-09-30": "157.92900", "2020-06-30": "211.41800", "2020-03-31": "218.51600", "2019-12-31": "186.08300", "2019-09-30": "225.87700", "2019-06-30": "243.30500", "2019-03-31": "274.67400", "2018-12-31": "239.74700", "2018-09-30": "287.04200", "2018-06-30": "327.29700", "2018-03-31": "341.09500", "2017-12-31": "295.66500", "2017-09-30": "352.71100", "2017-06-30": "373.64800", "2017-03-31": "362.87900", "2016-12-31": "341.51800", "2016-09-30": "342.36200", "2016-06-30": "361.67300", "2016-03-31": "349.85900", "2015-12-31": "375.62500", "2015-09-30": "367.95300", "2015-06-30": "372.90500", "2015-03-31": "377.40300", "2014-12-31": "559.07400", "2014-09-30": "543.67300", "2014-06-30": "602.87400", "2014-03-31": "507.93600", "2013-12-31": "509.82900", "2013-09-30": "538.65900", "2013-06-30": "564.80400", "2013-03-31": "545.31200", "2012-12-31": "529.20400", "2012-09-30": "366.68000", "2012-06-30": "420.70200", "2012-03-31": "374.36800", "2011-12-31": "340.90700", "2011-09-30": "303.65900", "2011-06-30": "317.09300", "2011-03-31": "336.53000", "2010-12-31": "335.54300", "2010-09-30": "313.74700", "2010-06-30": "330.44400", "2010-03-31": "337.90500", "2009-12-31": "332.62400", "2009-09-30": "323.43500", "2009-06-30": "402.79200", "2009-03-31": "375.56100", "2008-12-31": "409.68900", "2008-09-30": "304.78100", "2008-06-30": "339.94000", "2008-03-31": "314.50300", "2007-12-31": "271.88200", "2007-09-30": "219.95600", "2007-06-30": "224.92900", "2007-03-31": "202.03300", "2006-12-31": "317.62400", "2006-09-30": "272.90900", "2006-06-30": "266.75200", "2006-03-31": "284.29300", "2005-12-31": "277.22600", "2005-09-30": "264.71500", "2005-06-30": "246.50300", "2005-03-31": "246.92300"}, "Other Current Assets": {"2020-09-30": "", "2020-06-30": "", "2020-03-31": "", "2019-12-31": "", "2019-09-30": "", "2019-06-30": "", "2019-03-31": "", "2018-12-31": "", "2018-09-30": "", "2018-06-30": "", "2018-03-31": "", "2017-12-31": "", "2017-09-30": "", "2017-06-30": "", "2017-03-31": "", "2016-12-31": "", "2016-09-30": "", "2016-06-30": "", "2016-03-31": "", "2015-12-31": "", "2015-09-30": "", "2015-06-30": "", "2015-03-31": "", "2014-12-31": "", "2014-09-30": "", "2014-06-30": "", "2014-03-31": "", "2013-12-31": "", "2013-09-30": "", "2013-06-30": "", "2013-03-31": "", "2012-12-31": "", "2012-09-30": "", "2012-06-30": "", "2012-03-31": "", "2011-12-31": "", "2011-09-30": "", "2011-06-30": "", "2011-03-31": "", "2010-12-31": "", "2010-09-30": "", "2010-06-30": "", "2010-03-31": "", "2009-12-31": "", "2009-09-30": "", "2009-06-30": "", "2009-03-31": "", "2008-12-31": "", "2008-09-30": "", "2008-06-30": "", "2008-03-31": "", "2007-12-31": "", "2007-09-30": "", "2007-06-30": "", "2007-03-31": "", "2006-12-31": "", "2006-09-30": "", "2006-06-30": "", "2006-03-31": "", "2005-12-31": "", "2005-09-30": "", "2005-06-30": "", "2005-03-31": ""}, "Total Current Assets": {"2020-09-30": "2599.86300", "2020-06-30": "2026.06900", "2020-03-31": "1807.09000", "2019-12-31": "2247.97400", "2019-09-30": "2436.99700", "2019-06-30": "1915.52200", "2019-03-31": "1895.08600", "2018-12-31": "2347.20000", "2018-09-30": "2535.13600", "2018-06-30": "2051.25500", "2018-03-31": "2221.67000", "2017-12-31": "3100.24200", "2017-09-30": "3030.15900", "2017-06-30": "2502.62800", "2017-03-31": "2321.36500", "2016-12-31": "2940.06400", "2016-09-30": "3078.80500", "2016-06-30": "2365.89200", "2016-03-31": "2395.95700", "2015-12-31": "3001.05900", "2015-09-30": "2979.68500", "2015-06-30": "2330.26600", "2015-03-31": "2400.33400", "2014-12-31": "3186.93100", "2014-09-30": "3325.47300", "2014-06-30": "2887.95000", "2014-03-31": "2818.57900", "2013-12-31": "3377.99300", "2013-09-30": "3637.51000", "2013-06-30": "3127.16100", "2013-03-31": "3155.51800", "2012-12-31": "3556.80500", "2012-09-30": "3273.33800", "2012-06-30": "2520.06800", "2012-03-31": "2504.99700", "2011-12-31": "3443.70700", "2011-09-30": "2972.75300", "2011-06-30": "2531.10200", "2011-03-31": "2751.71200", "2010-12-31": "3226.61000", "2010-09-30": "3565.74100", "2010-06-30": "2278.00300", "2010-03-31": "2301.31500", "2009-12-31": "2554.61900", "2009-09-30": "2703.49200", "2009-06-30": "2162.18800", "2009-03-31": "1833.63300", "2008-12-31": "2386.85000", "2008-09-30": "3215.53800", "2008-06-30": "2377.90400", "2008-03-31": "2201.75300", "2007-12-31": "2592.93600", "2007-09-30": "2869.34200", "2007-06-30": "2434.95800", "2007-03-31": "2365.36200", "2006-12-31": "2850.13800", "2006-09-30": "2885.50000", "2006-06-30": "2174.02800", "2006-03-31": "1883.36500", "2005-12-31": "2412.50000", "2005-09-30": "2426.79600", "2005-06-30": "1880.70900", "2005-03-31": "2069.50000"}, "Property, Plant, And Equipment": {"2020-09-30": "497.43700", "2020-06-30": "506.55500", "2020-03-31": "519.77700", "2019-12-31": "550.13900", "2019-09-30": "572.26900", "2019-06-30": "595.83800", "2019-03-31": "622.25100", "2018-12-31": "657.59500", "2018-09-30": "677.03000", "2018-06-30": "719.74700", "2018-03-31": "756.68400", "2017-12-31": "785.28500", "2017-09-30": "821.22800", "2017-06-30": "807.79600", "2017-03-31": "783.46900", "2016-12-31": "773.96500", "2016-09-30": "747.45100", "2016-06-30": "736.47600", "2016-03-31": "732.66700", "2015-12-31": "741.14700", "2015-09-30": "721.29900", "2015-06-30": "733.00200", "2015-03-31": "715.60800", "2014-12-31": "737.86900", "2014-09-30": "710.61200", "2014-06-30": "703.40800", "2014-03-31": "658.75700", "2013-12-31": "659.33300", "2013-09-30": "634.77300", "2013-06-30": "621.16800", "2013-03-31": "605.05400", "2012-12-31": "593.21300", "2012-09-30": "575.28800", "2012-06-30": "561.30300", "2012-03-31": "534.74500", "2011-12-31": "523.94100", "2011-09-30": "515.30500", "2011-06-30": "513.79200", "2011-03-31": "494.05500", "2010-12-31": "484.70500", "2010-09-30": "478.08300", "2010-06-30": "486.02600", "2010-03-31": "492.22100", "2009-12-31": "504.80800", "2009-09-30": "513.16000", "2009-06-30": "522.22100", "2009-03-31": "516.42400", "2008-12-31": "536.16200", "2008-09-30": "525.20600", "2008-06-30": "517.81400", "2008-03-31": "514.74700", "2007-12-31": "518.61600", "2007-09-30": "515.42500", "2007-06-30": "512.68800", "2007-03-31": "518.82800", "2006-12-31": "536.74900", "2006-09-30": "525.42300", "2006-06-30": "535.93500", "2006-03-31": "535.21700", "2005-12-31": "547.10400", "2005-09-30": "538.22400", "2005-06-30": "550.45400", "2005-03-31": "562.50700"}, "Long-Term Investments": {"2020-09-30": "", "2020-06-30": "", "2020-03-31": "", "2019-12-31": "", "2019-09-30": "", "2019-06-30": "", "2019-03-31": "", "2018-12-31": "", "2018-09-30": "", "2018-06-30": "", "2018-03-31": "", "2017-12-31": "", "2017-09-30": "", "2017-06-30": "", "2017-03-31": "", "2016-12-31": "", "2016-09-30": "", "2016-06-30": "", "2016-03-31": "", "2015-12-31": "", "2015-09-30": "", "2015-06-30": "", "2015-03-31": "", "2014-12-31": "", "2014-09-30": "", "2014-06-30": "", "2014-03-31": "", "2013-12-31": "", "2013-09-30": "", "2013-06-30": "", "2013-03-31": "", "2012-12-31": "", "2012-09-30": "", "2012-06-30": "", "2012-03-31": "", "2011-12-31": "", "2011-09-30": "", "2011-06-30": "", "2011-03-31": "", "2010-12-31": "", "2010-09-30": "", "2010-06-30": "", "2010-03-31": "", "2009-12-31": "", "2009-09-30": "", "2009-06-30": "", "2009-03-31": "", "2008-12-31": "", "2008-09-30": "", "2008-06-30": "", "2008-03-31": "", "2007-12-31": "", "2007-09-30": "", "2007-06-30": "", "2007-03-31": "", "2006-12-31": "", "2006-09-30": "", "2006-06-30": "", "2006-03-31": "", "2005-12-31": "", "2005-09-30": "", "2005-06-30": "", "2005-03-31": ""}, "Goodwill And Intangible Assets": {"2020-09-30": "1387.26000", "2020-06-30": "1382.85800", "2020-03-31": "1382.85200", "2019-12-31": "1390.71400", "2019-09-30": "1382.58800", "2019-06-30": "1386.05700", "2019-03-31": "1388.75800", "2018-12-31": "1386.42400", "2018-09-30": "1388.88300", "2018-06-30": "1390.07600", "2018-03-31": "1397.21700", "2017-12-31": "1396.66900", "2017-09-30": "1397.64200", "2017-06-30": "1394.46400", "2017-03-31": "1389.92000", "2016-12-31": "1387.62800", "2016-09-30": "1392.15500", "2016-06-30": "1394.10100", "2016-03-31": "1401.56700", "2015-12-31": "1384.52000", "2015-09-30": "1387.95900", "2015-06-30": "1393.14700", "2015-03-31": "1385.89500", "2014-12-31": "1392.92500", "2014-09-30": "1398.98400", "2014-06-30": "1407.03100", "2014-03-31": "1084.11800", "2013-12-31": "1083.23900", "2013-09-30": "1080.09000", "2013-06-30": "1072.08400", "2013-03-31": "1072.34500", "2012-12-31": "1080.79800", "2012-09-30": "1079.97900", "2012-06-30": "1075.78600", "2012-03-31": "1078.98700", "2011-12-31": "822.13900", "2011-09-30": "822.78900", "2011-06-30": "828.52500", "2011-03-31": "828.03200", "2010-12-31": "824.00700", "2010-09-30": "824.79900", "2010-06-30": "817.61800", "2010-03-31": "820.55700", "2009-12-31": "828.46800", "2009-09-30": "826.81600", "2009-06-30": "830.53900", "2009-03-31": "812.23300", "2008-12-31": "815.80300", "2008-09-30": "827.43100", "2008-06-30": "847.10000", "2008-03-31": "846.26400", "2007-12-31": "845.64900", "2007-09-30": "857.21700", "2007-06-30": "853.67200", "2007-03-31": "850.04600", "2006-12-31": "845.32400", "2006-09-30": "730.29200", "2006-06-30": "728.18400", "2006-03-31": "719.21200", "2005-12-31": "718.06900", "2005-09-30": "721.44400", "2005-06-30": "723.68500", "2005-03-31": "731.81600"}, "Other Long-Term Assets": {"2020-09-30": "828.43800", "2020-06-30": "794.72400", "2020-03-31": "796.34500", "2019-12-31": "833.21200", "2019-09-30": "829.50400", "2019-06-30": "832.12710", "2019-03-31": "848.85300", "2018-12-31": "847.00600", "2018-09-30": "880.79600", "2018-06-30": "892.36400", "2018-03-31": "928.51900", "2017-12-31": "945.95100", "2017-09-30": "950.65500", "2017-06-30": "1462.99400", "2017-03-31": "1426.17500", "2016-12-31": "1392.13700", "2016-09-30": "1430.45600", "2016-06-30": "1435.09800", "2016-03-31": "1438.75400", "2015-12-31": "1408.41700", "2015-09-30": "1540.67800", "2015-06-30": "1620.77200", "2015-03-31": "1583.86100", "2014-12-31": "1404.25800", "2014-09-30": "1458.47800", "2014-06-30": "1489.79400", "2014-03-31": "1310.51500", "2013-12-31": "1319.06100", "2013-09-30": "1343.88200", "2013-06-30": "1375.97900", "2013-03-31": "1360.75400", "2012-12-31": "1295.96900", "2012-09-30": "1390.12400", "2012-06-30": "1433.13600", "2012-03-31": "1432.34700", "2011-12-31": "881.85100", "2011-09-30": "890.61000", "2011-06-30": "924.27900", "2011-03-31": "908.25800", "2010-12-31": "882.41100", "2010-09-30": "890.22400", "2010-06-30": "894.07800", "2010-03-31": "889.12300", "2009-12-31": "892.66000", "2009-09-30": "945.59900", "2009-06-30": "962.62600", "2009-03-31": "943.65900", "2008-12-31": "936.22400", "2008-09-30": "955.61500", "2008-06-30": "890.32200", "2008-03-31": "878.72800", "2007-12-31": "848.25400", "2007-09-30": "886.56900", "2007-06-30": "846.70600", "2007-03-31": "733.37400", "2006-12-31": "723.67300", "2006-09-30": "729.01600", "2006-06-30": "745.61800", "2006-03-31": "727.02600", "2005-12-31": "694.64000", "2005-09-30": "715.05700", "2005-06-30": "756.74800", "2005-03-31": "790.40700"}, "Total Long-Term Assets": {"2020-09-30": "3004.23200", "2020-06-30": "2966.61100", "2020-03-31": "2997.26200", "2019-12-31": "3077.25200", "2019-09-30": "3090.58400", "2019-06-30": "3131.10700", "2019-03-31": "3187.28100", "2018-12-31": "2891.02500", "2018-09-30": "2946.70900", "2018-06-30": "3002.18700", "2018-03-31": "3082.42000", "2017-12-31": "3127.90500", "2017-09-30": "3169.52500", "2017-06-30": "3665.25400", "2017-03-31": "3599.56400", "2016-12-31": "3553.73000", "2016-09-30": "3570.06200", "2016-06-30": "3565.67500", "2016-03-31": "3572.98800", "2015-12-31": "3534.08400", "2015-09-30": "3649.93600", "2015-06-30": "3746.92100", "2015-03-31": "3685.36400", "2014-12-31": "3535.05200", "2014-09-30": "3568.07400", "2014-06-30": "3600.23300", "2014-03-31": "3053.39000", "2013-12-31": "3061.63300", "2013-09-30": "3058.74500", "2013-06-30": "3069.23100", "2013-03-31": "3038.15300", "2012-12-31": "2969.98000", "2012-09-30": "3045.39100", "2012-06-30": "3070.22500", "2012-03-31": "3046.07900", "2011-12-31": "2227.93100", "2011-09-30": "2228.70400", "2011-06-30": "2266.59600", "2011-03-31": "2230.34500", "2010-12-31": "2191.12300", "2010-09-30": "2193.10600", "2010-06-30": "2197.72200", "2010-03-31": "2201.90100", "2009-12-31": "2225.93600", "2009-09-30": "2285.57500", "2009-06-30": "2315.38600", "2009-03-31": "2272.31600", "2008-12-31": "2288.18900", "2008-09-30": "2308.25200", "2008-06-30": "2255.23600", "2008-03-31": "2239.73900", "2007-12-31": "2212.51900", "2007-09-30": "2259.21100", "2007-06-30": "2213.06600", "2007-03-31": "2102.24800", "2006-12-31": "2105.74600", "2006-09-30": "1984.73100", "2006-06-30": "2009.73700", "2006-03-31": "1981.45500", "2005-12-31": "1959.81300", "2005-09-30": "1974.72500", "2005-06-30": "2030.88700", "2005-03-31": "2084.73000"}, "Total Assets": {"2020-09-30": "5604.09500", "2020-06-30": "4992.68000", "2020-03-31": "4804.35200", "2019-12-31": "5325.22600", "2019-09-30": "5527.58100", "2019-06-30": "5046.62900", "2019-03-31": "5082.36700", "2018-12-31": "5238.22500", "2018-09-30": "5481.84500", "2018-06-30": "5053.44200", "2018-03-31": "5304.09000", "2017-12-31": "6228.14700", "2017-09-30": "6199.68400", "2017-06-30": "6167.88200", "2017-03-31": "5920.92900", "2016-12-31": "6493.79400", "2016-09-30": "6648.86700", "2016-06-30": "5931.56700", "2016-03-31": "5968.94500", "2015-12-31": "6535.14300", "2015-09-30": "6629.62100", "2015-06-30": "6077.18700", "2015-03-31": "6085.69800", "2014-12-31": "6721.98300", "2014-09-30": "6893.54700", "2014-06-30": "6488.18300", "2014-03-31": "5871.96900", "2013-12-31": "6439.62600", "2013-09-30": "6696.25500", "2013-06-30": "6196.39200", "2013-03-31": "6193.67100", "2012-12-31": "6526.78500", "2012-09-30": "6318.72900", "2012-06-30": "5590.29300", "2012-03-31": "5551.07600", "2011-12-31": "5671.63800", "2011-09-30": "5201.45700", "2011-06-30": "4797.69800", "2011-03-31": "4982.05700", "2010-12-31": "5417.73300", "2010-09-30": "5758.84700", "2010-06-30": "4475.72500", "2010-03-31": "4503.21600", "2009-12-31": "4780.55500", "2009-09-30": "4989.06700", "2009-06-30": "4477.57400", "2009-03-31": "4105.94900", "2008-12-31": "4675.03900", "2008-09-30": "5523.79000", "2008-06-30": "4633.14000", "2008-03-31": "4441.49200", "2007-12-31": "4805.45500", "2007-09-30": "5128.55300", "2007-06-30": "4648.02400", "2007-03-31": "4467.61000", "2006-12-31": "4955.88400", "2006-09-30": "4870.23100", "2006-06-30": "4183.76500", "2006-03-31": "3864.82000", "2005-12-31": "4372.31300", "2005-09-30": "4401.52100", "2005-06-30": "3911.59600", "2005-03-31": "4154.23000"}, "Total Current Liabilities": {"2020-09-30": "1658.42100", "2020-06-30": "1381.58500", "2020-03-31": "1125.98400", "2019-12-31": "1276.90700", "2019-09-30": "1513.45000", "2019-06-30": "1069.72200", "2019-03-31": "1001.41100", "2018-12-31": "1249.93200", "2018-09-30": "1501.39100", "2018-06-30": "1097.44500", "2018-03-31": "987.17900", "2017-12-31": "1623.80300", "2017-09-30": "2297.27800", "2017-06-30": "1762.50000", "2017-03-31": "1371.04400", "2016-12-31": "1505.57300", "2016-09-30": "1645.56600", "2016-06-30": "1373.23200", "2016-03-31": "1234.12500", "2015-12-31": "1645.52900", "2015-09-30": "1441.46300", "2015-06-30": "889.51800", "2015-03-31": "794.77400", "2014-12-31": "1088.88600", "2014-09-30": "1210.28000", "2014-06-30": "907.63400", "2014-03-31": "674.94200", "2013-12-31": "1047.44000", "2013-09-30": "1471.56900", "2013-06-30": "1038.39100", "2013-03-31": "898.46000", "2012-12-31": "1716.01200", "2012-09-30": "1663.41000", "2012-06-30": "1246.83500", "2012-03-31": "1143.91500", "2011-12-31": "1038.92800", "2011-09-30": "1398.41400", "2011-06-30": "898.56500", "2011-03-31": "1040.16500", "2010-12-31": "1350.28200", "2010-09-30": "1445.82600", "2010-06-30": "1027.73700", "2010-03-31": "723.31000", "2009-12-31": "1060.87400", "2009-09-30": "1336.67200", "2009-06-30": "1047.52100", "2009-03-31": "770.96700", "2008-12-31": "1259.97400", "2008-09-30": "1951.13500", "2008-06-30": "1161.59100", "2008-03-31": "826.51400", "2007-12-31": "1570.42900", "2007-09-30": "1750.76000", "2007-06-30": "920.43400", "2007-03-31": "846.67800", "2006-12-31": "1582.52000", "2006-09-30": "1498.10400", "2006-06-30": "1043.15400", "2006-03-31": "900.03600", "2005-12-31": "1463.18500", "2005-09-30": "1509.32300", "2005-06-30": "1228.51200", "2005-03-31": "1113.88800"}, "Long Term Debt": {"2020-09-30": "2852.75100", "2020-06-30": "2850.84100", "2020-03-31": "2848.92400", "2019-12-31": "2846.75100", "2019-09-30": "2856.77300", "2019-06-30": "2855.19400", "2019-03-31": "2853.45400", "2018-12-31": "2851.72300", "2018-09-30": "2849.92200", "2018-06-30": "2848.17700", "2018-03-31": "2871.77100", "2017-12-31": "2873.11900", "2017-09-30": "1886.40400", "2017-06-30": "1885.69300", "2017-03-31": "1884.98200", "2016-12-31": "2134.27100", "2016-09-30": "2133.48900", "2016-06-30": "1786.13300", "2016-03-31": "1785.42700", "2015-12-31": "1784.72100", "2015-09-30": "2084.01500", "2015-06-30": "2083.30900", "2015-03-31": "2082.60300", "2014-12-31": "2100.00000", "2014-09-30": "2100.00000", "2014-06-30": "2100.00000", "2014-03-31": "1600.00000", "2013-12-31": "1600.00000", "2013-09-30": "1600.00000", "2013-06-30": "1600.00000", "2013-03-31": "1600.00000", "2012-12-31": "1100.00000", "2012-09-30": "1150.00000", "2012-06-30": "1150.00000", "2012-03-31": "1150.00000", "2011-12-31": "1500.00000", "2011-09-30": "900.00000", "2011-06-30": "950.00000", "2011-03-31": "950.00000", "2010-12-31": "950.00000", "2010-09-30": "960.00000", "2010-06-30": "460.00000", "2010-03-31": "700.00000", "2009-12-31": "700.00000", "2009-09-30": "710.00000", "2009-06-30": "710.00000", "2009-03-31": "750.00000", "2008-12-31": "750.00000", "2008-09-30": "760.00000", "2008-06-30": "760.00000", "2008-03-31": "900.00000", "2007-12-31": "550.00000", "2007-09-30": "560.00000", "2007-06-30": "560.00000", "2007-03-31": "560.00000", "2006-12-31": "635.71400", "2006-09-30": "775.00000", "2006-06-30": "795.00000", "2006-03-31": "525.00000", "2005-12-31": "525.00000", "2005-09-30": "350.00000", "2005-06-30": "370.00000", "2005-03-31": "400.00000"}, "Other Non-Current Liabilities": {"2020-09-30": "436.45900", "2020-06-30": "427.69200", "2020-03-31": "408.93000", "2019-12-31": "439.00100", "2019-09-30": "419.69600", "2019-06-30": "410.57100", "2019-03-31": "409.31500", "2018-12-31": "469.66900", "2018-09-30": "471.51000", "2018-06-30": "443.84900", "2018-03-31": "462.67400", "2017-12-31": "484.12600", "2017-09-30": "576.32700", "2017-06-30": "452.28400", "2017-03-31": "448.96200", "2016-12-31": "446.16800", "2016-09-30": "454.43400", "2016-06-30": "461.91500", "2016-03-31": "474.27300", "2015-12-31": "471.63900", "2015-09-30": "531.48000", "2015-06-30": "539.88700", "2015-03-31": "541.67800", "2014-12-31": "584.02600", "2014-09-30": "515.43300", "2014-06-30": "528.98200", "2014-03-31": "499.49000", "2013-12-31": "540.62700", "2013-09-30": "616.51700", "2013-06-30": "636.55300", "2013-03-31": "647.02300", "2012-12-31": "643.72900", "2012-09-30": "601.46100", "2012-06-30": "602.64200", "2012-03-31": "616.07300", "2011-12-31": "522.10700", "2011-09-30": "472.55100", "2011-06-30": "482.24800", "2011-03-31": "474.47900", "2010-12-31": "488.86700", "2010-09-30": "495.87900", "2010-06-30": "481.01300", "2010-03-31": "484.28400", "2009-12-31": "488.69200", "2009-09-30": "536.69700", "2009-06-30": "550.36600", "2009-03-31": "538.93900", "2008-12-31": "547.93000", "2008-09-30": "391.44700", "2008-06-30": "382.29000", "2008-03-31": "375.70400", "2007-12-31": "378.28400", "2007-09-30": "454.75700", "2007-06-30": "442.08500", "2007-03-31": "428.25100", "2006-12-31": "304.67600", "2006-09-30": "297.37200", "2006-06-30": "291.77900", "2006-03-31": "282.83600", "2005-12-31": "282.39500", "2005-09-30": "259.37200", "2005-06-30": "242.06900", "2005-03-31": "239.41400"}, "Total Long Term Liabilities": {"2020-09-30": "3541.16700", "2020-06-30": "3524.94700", "2020-03-31": "3520.48500", "2019-12-31": "3556.60500", "2019-09-30": "3550.37500", "2019-06-30": "3550.71200", "2019-03-31": "3557.58100", "2018-12-31": "3321.39200", "2018-09-30": "3321.43200", "2018-06-30": "3292.02600", "2018-03-31": "3334.44500", "2017-12-31": "3357.24500", "2017-09-30": "2462.73100", "2017-06-30": "2337.97700", "2017-03-31": "2333.94400", "2016-12-31": "2580.43900", "2016-09-30": "2587.92300", "2016-06-30": "2248.04800", "2016-03-31": "2259.70000", "2015-12-31": "2256.36000", "2015-09-30": "2615.49500", "2015-06-30": "2623.19600", "2015-03-31": "2624.28100", "2014-12-31": "2684.02600", "2014-09-30": "2615.43300", "2014-06-30": "2628.98200", "2014-03-31": "2099.49000", "2013-12-31": "2140.62700", "2013-09-30": "2216.51700", "2013-06-30": "2236.55300", "2013-03-31": "2247.02300", "2012-12-31": "1743.72900", "2012-09-30": "1751.46100", "2012-06-30": "1752.64200", "2012-03-31": "1766.07300", "2011-12-31": "2022.10700", "2011-09-30": "1372.55100", "2011-06-30": "1432.24800", "2011-03-31": "1424.47900", "2010-12-31": "1438.86700", "2010-09-30": "1455.87900", "2010-06-30": "941.01300", "2010-03-31": "1184.28400", "2009-12-31": "1188.69200", "2009-09-30": "1246.69700", "2009-06-30": "1260.36600", "2009-03-31": "1288.93900", "2008-12-31": "1297.93000", "2008-09-30": "1151.44700", "2008-06-30": "1142.29000", "2008-03-31": "1275.70400", "2007-12-31": "928.28400", "2007-09-30": "1014.75700", "2007-06-30": "1002.08500", "2007-03-31": "988.25100", "2006-12-31": "940.39000", "2006-09-30": "1072.37200", "2006-06-30": "1086.77900", "2006-03-31": "807.83600", "2005-12-31": "807.39500", "2005-09-30": "609.37200", "2005-06-30": "612.06900", "2005-03-31": "639.41400"}, "Total Liabilities": {"2020-09-30": "5199.58800", "2020-06-30": "4906.53200", "2020-03-31": "4646.46900", "2019-12-31": "4833.51200", "2019-09-30": "5063.82500", "2019-06-30": "4620.43400", "2019-03-31": "4558.99200", "2018-12-31": "4571.32400", "2018-09-30": "4822.82300", "2018-06-30": "4389.47100", "2018-03-31": "4321.62400", "2017-12-31": "4981.04800", "2017-09-30": "4760.00900", "2017-06-30": "4100.47700", "2017-03-31": "3704.98800", "2016-12-31": "4086.01200", "2016-09-30": "4233.48900", "2016-06-30": "3621.28000", "2016-03-31": "3493.82500", "2015-12-31": "3901.88900", "2015-09-30": "4056.95800", "2015-06-30": "3512.71400", "2015-03-31": "3419.05500", "2014-12-31": "3772.91200", "2014-09-30": "3825.71300", "2014-06-30": "3536.61600", "2014-03-31": "2774.43200", "2013-12-31": "3188.06700", "2013-09-30": "3688.08600", "2013-06-30": "3274.94400", "2013-03-31": "3145.48300", "2012-12-31": "3459.74100", "2012-09-30": "3414.87100", "2012-06-30": "2999.47700", "2012-03-31": "2909.98800", "2011-12-31": "3061.03500", "2011-09-30": "2770.96500", "2011-06-30": "2330.81300", "2011-03-31": "2464.64400", "2010-12-31": "2789.14900", "2010-09-30": "2901.70500", "2010-06-30": "1968.75000", "2010-03-31": "1907.59400", "2009-12-31": "2249.56600", "2009-09-30": "2583.36900", "2009-06-30": "2307.88700", "2009-03-31": "2059.90600", "2008-12-31": "2557.90400", "2008-09-30": "3102.58200", "2008-06-30": "2303.88100", "2008-03-31": "2102.21800", "2007-12-31": "2498.71300", "2007-09-30": "2765.51700", "2007-06-30": "1922.51900", "2007-03-31": "1834.92900", "2006-12-31": "2522.91000", "2006-09-30": "2570.47600", "2006-06-30": "2129.93300", "2006-03-31": "1707.87200", "2005-12-31": "2270.58000", "2005-09-30": "2118.69500", "2005-06-30": "1840.58100", "2005-03-31": "1753.30200"}, "Common Stock Net": {"2020-09-30": "441.36900", "2020-06-30": "441.36900", "2020-03-31": "441.36900", "2019-12-31": "441.36900", "2019-09-30": "441.36900", "2019-06-30": "441.36900", "2019-03-31": "441.36900", "2018-12-31": "441.36900", "2018-09-30": "441.36900", "2018-06-30": "441.36900", "2018-03-31": "441.36900", "2017-12-31": "441.36900", "2017-09-30": "441.36900", "2017-06-30": "441.36900", "2017-03-31": "441.36900", "2016-12-31": "441.36900", "2016-09-30": "441.36900", "2016-06-30": "441.36900", "2016-03-31": "441.36900", "2015-12-31": "441.36900", "2015-09-30": "441.36900", "2015-06-30": "441.36900", "2015-03-31": "441.36900", "2014-12-31": "441.36900", "2014-09-30": "441.36900", "2014-06-30": "441.36900", "2014-03-31": "441.36900", "2013-12-31": "441.36900", "2013-09-30": "441.36900", "2013-06-30": "441.36900", "2013-03-31": "441.36900", "2012-12-31": "441.36900", "2012-09-30": "441.36900", "2012-06-30": "441.36900", "2012-03-31": "441.36900", "2011-12-31": "441.36900", "2011-09-30": "441.36900", "2011-06-30": "441.36900", "2011-03-31": "441.36900", "2010-12-31": "441.36900", "2010-09-30": "441.36900", "2010-06-30": "441.36900", "2010-03-31": "441.36900", "2009-12-31": "441.36900", "2009-09-30": "441.36900", "2009-06-30": "441.36900", "2009-03-31": "441.36900", "2008-12-31": "441.36900", "2008-09-30": "441.36900", "2008-06-30": "441.36900", "2008-03-31": "441.36900", "2007-12-31": "441.36900", "2007-09-30": "441.36900", "2007-06-30": "441.36900", "2007-03-31": "441.36900", "2006-12-31": "441.36900", "2006-09-30": "441.36900", "2006-06-30": "441.36900", "2006-03-31": "441.36900", "2005-12-31": "441.36900", "2005-09-30": "441.36900", "2005-06-30": "441.36900", "2005-03-31": "441.36900"}, "Retained Earnings (Accumulated Deficit)": {"2020-09-30": "1409.26200", "2020-06-30": "1093.26800", "2020-03-31": "1202.44000", "2019-12-31": "1413.18100", "2019-09-30": "1413.00600", "2019-06-30": "1342.41000", "2019-03-31": "1450.39700", "2018-12-31": "1626.69300", "2018-09-30": "1606.95500", "2018-06-30": "1608.02500", "2018-03-31": "1848.95700", "2017-12-31": "2169.00200", "2017-09-30": "2460.22400", "2017-06-30": "3114.93100", "2017-03-31": "3301.87500", "2016-12-31": "3545.35900", "2016-09-30": "3502.07600", "2016-06-30": "3396.02700", "2016-03-31": "3542.48600", "2015-12-31": "3745.81500", "2015-09-30": "3660.79600", "2015-06-30": "3566.68700", "2015-03-31": "3708.27400", "2014-12-31": "3896.26100", "2014-09-30": "3876.42300", "2014-06-30": "3674.34800", "2014-03-31": "3775.94500", "2013-12-31": "3918.12200", "2013-09-30": "3672.64600", "2013-06-30": "3374.40800", "2013-03-31": "3427.80800", "2012-12-31": "3515.18100", "2012-09-30": "3316.64200", "2012-06-30": "3057.96200", "2012-03-31": "3069.16100", "2011-12-31": "3167.99600", "2011-09-30": "2876.59900", "2011-06-30": "2655.46900", "2011-03-31": "2656.02300", "2010-12-31": "2720.64500", "2010-09-30": "2699.43200", "2010-06-30": "2416.08400", "2010-03-31": "2364.50900", "2009-12-31": "2339.50600", "2009-09-30": "2286.11200", "2009-06-30": "2056.18600", "2009-03-31": "2034.65400", "2008-12-31": "2085.57300", "2008-09-30": "2180.84900", "2008-06-30": "1942.69600", "2008-03-31": "1930.83800", "2007-12-31": "1977.45600", "2007-09-30": "1923.65700", "2007-06-30": "1686.90700", "2007-03-31": "1664.10300", "2006-12-31": "1652.14000", "2006-09-30": "1616.39700", "2006-06-30": "1377.37200", "2006-03-31": "1339.99200", "2005-12-31": "1309.82200", "2005-09-30": "1231.14700", "2005-06-30": "1005.80800", "2005-03-31": "1099.79500"}, "Comprehensive Income": {"2020-09-30": "-985.87400", "2020-06-30": "-977.59700", "2020-03-31": "-1005.88300", "2019-12-31": "-869.48400", "2019-09-30": "-880.82100", "2019-06-30": "-839.66200", "2019-03-31": "-837.93400", "2018-12-31": "-859.22600", "2018-09-30": "-835.02200", "2018-06-30": "-824.07800", "2018-03-31": "-739.14900", "2017-12-31": "-781.78600", "2017-09-30": "-862.53200", "2017-06-30": "-881.93400", "2017-03-31": "-903.83200", "2016-12-31": "-943.02900", "2016-09-30": "-875.08700", "2016-06-30": "-861.35800", "2016-03-31": "-830.69600", "2015-12-31": "-848.89900", "2015-09-30": "-804.92100", "2015-06-30": "-710.87300", "2015-03-31": "-729.02600", "2014-12-31": "-622.08900", "2014-09-30": "-492.68700", "2014-06-30": "-400.26400", "2014-03-31": "-433.72100", "2013-12-31": "-443.67600", "2013-09-30": "-487.57900", "2013-06-30": "-515.92000", "2013-03-31": "-481.42500", "2012-12-31": "-464.48600", "2012-09-30": "-436.07300", "2012-06-30": "-459.23100", "2012-03-31": "-395.54500", "2011-12-31": "-446.64500", "2011-09-30": "-395.08200", "2011-06-30": "-287.91200", "2011-03-31": "-318.58100", "2010-12-31": "-359.19900", "2010-09-30": "-356.03600", "2010-06-30": "-448.17900", "2010-03-31": "-391.77200", "2009-12-31": "-379.53400", "2009-09-30": "-390.96000", "2009-06-30": "-376.17200", "2009-03-31": "-460.88400", "2008-12-31": "-430.63500", "2008-09-30": "-222.19600", "2008-06-30": "-107.52800", "2008-03-31": "-117.15300", "2007-12-31": "-175.81000", "2007-09-30": "-225.75000", "2007-06-30": "-249.19200", "2007-03-31": "-271.07500", "2006-12-31": "-276.86100", "2006-09-30": "-273.92900", "2006-06-30": "-281.66100", "2006-03-31": "-291.69300", "2005-12-31": "-303.02800", "2005-09-30": "-293.40800", "2005-06-30": "-289.16900", "2005-03-31": "-285.12900"}, "Other Share Holders Equity": {"2020-09-30": "", "2020-06-30": "", "2020-03-31": "", "2019-12-31": "", "2019-09-30": "", "2019-06-30": "", "2019-03-31": "", "2018-12-31": "", "2018-09-30": "", "2018-06-30": "", "2018-03-31": "", "2017-12-31": "", "2017-09-30": "", "2017-06-30": "", "2017-03-31": "", "2016-12-31": "", "2016-09-30": "", "2016-06-30": "", "2016-03-31": "", "2015-12-31": "", "2015-09-30": "", "2015-06-30": "", "2015-03-31": "", "2014-12-31": "", "2014-09-30": "", "2014-06-30": "", "2014-03-31": "", "2013-12-31": "", "2013-09-30": "", "2013-06-30": "", "2013-03-31": "", "2012-12-31": "", "2012-09-30": "", "2012-06-30": "", "2012-03-31": "", "2011-12-31": "", "2011-09-30": "", "2011-06-30": "", "2011-03-31": "", "2010-12-31": "", "2010-09-30": "", "2010-06-30": "", "2010-03-31": "", "2009-12-31": "", "2009-09-30": "", "2009-06-30": "", "2009-03-31": "", "2008-12-31": "", "2008-09-30": "", "2008-06-30": "", "2008-03-31": "", "2007-12-31": "", "2007-09-30": "", "2007-06-30": "", "2007-03-31": "", "2006-12-31": "", "2006-09-30": "", "2006-06-30": "", "2006-03-31": "", "2005-12-31": "", "2005-09-30": "", "2005-06-30": "", "2005-03-31": ""}, "Share Holder Equity": {"2020-09-30": "404.50700", "2020-06-30": "86.14800", "2020-03-31": "157.88300", "2019-12-31": "491.71400", "2019-09-30": "463.75600", "2019-06-30": "426.19500", "2019-03-31": "523.37500", "2018-12-31": "666.90100", "2018-09-30": "659.02200", "2018-06-30": "663.97100", "2018-03-31": "982.46600", "2017-12-31": "1247.09900", "2017-09-30": "1439.67500", "2017-06-30": "2067.40500", "2017-03-31": "2215.94100", "2016-12-31": "2407.78200", "2016-09-30": "2415.37800", "2016-06-30": "2310.28700", "2016-03-31": "2475.12000", "2015-12-31": "2633.25400", "2015-09-30": "2572.66300", "2015-06-30": "2564.47300", "2015-03-31": "2666.64300", "2014-12-31": "2949.07100", "2014-09-30": "3067.83400", "2014-06-30": "2951.56700", "2014-03-31": "3097.53700", "2013-12-31": "3251.55900", "2013-09-30": "3008.16900", "2013-06-30": "2921.44800", "2013-03-31": "3048.18800", "2012-12-31": "3067.04400", "2012-09-30": "2903.85800", "2012-06-30": "2590.81600", "2012-03-31": "2641.08800", "2011-12-31": "2610.60300", "2011-09-30": "2430.49200", "2011-06-30": "2466.88500", "2011-03-31": "2517.41300", "2010-12-31": "2628.58400", "2010-09-30": "2857.14200", "2010-06-30": "2506.97500", "2010-03-31": "2595.62200", "2009-12-31": "2530.98900", "2009-09-30": "2405.69800", "2009-06-30": "2169.68700", "2009-03-31": "2046.04300", "2008-12-31": "2117.13500", "2008-09-30": "2421.20800", "2008-06-30": "2329.25900", "2008-03-31": "2339.27400", "2007-12-31": "2306.74200", "2007-09-30": "2363.03600", "2007-06-30": "2725.50500", "2007-03-31": "2632.68100", "2006-12-31": "2432.97400", "2006-09-30": "2299.75500", "2006-06-30": "2053.83200", "2006-03-31": "2156.94800", "2005-12-31": "2101.73300", "2005-09-30": "2282.82600", "2005-06-30": "2071.01500", "2005-03-31": "2400.92800"}, "Total Liabilities And Share Holders Equity": {"2020-09-30": "5604.09500", "2020-06-30": "4992.68000", "2020-03-31": "4804.35200", "2019-12-31": "5325.22600", "2019-09-30": "5527.58100", "2019-06-30": "5046.62900", "2019-03-31": "5082.36700", "2018-12-31": "5238.22500", "2018-09-30": "5481.84500", "2018-06-30": "5053.44200", "2018-03-31": "5304.09000", "2017-12-31": "6228.14700", "2017-09-30": "6199.68400", "2017-06-30": "6167.88200", "2017-03-31": "5920.92900", "2016-12-31": "6493.79400", "2016-09-30": "6648.86700", "2016-06-30": "5931.56700", "2016-03-31": "5968.94500", "2015-12-31": "6535.14300", "2015-09-30": "6629.62100", "2015-06-30": "6077.18700", "2015-03-31": "6085.69800", "2014-12-31": "6721.98300", "2014-09-30": "6893.54700", "2014-06-30": "6488.18300", "2014-03-31": "5871.96900", "2013-12-31": "6439.62600", "2013-09-30": "6696.25500", "2013-06-30": "6196.39200", "2013-03-31": "6193.67100", "2012-12-31": "6526.78500", "2012-09-30": "6318.72900", "2012-06-30": "5590.29300", "2012-03-31": "5551.07600", "2011-12-31": "5671.63800", "2011-09-30": "5201.45700", "2011-06-30": "4797.69800", "2011-03-31": "4982.05700", "2010-12-31": "5417.73300", "2010-09-30": "5758.84700", "2010-06-30": "4475.72500", "2010-03-31": "4503.21600", "2009-12-31": "4780.55500", "2009-09-30": "4989.06700", "2009-06-30": "4477.57400", "2009-03-31": "4105.94900", "2008-12-31": "4675.03900", "2008-09-30": "5523.79000", "2008-06-30": "4633.14000", "2008-03-31": "4441.49200", "2007-12-31": "4805.45500", "2007-09-30": "5128.55300", "2007-06-30": "4648.02400", "2007-03-31": "4467.61000", "2006-12-31": "4955.88400", "2006-09-30": "4870.23100", "2006-06-30": "4183.76500", "2006-03-31": "3864.82000", "2005-12-31": "4372.31300", "2005-09-30": "4401.52100", "2005-06-30": "3911.59600", "2005-03-31": "4154.23000"}}, "cash flow statement": {"Net Income/Loss": {"2019-12-31": "-213.51200", "2018-12-31": "-533.29900", "2017-12-31": "-1054.57900", "2016-12-31": "312.90800", "2015-12-31": "369.41600", "2014-12-31": "498.87400", "2013-12-31": "903.94400", "2012-12-31": "776.46400", "2011-12-31": "768.50800", "2010-12-31": "684.86300", "2009-12-31": "528.70400", "2008-12-31": "379.63600", "2007-12-31": "599.99300", "2006-12-31": "592.92700", "2005-12-31": "417.01900"}, "Total Depreciation And Amortization - Cash Flow": {"2019-12-31": "244.51800", "2018-12-31": "271.93200", "2017-12-31": "274.76700", "2016-12-31": "262.34000", "2015-12-31": "265.42700", "2014-12-31": "248.70100", "2013-12-31": "196.39300", "2012-12-31": "174.28200", "2011-12-31": "161.29800", "2010-12-31": "165.80800", "2009-12-31": "169.83000", "2008-12-31": "172.09500", "2007-12-31": "172.08000", "2006-12-31": "172.26400", "2005-12-31": "174.99100"}, "Other Non-Cash Items": {"2019-12-31": "73.03900", "2018-12-31": "139.63600", "2017-12-31": "641.27100", "2016-12-31": "61.76500", "2015-12-31": "60.82400", "2014-12-31": "60.13500", "2013-12-31": "95.28300", "2012-12-31": "-8.70400", "2011-12-31": "78.64500", "2010-12-31": "71.18100", "2009-12-31": "2.41100", "2008-12-31": "28.52500", "2007-12-31": "42.28100", "2006-12-31": "6.43300", "2005-12-31": "73.60900"}, "Total Non-Cash Items": {"2019-12-31": "317.55700", "2018-12-31": "411.56800", "2017-12-31": "916.03800", "2016-12-31": "324.10500", "2015-12-31": "326.25100", "2014-12-31": "308.83600", "2013-12-31": "291.67600", "2012-12-31": "165.57800", "2011-12-31": "239.94300", "2010-12-31": "236.98900", "2009-12-31": "172.24100", "2008-12-31": "200.62000", "2007-12-31": "214.36100", "2006-12-31": "178.69700", "2005-12-31": "248.60000"}, "Change In Accounts Receivable": {"2019-12-31": "41.02900", "2018-12-31": "72.41500", "2017-12-31": "-3.48400", "2016-12-31": "-29.69800", "2015-12-31": "-136.25900", "2014-12-31": "90.28500", "2013-12-31": "-48.80200", "2012-12-31": "66.99900", "2011-12-31": "-175.52600", "2010-12-31": "-394.68800", "2009-12-31": "154.90900", "2008-12-31": "-20.15900", "2007-12-31": "15.51000", "2006-12-31": "-103.88200", "2005-12-31": "-12.68000"}, "Change In Inventories": {"2019-12-31": "48.21900", "2018-12-31": "21.13400", "2017-12-31": "35.94800", "2016-12-31": "-37.19500", "2015-12-31": "-74.26200", "2014-12-31": "43.39200", "2013-12-31": "-116.50900", "2012-12-31": "34.38200", "2011-12-31": "-40.01500", "2010-12-31": "-106.18200", "2009-12-31": "137.07200", "2008-12-31": "-96.64500", "2007-12-31": "-17.21800", "2006-12-31": "38.07100", "2005-12-31": "32.87200"}, "Change In Accounts Payable": {"2019-12-31": "", "2018-12-31": "", "2017-12-31": "", "2016-12-31": "", "2015-12-31": "", "2014-12-31": "", "2013-12-31": "", "2012-12-31": "", "2011-12-31": "", "2010-12-31": "", "2009-12-31": "", "2008-12-31": "", "2007-12-31": "", "2006-12-31": "", "2005-12-31": ""}, "Change In Assets/Liabilities": {"2019-12-31": "46.36300", "2018-12-31": "48.26200", "2017-12-31": "-15.38100", "2016-12-31": "11.18300", "2015-12-31": "1.36400", "2014-12-31": "-18.17000", "2013-12-31": "-130.01500", "2012-12-31": "-80.40700", "2011-12-31": "-41.19600", "2010-12-31": "-2.07300", "2009-12-31": "-37.41300", "2008-12-31": "-16.77300", "2007-12-31": "54.12100", "2006-12-31": "-10.22800", "2005-12-31": "4.20100"}, "Total Change In Assets/Liabilities": {"2019-12-31": "76.93200", "2018-12-31": "94.41400", "2017-12-31": "110.92700", "2016-12-31": "-42.50400", "2015-12-31": "38.89000", "2014-12-31": "80.85400", "2013-12-31": "-497.19400", "2012-12-31": "333.60800", "2011-12-31": "-343.75800", "2010-12-31": "-393.88200", "2009-12-31": "244.09600", "2008-12-31": "-143.91800", "2007-12-31": "-253.82200", "2006-12-31": "104.32200", "2005-12-31": "-198.94200"}, "Cash Flow From Operating Activities": {"2019-12-31": "180.97700", "2018-12-31": "-27.31700", "2017-12-31": "-27.61400", "2016-12-31": "594.50900", "2015-12-31": "734.55700", "2014-12-31": "888.56400", "2013-12-31": "698.42600", "2012-12-31": "1275.65000", "2011-12-31": "664.69300", "2010-12-31": "527.97000", "2009-12-31": "945.04100", "2008-12-31": "436.33800", "2007-12-31": "560.53200", "2006-12-31": "875.94600", "2005-12-31": "466.67700"}, "Net Change In Property, Plant, And Equipment": {"2019-12-31": "-116.35200", "2018-12-31": "-152.41400", "2017-12-31": "-297.15900", "2016-12-31": "-262.19300", "2015-12-31": "-254.18100", "2014-12-31": "-260.45700", "2013-12-31": "-252.05400", "2012-12-31": "-219.04800", "2011-12-31": "-190.91400", "2010-12-31": "-134.11600", "2009-12-31": "-119.13600", "2008-12-31": "-191.60900", "2007-12-31": "-145.80600", "2006-12-31": "-117.07400", "2005-12-31": "-129.05700"}, "Net Change In Intangible Assets": {"2019-12-31": "", "2018-12-31": "", "2017-12-31": "", "2016-12-31": "", "2015-12-31": "", "2014-12-31": "", "2013-12-31": "", "2012-12-31": "", "2011-12-31": "", "2010-12-31": "-15.76100", "2009-12-31": "-3.29900", "2008-12-31": "", "2007-12-31": "", "2006-12-31": "", "2005-12-31": ""}, "Net Acquisitions/Divestitures": {"2019-12-31": "", "2018-12-31": "", "2017-12-31": "", "2016-12-31": "-33.15400", "2015-12-31": "", "2014-12-31": "-423.30900", "2013-12-31": "", "2012-12-31": "-684.52200", "2011-12-31": "", "2010-12-31": "", "2009-12-31": "", "2008-12-31": "-58.39600", "2007-12-31": "-104.48400", "2006-12-31": "-197.71000", "2005-12-31": "-1.49500"}, "Net Change In Short-term Investments": {"2019-12-31": "-0.68100", "2018-12-31": "-18.61500", "2017-12-31": "60.99300", "2016-12-31": "-6.10300", "2015-12-31": "-61.50900", "2014-12-31": "-19.93300", "2013-12-31": "12.84900", "2012-12-31": "2.96400", "2011-12-31": "16.43200", "2010-12-31": "-7.32200", "2009-12-31": "15.77400", "2008-12-31": "23.63300", "2007-12-31": "", "2006-12-31": "", "2005-12-31": ""}, "Net Change In Long-Term Investments": {"2019-12-31": "", "2018-12-31": "", "2017-12-31": "", "2016-12-31": "", "2015-12-31": "", "2014-12-31": "", "2013-12-31": "", "2012-12-31": "", "2011-12-31": "", "2010-12-31": "10.54900", "2009-12-31": "73.13200", "2008-12-31": "-85.30000", "2007-12-31": "-35.00000", "2006-12-31": "", "2005-12-31": "48.36100"}, "Net Change In Investments - Total": {"2019-12-31": "-0.68100", "2018-12-31": "-18.61500", "2017-12-31": "60.99300", "2016-12-31": "-6.10300", "2015-12-31": "-61.50900", "2014-12-31": "-19.93300", "2013-12-31": "12.84900", "2012-12-31": "2.96400", "2011-12-31": "16.43200", "2010-12-31": "3.22700", "2009-12-31": "88.90600", "2008-12-31": "-61.66700", "2007-12-31": "-35.00000", "2006-12-31": "", "2005-12-31": "48.36100"}, "Investing Activities - Other": {"2019-12-31": "2.85700", "2018-12-31": "10.27100", "2017-12-31": "0.50300", "2016-12-31": "-10.46000", "2015-12-31": "33.19500", "2014-12-31": "-4.85300", "2013-12-31": "-2.90100", "2012-12-31": "0.45400", "2011-12-31": "-0.02200", "2010-12-31": "", "2009-12-31": "", "2008-12-31": "", "2007-12-31": "", "2006-12-31": "", "2005-12-31": ""}, "Cash Flow From Investing Activities": {"2019-12-31": "-114.17600", "2018-12-31": "-160.75800", "2017-12-31": "-235.66300", "2016-12-31": "-311.91000", "2015-12-31": "-282.49500", "2014-12-31": "-708.55200", "2013-12-31": "-242.10600", "2012-12-31": "-900.15200", "2011-12-31": "-174.50400", "2010-12-31": "-146.65000", "2009-12-31": "-33.52900", "2008-12-31": "-311.67200", "2007-12-31": "-285.29000", "2006-12-31": "-314.78400", "2005-12-31": "-82.19100"}, "Net Long-Term Debt": {"2019-12-31": "-19.65400", "2018-12-31": "-278.20300", "2017-12-31": "988.62200", "2016-12-31": "50.00000", "2015-12-31": "", "2014-12-31": "450.87200", "2013-12-31": "95.26000", "2012-12-31": "-50.00000", "2011-12-31": "341.80100", "2010-12-31": "443.17500", "2009-12-31": "-150.00000", "2008-12-31": "297.18300", "2007-12-31": "-100.00000", "2006-12-31": "73.35600", "2005-12-31": "35.87000"}, "Net Current Debt": {"2019-12-31": "-4.17600", "2018-12-31": "4.17600", "2017-12-31": "-192.16810", "2016-12-31": "175.25400", "2015-12-31": "16.91400", "2014-12-31": "-4.27800", "2013-12-31": "-5.56600", "2012-12-31": "1.82600", "2011-12-31": "8.01800", "2010-12-31": "-1.95000", "2009-12-31": "1.27500", "2008-12-31": "-342.85600", "2007-12-31": "346.26100", "2006-12-31": "-118.98400", "2005-12-31": "88.69000"}, "Debt Issuance/Retirement Net - Total": {"2019-12-31": "-23.83000", "2018-12-31": "-274.02700", "2017-12-31": "796.45390", "2016-12-31": "225.25400", "2015-12-31": "16.91400", "2014-12-31": "446.59400", "2013-12-31": "89.69400", "2012-12-31": "-48.17400", "2011-12-31": "349.81900", "2010-12-31": "441.22500", "2009-12-31": "-148.72500", "2008-12-31": "-45.67300", "2007-12-31": "246.26100", "2006-12-31": "-45.62800", "2005-12-31": "124.56000"}, "Net Common Equity Issued/Repurchased": {"2019-12-31": "", "2018-12-31": "", "2017-12-31": "1.77500", "2016-12-31": "34.06500", "2015-12-31": "14.99500", "2014-12-31": "-133.86300", "2013-12-31": "-358.23400", "2012-12-31": "55.56300", "2011-12-31": "-408.39800", "2010-12-31": "-373.34000", "2009-12-31": "30.89600", "2008-12-31": "-72.26700", "2007-12-31": "-583.78800", "2006-12-31": "-89.04600", "2005-12-31": "-458.70100"}, "Net Total Equity Issued/Repurchased": {"2019-12-31": "", "2018-12-31": "", "2017-12-31": "1.77500", "2016-12-31": "34.06500", "2015-12-31": "14.99500", "2014-12-31": "-133.86300", "2013-12-31": "-358.23400", "2012-12-31": "55.56300", "2011-12-31": "-408.39800", "2010-12-31": "-373.34000", "2009-12-31": "30.89600", "2008-12-31": "-72.26700", "2007-12-31": "-583.78800", "2006-12-31": "-89.04600", "2005-12-31": "-458.70100"}, "Total Common And Preferred Stock Dividends Paid": {"2019-12-31": "", "2018-12-31": "", "2017-12-31": "-311.97300", "2016-12-31": "-518.52900", "2015-12-31": "-515.07300", "2014-12-31": "-514.81300", "2013-12-31": "-494.37100", "2012-12-31": "-423.37800", "2011-12-31": "-316.50300", "2010-12-31": "-291.25600", "2009-12-31": "-271.35300", "2008-12-31": "-268.85400", "2007-12-31": "-272.34300", "2006-12-31": "-249.54200", "2005-12-31": "-200.46400"}, "Financial Activities - Other": {"2019-12-31": "-9.30800", "2018-12-31": "-11.13000", "2017-12-31": "-27.80600", "2016-12-31": "-22.26100", "2015-12-31": "-17.05800", "2014-12-31": "-25.23700", "2013-12-31": "22.94900", "2012-12-31": "5.06100", "2011-12-31": "-22.22600", "2010-12-31": "-1.44500", "2009-12-31": "13.09200", "2008-12-31": "-8.90100", "2007-12-31": "22.10500", "2006-12-31": "10.09600", "2005-12-31": "-2.71200"}, "Cash Flow From Financial Activities": {"2019-12-31": "-33.13800", "2018-12-31": "-285.15700", "2017-12-31": "458.45000", "2016-12-31": "-281.47100", "2015-12-31": "-500.22200", "2014-12-31": "-227.31900", "2013-12-31": "-739.96200", "2012-12-31": "-410.92800", "2011-12-31": "-397.30800", "2010-12-31": "-224.81600", "2009-12-31": "-376.09000", "2008-12-31": "-395.69500", "2007-12-31": "-587.76500", "2006-12-31": "-374.12000", "2005-12-31": "-537.31700"}, "Net Cash Flow": {"2019-12-31": "35.54700", "2018-12-31": "-484.74000", "2017-12-31": "209.69000", "2016-12-31": "-23.28300", "2015-12-31": "-78.83600", "2014-12-31": "-67.56600", "2013-12-31": "-296.49500", "2012-12-31": "-33.40200", "2011-12-31": "87.99000", "2010-12-31": "164.12600", "2009-12-31": "499.30300", "2008-12-31": "-283.45400", "2007-12-31": "-304.40400", "2006-12-31": "207.81800", "2005-12-31": "-159.10100"}, "Stock-Based Compensation": {"2019-12-31": "55.96800", "2018-12-31": "48.91500", "2017-12-31": "67.11900", "2016-12-31": "53.95000", "2015-12-31": "56.69100", "2014-12-31": "51.99300", "2013-12-31": "61.65100", "2012-12-31": "63.27700", "2011-12-31": "53.47600", "2010-12-31": "67.13800", "2009-12-31": "49.96200", "2008-12-31": "35.75700", "2007-12-31": "22.16300", "2006-12-31": "27.54600", "2005-12-31": "0.19700"}, "Common Stock Dividends Paid": {"2019-12-31": "0.00000", "2018-12-31": "0.00000", "2017-12-31": "-311.97300", "2016-12-31": "-518.52900", "2015-12-31": "-515.07300", "2014-12-31": "-514.81300", "2013-12-31": "-494.37100", "2012-12-31": "-423.37800", "2011-12-31": "-316.50300", "2010-12-31": "-291.25600", "2009-12-31": "-271.35300", "2008-12-31": "-268.85400", "2007-12-31": "-272.34300", "2006-12-31": "-249.54200", "2005-12-31": "-200.46400"}}, "cash flow statement, quarterly": {"Net Income/Loss": {"2020-09-30": 315.995, "2020-06-30": -109.173, "2020-03-31": "-210.74100", "2019-12-31": 0.175, "2019-09-30": 70.596, "2019-06-30": -107.987, "2019-03-31": "-176.29600", "2018-12-31": 9.639, "2018-09-30": 9.246, "2018-06-30": -240.931, "2018-03-31": "-311.25300", "2017-12-31": -282.026, "2017-09-30": -603.247, "2017-06-30": -56.075, "2017-03-31": "-113.23100", "2016-12-31": 168.731, "2016-09-30": 236.25, "2016-06-30": -19.114, "2016-03-31": "-72.95900", "2015-12-31": 215.16, "2015-09-30": 223.784, "2015-06-30": -11.351, "2015-03-31": "-58.17700", "2014-12-31": 149.931, "2014-09-30": 331.836, "2014-06-30": 28.325, "2014-03-31": "-11.21800", "2013-12-31": 369.249, "2013-09-30": 422.836, "2013-06-30": 73.348, "2013-03-31": "38.51100", "2012-12-31": 306.48, "2012-09-30": 365.937, "2012-06-30": 96.218, "2012-03-31": "7.82900", "2011-12-31": 370.577, "2011-09-30": 300.795, "2011-06-30": 80.529, "2011-03-31": "16.60700", "2010-12-31": 325.184, "2010-09-30": 283.262, "2010-06-30": 51.575, "2010-03-31": "24.84200", "2009-12-31": 328.379, "2009-09-30": 229.842, "2009-06-30": 21.469, "2009-03-31": "-50.98600", "2008-12-31": 176.401, "2008-09-30": 238.098, "2008-06-30": 11.783, "2008-03-31": "-46.64600", "2007-12-31": 328.476, "2007-09-30": 236.75, "2007-06-30": 22.804, "2007-03-31": "11.96300", "2006-12-31": 286.352, "2006-09-30": 239.025, "2006-06-30": 37.38, "2006-03-31": "30.17000", "2005-12-31": 279.16, "2005-09-30": 225.339, "2005-06-30": -93.987, "2005-03-31": "6.50700"}, "Total Depreciation And Amortization - Cash Flow": {"2020-09-30": 47.902, "2020-06-30": 48.017, "2020-03-31": "53.61900", "2019-12-31": 58.104, "2019-09-30": 62.496, "2019-06-30": 61.418, "2019-03-31": "62.50000", "2018-12-31": 62.39, "2018-09-30": 72.372, "2018-06-30": 68.433, "2018-03-31": "68.73700", "2017-12-31": 78.672, "2017-09-30": 67.172, "2017-06-30": 64.372, "2017-03-31": "64.55100", "2016-12-31": 64.824, "2016-09-30": 65.238, "2016-06-30": 65.938, "2016-03-31": "66.34000", "2015-12-31": 68.005, "2015-09-30": 66.441, "2015-06-30": 66.196, "2015-03-31": "64.78500", "2014-12-31": 71.529, "2014-09-30": 67.348, "2014-06-30": 58.31, "2014-03-31": "51.51400", "2013-12-31": 51.243, "2013-09-30": 50.172, "2013-06-30": 48.746, "2013-03-31": "46.23200", "2012-12-31": 47.847, "2012-09-30": 43.296, "2012-06-30": 42.728, "2012-03-31": "40.41100", "2011-12-31": 39.797, "2011-09-30": 42.246, "2011-06-30": 39.75, "2011-03-31": "39.50500", "2010-12-31": 41.06, "2010-09-30": 42.218, "2010-06-30": 41.969, "2010-03-31": "40.56100", "2009-12-31": 43.299, "2009-09-30": 40.753, "2009-06-30": 41.413, "2009-03-31": "44.36500", "2008-12-31": 43.941, "2008-09-30": 42.302, "2008-06-30": 42.626, "2008-03-31": "43.22600", "2007-12-31": 44.236, "2007-09-30": 44.211, "2007-06-30": 39.803, "2007-03-31": "43.83000", "2006-12-31": 44.303, "2006-09-30": 42.503, "2006-06-30": 43.448, "2006-03-31": "42.01000", "2005-12-31": 45.182, "2005-09-30": 41.481, "2005-06-30": 44.173, "2005-03-31": "44.15500"}, "Other Non-Cash Items": {"2020-09-30": 24.721, "2020-06-30": 15.641, "2020-03-31": "24.73300", "2019-12-31": 35.11, "2019-09-30": 4.251, "2019-06-30": 19.134, "2019-03-31": "14.54400", "2018-12-31": 19.921, "2018-09-30": 33.277, "2018-06-30": 14.204, "2018-03-31": "72.23400", "2017-12-31": 3.017, "2017-09-30": 668.449, "2017-06-30": -3.222, "2017-03-31": "-26.97300", "2016-12-31": 61.445, "2016-09-30": 33.88, "2016-06-30": -10.727, "2016-03-31": "-22.83300", "2015-12-31": 34.245, "2015-09-30": 41.752, "2015-06-30": -4.673, "2015-03-31": "-10.50000", "2014-12-31": 67.048, "2014-09-30": 14.214, "2014-06-30": -43.797, "2014-03-31": "22.67000", "2013-12-31": 70.59, "2013-09-30": 49.407, "2013-06-30": -0.467, "2013-03-31": "-24.24700", "2012-12-31": -59.996, "2012-09-30": 57.728, "2012-06-30": 10.482, "2012-03-31": "-16.91800", "2011-12-31": 46.668, "2011-09-30": 50.859, "2011-06-30": -7.749, "2011-03-31": "-11.13300", "2010-12-31": 17.341, "2010-09-30": 37.756, "2010-06-30": 8.243, "2010-03-31": "7.84100", "2009-12-31": -15.865, "2009-09-30": 27.663, "2009-06-30": -10.656, "2009-03-31": "1.26900", "2008-12-31": -1.623, "2008-09-30": 56.506, "2008-06-30": -7.64, "2008-03-31": "-18.71800", "2007-12-31": 39.562, "2007-09-30": 20.62, "2007-06-30": -4.999, "2007-03-31": "-12.90200", "2006-12-31": -3.055, "2006-09-30": 39.503, "2006-06-30": -10.832, "2006-03-31": "-19.18300", "2005-12-31": 47.679, "2005-09-30": 29.803, "2005-06-30": 15.961, "2005-03-31": "-19.83400"}, "Total Non-Cash Items": {"2020-09-30": 72.623, "2020-06-30": 63.658, "2020-03-31": "78.35200", "2019-12-31": 93.214, "2019-09-30": 66.747, "2019-06-30": 80.552, "2019-03-31": "77.04400", "2018-12-31": 82.311, "2018-09-30": 105.649, "2018-06-30": 82.637, "2018-03-31": "140.97100", "2017-12-31": 81.689, "2017-09-30": 735.621, "2017-06-30": 61.15, "2017-03-31": "37.57800", "2016-12-31": 126.269, "2016-09-30": 99.118, "2016-06-30": 55.211, "2016-03-31": "43.50700", "2015-12-31": 102.25, "2015-09-30": 108.193, "2015-06-30": 61.523, "2015-03-31": "54.28500", "2014-12-31": 138.577, "2014-09-30": 81.562, "2014-06-30": 14.513, "2014-03-31": "74.18400", "2013-12-31": 121.833, "2013-09-30": 99.579, "2013-06-30": 48.279, "2013-03-31": "21.98500", "2012-12-31": -12.149, "2012-09-30": 101.024, "2012-06-30": 53.21, "2012-03-31": "23.49300", "2011-12-31": 86.465, "2011-09-30": 93.105, "2011-06-30": 32.001, "2011-03-31": "28.37200", "2010-12-31": 58.401, "2010-09-30": 79.974, "2010-06-30": 50.212, "2010-03-31": "48.40200", "2009-12-31": 27.434, "2009-09-30": 68.416, "2009-06-30": 30.757, "2009-03-31": "45.63400", "2008-12-31": 42.318, "2008-09-30": 98.808, "2008-06-30": 34.986, "2008-03-31": "24.50800", "2007-12-31": 83.798, "2007-09-30": 64.831, "2007-06-30": 34.804, "2007-03-31": "30.92800", "2006-12-31": 41.248, "2006-09-30": 82.006, "2006-06-30": 32.616, "2006-03-31": "22.82700", "2005-12-31": 92.861, "2005-09-30": 71.284, "2005-06-30": 60.134, "2005-03-31": "24.32100"}, "Change In Accounts Receivable": {"2020-09-30": -677.592, "2020-06-30": -116.994, "2020-03-31": "365.00200", "2019-12-31": 378.559, "2019-09-30": -555.284, "2019-06-30": -128.627, "2019-03-31": "346.38100", "2018-12-31": 332.154, "2018-09-30": -534.045, "2018-06-30": -128.621, "2018-03-31": "402.92700", "2017-12-31": 364.095, "2017-09-30": -582.234, "2017-06-30": -103.365, "2017-03-31": "318.02000", "2016-12-31": 359.852, "2016-09-30": -740.608, "2016-06-30": -51.443, "2016-03-31": "402.50100", "2015-12-31": 275.57, "2015-09-30": -675.021, "2015-06-30": -97.892, "2015-03-31": "361.08400", "2014-12-31": 533.128, "2014-09-30": -857.406, "2014-06-30": -79.933, "2014-03-31": "494.49600", "2013-12-31": 614.043, "2013-09-30": -924.752, "2013-06-30": -210.497, "2013-03-31": "472.40400", "2012-12-31": 608.714, "2012-09-30": -837.127, "2012-06-30": -258.591, "2012-03-31": "554.00300", "2011-12-31": 386.248, "2011-09-30": -720.715, "2011-06-30": -242.315, "2011-03-31": "401.25600", "2010-12-31": 384.509, "2010-09-30": -692.595, "2010-06-30": -162.061, "2010-03-31": "75.45900", "2009-12-31": 700.313, "2009-09-30": -682.455, "2009-06-30": -154.335, "2009-03-31": "291.38600", "2008-12-31": 732.757, "2008-09-30": -798.816, "2008-06-30": -243.625, "2008-03-31": "289.52500", "2007-12-31": 666.571, "2007-09-30": -747.912, "2007-06-30": -119.823, "2007-03-31": "216.67400", "2006-12-31": 506.812, "2006-09-30": -639.383, "2006-06-30": -155.965, "2006-03-31": "184.65400", "2005-12-31": 501.493, "2005-09-30": -567.493, "2005-06-30": -126.786, "2005-03-31": "180.10600"}, "Change In Inventories": {"2020-09-30": 40.823, "2020-06-30": -121.156, "2020-03-31": "-99.74800", "2019-12-31": 220.83, "2019-09-30": 0.022, "2019-06-30": -99.387, "2019-03-31": "-73.24600", "2018-12-31": 174.985, "2018-09-30": -14.295, "2018-06-30": -59.158, "2018-03-31": "-80.39800", "2017-12-31": 394.961, "2017-09-30": -56.113, "2017-06-30": -156.897, "2017-03-31": "-146.00300", "2016-12-31": 273.946, "2016-09-30": -21.307, "2016-06-30": -193.702, "2016-03-31": "-96.13200", "2015-12-31": 275.214, "2015-09-30": -45.128, "2015-06-30": -205.639, "2015-03-31": "-98.70900", "2014-12-31": 258.708, "2014-09-30": 15.804, "2014-06-30": -148.917, "2014-03-31": "-82.20300", "2013-12-31": 236.009, "2013-09-30": -3.905, "2013-06-30": -207.773, "2013-03-31": "-140.84000", "2012-12-31": 323.285, "2012-09-30": -27.635, "2012-06-30": -164.718, "2012-03-31": "-96.55000", "2011-12-31": 295.913, "2011-09-30": -37.134, "2011-06-30": -168.861, "2011-03-31": "-129.93300", "2010-12-31": 265.017, "2010-09-30": -104.436, "2010-06-30": -190.053, "2010-03-31": "-76.71000", "2009-12-31": 218.314, "2009-09-30": -5.172, "2009-06-30": -71.531, "2009-03-31": "-4.53900", "2008-12-31": 277.915, "2008-09-30": -143.642, "2008-06-30": -140.997, "2008-03-31": "-89.92100", "2007-12-31": 311.964, "2007-09-30": -113.265, "2007-06-30": -151.871, "2007-03-31": "-64.04600", "2006-12-31": 329.233, "2006-09-30": -133.96, "2006-06-30": -124.23, "2006-03-31": "-32.97200", "2005-12-31": 346.578, "2005-09-30": -142.827, "2005-06-30": -111.008, "2005-03-31": "-59.87100"}, "Change In Accounts Payable": {"2020-09-30": 0, "2020-06-30": 0, "2020-03-31": "", "2019-12-31": 0, "2019-09-30": 0, "2019-06-30": 0, "2019-03-31": "", "2018-12-31": 0, "2018-09-30": 0, "2018-06-30": 0, "2018-03-31": "", "2017-12-31": 0, "2017-09-30": 0, "2017-06-30": 0, "2017-03-31": "", "2016-12-31": 0, "2016-09-30": 0, "2016-06-30": 0, "2016-03-31": "", "2015-12-31": 0, "2015-09-30": 0, "2015-06-30": 0, "2015-03-31": "", "2014-12-31": 0, "2014-09-30": 0, "2014-06-30": 0, "2014-03-31": "", "2013-12-31": 0, "2013-09-30": 0, "2013-06-30": 0, "2013-03-31": "", "2012-12-31": 0, "2012-09-30": 0, "2012-06-30": 0, "2012-03-31": "", "2011-12-31": 0, "2011-09-30": 0, "2011-06-30": 0, "2011-03-31": "", "2010-12-31": 0, "2010-09-30": 0, "2010-06-30": 0, "2010-03-31": "", "2009-12-31": 0, "2009-09-30": 0, "2009-06-30": 0, "2009-03-31": "", "2008-12-31": 0, "2008-09-30": 0, "2008-06-30": 0, "2008-03-31": "", "2007-12-31": 0, "2007-09-30": 0, "2007-06-30": 0, "2007-03-31": "", "2006-12-31": 0, "2006-09-30": 0, "2006-06-30": 0, "2006-03-31": "", "2005-12-31": 0, "2005-09-30": 0, "2005-06-30": 0, "2005-03-31": ""}, "Change In Assets/Liabilities": {"2020-09-30": 11.972, "2020-06-30": -15.853, "2020-03-31": "8.93700", "2019-12-31": 31.513, "2019-09-30": 31.861, "2019-06-30": 27.808, "2019-03-31": "-44.81900", "2018-12-31": 52.23, "2018-09-30": 29.817, "2018-06-30": 24.896, "2018-03-31": "-58.68100", "2017-12-31": 69.786, "2017-09-30": 6.921, "2017-06-30": -49.152, "2017-03-31": "-42.93600", "2016-12-31": 25.857, "2016-09-30": -17.659, "2016-06-30": 10.455, "2016-03-31": "-7.47000", "2015-12-31": 21.623, "2015-09-30": 2.72, "2015-06-30": -40.614, "2015-03-31": "17.63500", "2014-12-31": -13.105, "2014-09-30": 96.692, "2014-06-30": -96.724, "2014-03-31": "-5.03300", "2013-12-31": -84.057, "2013-09-30": -9.447, "2013-06-30": -24.658, "2013-03-31": "-11.85300", "2012-12-31": -55.634, "2012-09-30": 15.907, "2012-06-30": 3.998, "2012-03-31": "-44.67800", "2011-12-31": -51.776, "2011-09-30": 48.992, "2011-06-30": -2.642, "2011-03-31": "-35.77000", "2010-12-31": -23.985, "2010-09-30": -40.273, "2010-06-30": 45.597, "2010-03-31": "16.58800", "2009-12-31": 23.035, "2009-09-30": -0.415, "2009-06-30": -40.752, "2009-03-31": "-19.28100", "2008-12-31": -10.796, "2008-09-30": 85.065, "2008-06-30": -14.788, "2008-03-31": "-76.25400", "2007-12-31": -29.967, "2007-09-30": 13.119, "2007-06-30": -50.651, "2007-03-31": "121.62000", "2006-12-31": -29.455, "2006-09-30": -1.711, "2006-06-30": 39.822, "2006-03-31": "-18.88400", "2005-12-31": -37.757, "2005-09-30": -13.908, "2005-06-30": 8.2, "2005-03-31": "47.66600"}, "Total Change In Assets/Liabilities": {"2020-09-30": -359.563, "2020-06-30": -243.028, "2020-03-31": "-42.10000", "2019-12-31": 601.249, "2019-09-30": -250.485, "2019-06-30": -180.274, "2019-03-31": "-93.55800", "2018-12-31": 612.1851, "2018-09-30": -289.7381, "2018-06-30": -124.583, "2018-03-31": "-103.45000", "2017-12-31": 912.793, "2017-09-30": -323.349, "2017-06-30": -244.129, "2017-03-31": "-234.38800", "2016-12-31": 630.855, "2016-09-30": -426.088, "2016-06-30": -187.47, "2016-03-31": "-59.80100", "2015-12-31": 639.485, "2015-09-30": -313.542, "2015-06-30": -237.835, "2015-03-31": "-49.21800", "2014-12-31": 744.366, "2014-09-30": -478.551, "2014-06-30": -182.573, "2014-03-31": "-2.38800", "2013-12-31": 528.599, "2013-09-30": -557.759, "2013-06-30": -345.091, "2013-03-31": "-122.94300", "2012-12-31": 1082.4621, "2012-09-30": -506.2051, "2012-06-30": -381.985, "2012-03-31": "139.33600", "2011-12-31": 529.736, "2011-09-30": -489.207, "2011-06-30": -297.464, "2011-03-31": "-86.82300", "2010-12-31": 572.015, "2010-09-30": -418.784, "2010-06-30": -229.262, "2010-03-31": "-317.85100", "2009-12-31": 908.035, "2009-09-30": -267.255, "2009-06-30": -187.229, "2009-03-31": "-209.45500", "2008-12-31": 884.196, "2008-09-30": -473.802, "2008-06-30": -312.015, "2008-03-31": "-242.29700", "2007-12-31": 759.26, "2007-09-30": -421, "2007-06-30": -222.655, "2007-03-31": "-369.42700", "2006-12-31": 916.003, "2006-09-30": -330.769, "2006-06-30": -137.834, "2006-03-31": "-343.07800", "2005-12-31": 723.6619, "2005-09-30": -374.5489, "2005-06-30": -142.294, "2005-03-31": "-405.76100"}, "Cash Flow From Operating Activities": {"2020-09-30": 29.055, "2020-06-30": -288.543, "2020-03-31": "-174.48900", "2019-12-31": 694.638, "2019-09-30": -113.142, "2019-06-30": -207.709, "2019-03-31": "-192.81000", "2018-12-31": 704.135, "2018-09-30": -174.843, "2018-06-30": -282.877, "2018-03-31": "-273.73200", "2017-12-31": 712.456, "2017-09-30": -190.975, "2017-06-30": -239.054, "2017-03-31": "-310.04100", "2016-12-31": 925.855, "2016-09-30": -90.72, "2016-06-30": -151.373, "2016-03-31": "-89.25300", "2015-12-31": 956.895, "2015-09-30": 18.435, "2015-06-30": -187.663, "2015-03-31": "-53.11000", "2014-12-31": 1032.874, "2014-09-30": -65.153, "2014-06-30": -139.735, "2014-03-31": "60.57800", "2013-12-31": 1019.681, "2013-09-30": -35.344, "2013-06-30": -223.464, "2013-03-31": "-62.44700", "2012-12-31": 1376.793, "2012-09-30": -39.244, "2012-06-30": -232.557, "2012-03-31": "170.65800", "2011-12-31": 986.778, "2011-09-30": -95.307, "2011-06-30": -184.934, "2011-03-31": "-41.84400", "2010-12-31": 955.6, "2010-09-30": -55.548, "2010-06-30": -127.475, "2010-03-31": "-244.60700", "2009-12-31": 1263.848, "2009-09-30": 31.003, "2009-06-30": -135.003, "2009-03-31": "-214.80700", "2008-12-31": 1102.915, "2008-09-30": -136.896, "2008-06-30": -265.246, "2008-03-31": "-264.43500", "2007-12-31": 1171.534, "2007-09-30": -119.419, "2007-06-30": -165.047, "2007-03-31": "-326.53600", "2006-12-31": 1243.603, "2006-09-30": -9.738, "2006-06-30": -67.838, "2006-03-31": "-290.08100", "2005-12-31": 1095.683, "2005-09-30": -77.926, "2005-06-30": -176.147, "2005-03-31": "-374.93300"}, "Net Change In Property, Plant, And Equipment": {"2020-09-30": -30.272, "2020-06-30": -24.885, "2020-03-31": "-35.30600", "2019-12-31": -40.675, "2019-09-30": -27.496, "2019-06-30": -24.066, "2019-03-31": "-24.11500", "2018-12-31": -41.282, "2018-09-30": -32.841, "2018-06-30": -30.854, "2018-03-31": "-47.43700", "2017-12-31": -61.836, "2017-09-30": -86.478, "2017-06-30": -78.513, "2017-03-31": "-70.33200", "2016-12-31": -83.045, "2016-09-30": -67.87, "2016-06-30": -65.969, "2016-03-31": "-45.30900", "2015-12-31": -83.574, "2015-09-30": -56.769, "2015-06-30": -75.09, "2015-03-31": "-38.74800", "2014-12-31": -88.331, "2014-09-30": -63.711, "2014-06-30": -64.583, "2014-03-31": "-43.83200", "2013-12-31": -73.408, "2013-09-30": -63.767, "2013-06-30": -49.146, "2013-03-31": "-65.73300", "2012-12-31": -62.498, "2012-09-30": -49.909, "2012-06-30": -68.844, "2012-03-31": "-37.79700", "2011-12-31": -47.542, "2011-09-30": -41.443, "2011-06-30": -56.47, "2011-03-31": "-45.45900", "2010-12-31": -41.373, "2010-09-30": -35.844, "2010-06-30": -32.985, "2010-03-31": "-23.91400", "2009-12-31": -29.138, "2009-09-30": -28.431, "2009-06-30": -41.57, "2009-03-31": "-19.99700", "2008-12-31": -58.061, "2008-09-30": -56.633, "2008-06-30": -45.606, "2008-03-31": "-31.30900", "2007-12-31": -48.302, "2007-09-30": -39.469, "2007-06-30": -34.068, "2007-03-31": "-23.96700", "2006-12-31": -17.894, "2006-09-30": -33.413, "2006-06-30": -37.493, "2006-03-31": "-28.27400", "2005-12-31": -44.025, "2005-09-30": -26.795, "2005-06-30": -34.571, "2005-03-31": "-23.66600"}, "Net Change In Intangible Assets": {"2020-09-30": 0, "2020-06-30": 0, "2020-03-31": "", "2019-12-31": 0, "2019-09-30": 0, "2019-06-30": 0, "2019-03-31": "", "2018-12-31": 0, "2018-09-30": 0, "2018-06-30": 0, "2018-03-31": "", "2017-12-31": 0, "2017-09-30": 0, "2017-06-30": 0, "2017-03-31": "", "2016-12-31": 0, "2016-09-30": 0, "2016-06-30": 0, "2016-03-31": "", "2015-12-31": 0, "2015-09-30": 0, "2015-06-30": 0, "2015-03-31": "", "2014-12-31": 0, "2014-09-30": 0, "2014-06-30": 0, "2014-03-31": "", "2013-12-31": 0, "2013-09-30": 0, "2013-06-30": 0, "2013-03-31": "", "2012-12-31": 0, "2012-09-30": 0, "2012-06-30": 0, "2012-03-31": "", "2011-12-31": 0, "2011-09-30": 0, "2011-06-30": 0, "2011-03-31": "", "2010-12-31": -15.761, "2010-09-30": 0, "2010-06-30": 0, "2010-03-31": "", "2009-12-31": -3.299, "2009-09-30": 0, "2009-06-30": 0, "2009-03-31": "", "2008-12-31": 0, "2008-09-30": 0, "2008-06-30": 0, "2008-03-31": "", "2007-12-31": 0, "2007-09-30": 0, "2007-06-30": 0, "2007-03-31": "", "2006-12-31": 0, "2006-09-30": 0, "2006-06-30": 0, "2006-03-31": "", "2005-12-31": 0, "2005-09-30": 0, "2005-06-30": 0, "2005-03-31": ""}, "Net Acquisitions/Divestitures": {"2020-09-30": 0, "2020-06-30": 0, "2020-03-31": "", "2019-12-31": 0, "2019-09-30": 0, "2019-06-30": 0, "2019-03-31": "", "2018-12-31": 0, "2018-09-30": 0, "2018-06-30": 0, "2018-03-31": "", "2017-12-31": 0, "2017-09-30": 0, "2017-06-30": 0, "2017-03-31": "", "2016-12-31": 0, "2016-09-30": -0.167, "2016-06-30": -0.381, "2016-03-31": "-32.60600", "2015-12-31": 0, "2015-09-30": 0, "2015-06-30": 0, "2015-03-31": "", "2014-12-31": 0, "2014-09-30": 0, "2014-06-30": -423.309, "2014-03-31": "", "2013-12-31": 0, "2013-09-30": 0, "2013-06-30": 0, "2013-03-31": "", "2012-12-31": 0, "2012-09-30": 0, "2012-06-30": 0, "2012-03-31": "-684.52200", "2011-12-31": 0, "2011-09-30": 0, "2011-06-30": 0, "2011-03-31": "", "2010-12-31": 0, "2010-09-30": 0, "2010-06-30": 0, "2010-03-31": "", "2009-12-31": 0, "2009-09-30": 0, "2009-06-30": 0, "2009-03-31": "", "2008-12-31": -34.945, "2008-09-30": -23.451, "2008-06-30": 0, "2008-03-31": "", "2007-12-31": 0.269, "2007-09-30": -25.84, "2007-06-30": -78.913, "2007-03-31": "", "2006-12-31": -196.365, "2006-09-30": -0.65, "2006-06-30": -0.695, "2006-03-31": "", "2005-12-31": 0, "2005-09-30": -0.5, "2005-06-30": 0, "2005-03-31": "-0.99500"}, "Net Change In Short-term Investments": {"2020-09-30": -5.236, "2020-06-30": 24.819, "2020-03-31": "-46.56500", "2019-12-31": 2.713, "2019-09-30": -7.386, "2019-06-30": -0.711, "2019-03-31": "4.70300", "2018-12-31": -8.395, "2018-09-30": 2.357, "2018-06-30": -35.827, "2018-03-31": "23.25000", "2017-12-31": 0.617, "2017-09-30": 17.592, "2017-06-30": 16.856, "2017-03-31": "25.92800", "2016-12-31": -12.331, "2016-09-30": -9.761, "2016-06-30": -3.39, "2016-03-31": "19.37900", "2015-12-31": 6.934, "2015-09-30": -20.539, "2015-06-30": 5.702, "2015-03-31": "-53.60600", "2014-12-31": -10.571, "2014-09-30": -15.977, "2014-06-30": -7.37, "2014-03-31": "13.98500", "2013-12-31": 8.01, "2013-09-30": 19.974, "2013-06-30": -15.135, "2013-03-31": "", "2012-12-31": -3.979, "2012-09-30": 30.857, "2012-06-30": -43.714, "2012-03-31": "19.80000", "2011-12-31": -8.084, "2011-09-30": -33.06, "2011-06-30": 21.289, "2011-03-31": "36.28700", "2010-12-31": -10.893, "2010-09-30": 43.982, "2010-06-30": -29.278, "2010-03-31": "-11.13300", "2009-12-31": -4.44, "2009-09-30": 17.109, "2009-06-30": 15.217, "2009-03-31": "-12.11200", "2008-12-31": 5.335, "2008-09-30": -22.889, "2008-06-30": 6.931, "2008-03-31": "34.25600", "2007-12-31": 0, "2007-09-30": 0, "2007-06-30": 0, "2007-03-31": "", "2006-12-31": 0, "2006-09-30": 0, "2006-06-30": 0, "2006-03-31": "", "2005-12-31": 0, "2005-09-30": 0, "2005-06-30": 0, "2005-03-31": ""}, "Net Change In Long-Term Investments": {"2020-09-30": 0, "2020-06-30": 0, "2020-03-31": "", "2019-12-31": 0, "2019-09-30": 0, "2019-06-30": 0, "2019-03-31": "", "2018-12-31": 0, "2018-09-30": 0, "2018-06-30": 0, "2018-03-31": "", "2017-12-31": 0, "2017-09-30": 0, "2017-06-30": 0, "2017-03-31": "", "2016-12-31": 0, "2016-09-30": 0, "2016-06-30": 0, "2016-03-31": "", "2015-12-31": 0, "2015-09-30": 0, "2015-06-30": 0, "2015-03-31": "", "2014-12-31": 0, "2014-09-30": 0, "2014-06-30": 0, "2014-03-31": "", "2013-12-31": 0, "2013-09-30": 0, "2013-06-30": 0, "2013-03-31": "", "2012-12-31": 0, "2012-09-30": 0, "2012-06-30": 0, "2012-03-31": "", "2011-12-31": 0, "2011-09-30": 0, "2011-06-30": 0, "2011-03-31": "", "2010-12-31": 10.549, "2010-09-30": 0, "2010-06-30": 0, "2010-03-31": "", "2009-12-31": 5.998, "2009-09-30": 0, "2009-06-30": 11.734, "2009-03-31": "55.40000", "2008-12-31": 0, "2008-09-30": -85.3, "2008-06-30": 0, "2008-03-31": "", "2007-12-31": 0, "2007-09-30": -35, "2007-06-30": 0, "2007-03-31": "", "2006-12-31": 0, "2006-09-30": 0, "2006-06-30": 0, "2006-03-31": "", "2005-12-31": 0, "2005-09-30": 21.149, "2005-06-30": 9.055, "2005-03-31": "18.15700"}, "Net Change In Investments - Total": {"2020-09-30": -5.236, "2020-06-30": 24.819, "2020-03-31": "-46.56500", "2019-12-31": 2.713, "2019-09-30": -7.386, "2019-06-30": -0.711, "2019-03-31": "4.70300", "2018-12-31": -8.395, "2018-09-30": 2.357, "2018-06-30": -35.827, "2018-03-31": "23.25000", "2017-12-31": 0.617, "2017-09-30": 17.592, "2017-06-30": 16.856, "2017-03-31": "25.92800", "2016-12-31": -12.331, "2016-09-30": -9.761, "2016-06-30": -3.39, "2016-03-31": "19.37900", "2015-12-31": 6.934, "2015-09-30": -20.539, "2015-06-30": 5.702, "2015-03-31": "-53.60600", "2014-12-31": -10.571, "2014-09-30": -15.977, "2014-06-30": -7.37, "2014-03-31": "13.98500", "2013-12-31": 8.01, "2013-09-30": 19.974, "2013-06-30": -15.135, "2013-03-31": "", "2012-12-31": -3.979, "2012-09-30": 30.857, "2012-06-30": -43.714, "2012-03-31": "19.80000", "2011-12-31": -8.084, "2011-09-30": -33.06, "2011-06-30": 21.289, "2011-03-31": "36.28700", "2010-12-31": -0.344, "2010-09-30": 43.982, "2010-06-30": -29.278, "2010-03-31": "-11.13300", "2009-12-31": 1.558, "2009-09-30": 17.109, "2009-06-30": 26.951, "2009-03-31": "43.28800", "2008-12-31": 5.335, "2008-09-30": -108.189, "2008-06-30": 6.931, "2008-03-31": "34.25600", "2007-12-31": 0, "2007-09-30": -35, "2007-06-30": 0, "2007-03-31": "", "2006-12-31": 0, "2006-09-30": 0, "2006-06-30": 0, "2006-03-31": "", "2005-12-31": 0, "2005-09-30": 21.149, "2005-06-30": 9.055, "2005-03-31": "18.15700"}, "Investing Activities - Other": {"2020-09-30": 1.278, "2020-06-30": 0.291, "2020-03-31": "0.71400", "2019-12-31": 2.155, "2019-09-30": 0.218, "2019-06-30": 0.272, "2019-03-31": "0.21200", "2018-12-31": 3.559, "2018-09-30": 1.027, "2018-06-30": 12.36, "2018-03-31": "-6.67500", "2017-12-31": 0.465, "2017-09-30": 0.2, "2017-06-30": 0.129, "2017-03-31": "-0.29100", "2016-12-31": -11.809, "2016-09-30": -3.034, "2016-06-30": 0.591, "2016-03-31": "3.79200", "2015-12-31": 0.104, "2015-09-30": 32.521, "2015-06-30": 0.248, "2015-03-31": "0.32200", "2014-12-31": -5.292, "2014-09-30": 0.072, "2014-06-30": 0.166, "2014-03-31": "0.20100", "2013-12-31": -0.825, "2013-09-30": 0.386, "2013-06-30": -2.595, "2013-03-31": "0.13300", "2012-12-31": -0.39, "2012-09-30": 0.459, "2012-06-30": 0.385, "2012-03-31": "", "2011-12-31": -0.022, "2011-09-30": 0, "2011-06-30": 0, "2011-03-31": "", "2010-12-31": 0, "2010-09-30": 0, "2010-06-30": 0, "2010-03-31": "", "2009-12-31": 0, "2009-09-30": 0, "2009-06-30": 0, "2009-03-31": "", "2008-12-31": 0, "2008-09-30": 0, "2008-06-30": 0, "2008-03-31": "", "2007-12-31": 0, "2007-09-30": 0, "2007-06-30": 0, "2007-03-31": "", "2006-12-31": 0, "2006-09-30": 0, "2006-06-30": 0, "2006-03-31": "", "2005-12-31": 0, "2005-09-30": 0, "2005-06-30": 0, "2005-03-31": ""}, "Cash Flow From Investing Activities": {"2020-09-30": -34.23, "2020-06-30": 0.225, "2020-03-31": "-81.15700", "2019-12-31": -35.807, "2019-09-30": -34.664, "2019-06-30": -24.505, "2019-03-31": "-19.20000", "2018-12-31": -46.118, "2018-09-30": -29.457, "2018-06-30": -54.321, "2018-03-31": "-30.86200", "2017-12-31": -60.754, "2017-09-30": -68.686, "2017-06-30": -61.528, "2017-03-31": "-44.69500", "2016-12-31": -107.185, "2016-09-30": -80.832, "2016-06-30": -69.149, "2016-03-31": "-54.74400", "2015-12-31": -76.536, "2015-09-30": -44.787, "2015-06-30": -69.14, "2015-03-31": "-92.03200", "2014-12-31": -104.194, "2014-09-30": -79.616, "2014-06-30": -495.096, "2014-03-31": "-29.64600", "2013-12-31": -66.223, "2013-09-30": -43.407, "2013-06-30": -66.876, "2013-03-31": "-65.60000", "2012-12-31": -66.867, "2012-09-30": -18.593, "2012-06-30": -112.173, "2012-03-31": "-702.51900", "2011-12-31": -55.648, "2011-09-30": -74.503, "2011-06-30": -35.181, "2011-03-31": "-9.17200", "2010-12-31": -57.478, "2010-09-30": 8.138, "2010-06-30": -62.263, "2010-03-31": "-35.04700", "2009-12-31": -30.879, "2009-09-30": -11.322, "2009-06-30": -14.619, "2009-03-31": "23.29100", "2008-12-31": -87.671, "2008-09-30": -188.273, "2008-06-30": -38.675, "2008-03-31": "2.94700", "2007-12-31": -48.033, "2007-09-30": -100.309, "2007-06-30": -112.981, "2007-03-31": "-23.96700", "2006-12-31": -214.259, "2006-09-30": -34.063, "2006-06-30": -38.188, "2006-03-31": "-28.27400", "2005-12-31": -44.025, "2005-09-30": -6.146, "2005-06-30": -25.516, "2005-03-31": "-6.50400"}, "Net Long-Term Debt": {"2020-09-30": 0, "2020-06-30": 0, "2020-03-31": "", "2019-12-31": -19.654, "2019-09-30": 0, "2019-06-30": 0, "2019-03-31": "", "2018-12-31": -3.753, "2018-09-30": 0, "2018-06-30": -24.45, "2018-03-31": "-250.00000", "2017-12-31": 988.622, "2017-09-30": 0, "2017-06-30": 0, "2017-03-31": "", "2016-12-31": -300, "2016-09-30": 350, "2016-06-30": 0, "2016-03-31": "", "2015-12-31": 0, "2015-09-30": 0, "2015-06-30": 0, "2015-03-31": "", "2014-12-31": 0, "2014-09-30": 0.001, "2014-06-30": 450.871, "2014-03-31": "", "2013-12-31": -50, "2013-09-30": 0, "2013-06-30": 0, "2013-03-31": "145.26000", "2012-12-31": 0, "2012-09-30": -50, "2012-06-30": 0, "2012-03-31": "", "2011-12-31": 581.801, "2011-09-30": 0, "2011-06-30": -240, "2011-03-31": "", "2010-12-31": -10.962, "2010-09-30": 494.137, "2010-06-30": -40, "2010-03-31": "", "2009-12-31": -10, "2009-09-30": 0, "2009-06-30": -140, "2009-03-31": "", "2008-12-31": -10, "2008-09-30": 0, "2008-06-30": -39.999, "2008-03-31": "347.18200", "2007-12-31": 0, "2007-09-30": -20, "2007-06-30": -30, "2007-03-31": "-50.00000", "2006-12-31": -175, "2006-09-30": -20, "2006-06-30": 268.356, "2006-03-31": "", "2005-12-31": 185.87, "2005-09-30": -150, "2005-06-30": 0, "2005-03-31": ""}, "Net Current Debt": {"2020-09-30": 0, "2020-06-30": 250, "2020-03-31": "150.00000", "2019-12-31": -230, "2019-09-30": 185, "2019-06-30": 45, "2019-03-31": "-4.17600", "2018-12-31": -270.824, "2018-09-30": 195, "2018-06-30": 80, "2018-03-31": "", "2017-12-31": -732.6491, "2017-09-30": 225.88, "2017-06-30": 326.769, "2017-03-31": "-12.16800", "2016-12-31": 192.168, "2016-09-30": -67, "2016-06-30": 67, "2016-03-31": "-16.91400", "2015-12-31": -144.094, "2015-09-30": 161.008, "2015-06-30": 0, "2015-03-31": "", "2014-12-31": -52.5, "2014-09-30": 32.019, "2014-06-30": 20.481, "2014-03-31": "-4.27800", "2013-12-31": -73.536, "2013-09-30": 37.113, "2013-06-30": 35.705, "2013-03-31": "-4.84800", "2012-12-31": -144.659, "2012-09-30": 112.231, "2012-06-30": 42.272, "2012-03-31": "-8.01800", "2011-12-31": -228.793, "2011-09-30": 236.811, "2011-06-30": 0, "2011-03-31": "", "2010-12-31": -5.454, "2010-09-30": 5.454, "2010-06-30": 0, "2010-03-31": "-1.95000", "2009-12-31": -157.423, "2009-09-30": -135.264, "2009-06-30": 293.962, "2009-03-31": "", "2008-12-31": -525.003, "2008-09-30": 424.223, "2008-06-30": 146.927, "2008-03-31": "-389.00300", "2007-12-31": -15.767, "2007-09-30": 346.967, "2007-06-30": 15.061, "2007-03-31": "", "2006-12-31": -58.481, "2006-09-30": 24.021, "2006-06-30": -9.826, "2006-03-31": "-74.69800", "2005-12-31": 29.603, "2005-09-30": 57.156, "2005-06-30": 11.066, "2005-03-31": "-9.13500"}, "Debt Issuance/Retirement Net - Total": {"2020-09-30": 0, "2020-06-30": 250, "2020-03-31": "150.00000", "2019-12-31": -249.654, "2019-09-30": 185, "2019-06-30": 45, "2019-03-31": "-4.17600", "2018-12-31": -274.577, "2018-09-30": 195, "2018-06-30": 55.55, "2018-03-31": "-250.00000", "2017-12-31": 255.9729, "2017-09-30": 225.88, "2017-06-30": 326.769, "2017-03-31": "-12.16800", "2016-12-31": -107.832, "2016-09-30": 283, "2016-06-30": 67, "2016-03-31": "-16.91400", "2015-12-31": -144.094, "2015-09-30": 161.008, "2015-06-30": 0, "2015-03-31": "", "2014-12-31": -52.5, "2014-09-30": 32.02, "2014-06-30": 471.352, "2014-03-31": "-4.27800", "2013-12-31": -123.536, "2013-09-30": 37.113, "2013-06-30": 35.705, "2013-03-31": "140.41200", "2012-12-31": -144.659, "2012-09-30": 62.231, "2012-06-30": 42.272, "2012-03-31": "-8.01800", "2011-12-31": 353.008, "2011-09-30": 236.811, "2011-06-30": -240, "2011-03-31": "", "2010-12-31": -16.416, "2010-09-30": 499.591, "2010-06-30": -40, "2010-03-31": "-1.95000", "2009-12-31": -167.423, "2009-09-30": -135.264, "2009-06-30": 153.962, "2009-03-31": "", "2008-12-31": -535.003, "2008-09-30": 424.223, "2008-06-30": 106.928, "2008-03-31": "-41.82100", "2007-12-31": -15.767, "2007-09-30": 326.967, "2007-06-30": -14.939, "2007-03-31": "-50.00000", "2006-12-31": -233.481, "2006-09-30": 4.021, "2006-06-30": 258.53, "2006-03-31": "-74.69800", "2005-12-31": 215.473, "2005-09-30": -92.844, "2005-06-30": 11.066, "2005-03-31": "-9.13500"}, "Net Common Equity Issued/Repurchased": {"2020-09-30": 0, "2020-06-30": 0, "2020-03-31": "", "2019-12-31": 0, "2019-09-30": 0, "2019-06-30": 0, "2019-03-31": "", "2018-12-31": 0, "2018-09-30": 0, "2018-06-30": 0, "2018-03-31": "", "2017-12-31": 0.007, "2017-09-30": 0.054, "2017-06-30": 0.299, "2017-03-31": "1.41500", "2016-12-31": 5.534, "2016-09-30": 11.813, "2016-06-30": 4.297, "2016-03-31": "12.42100", "2015-12-31": 4.537, "2015-09-30": 2.88, "2015-06-30": 5.173, "2015-03-31": "2.40500", "2014-12-31": -26.564, "2014-09-30": 6.3, "2014-06-30": -91.049, "2014-03-31": "-22.55000", "2013-12-31": -74.216, "2013-09-30": -240.057, "2013-06-30": -69.032, "2013-03-31": "25.07100", "2012-12-31": -10.424, "2012-09-30": 18.256, "2012-06-30": 4.363, "2012-03-31": "43.36800", "2011-12-31": -88.896, "2011-09-30": -135.037, "2011-06-30": -98.324, "2011-03-31": "-86.14100", "2010-12-31": -271.94, "2010-09-30": -34.492, "2010-06-30": -98.394, "2010-03-31": "31.48600", "2009-12-31": 10.295, "2009-09-30": 19.56, "2009-06-30": 0.835, "2009-03-31": "0.20600", "2008-12-31": -25.077, "2008-09-30": -22.066, "2008-06-30": -38.315, "2008-03-31": "13.19100", "2007-12-31": -201.452, "2007-09-30": -599.56, "2007-06-30": 42.388, "2007-03-31": "174.83600", "2006-12-31": 87.653, "2006-09-30": -36.057, "2006-06-30": -136.105, "2006-03-31": "-4.53700", "2005-12-31": -241.187, "2005-09-30": -15.178, "2005-06-30": -226.235, "2005-03-31": "23.89900"}, "Net Total Equity Issued/Repurchased": {"2020-09-30": 0, "2020-06-30": 0, "2020-03-31": "", "2019-12-31": 0, "2019-09-30": 0, "2019-06-30": 0, "2019-03-31": "", "2018-12-31": 0, "2018-09-30": 0, "2018-06-30": 0, "2018-03-31": "", "2017-12-31": 0.007, "2017-09-30": 0.054, "2017-06-30": 0.299, "2017-03-31": "1.41500", "2016-12-31": 5.534, "2016-09-30": 11.813, "2016-06-30": 4.297, "2016-03-31": "12.42100", "2015-12-31": 4.537, "2015-09-30": 2.88, "2015-06-30": 5.173, "2015-03-31": "2.40500", "2014-12-31": -26.564, "2014-09-30": 6.3, "2014-06-30": -91.049, "2014-03-31": "-22.55000", "2013-12-31": -74.216, "2013-09-30": -240.057, "2013-06-30": -69.032, "2013-03-31": "25.07100", "2012-12-31": -10.424, "2012-09-30": 18.256, "2012-06-30": 4.363, "2012-03-31": "43.36800", "2011-12-31": -88.896, "2011-09-30": -135.037, "2011-06-30": -98.324, "2011-03-31": "-86.14100", "2010-12-31": -271.94, "2010-09-30": -34.492, "2010-06-30": -98.394, "2010-03-31": "31.48600", "2009-12-31": 10.295, "2009-09-30": 19.56, "2009-06-30": 0.835, "2009-03-31": "0.20600", "2008-12-31": -25.077, "2008-09-30": -22.066, "2008-06-30": -38.315, "2008-03-31": "13.19100", "2007-12-31": -201.452, "2007-09-30": -599.56, "2007-06-30": 42.388, "2007-03-31": "174.83600", "2006-12-31": 87.653, "2006-09-30": -36.057, "2006-06-30": -136.105, "2006-03-31": "-4.53700", "2005-12-31": -241.187, "2005-09-30": -15.178, "2005-06-30": -226.235, "2005-03-31": "23.89900"}, "Total Common And Preferred Stock Dividends Paid": {"2020-09-30": 0, "2020-06-30": 0, "2020-03-31": "", "2019-12-31": 0, "2019-09-30": 0, "2019-06-30": 0, "2019-03-31": "", "2018-12-31": 0, "2018-09-30": 0, "2018-06-30": 0, "2018-03-31": "", "2017-12-31": 0, "2017-09-30": -51.546, "2017-06-30": -130.298, "2017-03-31": "-130.12900", "2016-12-31": -130.011, "2016-09-30": -129.927, "2016-06-30": -129.389, "2016-03-31": "-129.20200", "2015-12-31": -128.971, "2015-09-30": -128.921, "2015-06-30": -128.651, "2015-03-31": "-128.53000", "2014-12-31": -128.453, "2014-09-30": -128.691, "2014-06-30": -128.342, "2014-03-31": "-129.32700", "2013-12-31": -122.03, "2013-09-30": -123.258, "2013-06-30": -125.006, "2013-03-31": "-124.07700", "2012-12-31": -106.357, "2012-09-30": -106.22, "2012-06-30": -105.631, "2012-03-31": "-105.17000", "2011-12-31": -77.883, "2011-09-30": -78.714, "2011-06-30": -79.778, "2011-03-31": "-80.12800", "2010-12-31": -291.256, "2010-09-30": 0, "2010-06-30": 0, "2010-03-31": "", "2009-12-31": -271.353, "2009-09-30": 0, "2009-06-30": 0, "2009-03-31": "", "2008-12-31": -268.854, "2008-09-30": 0, "2008-06-30": 0, "2008-03-31": "", "2007-12-31": -272.343, "2007-09-30": 0, "2007-06-30": 0, "2007-03-31": "", "2006-12-31": -249.542, "2006-09-30": 0, "2006-06-30": 0, "2006-03-31": "", "2005-12-31": -200.464, "2005-09-30": 0, "2005-06-30": 0, "2005-03-31": ""}, "Financial Activities - Other": {"2020-09-30": -5.887, "2020-06-30": -0.015, "2020-03-31": "-0.67800", "2019-12-31": -1.785, "2019-09-30": -7.365, "2019-06-30": 0.015, "2019-03-31": "-0.17300", "2018-12-31": 0.106, "2018-09-30": -7.688, "2018-06-30": -2.032, "2018-03-31": "-1.51600", "2017-12-31": -11.263, "2017-09-30": -12.137, "2017-06-30": -2.642, "2017-03-31": "-1.76400", "2016-12-31": -5.92, "2016-09-30": -14.085, "2016-06-30": -1.586, "2016-03-31": "-0.67000", "2015-12-31": -1.728, "2015-09-30": -9.339, "2015-06-30": -3.328, "2015-03-31": "-2.66300", "2014-12-31": 0.254, "2014-09-30": -12.769, "2014-06-30": -0.011, "2014-03-31": "-12.71100", "2013-12-31": 1.136, "2013-09-30": -10.861, "2013-06-30": 16.82, "2013-03-31": "15.85400", "2012-12-31": 4.295, "2012-09-30": -8.428, "2012-06-30": -2.109, "2012-03-31": "11.30300", "2011-12-31": 3.277, "2011-09-30": -9.121, "2011-06-30": 3.616, "2011-03-31": "-19.99800", "2010-12-31": -1.021, "2010-09-30": -10.136, "2010-06-30": 5.451, "2010-03-31": "4.26100", "2009-12-31": 31.393, "2009-09-30": -6.604, "2009-06-30": -1.988, "2009-03-31": "-9.70900", "2008-12-31": -8.81, "2008-09-30": -1.049, "2008-06-30": 0.585, "2008-03-31": "0.37300", "2007-12-31": -10.334, "2007-09-30": 22.509, "2007-06-30": 4.166, "2007-03-31": "5.76400", "2006-12-31": 4.411, "2006-09-30": 1.752, "2006-06-30": 2.994, "2006-03-31": "0.93900", "2005-12-31": 0.159, "2005-09-30": -0.263, "2005-06-30": -0.271, "2005-03-31": "-2.33700"}, "Cash Flow From Financial Activities": {"2020-09-30": -5.887, "2020-06-30": 249.985, "2020-03-31": "149.32200", "2019-12-31": -251.439, "2019-09-30": 177.635, "2019-06-30": 45.015, "2019-03-31": "-4.34900", "2018-12-31": -274.471, "2018-09-30": 187.312, "2018-06-30": 53.518, "2018-03-31": "-251.51600", "2017-12-31": 244.717, "2017-09-30": 162.251, "2017-06-30": 194.128, "2017-03-31": "-142.64600", "2016-12-31": -238.229, "2016-09-30": 150.801, "2016-06-30": -59.678, "2016-03-31": "-134.36500", "2015-12-31": -270.256, "2015-09-30": 25.628, "2015-06-30": -126.806, "2015-03-31": "-128.78800", "2014-12-31": -207.263, "2014-09-30": -103.14, "2014-06-30": 251.95, "2014-03-31": "-168.86600", "2013-12-31": -318.646, "2013-09-30": -337.063, "2013-06-30": -141.513, "2013-03-31": "57.26000", "2012-12-31": -257.145, "2012-09-30": -34.161, "2012-06-30": -61.105, "2012-03-31": "-58.51700", "2011-12-31": 189.506, "2011-09-30": 13.939, "2011-06-30": -414.486, "2011-03-31": "-186.26700", "2010-12-31": -580.633, "2010-09-30": 454.963, "2010-06-30": -132.943, "2010-03-31": "33.79700", "2009-12-31": -397.088, "2009-09-30": -122.308, "2009-06-30": 152.809, "2009-03-31": "-9.50300", "2008-12-31": -837.744, "2008-09-30": 401.108, "2008-06-30": 69.198, "2008-03-31": "-28.25700", "2007-12-31": -499.896, "2007-09-30": -250.084, "2007-06-30": 31.615, "2007-03-31": "130.60000", "2006-12-31": -390.959, "2006-09-30": -30.284, "2006-06-30": 125.419, "2006-03-31": "-78.29600", "2005-12-31": -226.019, "2005-09-30": -108.285, "2005-06-30": -215.44, "2005-03-31": "12.42700"}, "Net Cash Flow": {"2020-09-30": -9.39, "2020-06-30": -37.85, "2020-03-31": "-130.62100", "2019-12-31": 411.73, "2019-09-30": 24.173, "2019-06-30": -185.982, "2019-03-31": "-214.37400", "2018-12-31": 385.331, "2018-09-30": -19.456, "2018-06-30": -298.118, "2018-03-31": "-552.49700", "2017-12-31": 897.913, "2017-09-30": -94.087, "2017-06-30": -106.492, "2017-03-31": "-487.64400", "2016-12-31": 572.442, "2016-09-30": -20.714, "2016-06-30": -281.905, "2016-03-31": "-293.10600", "2015-12-31": 603.117, "2015-09-30": -10.758, "2015-06-30": -382.453, "2015-03-31": "-288.74200", "2014-12-31": 709.478, "2014-09-30": -256.045, "2014-06-30": -379.037, "2014-03-31": "-141.96200", "2013-12-31": 632.755, "2013-09-30": -416.558, "2013-06-30": -436.493, "2013-03-31": "-76.19900", "2012-12-31": 1053.616, "2012-09-30": -90.186, "2012-06-30": -412.345, "2012-03-31": "-584.48700", "2011-12-31": 1114.567, "2011-09-30": -163.93, "2011-06-30": -630.887, "2011-03-31": "-231.76000", "2010-12-31": 320.578, "2010-09-30": 415.676, "2010-06-30": -327.022, "2010-03-31": "-245.10600", "2009-12-31": 793.279, "2009-09-30": -98.967, "2009-06-30": 17.813, "2009-03-31": "-212.82200", "2008-12-31": 170.89, "2008-09-30": 62.397, "2008-06-30": -240.456, "2008-03-31": "-276.28500", "2007-12-31": 624.324, "2007-09-30": -465.797, "2007-06-30": -241.576, "2007-03-31": "-221.35500", "2006-12-31": 653.127, "2006-09-30": -72.625, "2006-06-30": 21.778, "2006-03-31": "-394.46200", "2005-12-31": 823.933, "2005-09-30": -188.128, "2005-06-30": -416.774, "2005-03-31": "-378.13200"}, "Stock-Based Compensation": {"2020-09-30": 16.532, "2020-06-30": 9.139, "2020-03-31": "14.27500", "2019-12-31": 16.828, "2019-09-30": 14.83, "2019-06-30": 12.445, "2019-03-31": "11.86500", "2018-12-31": 12.728, "2018-09-30": 13.77, "2018-06-30": 7.994, "2018-03-31": "14.42300", "2017-12-31": 19.537, "2017-09-30": 17.029, "2017-06-30": 17.882, "2017-03-31": "12.67100", "2016-12-31": 15.206, "2016-09-30": 12.368, "2016-06-30": 14.012, "2016-03-31": "12.36400", "2015-12-31": 15.561, "2015-09-30": 13.84, "2015-06-30": 15.687, "2015-03-31": "11.60300", "2014-12-31": 15.483, "2014-09-30": 12.038, "2014-06-30": 11.779, "2014-03-31": "12.69300", "2013-12-31": 14.438, "2013-09-30": 19.632, "2013-06-30": 13.719, "2013-03-31": "13.86200", "2012-12-31": 20.455, "2012-09-30": 17.629, "2012-06-30": 13.34, "2012-03-31": "11.85300", "2011-12-31": 19.753, "2011-09-30": 13.853, "2011-06-30": 8.898, "2011-03-31": "10.97200", "2010-12-31": 22.338, "2010-09-30": 19.39, "2010-06-30": 12.581, "2010-03-31": "12.82900", "2009-12-31": 14.932, "2009-09-30": 14.885, "2009-06-30": 10.707, "2009-03-31": "9.43800", "2008-12-31": 10.668, "2008-09-30": 11.667, "2008-06-30": 6.372, "2008-03-31": "7.05000", "2007-12-31": 8.31, "2007-09-30": 6.976, "2007-06-30": 3.221, "2007-03-31": "3.65600", "2006-12-31": 2.666, "2006-09-30": 23.45, "2006-06-30": 0.666, "2006-03-31": "0.76400", "2005-12-31": -0.002, "2005-09-30": 0.199, "2005-06-30": 0, "2005-03-31": ""}, "Common Stock Dividends Paid": {"2020-09-30": 0, "2020-06-30": 0, "2020-03-31": "", "2019-12-31": 0, "2019-09-30": 0, "2019-06-30": 0, "2019-03-31": "", "2018-12-31": 0, "2018-09-30": 0, "2018-06-30": 0, "2018-03-31": "", "2017-12-31": 0, "2017-09-30": -51.546, "2017-06-30": -130.298, "2017-03-31": "-130.12900", "2016-12-31": -130.011, "2016-09-30": -129.927, "2016-06-30": -129.389, "2016-03-31": "-129.20200", "2015-12-31": -128.971, "2015-09-30": -128.921, "2015-06-30": -128.651, "2015-03-31": "-128.53000", "2014-12-31": -128.453, "2014-09-30": -128.691, "2014-06-30": -128.342, "2014-03-31": "-129.32700", "2013-12-31": -122.03, "2013-09-30": -123.258, "2013-06-30": -125.006, "2013-03-31": "-124.07700", "2012-12-31": -106.357, "2012-09-30": -106.22, "2012-06-30": -105.631, "2012-03-31": "-105.17000", "2011-12-31": -77.883, "2011-09-30": -78.714, "2011-06-30": -79.778, "2011-03-31": "-80.12800", "2010-12-31": -291.256, "2010-09-30": 0, "2010-06-30": 0, "2010-03-31": "0.00000", "2009-12-31": -271.353, "2009-09-30": 0, "2009-06-30": 0, "2009-03-31": "", "2008-12-31": -268.854, "2008-09-30": 0, "2008-06-30": 0, "2008-03-31": "", "2007-12-31": -272.343, "2007-09-30": 0, "2007-06-30": 0, "2007-03-31": "", "2006-12-31": -249.542, "2006-09-30": 0, "2006-06-30": 0, "2006-03-31": "", "2005-12-31": -200.464, "2005-09-30": 0, "2005-06-30": 0, "2005-03-31": ""}}, "financial ratios": {"Current Ratio": {"2019-12-31": "1.76050", "2018-12-31": "1.87790", "2017-12-31": "1.90920", "2016-12-31": "1.95280", "2015-12-31": "1.82380", "2014-12-31": "2.92680", "2013-12-31": "3.22500", "2012-12-31": "2.07270", "2011-12-31": "3.31470", "2010-12-31": "2.38960", "2009-12-31": "2.40800", "2008-12-31": "1.89440", "2007-12-31": "1.65110", "2006-12-31": "1.80100", "2005-12-31": "1.64880"}, "Long-term Debt / Capital": {"2019-12-31": "0.85270", "2018-12-31": "0.81050", "2017-12-31": "0.69730", "2016-12-31": "0.46990", "2015-12-31": "0.40400", "2014-12-31": "0.41590", "2013-12-31": "0.32980", "2012-12-31": "0.26400", "2011-12-31": "0.36490", "2010-12-31": "0.26550", "2009-12-31": "0.21670", "2008-12-31": "0.26160", "2007-12-31": "0.19250", "2006-12-31": "0.20720", "2005-12-31": "0.19990"}, "Debt/Equity Ratio": {"2019-12-31": "5.78940", "2018-12-31": "4.28230", "2017-12-31": "2.50430", "2016-12-31": "0.96620", "2015-12-31": "0.79810", "2014-12-31": "0.71210", "2013-12-31": "0.49340", "2012-12-31": "0.49230", "2011-12-31": "0.59680", "2010-12-31": "0.45650", "2009-12-31": "0.29710", "2008-12-31": "0.42510", "2007-12-31": "0.41140", "2006-12-31": "0.28770", "2005-12-31": "0.35350"}, "Gross Margin": {"2019-12-31": "43.97270", "2018-12-31": "39.83960", "2017-12-31": "37.37730", "2016-12-31": "46.70130", "2015-12-31": "49.21180", "2014-12-31": "49.81930", "2013-12-31": "53.64600", "2012-12-31": "53.09550", "2011-12-31": "50.20440", "2010-12-31": "50.45890", "2009-12-31": "49.98660", "2008-12-31": "45.36000", "2007-12-31": "46.52020", "2006-12-31": "46.22520", "2005-12-31": "45.81700"}, "Operating Margin": {"2019-12-31": "0.87110", "2018-12-31": "-5.19070", "2017-12-31": "-6.87700", "2016-12-31": "9.53530", "2015-12-31": "9.48550", "2014-12-31": "10.85220", "2013-12-31": "18.01270", "2012-12-31": "15.90150", "2011-12-31": "16.61500", "2010-12-31": "15.40080", "2009-12-31": "13.46330", "2008-12-31": "9.15500", "2007-12-31": "12.22890", "2006-12-31": "12.89910", "2005-12-31": "12.83120"}, "EBIT Margin": {"2019-12-31": "0.87110", "2018-12-31": "-5.19070", "2017-12-31": "-6.87700", "2016-12-31": "9.53530", "2015-12-31": "9.48550", "2014-12-31": "10.85220", "2013-12-31": "18.01270", "2012-12-31": "15.90150", "2011-12-31": "16.61500", "2010-12-31": "15.40080", "2009-12-31": "13.46330", "2008-12-31": "9.15500", "2007-12-31": "12.22890", "2006-12-31": "12.89910", "2005-12-31": "12.83120"}, "EBITDA Margin": {"2019-12-31": "6.29930", "2018-12-31": "0.83240", "2017-12-31": "-1.24820", "2016-12-31": "14.34610", "2015-12-31": "14.14000", "2014-12-31": "14.98080", "2013-12-31": "21.04120", "2012-12-31": "18.61580", "2011-12-31": "19.18920", "2010-12-31": "18.23210", "2009-12-31": "16.59040", "2008-12-31": "12.06300", "2007-12-31": "15.11130", "2006-12-31": "15.94790", "2005-12-31": "16.21000"}, "Pre-Tax Profit Margin": {"2019-12-31": "-3.51390", "2018-12-31": "-9.23860", "2017-12-31": "-10.26830", "2016-12-31": "7.37270", "2015-12-31": "8.13510", "2014-12-31": "9.74320", "2013-12-31": "16.94910", "2012-12-31": "14.71830", "2011-12-31": "15.49100", "2010-12-31": "14.46030", "2009-12-31": "12.15370", "2008-12-31": "8.24540", "2007-12-31": "11.78200", "2006-12-31": "12.10150", "2005-12-31": "12.59020"}, "Net Profit Margin": {"2019-12-31": "-4.73990", "2018-12-31": "-11.81220", "2017-12-31": "-21.60360", "2016-12-31": "5.73810", "2015-12-31": "6.47800", "2014-12-31": "8.28170", "2013-12-31": "13.81070", "2012-12-31": "11.97240", "2011-12-31": "12.12390", "2010-12-31": "11.55960", "2009-12-31": "9.62490", "2008-12-31": "6.35190", "2007-12-31": "9.97830", "2006-12-31": "10.49400", "2005-12-31": "8.05210"}, "Asset Turnover": {"2019-12-31": "0.84590", "2018-12-31": "0.86190", "2017-12-31": "0.78380", "2016-12-31": "0.83970", "2015-12-31": "0.87260", "2014-12-31": "0.89610", "2013-12-31": "1.00700", "2012-12-31": "0.98380", "2011-12-31": "1.10480", "2010-12-31": "1.08090", "2009-12-31": "1.13600", "2008-12-31": "1.26590", "2007-12-31": "1.24240", "2006-12-31": "1.14010", "2005-12-31": "1.18450"}, "Inventory Turnover Ratio": {"2019-12-31": "5.09340", "2018-12-31": "5.00310", "2017-12-31": "5.08890", "2016-12-31": "4.73520", "2015-12-31": "4.92960", "2014-12-31": "5.38100", "2013-12-31": "5.28440", "2012-12-31": "6.47590", "2011-12-31": "6.40700", "2010-12-31": "6.25480", "2009-12-31": "7.63690", "2008-12-31": "6.65450", "2007-12-31": "7.44740", "2006-12-31": "7.93000", "2005-12-31": "7.44540"}, "Receiveable Turnover": {"2019-12-31": "4.81070", "2018-12-31": "4.65400", "2017-12-31": "4.34040", "2016-12-31": "4.88980", "2015-12-31": "4.98000", "2014-12-31": "5.50400", "2013-12-31": "5.14630", "2012-12-31": "5.23370", "2011-12-31": "5.02620", "2010-12-31": "5.10960", "2009-12-31": "7.24760", "2008-12-31": "6.77470", "2007-12-31": "6.02310", "2006-12-31": "5.98650", "2005-12-31": "6.80870"}, "Days Sales In Receivables": {"2019-12-31": "75.87210", "2018-12-31": "78.42640", "2017-12-31": "84.09270", "2016-12-31": "74.64570", "2015-12-31": "73.29290", "2014-12-31": "66.31590", "2013-12-31": "70.92460", "2012-12-31": "69.74030", "2011-12-31": "72.62020", "2010-12-31": "71.43350", "2009-12-31": "50.36180", "2008-12-31": "53.87680", "2007-12-31": "60.59990", "2006-12-31": "60.97030", "2005-12-31": "53.60760"}, "ROE - Return On Equity": {"2019-12-31": "-43.42200", "2018-12-31": "-79.96670", "2017-12-31": "-84.56260", "2016-12-31": "12.99570", "2015-12-31": "14.02890", "2014-12-31": "16.91630", "2013-12-31": "27.80030", "2012-12-31": "25.31640", "2011-12-31": "29.43800", "2010-12-31": "26.05450", "2009-12-31": "20.88920", "2008-12-31": "17.93160", "2007-12-31": "26.01040", "2006-12-31": "24.37050", "2005-12-31": "19.84170"}, "Return On Tangible Equity": {"2019-12-31": "23.74990", "2018-12-31": "74.11840", "2017-12-31": "705.07470", "2016-12-31": "30.67260", "2015-12-31": "29.58320", "2014-12-31": "32.05830", "2013-12-31": "41.68870", "2012-12-31": "39.09200", "2011-12-31": "42.97030", "2010-12-31": "37.95150", "2009-12-31": "31.05420", "2008-12-31": "29.17290", "2007-12-31": "41.06470", "2006-12-31": "37.34620", "2005-12-31": "30.13880"}, "ROA - Return On Assets": {"2019-12-31": "-4.00940", "2018-12-31": "-10.18090", "2017-12-31": "-16.93250", "2016-12-31": "4.81860", "2015-12-31": "5.65280", "2014-12-31": "7.42150", "2013-12-31": "14.03720", "2012-12-31": "11.89660", "2011-12-31": "13.55000", "2010-12-31": "12.64110", "2009-12-31": "11.05950", "2008-12-31": "8.12050", "2007-12-31": "12.48570", "2006-12-31": "11.96410", "2005-12-31": "9.53770"}, "ROI - Return On Investment": {"2019-12-31": "-6.39550", "2018-12-31": "-15.15650", "2017-12-31": "-25.59520", "2016-12-31": "6.88910", "2015-12-31": "8.36170", "2014-12-31": "9.88050", "2013-12-31": "18.63200", "2012-12-31": "18.63350", "2011-12-31": "18.69580", "2010-12-31": "19.13780", "2009-12-31": "16.36350", "2008-12-31": "13.24100", "2007-12-31": "21.00270", "2006-12-31": "19.32180", "2005-12-31": "15.87600"}, "Book Value Per Share": {"2019-12-31": "1.41790", "2018-12-31": "1.93140", "2017-12-31": "3.62740", "2016-12-31": "7.03210", "2015-12-31": "7.75170", "2014-12-31": "8.72250", "2013-12-31": "9.58310", "2012-12-31": "8.96010", "2011-12-31": "7.74660", "2010-12-31": "7.52960", "2009-12-31": "6.99360", "2008-12-31": "5.90550", "2007-12-31": "6.38280", "2006-12-31": "6.33090", "2005-12-31": "5.40850"}, "Operating Cash Flow Per Share": {"2019-12-31": 0.6021, "2018-12-31": 0.0012, "2017-12-31": -1.8075, "2016-12-31": -0.435, "2015-12-31": -0.4454, "2014-12-31": 0.5974, "2013-12-31": -1.6751, "2012-12-31": 1.7775, "2011-12-31": 0.4595, "2010-12-31": -1.1659, "2009-12-31": 1.4094, "2008-12-31": -0.2364, "2007-12-31": -0.8257, "2006-12-31": 1.1314, "2005-12-31": 1.1354}, "Free Cash Flow Per Share": {"2019-12-31": 0.7076, "2018-12-31": 0.4244, "2017-12-31": -1.9107, "2016-12-31": -0.4485, "2015-12-31": -0.4293, "2014-12-31": 0.5585, "2013-12-31": -1.7677, "2012-12-31": 1.6926, "2011-12-31": 0.2795, "2010-12-31": -1.2043, "2009-12-31": 1.6089, "2008-12-31": -0.3906, "2007-12-31": -0.8975, "2006-12-31": 1.1424, "2005-12-31": 0.8214}}, "financial ratios, quarterly": {"Current Ratio": {"2020-09-30": "1.56770", "2020-06-30": "1.46650", "2020-03-31": "1.60490", "2019-12-31": "1.76050", "2019-09-30": "1.61020", "2019-06-30": "1.79070", "2019-03-31": "1.89240", "2018-12-31": "1.87790", "2018-09-30": "1.68850", "2018-06-30": "1.86910", "2018-03-31": "2.25050", "2017-12-31": "1.90920", "2017-09-30": "1.31900", "2017-06-30": "1.41990", "2017-03-31": "1.69310", "2016-12-31": "1.95280", "2016-09-30": "1.87100", "2016-06-30": "1.72290", "2016-03-31": "1.94140", "2015-12-31": "1.82380", "2015-09-30": "2.06710", "2015-06-30": "2.61970", "2015-03-31": "3.02010", "2014-12-31": "2.92680", "2014-09-30": "2.74770", "2014-06-30": "3.18180", "2014-03-31": "4.17600", "2013-12-31": "3.22500", "2013-09-30": "2.47190", "2013-06-30": "3.01150", "2013-03-31": "3.51210", "2012-12-31": "2.07270", "2012-09-30": "1.96780", "2012-06-30": "2.02120", "2012-03-31": "2.18980", "2011-12-31": "3.31470", "2011-09-30": "2.12580", "2011-06-30": "2.81680", "2011-03-31": "2.64550", "2010-12-31": "2.38960", "2010-09-30": "2.46620", "2010-06-30": "2.21650", "2010-03-31": "3.18160", "2009-12-31": "2.40800", "2009-09-30": "2.02260", "2009-06-30": "2.06410", "2009-03-31": "2.37840", "2008-12-31": "1.89440", "2008-09-30": "1.64800", "2008-06-30": "2.04710", "2008-03-31": "2.66390", "2007-12-31": "1.65110", "2007-09-30": "1.63890", "2007-06-30": "2.64540", "2007-03-31": "2.79370", "2006-12-31": "1.80100", "2006-09-30": "1.92610", "2006-06-30": "2.08410", "2006-03-31": "2.09250", "2005-12-31": "1.64880", "2005-09-30": "1.60790", "2005-06-30": "1.53090", "2005-03-31": "1.85790"}, "Long-term Debt / Capital": {"2020-09-30": "0.87580", "2020-06-30": "0.97070", "2020-03-31": "0.94750", "2019-12-31": "0.85270", "2019-09-30": "0.86030", "2019-06-30": "0.87010", "2019-03-31": "0.84500", "2018-12-31": "0.81050", "2018-09-30": "0.81220", "2018-06-30": "0.81100", "2018-03-31": "0.74510", "2017-12-31": "0.69730", "2017-09-30": "0.56720", "2017-06-30": "0.47700", "2017-03-31": "0.45960", "2016-12-31": "0.46990", "2016-09-30": "0.46900", "2016-06-30": "0.43600", "2016-03-31": "0.41910", "2015-12-31": "0.40400", "2015-09-30": "0.44750", "2015-06-30": "0.44820", "2015-03-31": "0.43850", "2014-12-31": "0.41590", "2014-09-30": "0.40640", "2014-06-30": "0.41570", "2014-03-31": "0.34060", "2013-12-31": "0.32980", "2013-09-30": "0.34720", "2013-06-30": "0.35390", "2013-03-31": "0.34420", "2012-12-31": "0.26400", "2012-09-30": "0.28370", "2012-06-30": "0.30740", "2012-03-31": "0.30330", "2011-12-31": "0.36490", "2011-09-30": "0.27020", "2011-06-30": "0.27800", "2011-03-31": "0.27400", "2010-12-31": "0.26550", "2010-09-30": "0.25150", "2010-06-30": "0.15500", "2010-03-31": "0.21240", "2009-12-31": "0.21670", "2009-09-30": "0.22790", "2009-06-30": "0.24660", "2009-03-31": "0.26820", "2008-12-31": "0.26160", "2008-09-30": "0.23890", "2008-06-30": "0.24600", "2008-03-31": "0.27780", "2007-12-31": "0.19250", "2007-09-30": "0.19160", "2007-06-30": "0.17040", "2007-03-31": "0.17540", "2006-12-31": "0.20720", "2006-09-30": "0.25210", "2006-06-30": "0.27910", "2006-03-31": "0.19580", "2005-12-31": "0.19990", "2005-09-30": "0.13290", "2005-06-30": "0.15160", "2005-03-31": "0.14280"}, "Debt/Equity Ratio": {"2020-09-30": "8.04130", "2020-06-30": "37.73550", "2020-03-31": "18.99460", "2019-12-31": "5.78940", "2019-09-30": "6.65600", "2019-06-30": "6.80490", "2019-03-31": "5.45200", "2018-12-31": "4.28230", "2018-09-30": "4.74180", "2018-06-30": "4.41010", "2018-03-31": "2.92300", "2017-12-31": "2.50430", "2017-09-30": "1.99280", "2017-06-30": "1.27820", "2017-03-31": "1.04470", "2016-12-31": "0.96620", "2016-09-30": "1.00750", "2016-06-30": "0.93200", "2016-03-31": "0.84260", "2015-12-31": "0.79810", "2015-09-30": "0.87260", "2015-06-30": "0.81240", "2015-03-31": "0.78100", "2014-12-31": "0.71210", "2014-09-30": "0.70160", "2014-06-30": "0.71840", "2014-03-31": "0.51650", "2013-12-31": "0.49340", "2013-09-30": "0.57440", "2013-06-30": "0.57870", "2013-03-31": "0.54290", "2012-12-31": "0.49230", "2012-09-30": "0.56980", "2012-06-30": "0.61460", "2012-03-31": "0.58690", "2011-12-31": "0.59680", "2011-09-30": "0.49240", "2011-06-30": "0.38920", "2011-03-31": "0.47670", "2010-12-31": "0.45650", "2010-09-30": "0.42540", "2010-06-30": "0.28320", "2010-03-31": "0.28890", "2009-12-31": "0.29710", "2009-09-30": "0.38210", "2009-06-30": "0.48590", "2009-03-31": "0.43990", "2008-12-31": "0.42510", "2008-09-30": "0.59400", "2008-06-30": "0.43660", "2008-03-31": "0.38900", "2007-12-31": "0.41140", "2007-09-30": "0.40790", "2007-06-30": "0.23300", "2007-03-31": "0.24690", "2006-12-31": "0.28770", "2006-09-30": "0.40540", "2006-06-30": "0.45200", "2006-03-31": "0.30990", "2005-12-31": "0.35350", "2005-09-30": "0.23110", "2005-06-30": "0.29930", "2005-03-31": "0.25360"}, "Gross Margin": {"2020-09-30": "51.01360", "2020-06-30": "43.82360", "2020-03-31": "42.95510", "2019-12-31": "48.39360", "2019-09-30": "46.33150", "2019-06-30": "39.69290", "2019-03-31": "34.79020", "2018-12-31": "46.69110", "2018-09-30": "42.64880", "2018-06-30": "30.11630", "2018-03-31": "30.89800", "2017-12-31": "30.97830", "2017-09-30": "41.45780", "2017-06-30": "41.02360", "2017-03-31": "37.89710", "2016-12-31": "46.62670", "2016-09-30": "48.49510", "2016-06-30": "45.29170", "2016-03-31": "44.70570", "2015-12-31": "50.17920", "2015-09-30": "49.08550", "2015-06-30": "47.85280", "2015-03-31": "48.81590", "2014-12-31": "50.44130", "2014-09-30": "50.51580", "2014-06-30": "46.37040", "2014-03-31": "50.89230", "2013-12-31": "54.45940", "2013-09-30": "53.82880", "2013-06-30": "51.32180", "2013-03-31": "54.24350", "2012-12-31": "54.34330", "2012-09-30": "53.68000", "2012-06-30": "51.30890", "2012-03-31": "50.98510", "2011-12-31": "53.87630", "2011-09-30": "47.83340", "2011-06-30": "47.88300", "2011-03-31": "49.70780", "2010-12-31": "51.58610", "2010-09-30": "51.14580", "2010-06-30": "48.07210", "2010-03-31": "49.06950", "2009-12-31": "53.40570", "2009-09-30": "51.26560", "2009-06-30": "45.20830", "2009-03-31": "44.02390", "2008-12-31": "45.98900", "2008-09-30": "46.24480", "2008-06-30": "44.52720", "2008-03-31": "43.16720", "2007-12-31": "48.00910", "2007-09-30": "47.03170", "2007-06-30": "44.20020", "2007-03-31": "44.52850", "2006-12-31": "48.00480", "2006-09-30": "47.55420", "2006-06-30": "43.45200", "2006-03-31": "41.84270", "2005-12-31": "47.78990", "2005-09-30": "45.68970", "2005-06-30": "43.61830", "2005-03-31": "43.93450"}, "Operating Margin": {"2020-09-30": "23.54350", "2020-06-30": "-6.30220", "2020-03-31": "-25.21760", "2019-12-31": "4.58570", "2019-09-30": "10.13040", "2019-06-30": "-5.97820", "2019-03-31": "-18.42750", "2018-12-31": "7.16830", "2018-09-30": "8.47850", "2018-06-30": "-22.50270", "2018-03-31": "-39.04460", "2017-12-31": "-15.35620", "2017-09-30": "5.52500", "2017-06-30": "-5.03140", "2017-03-31": "-17.07580", "2016-12-31": "14.38560", "2016-09-30": "17.67660", "2016-06-30": "-1.21800", "2016-03-31": "-5.65290", "2015-12-31": "14.70450", "2015-09-30": "16.78450", "2015-06-30": "0.05700", "2015-03-31": "-5.90270", "2014-12-31": "11.88630", "2014-09-30": "20.25700", "2014-06-30": "0.09490", "2014-03-31": "0.65720", "2013-12-31": "22.68140", "2013-09-30": "23.93220", "2013-06-30": "8.10790", "2013-03-31": "6.61220", "2012-12-31": "16.55560", "2012-09-30": "23.45570", "2012-06-30": "11.34300", "2012-03-31": "3.09510", "2011-12-31": "23.09950", "2011-09-30": "19.89080", "2011-06-30": "9.40600", "2011-03-31": "3.86170", "2010-12-31": "20.17400", "2010-09-30": "19.56470", "2010-06-30": "6.81750", "2010-03-31": "5.13900", "2009-12-31": "21.34950", "2009-09-30": "18.77660", "2009-06-30": "3.61980", "2009-03-31": "-7.02720", "2008-12-31": "11.97810", "2008-09-30": "16.20240", "2008-06-30": "2.75150", "2008-03-31": "-3.97420", "2007-12-31": "16.54320", "2007-09-30": "16.88960", "2007-06-30": "3.67530", "2007-03-31": "2.19420", "2006-12-31": "18.43020", "2006-09-30": "17.99880", "2006-06-30": "5.21180", "2006-03-31": "-4.03240", "2005-12-31": "17.45460", "2005-09-30": "18.53380", "2005-06-30": "3.21650", "2005-03-31": "0.70600"}, "EBIT Margin": {"2020-09-30": "23.54350", "2020-06-30": "-6.30220", "2020-03-31": "-25.21760", "2019-12-31": "4.58570", "2019-09-30": "10.13040", "2019-06-30": "-5.97820", "2019-03-31": "-18.42750", "2018-12-31": "7.16830", "2018-09-30": "8.47850", "2018-06-30": "-22.50270", "2018-03-31": "-39.04460", "2017-12-31": "-15.35630", "2017-09-30": "5.52500", "2017-06-30": "-5.03140", "2017-03-31": "-17.07580", "2016-12-31": "14.38560", "2016-09-30": "17.67660", "2016-06-30": "-1.21800", "2016-03-31": "-5.65290", "2015-12-31": "14.70450", "2015-09-30": "16.78450", "2015-06-30": "0.05700", "2015-03-31": "-5.90270", "2014-12-31": "11.88630", "2014-09-30": "20.25700", "2014-06-30": "0.09490", "2014-03-31": "0.65720", "2013-12-31": "22.68140", "2013-09-30": "23.93220", "2013-06-30": "8.10790", "2013-03-31": "6.61220", "2012-12-31": "16.55560", "2012-09-30": "23.45570", "2012-06-30": "11.34300", "2012-03-31": "3.09510", "2011-12-31": "23.09950", "2011-09-30": "19.89080", "2011-06-30": "9.40600", "2011-03-31": "3.86170", "2010-12-31": "20.17400", "2010-09-30": "19.56470", "2010-06-30": "6.81750", "2010-03-31": "5.13900", "2009-12-31": "21.34950", "2009-09-30": "18.77660", "2009-06-30": "3.61980", "2009-03-31": "-7.02720", "2008-12-31": "11.97810", "2008-09-30": "16.20240", "2008-06-30": "2.75150", "2008-03-31": "-3.97420", "2007-12-31": "16.54330", "2007-09-30": "16.88960", "2007-06-30": "3.67530", "2007-03-31": "2.19420", "2006-12-31": "18.43020", "2006-09-30": "17.99880", "2006-06-30": "5.21180", "2006-03-31": "-4.03240", "2005-12-31": "17.45460", "2005-09-30": "18.53380", "2005-06-30": "3.21650", "2005-03-31": "0.70600"}, "EBITDA Margin": {"2020-09-30": "", "2020-06-30": "", "2020-03-31": "", "2019-12-31": "", "2019-09-30": "", "2019-06-30": "", "2019-03-31": "", "2018-12-31": "", "2018-09-30": "", "2018-06-30": "", "2018-03-31": "", "2017-12-31": "", "2017-09-30": "", "2017-06-30": "", "2017-03-31": "", "2016-12-31": "", "2016-09-30": "", "2016-06-30": "", "2016-03-31": "", "2015-12-31": "", "2015-09-30": "", "2015-06-30": "", "2015-03-31": "", "2014-12-31": "", "2014-09-30": "", "2014-06-30": "", "2014-03-31": "", "2013-12-31": "", "2013-09-30": "", "2013-06-30": "", "2013-03-31": "", "2012-12-31": "", "2012-09-30": "", "2012-06-30": "", "2012-03-31": "", "2011-12-31": "", "2011-09-30": "", "2011-06-30": "", "2011-03-31": "", "2010-12-31": "", "2010-09-30": "", "2010-06-30": "", "2010-03-31": "", "2009-12-31": "", "2009-09-30": "", "2009-06-30": "", "2009-03-31": "", "2008-12-31": "", "2008-09-30": "", "2008-06-30": "", "2008-03-31": "", "2007-12-31": "", "2007-09-30": "", "2007-06-30": "", "2007-03-31": "", "2006-12-31": "", "2006-09-30": "", "2006-06-30": "", "2006-03-31": "", "2005-12-31": "", "2005-09-30": "", "2005-06-30": "", "2005-03-31": ""}, "Pre-Tax Profit Margin": {"2020-09-30": "20.71920", "2020-06-30": "-13.15780", "2020-03-31": "-33.47240", "2019-12-31": "0.62310", "2019-09-30": "6.88160", "2019-06-30": "-11.14150", "2019-03-31": "-25.18710", "2018-12-31": "3.81040", "2018-09-30": "5.05010", "2018-06-30": "-27.83500", "2018-03-31": "-44.31360", "2017-12-31": "-21.30470", "2017-09-30": "3.92460", "2017-06-30": "-7.56740", "2017-03-31": "-19.80250", "2016-12-31": "12.63010", "2016-09-30": "16.37510", "2016-06-30": "-3.10800", "2016-03-31": "-10.75210", "2015-12-31": "13.54280", "2015-09-30": "15.96790", "2015-06-30": "-2.01370", "2015-03-31": "-7.92710", "2014-12-31": "10.85890", "2014-09-30": "19.50010", "2014-06-30": "-1.35290", "2014-03-31": "-0.99570", "2013-12-31": "21.85730", "2013-09-30": "23.30550", "2013-06-30": "6.73410", "2013-03-31": "4.43600", "2012-12-31": "15.81050", "2012-09-30": "22.46820", "2012-06-30": "9.61080", "2012-03-31": "1.09520", "2011-12-31": "21.76910", "2011-09-30": "19.29550", "2011-06-30": "8.16830", "2011-03-31": "2.23360", "2010-12-31": "19.05560", "2010-09-30": "18.90940", "2010-06-30": "6.09490", "2010-03-31": "3.78170", "2009-12-31": "20.30800", "2009-09-30": "17.00080", "2009-06-30": "2.65160", "2009-03-31": "-8.33070", "2008-12-31": "11.63560", "2008-09-30": "15.77900", "2008-06-30": "1.34240", "2008-03-31": "-6.50520", "2007-12-31": "15.69970", "2007-09-30": "16.73510", "2007-06-30": "3.63700", "2007-03-31": "1.66310", "2006-12-31": "17.70370", "2006-09-30": "17.01120", "2006-06-30": "4.42270", "2006-03-31": "-4.60010", "2005-12-31": "16.59080", "2005-09-30": "18.68620", "2005-06-30": "2.93250", "2005-03-31": "1.14260"}, "Net Profit Margin": {"2020-09-30": "19.36600", "2020-06-30": "-14.91140", "2020-03-31": "-35.47420", "2019-12-31": "0.01190", "2019-09-30": "4.76500", "2019-06-30": "-12.55570", "2019-03-31": "-25.57810", "2018-12-31": "0.82490", "2018-09-30": "0.43670", "2018-06-30": "-28.65680", "2018-03-31": "-43.93920", "2017-12-31": "-17.51260", "2017-09-30": "-38.64530", "2017-06-30": "-5.75440", "2017-03-31": "-15.39260", "2016-12-31": "9.21570", "2016-09-30": "13.15740", "2016-06-30": "-1.99670", "2016-03-31": "-8.39190", "2015-12-31": "10.75940", "2015-09-30": "12.48820", "2015-06-30": "-1.14870", "2015-03-31": "-6.30470", "2014-12-31": "7.64980", "2014-09-30": "16.30030", "2014-06-30": "2.64160", "2014-03-31": "-1.18560", "2013-12-31": "17.27020", "2013-09-30": "18.99420", "2013-06-30": "6.27380", "2013-03-31": "3.82780", "2012-12-31": "13.44030", "2012-09-30": "17.45280", "2012-06-30": "8.21320", "2012-03-31": "0.83270", "2011-12-31": "17.00180", "2011-09-30": "14.89750", "2011-06-30": "6.82980", "2011-03-31": "1.72360", "2010-12-31": "15.12690", "2010-09-30": "15.27780", "2010-06-30": "5.00470", "2010-03-31": "2.78920", "2009-12-31": "16.64010", "2009-09-30": "12.67520", "2009-06-30": "2.36450", "2009-03-31": "-6.48970", "2008-12-31": "9.03010", "2008-09-30": "12.10430", "2008-06-30": "1.05920", "2008-03-31": "-5.07410", "2007-12-31": "14.81280", "2007-09-30": "12.87680", "2007-06-30": "2.27440", "2007-03-31": "1.27230", "2006-12-31": "13.57860", "2006-09-30": "13.35100", "2006-06-30": "3.90330", "2006-03-31": "3.80290", "2005-12-31": "15.14760", "2005-09-30": "13.52460", "2005-06-30": "-10.59820", "2005-03-31": "0.83090"}, "Asset Turnover": {"2020-09-30": "0.29120", "2020-06-30": "0.14660", "2020-03-31": "0.12370", "2019-12-31": "0.27670", "2019-09-30": "0.26800", "2019-06-30": "0.17040", "2019-03-31": "0.13560", "2018-12-31": "0.29170", "2018-09-30": "0.26220", "2018-06-30": "0.16640", "2018-03-31": "0.13360", "2017-12-31": "0.25860", "2017-09-30": "0.25180", "2017-06-30": "0.15800", "2017-03-31": "0.12420", "2016-12-31": "0.28190", "2016-09-30": "0.27010", "2016-06-30": "0.16140", "2016-03-31": "0.14570", "2015-12-31": "0.30600", "2015-09-30": "0.27030", "2015-06-30": "0.16260", "2015-03-31": "0.15160", "2014-12-31": "0.29660", "2014-09-30": "0.29320", "2014-06-30": "0.16370", "2014-03-31": "0.16110", "2013-12-31": "0.32820", "2013-09-30": "0.32960", "2013-06-30": "0.18870", "2013-03-31": "0.16070", "2012-12-31": "0.34560", "2012-09-30": "0.32880", "2012-06-30": "0.20730", "2012-03-31": "0.16730", "2011-12-31": "0.37970", "2011-09-30": "0.38430", "2011-06-30": "0.24210", "2011-03-31": "0.19110", "2010-12-31": "0.39210", "2010-09-30": "0.31830", "2010-06-30": "0.22760", "2010-03-31": "0.19540", "2009-12-31": "0.40900", "2009-09-30": "0.35920", "2009-06-30": "0.20060", "2009-03-31": "0.19130", "2008-12-31": "0.41500", "2008-09-30": "0.35240", "2008-06-30": "0.24010", "2008-03-31": "0.20700", "2007-12-31": "0.45540", "2007-09-30": "0.35850", "2007-06-30": "0.21570", "2007-03-31": "0.21050", "2006-12-31": "0.42550", "2006-09-30": "0.36760", "2006-06-30": "0.22890", "2006-03-31": "0.20530", "2005-12-31": "0.42150", "2005-09-30": "0.37850", "2005-06-30": "0.22670", "2005-03-31": "0.18850"}, "Inventory Turnover Ratio": {"2020-09-30": "1.20440", "2020-06-30": "0.58540", "2020-03-31": "0.60450", "2019-12-31": "1.53490", "2019-09-30": "1.13340", "2019-06-30": "0.71800", "2019-03-31": "0.72980", "2018-12-31": "1.50070", "2018-09-30": "1.13550", "2018-06-30": "0.82140", "2018-03-31": "0.72230", "2017-12-31": "1.85040", "2017-09-30": "0.92310", "2017-06-30": "0.61410", "2017-03-31": "0.59350", "2016-12-31": "1.59210", "2016-09-30": "1.01570", "2016-06-30": "0.58720", "2016-03-31": "0.68840", "2015-12-31": "1.69580", "2015-09-30": "1.04780", "2015-06-30": "0.60350", "2015-03-31": "0.73760", "2014-12-31": "1.75910", "2014-09-30": "1.21350", "2014-06-30": "0.64530", "2014-03-31": "0.71400", "2013-12-31": "1.69180", "2013-09-30": "1.26240", "2013-06-30": "0.71710", "2013-03-31": "0.75940", "2012-12-31": "2.21470", "2012-09-30": "1.20860", "2012-06-30": "0.75560", "2012-03-31": "0.75380", "2011-12-31": "2.03980", "2011-09-30": "1.36480", "2011-06-30": "0.77270", "2011-03-31": "0.78840", "2010-12-31": "2.21750", "2010-09-30": "1.20780", "2010-06-30": "0.88500", "2010-03-31": "1.04330", "2009-12-31": "2.56140", "2009-09-30": "1.44100", "2009-06-30": "0.83480", "2009-03-31": "0.90140", "2008-12-31": "2.15630", "2008-09-30": "1.39290", "2008-06-30": "0.91270", "2008-03-31": "0.97810", "2007-12-31": "2.65420", "2007-09-30": "1.32990", "2007-06-30": "0.92210", "2007-03-31": "1.16280", "2006-12-31": "2.86180", "2006-09-30": "1.39680", "2006-06-30": "1.00560", "2006-03-31": "1.12330", "2005-12-31": "2.55290", "2005-09-30": "1.24660", "2005-06-30": "0.86230", "2005-03-31": "0.92910"}, "Receiveable Turnover": {"2020-09-30": "1.23040", "2020-06-30": "1.12550", "2020-03-31": "1.12400", "2019-12-31": "1.57390", "2019-09-30": "1.14740", "2019-06-30": "1.13810", "2019-03-31": "1.10370", "2018-12-31": "1.57540", "2018-09-30": "1.09480", "2018-06-30": "1.07780", "2018-03-31": "1.04770", "2017-12-31": "1.43190", "2017-09-30": "1.03640", "2017-06-30": "1.06190", "2017-03-31": "0.91180", "2016-12-31": "1.64170", "2016-09-30": "1.17450", "2016-06-30": "1.20470", "2016-03-31": "1.16220", "2015-12-31": "1.74640", "2015-09-30": "1.23480", "2015-06-30": "1.23040", "2015-03-31": "1.31880", "2014-12-31": "1.82190", "2014-09-30": "1.19230", "2014-06-30": "1.20150", "2014-03-31": "1.24070", "2013-12-31": "1.67700", "2013-09-30": "1.17070", "2013-06-30": "1.23620", "2013-03-31": "1.32610", "2012-12-31": "1.83880", "2012-09-30": "1.13650", "2012-06-30": "1.18190", "2012-03-31": "1.25080", "2011-12-31": "1.72760", "2011-09-30": "1.21090", "2011-06-30": "1.14790", "2011-03-31": "1.25470", "2010-12-31": "1.85370", "2010-09-30": "1.18260", "2010-06-30": "1.26510", "2010-03-31": "1.32970", "2009-12-31": "2.60920", "2009-09-30": "1.23550", "2009-06-30": "1.20220", "2009-03-31": "1.38980", "2008-12-31": "2.22080", "2008-09-30": "1.13630", "2008-06-30": "1.13810", "2008-03-31": "1.26240", "2007-12-31": "2.20810", "2007-09-30": "1.12090", "2007-06-30": "1.16490", "2007-03-31": "1.28700", "2006-12-31": "2.23440", "2006-09-30": "1.28990", "2006-06-30": "1.28770", "2006-03-31": "1.35610", "2005-12-31": "2.42290", "2005-09-30": "1.31980", "2005-06-30": "1.28080", "2005-03-31": "1.37080"}, "Days Sales In Receivables": {"2020-09-30": "73.14590", "2020-06-30": "79.96490", "2020-03-31": "80.06980", "2019-12-31": "57.18400", "2019-09-30": "78.43970", "2019-06-30": "79.07890", "2019-03-31": "81.54260", "2018-12-31": "57.12950", "2018-09-30": "82.20380", "2018-06-30": "83.50390", "2018-03-31": "85.90220", "2017-12-31": "62.85250", "2017-09-30": "86.83830", "2017-06-30": "84.75180", "2017-03-31": "98.70880", "2016-12-31": "54.81980", "2016-09-30": "76.62880", "2016-06-30": "74.70570", "2016-03-31": "77.44050", "2015-12-31": "51.53610", "2015-09-30": "72.88770", "2015-06-30": "73.14660", "2015-03-31": "68.24530", "2014-12-31": "49.39940", "2014-09-30": "75.48250", "2014-06-30": "74.90350", "2014-03-31": "72.53940", "2013-12-31": "53.66680", "2013-09-30": "76.87780", "2013-06-30": "72.80370", "2013-03-31": "67.86960", "2012-12-31": "48.94490", "2012-09-30": "79.18840", "2012-06-30": "76.14840", "2012-03-31": "71.95230", "2011-12-31": "52.09590", "2011-09-30": "74.32210", "2011-06-30": "78.40460", "2011-03-31": "71.72910", "2010-12-31": "48.55120", "2010-09-30": "76.10320", "2010-06-30": "71.14050", "2010-03-31": "67.68610", "2009-12-31": "34.49400", "2009-09-30": "72.84480", "2009-06-30": "74.86570", "2009-03-31": "64.75980", "2008-12-31": "40.52610", "2008-09-30": "79.20290", "2008-06-30": "79.07940", "2008-03-31": "71.29410", "2007-12-31": "40.75970", "2007-09-30": "80.29450", "2007-06-30": "77.25780", "2007-03-31": "69.92930", "2006-12-31": "40.27950", "2006-09-30": "69.77220", "2006-06-30": "69.89270", "2006-03-31": "66.36880", "2005-12-31": "37.14630", "2005-09-30": "68.19160", "2005-06-30": "70.26960", "2005-03-31": "65.65600"}, "ROE - Return On Equity": {"2020-09-30": "78.11830", "2020-06-30": "-126.72630", "2020-03-31": "-133.47930", "2019-12-31": "0.03560", "2019-09-30": "15.22270", "2019-06-30": "-25.33750", "2019-03-31": "-33.68450", "2018-12-31": "1.89040", "2018-09-30": "0.95260", "2018-06-30": "-36.28640", "2018-03-31": "-31.68080", "2017-12-31": "-22.61460", "2017-09-30": "-41.90160", "2017-06-30": "-2.71230", "2017-03-31": "-5.10980", "2016-12-31": "7.00770", "2016-09-30": "9.78110", "2016-06-30": "-0.82730", "2016-03-31": "-2.94770", "2015-12-31": "8.17090", "2015-09-30": "8.69850", "2015-06-30": "-0.44260", "2015-03-31": "-2.18170", "2014-12-31": "5.08400", "2014-09-30": "10.81660", "2014-06-30": "0.95970", "2014-03-31": "-0.36220", "2013-12-31": "11.35610", "2013-09-30": "14.05630", "2013-06-30": "2.51070", "2013-03-31": "1.26340", "2012-12-31": "9.99270", "2012-09-30": "12.60180", "2012-06-30": "3.71380", "2012-03-31": "0.29640", "2011-12-31": "14.19510", "2011-09-30": "12.37590", "2011-06-30": "3.26440", "2011-03-31": "0.65970", "2010-12-31": "12.37110", "2010-09-30": "9.91420", "2010-06-30": "2.05730", "2010-03-31": "0.95710", "2009-12-31": "12.97430", "2009-09-30": "9.55410", "2009-06-30": "0.98950", "2009-03-31": "-2.49190", "2008-12-31": "8.33210", "2008-09-30": "9.83390", "2008-06-30": "0.50590", "2008-03-31": "-1.99400", "2007-12-31": "14.23980", "2007-09-30": "10.01890", "2007-06-30": "0.83670", "2007-03-31": "0.45440", "2006-12-31": "11.76960", "2006-09-30": "10.39350", "2006-06-30": "1.82000", "2006-03-31": "1.39870", "2005-12-31": "13.28240", "2005-09-30": "9.87110", "2005-06-30": "-4.53820", "2005-03-31": "0.27100"}, "Return On Tangible Equity": {"2020-09-30": "-32.15400", "2020-06-30": "8.41920", "2020-03-31": "17.20380", "2019-12-31": "-0.01950", "2019-09-30": "-7.68320", "2019-06-30": "11.25030", "2019-03-31": "20.37200", "2018-12-31": "-1.75210", "2018-09-30": "-0.86020", "2018-06-30": "33.18130", "2018-03-31": "75.04570", "2017-12-31": "188.55800", "2017-09-30": "-1435.16400", "2017-06-30": "-8.33280", "2017-03-31": "-13.70800", "2016-12-31": "16.53980", "2016-09-30": "23.08880", "2016-06-30": "-2.08630", "2016-03-31": "-6.79600", "2015-12-31": "17.23030", "2015-09-30": "18.88940", "2015-06-30": "-0.96910", "2015-03-31": "-4.54240", "2014-12-31": "9.63480", "2014-09-30": "19.88410", "2014-06-30": "1.83390", "2014-03-31": "-0.55720", "2013-12-31": "17.02930", "2013-09-30": "21.93040", "2013-06-30": "3.96610", "2013-03-31": "1.94910", "2012-12-31": "15.43010", "2012-09-30": "20.06370", "2012-06-30": "6.35090", "2012-03-31": "0.50120", "2011-12-31": "20.72040", "2011-09-30": "18.70960", "2011-06-30": "4.91520", "2011-03-31": "0.98300", "2010-12-31": "18.02000", "2010-09-30": "13.93770", "2010-06-30": "3.05290", "2010-03-31": "1.39950", "2009-12-31": "19.28780", "2009-09-30": "14.55730", "2009-06-30": "1.60320", "2009-03-31": "-4.13240", "2008-12-31": "13.55540", "2008-09-30": "14.93920", "2008-06-30": "0.79500", "2008-03-31": "-3.12430", "2007-12-31": "22.48150", "2007-09-30": "15.72230", "2007-06-30": "1.21830", "2007-03-31": "0.67110", "2006-12-31": "18.03620", "2006-09-30": "15.22970", "2006-06-30": "2.81980", "2006-03-31": "2.09840", "2005-12-31": "20.17540", "2005-09-30": "14.43200", "2005-06-30": "-6.97580", "2005-03-31": "0.38980"}, "ROA - Return On Assets": {"2020-09-30": "5.63860", "2020-06-30": "-2.18660", "2020-03-31": "-4.38650", "2019-12-31": "0.00330", "2019-09-30": "1.27720", "2019-06-30": "-2.13980", "2019-03-31": "-3.46880", "2018-12-31": "0.24070", "2018-09-30": "0.11450", "2018-06-30": "-4.76770", "2018-03-31": "-5.86820", "2017-12-31": "-4.52820", "2017-09-30": "-9.73030", "2017-06-30": "-0.90910", "2017-03-31": "-1.91240", "2016-12-31": "2.59830", "2016-09-30": "3.55320", "2016-06-30": "-0.32220", "2016-03-31": "-1.22230", "2015-12-31": "3.29240", "2015-09-30": "3.37550", "2015-06-30": "-0.18680", "2015-03-31": "-0.95600", "2014-12-31": "2.23050", "2014-09-30": "4.81370", "2014-06-30": "0.43660", "2014-03-31": "-0.19100", "2013-12-31": "5.73400", "2013-09-30": "6.31450", "2013-06-30": "1.18370", "2013-03-31": "0.62180", "2012-12-31": "4.69570", "2012-09-30": "5.79130", "2012-06-30": "1.72120", "2012-03-31": "0.14100", "2011-12-31": "6.53390", "2011-09-30": "5.78290", "2011-06-30": "1.67850", "2011-03-31": "0.33330", "2010-12-31": "6.00220", "2010-09-30": "4.91870", "2010-06-30": "1.15230", "2010-03-31": "0.55170", "2009-12-31": "6.86910", "2009-09-30": "4.60690", "2009-06-30": "0.47950", "2009-03-31": "-1.24180", "2008-12-31": "3.77330", "2008-09-30": "4.31040", "2008-06-30": "0.25430", "2008-03-31": "-1.05020", "2007-12-31": "6.83550", "2007-09-30": "4.61630", "2007-06-30": "0.49060", "2007-03-31": "0.26780", "2006-12-31": "5.77800", "2006-09-30": "4.90790", "2006-06-30": "0.89350", "2006-03-31": "0.78060", "2005-12-31": "6.38470", "2005-09-30": "5.11960", "2005-06-30": "-2.40280", "2005-03-31": "0.15660"}, "ROI - Return On Investment": {"2020-09-30": "9.70120", "2020-06-30": "-3.71710", "2020-03-31": "-7.00880", "2019-12-31": "0.00520", "2019-09-30": "2.12600", "2019-06-30": "-3.29090", "2019-03-31": "-5.22080", "2018-12-31": "0.35830", "2018-09-30": "0.17890", "2018-06-30": "-6.85990", "2018-03-31": "-8.07560", "2017-12-31": "-6.84490", "2017-09-30": "-18.13690", "2017-06-30": "-1.41850", "2017-03-31": "-2.76110", "2016-12-31": "3.71490", "2016-09-30": "5.19360", "2016-06-30": "-0.46660", "2016-03-31": "-1.71240", "2015-12-31": "4.87010", "2015-09-30": "4.80570", "2015-06-30": "-0.24420", "2015-03-31": "-1.22500", "2014-12-31": "2.96950", "2014-09-30": "6.42120", "2014-06-30": "0.56070", "2014-03-31": "-0.23880", "2013-12-31": "7.61090", "2013-09-30": "9.17580", "2013-06-30": "1.62220", "2013-03-31": "0.82850", "2012-12-31": "7.35490", "2012-09-30": "9.02690", "2012-06-30": "2.57210", "2012-03-31": "0.20650", "2011-12-31": "9.01520", "2011-09-30": "9.03150", "2011-06-30": "2.35680", "2011-03-31": "0.47890", "2010-12-31": "9.08690", "2010-09-30": "7.42080", "2010-06-30": "1.73830", "2010-03-31": "0.75380", "2009-12-31": "10.16340", "2009-09-30": "7.37690", "2009-06-30": "0.74550", "2009-03-31": "-1.82350", "2008-12-31": "6.15250", "2008-09-30": "7.48450", "2008-06-30": "0.38140", "2008-03-31": "-1.44000", "2007-12-31": "11.49830", "2007-09-30": "8.09950", "2007-06-30": "0.69410", "2007-03-31": "0.37470", "2006-12-31": "9.33140", "2006-09-30": "7.77380", "2006-06-30": "1.31210", "2006-03-31": "1.12490", "2005-12-31": "10.62770", "2005-09-30": "8.55880", "2005-06-30": "-3.85030", "2005-03-31": "0.23230"}, "Book Value Per Share": {"2020-09-30": "1.16200", "2020-06-30": "0.24830", "2020-03-31": "0.45510", "2019-12-31": "1.41790", "2019-09-30": "1.33760", "2019-06-30": "1.23360", "2019-03-31": "1.51480", "2018-12-31": "1.93140", "2018-09-30": "1.90910", "2018-06-30": "1.92900", "2018-03-31": "2.85600", "2017-12-31": "3.62740", "2017-09-30": "4.18880", "2017-06-30": "6.03270", "2017-03-31": "6.46800", "2016-12-31": "7.03210", "2016-09-30": "7.06040", "2016-06-30": "6.78300", "2016-03-31": "7.27120", "2015-12-31": "7.75170", "2015-09-30": "7.58230", "2015-06-30": "7.57380", "2015-03-31": "7.88020", "2014-12-31": "8.72250", "2014-09-30": "9.05500", "2014-06-30": "8.74020", "2014-03-31": "9.11840", "2013-12-31": "9.58310", "2013-09-30": "8.83980", "2013-06-30": "8.46310", "2013-03-31": "8.83020", "2012-12-31": "8.96010", "2012-09-30": "8.47100", "2012-06-30": "7.59990", "2012-03-31": "7.75650", "2011-12-31": "7.74660", "2011-09-30": "7.15690", "2011-06-30": "7.16490", "2011-03-31": "7.25270", "2010-12-31": "7.52960", "2010-09-30": "7.94750", "2010-06-30": "7.18130", "2010-03-31": "7.43520", "2009-12-31": "6.99360", "2009-09-30": "6.66030", "2009-06-30": "6.03870", "2009-03-31": "5.70720", "2008-12-31": "5.90550", "2008-09-30": "6.74430", "2008-06-30": "6.46120", "2008-03-31": "6.45320", "2007-12-31": "6.38280", "2007-09-30": "6.40560", "2007-06-30": "6.86530", "2007-03-31": "6.67180", "2006-12-31": "6.33090", "2006-09-30": "6.06800", "2006-06-30": "5.40200", "2006-03-31": "5.53770", "2005-12-31": "5.40850", "2005-09-30": "5.65200", "2005-06-30": "5.12250", "2005-03-31": "5.75900"}, "Operating Cash Flow Per Share": {"2020-09-30": 0.0904, "2020-06-30": -0.8319, "2020-03-31": "-0.50300", "2019-12-31": 1.9969, "2019-09-30": -0.3162, "2019-06-30": -0.6003, "2019-03-31": "-0.55750", "2018-12-31": 2.0368, "2018-09-30": -0.5007, "2018-06-30": -0.8206, "2018-03-31": "-0.79470", "2017-12-31": 2.0718, "2017-09-30": -0.5519, "2017-06-30": -0.6962, "2017-03-31": "-0.90410", "2016-12-31": 2.6897, "2016-09-30": -0.2568, "2016-06-30": -0.4436, "2016-03-31": "-0.26220", "2015-12-31": 2.8164, "2015-09-30": 0.0563, "2015-06-30": -0.5537, "2015-03-31": "-0.15690", "2014-12-31": 3.0315, "2014-09-30": -0.1916, "2014-06-30": -0.4105, "2014-03-31": "0.17810", "2013-12-31": 2.9367, "2013-09-30": -0.1107, "2013-06-30": -0.6369, "2013-03-31": "-0.17900", "2012-12-31": 3.9766, "2012-09-30": -0.1123, "2012-06-30": -0.6757, "2012-03-31": "0.49660", "2011-12-31": 2.8365, "2011-09-30": -0.2826, "2011-06-30": -0.5276, "2011-03-31": "-0.11860", "2010-12-31": 2.6247, "2010-09-30": -0.1595, "2010-06-30": -0.3489, "2010-03-31": "-0.66810", "2009-12-31": 3.495, "2009-09-30": 0.0884, "2009-06-30": -0.3708, "2009-03-31": "-0.59850", "2008-12-31": 3.0474, "2008-09-30": -0.3872, "2008-06-30": -0.7245, "2008-03-31": "-0.73100", "2007-12-31": 3.0026, "2007-09-30": -0.3412, "2007-06-30": -0.3973, "2007-03-31": "-0.82300", "2006-12-31": 3.2276, "2006-09-30": -0.0402, "2006-06-30": -0.1792, "2006-03-31": "-0.74140", "2005-12-31": 2.68, "2005-09-30": -0.1997, "2005-06-30": -0.4545, "2005-03-31": "-0.89040"}, "Free Cash Flow Per Share": {"2020-09-30": 0.0045, "2020-06-30": -0.9036, "2020-03-31": "-0.60480", "2019-12-31": 1.8778, "2019-09-30": -0.3941, "2019-06-30": -0.6698, "2019-03-31": "-0.62720", "2018-12-31": 1.9166, "2018-09-30": -0.595, "2018-06-30": -0.91, "2018-03-31": "-0.93250", "2017-12-31": 1.8912, "2017-09-30": -0.8024, "2017-06-30": -0.9249, "2017-03-31": "-1.10920", "2016-12-31": 2.4484, "2016-09-30": -0.4508, "2016-06-30": -0.6369, "2016-03-31": "-0.39530", "2015-12-31": 2.5703, "2015-09-30": -0.1099, "2015-06-30": -0.7752, "2015-03-31": "-0.27130", "2014-12-31": 2.773, "2014-09-30": -0.3792, "2014-06-30": -0.5998, "2014-03-31": "0.04920", "2013-12-31": 2.7266, "2013-09-30": -0.2982, "2013-06-30": -0.7762, "2013-03-31": "-0.36750", "2012-12-31": 3.7948, "2012-09-30": -0.2547, "2012-06-30": -0.8743, "2012-03-31": "0.38660", "2011-12-31": 2.702, "2011-09-30": -0.4056, "2011-06-30": -0.6891, "2011-03-31": "-0.24750", "2010-12-31": 2.5119, "2010-09-30": -0.259, "2010-06-30": -0.4392, "2010-03-31": "-0.73340", "2009-12-31": 3.4141, "2009-09-30": 0.0104, "2009-06-30": -0.4857, "2009-03-31": "-0.65420", "2008-12-31": 2.8876, "2008-09-30": -0.5451, "2008-06-30": -0.8493, "2008-03-31": "-0.81750", "2007-12-31": 2.877, "2007-09-30": -0.4463, "2007-06-30": -0.481, "2007-03-31": "-0.88340", "2006-12-31": 3.1838, "2006-09-30": -0.1302, "2006-06-30": -0.2762, "2006-03-31": "-0.81360", "2005-12-31": 2.5748, "2005-09-30": -0.2664, "2005-06-30": -0.5404, "2005-03-31": "-0.94660"}}, "revenue": {"Mattel Annual Revenue (Millions of US $)": {"2019": "$4,505", "2018": "$4,515", "2017": "$4,881", "2016": "$5,453", "2015": "$5,703", "2014": "$6,024", "2013": "$6,485", "2012": "$6,421", "2011": "$6,266", "2010": "$5,856", "2009": "$5,431", "2008": "$5,918", "2007": "$5,970", "2006": "$5,650", "2005": "$5,179"}, "Mattel Quarterly Revenue (Millions of US $)": {"2020-09-30": "$1,632", "2020-06-30": "$732", "2020-03-31": "$594", "2019-12-31": "$1,474", "2019-09-30": "$1,482", "2019-06-30": "$860", "2019-03-31": "$689", "2018-12-31": "$1,528", "2018-09-30": "$1,437", "2018-06-30": "$841", "2018-03-31": "$708", "2017-12-31": "$1,610", "2017-09-30": "$1,561", "2017-06-30": "$974", "2017-03-31": "$736", "2016-12-31": "$1,831", "2016-09-30": "$1,796", "2016-06-30": "$957", "2016-03-31": "$869", "2015-12-31": "$2,000", "2015-09-30": "$1,792", "2015-06-30": "$988", "2015-03-31": "$923", "2014-12-31": "$1,994", "2014-09-30": "$2,021", "2014-06-30": "$1,062", "2014-03-31": "$946", "2013-12-31": "$2,113", "2013-09-30": "$2,207", "2013-06-30": "$1,169", "2013-03-31": "$996", "2012-12-31": "$2,256", "2012-09-30": "$2,078", "2012-06-30": "$1,159", "2012-03-31": "$928", "2011-12-31": "$2,154", "2011-09-30": "$1,999", "2011-06-30": "$1,162", "2011-03-31": "$952", "2010-12-31": "$2,125", "2010-09-30": "$1,833", "2010-06-30": "$1,019", "2010-03-31": "$880", "2009-12-31": "$1,955", "2009-09-30": "$1,792", "2009-06-30": "$898", "2009-03-31": "$786", "2008-12-31": "$1,940", "2008-09-30": "$1,946", "2008-06-30": "$1,112", "2008-03-31": "$919", "2007-12-31": "$2,189", "2007-09-30": "$1,839", "2007-06-30": "$1,003", "2007-03-31": "$940", "2006-12-31": "$2,109", "2006-09-30": "$1,790", "2006-06-30": "$958", "2006-03-31": "$793", "2005-12-31": "$1,843", "2005-09-30": "$1,666", "2005-06-30": "$887", "2005-03-31": "$783"}}, "gross-profit": {"Mattel Annual Gross Profit (Millions of US $)": {"2019": "$1,981", "2018": "$1,799", "2017": "$1,825", "2016": "$2,547", "2015": "$2,806", "2014": "$3,001", "2013": "$3,479", "2012": "$3,409", "2011": "$3,146", "2010": "$2,955", "2009": "$2,715", "2008": "$2,684", "2007": "$2,777", "2006": "$2,612", "2005": "$2,373"}, "Mattel Quarterly Gross Profit (Millions of US $)": {"2020-09-30": "$832", "2020-06-30": "$321", "2020-03-31": "$255", "2019-12-31": "$713", "2019-09-30": "$686", "2019-06-30": "$341", "2019-03-31": "$240", "2018-12-31": "$714", "2018-09-30": "$613", "2018-06-30": "$253", "2018-03-31": "$219", "2017-12-31": "$499", "2017-09-30": "$647", "2017-06-30": "$400", "2017-03-31": "$279", "2016-12-31": "$854", "2016-09-30": "$871", "2016-06-30": "$434", "2016-03-31": "$389", "2015-12-31": "$1,003", "2015-09-30": "$880", "2015-06-30": "$473", "2015-03-31": "$450", "2014-12-31": "$1,006", "2014-09-30": "$1,021", "2014-06-30": "$493", "2014-03-31": "$482", "2013-12-31": "$1,151", "2013-09-30": "$1,188", "2013-06-30": "$600", "2013-03-31": "$540", "2012-12-31": "$1,226", "2012-09-30": "$1,115", "2012-06-30": "$595", "2012-03-31": "$473", "2011-12-31": "$1,160", "2011-09-30": "$956", "2011-06-30": "$556", "2011-03-31": "$473", "2010-12-31": "$1,096", "2010-09-30": "$938", "2010-06-30": "$490", "2010-03-31": "$432", "2009-12-31": "$1,044", "2009-09-30": "$919", "2009-06-30": "$406", "2009-03-31": "$346", "2008-12-31": "$892", "2008-09-30": "$900", "2008-06-30": "$495", "2008-03-31": "$397", "2007-12-31": "$1,051", "2007-09-30": "$865", "2007-06-30": "$443", "2007-03-31": "$419", "2006-12-31": "$1,012", "2006-09-30": "$851", "2006-06-30": "$416", "2006-03-31": "$332", "2005-12-31": "$881", "2005-09-30": "$761", "2005-06-30": "$387", "2005-03-31": "$344"}}, "operating-income": {"Mattel Annual Operating Income (Millions of US $)": {"2019": "$39", "2018": "$-234", "2017": "$-336", "2016": "$520", "2015": "$541", "2014": "$654", "2013": "$1,168", "2012": "$1,021", "2011": "$1,041", "2010": "$902", "2009": "$731", "2008": "$542", "2007": "$730", "2006": "$729", "2005": "$665"}, "Mattel Quarterly Operating Income (Millions of US $)": {"2020-09-30": "$384", "2020-06-30": "$-46", "2020-03-31": "$-150", "2019-12-31": "$68", "2019-09-30": "$150", "2019-06-30": "$-51", "2019-03-31": "$-127", "2018-12-31": "$110", "2018-09-30": "$122", "2018-06-30": "$-189", "2018-03-31": "$-277", "2017-12-31": "$-247", "2017-09-30": "$86", "2017-06-30": "$-49", "2017-03-31": "$-126", "2016-12-31": "$263", "2016-09-30": "$317", "2016-06-30": "$-12", "2016-03-31": "$-49", "2015-12-31": "$294", "2015-09-30": "$301", "2015-06-30": "$1", "2015-03-31": "$-54", "2014-12-31": "$237", "2014-09-30": "$409", "2014-06-30": "$1", "2014-03-31": "$6", "2013-12-31": "$479", "2013-09-30": "$528", "2013-06-30": "$95", "2013-03-31": "$66", "2012-12-31": "$373", "2012-09-30": "$487", "2012-06-30": "$131", "2012-03-31": "$29", "2011-12-31": "$498", "2011-09-30": "$398", "2011-06-30": "$109", "2011-03-31": "$37", "2010-12-31": "$429", "2010-09-30": "$359", "2010-06-30": "$69", "2010-03-31": "$45", "2009-12-31": "$417", "2009-09-30": "$336", "2009-06-30": "$33", "2009-03-31": "$-55", "2008-12-31": "$232", "2008-09-30": "$315", "2008-06-30": "$31", "2008-03-31": "$-37", "2007-12-31": "$362", "2007-09-30": "$311", "2007-06-30": "$37", "2007-03-31": "$21", "2006-12-31": "$389", "2006-09-30": "$322", "2006-06-30": "$50", "2006-03-31": "$-32", "2005-12-31": "$322", "2005-09-30": "$309", "2005-06-30": "$29", "2005-03-31": "$6"}}, "ebitda": {"Mattel Annual EBITDA (Millions of US $)": {"2019": "$284", "2018": "$38", "2017": "$-61", "2016": "$782", "2015": "$806", "2014": "$902", "2013": "$1,364", "2012": "$1,195", "2011": "$1,202", "2010": "$1,068", "2009": "$901", "2008": "$714", "2007": "$902", "2006": "$901", "2005": "$840"}, "Mattel Quarterly EBITDA (Millions of US $)": {"2020-09-30": "$432", "2020-06-30": "$2", "2020-03-31": "$-96", "2019-12-31": "$126", "2019-09-30": "$213", "2019-06-30": "$10", "2019-03-31": "$-65", "2018-12-31": "$172", "2018-09-30": "$194", "2018-06-30": "$-121", "2018-03-31": "$-208", "2017-12-31": "$-169", "2017-09-30": "$153", "2017-06-30": "$15", "2017-03-31": "$-61", "2016-12-31": "$328", "2016-09-30": "$383", "2016-06-30": "$54", "2016-03-31": "$17", "2015-12-31": "$362", "2015-09-30": "$367", "2015-06-30": "$67", "2015-03-31": "$10", "2014-12-31": "$309", "2014-09-30": "$477", "2014-06-30": "$59", "2014-03-31": "$58", "2013-12-31": "$531", "2013-09-30": "$578", "2013-06-30": "$144", "2013-03-31": "$112", "2012-12-31": "$421", "2012-09-30": "$531", "2012-06-30": "$174", "2012-03-31": "$69", "2011-12-31": "$537", "2011-09-30": "$440", "2011-06-30": "$149", "2011-03-31": "$76", "2010-12-31": "$470", "2010-09-30": "$401", "2010-06-30": "$111", "2010-03-31": "$86", "2009-12-31": "$461", "2009-09-30": "$377", "2009-06-30": "$74", "2009-03-31": "$-11", "2008-12-31": "$276", "2008-09-30": "$358", "2008-06-30": "$73", "2008-03-31": "$7", "2007-12-31": "$406", "2007-09-30": "$355", "2007-06-30": "$77", "2007-03-31": "$64", "2006-12-31": "$433", "2006-09-30": "$365", "2006-06-30": "$93", "2006-03-31": "$10", "2005-12-31": "$367", "2005-09-30": "$350", "2005-06-30": "$73", "2005-03-31": "$50"}}, "net-income": {"Mattel Annual Net Income (Millions of US $)": {"2019": "$-214", "2018": "$-533", "2017": "$-1,055", "2016": "$313", "2015": "$369", "2014": "$499", "2013": "$896", "2012": "$769", "2011": "$760", "2010": "$677", "2009": "$523", "2008": "$376", "2007": "$596", "2006": "$593", "2005": "$417"}, "Mattel Quarterly Net Income (Millions of US $)": {"2020-09-30": "$316", "2020-06-30": "$-109", "2020-03-31": "$-211", "2019-12-31": "$0", "2019-09-30": "$71", "2019-06-30": "$-108", "2019-03-31": "$-176", "2018-12-31": "$13", "2018-09-30": "$6", "2018-06-30": "$-241", "2018-03-31": "$-311", "2017-12-31": "$-282", "2017-09-30": "$-603", "2017-06-30": "$-56", "2017-03-31": "$-113", "2016-12-31": "$169", "2016-09-30": "$236", "2016-06-30": "$-19", "2016-03-31": "$-73", "2015-12-31": "$215", "2015-09-30": "$224", "2015-06-30": "$-11", "2015-03-31": "$-58", "2014-12-31": "$153", "2014-09-30": "$329", "2014-06-30": "$28", "2014-03-31": "$-11", "2013-12-31": "$365", "2013-09-30": "$419", "2013-06-30": "$73", "2013-03-31": "$38", "2012-12-31": "$303", "2012-09-30": "$363", "2012-06-30": "$95", "2012-03-31": "$8", "2011-12-31": "$366", "2011-09-30": "$298", "2011-06-30": "$79", "2011-03-31": "$16", "2010-12-31": "$321", "2010-09-30": "$280", "2010-06-30": "$51", "2010-03-31": "$25", "2009-12-31": "$325", "2009-09-30": "$227", "2009-06-30": "$21", "2009-03-31": "$-51", "2008-12-31": "$175", "2008-09-30": "$236", "2008-06-30": "$12", "2008-03-31": "$-47", "2007-12-31": "$324", "2007-09-30": "$237", "2007-06-30": "$23", "2007-03-31": "$12", "2006-12-31": "$286", "2006-09-30": "$239", "2006-06-30": "$37", "2006-03-31": "$30", "2005-12-31": "$279", "2005-09-30": "$225", "2005-06-30": "$-94", "2005-03-31": "$7"}}, "eps-earnings-per-share-diluted": {"Mattel Annual EPS": {"2019": "$-0.62", "2018": "$-1.55", "2017": "$-3.07", "2016": "$0.91", "2015": "$1.08", "2014": "$1.45", "2013": "$2.58", "2012": "$2.22", "2011": "$2.18", "2010": "$1.86", "2009": "$1.45", "2008": "$1.04", "2007": "$1.53", "2006": "$1.53", "2005": "$1.01"}, "Mattel Quarterly EPS": {"2020-09-30": "$0.91", "2020-06-30": "$-0.31", "2020-03-31": "$-0.61", "2019-12-31": "$0.00", "2019-09-30": "$0.20", "2019-06-30": "$-0.31", "2019-03-31": "$-0.51", "2018-12-31": "$0.03", "2018-09-30": "$0.02", "2018-06-30": "$-0.70", "2018-03-31": "$-0.90", "2017-12-31": "$-0.83", "2017-09-30": "$-1.75", "2017-06-30": "$-0.16", "2017-03-31": "$-0.33", "2016-12-31": "$0.50", "2016-09-30": "$0.68", "2016-06-30": "$-0.06", "2016-03-31": "$-0.21", "2015-12-31": "$0.62", "2015-09-30": "$0.66", "2015-06-30": "$-0.03", "2015-03-31": "$-0.17", "2014-12-31": "$0.43", "2014-09-30": "$0.97", "2014-06-30": "$0.08", "2014-03-31": "$-0.03", "2013-12-31": "$1.05", "2013-09-30": "$1.21", "2013-06-30": "$0.21", "2013-03-31": "$0.11", "2012-12-31": "$0.88", "2012-09-30": "$1.04", "2012-06-30": "$0.28", "2012-03-31": "$0.02", "2011-12-31": "$1.04", "2011-09-30": "$0.86", "2011-06-30": "$0.23", "2011-03-31": "$0.05", "2010-12-31": "$0.88", "2010-09-30": "$0.77", "2010-06-30": "$0.14", "2010-03-31": "$0.07", "2009-12-31": "$0.90", "2009-09-30": "$0.63", "2009-06-30": "$0.06", "2009-03-31": "$-0.14", "2008-12-31": "$0.49", "2008-09-30": "$0.65", "2008-06-30": "$0.03", "2008-03-31": "$-0.13", "2007-12-31": "$0.83", "2007-09-30": "$0.61", "2007-06-30": "$0.06", "2007-03-31": "$0.03", "2006-12-31": "$0.73", "2006-09-30": "$0.62", "2006-06-30": "$0.10", "2006-03-31": "$0.08", "2005-12-31": "$0.67", "2005-09-30": "$0.55", "2005-06-30": "$-0.23", "2005-03-31": "$0.02"}}, "shares-outstanding": {"Mattel Annual Shares Outstanding (Millions of Shares)": {"2019": "346", "2018": "345", "2017": "344", "2016": "344", "2015": "340", "2014": "341", "2013": "347", "2012": "346", "2011": "348", "2010": "365", "2009": "362", "2008": "362", "2007": "389", "2006": "386", "2005": "411"}, "Mattel Quarterly Shares Outstanding (Millions of Shares)": {"2020-09-30": "349", "2020-06-30": "347", "2020-03-31": "347", "2019-12-31": "346", "2019-09-30": "348", "2019-06-30": "346", "2019-03-31": "346", "2018-12-31": "345", "2018-09-30": "346", "2018-06-30": "345", "2018-03-31": "344", "2017-12-31": "344", "2017-09-30": "344", "2017-06-30": "343", "2017-03-31": "343", "2016-12-31": "344", "2016-09-30": "344", "2016-06-30": "341", "2016-03-31": "340", "2015-12-31": "340", "2015-09-30": "340", "2015-06-30": "339", "2015-03-31": "339", "2014-12-31": "341", "2014-09-30": "340", "2014-06-30": "341", "2014-03-31": "340", "2013-12-31": "347", "2013-09-30": "347", "2013-06-30": "350", "2013-03-31": "349", "2012-12-31": "346", "2012-09-30": "347", "2012-06-30": "346", "2012-03-31": "344", "2011-12-31": "348", "2011-09-30": "347", "2011-06-30": "351", "2011-03-31": "353", "2010-12-31": "365", "2010-09-30": "363", "2010-06-30": "366", "2010-03-31": "366", "2009-12-31": "362", "2009-09-30": "362", "2009-06-30": "361", "2009-03-31": "359", "2008-12-31": "362", "2008-09-30": "362", "2008-06-30": "364", "2008-03-31": "362", "2007-12-31": "389", "2007-09-30": "391", "2007-06-30": "403", "2007-03-31": "397", "2006-12-31": "386", "2006-09-30": "383", "2006-06-30": "389", "2006-03-31": "391", "2005-12-31": "411", "2005-09-30": "407", "2005-06-30": "410", "2005-03-31": "421"}}, "total-assets": {"Mattel Annual Total Assets (Millions of US $)": {"2019": "$5,325", "2018": "$5,238", "2017": "$6,228", "2016": "$6,494", "2015": "$6,535", "2014": "$6,722", "2013": "$6,440", "2012": "$6,527", "2011": "$5,672", "2010": "$5,418", "2009": "$4,781", "2008": "$4,675", "2007": "$4,805", "2006": "$4,956", "2005": "$4,372"}, "Mattel Quarterly Total Assets (Millions of US $)": {"2020-09-30": "$5,604", "2020-06-30": "$4,993", "2020-03-31": "$4,804", "2019-12-31": "$5,325", "2019-09-30": "$5,528", "2019-06-30": "$5,047", "2019-03-31": "$5,082", "2018-12-31": "$5,238", "2018-09-30": "$5,482", "2018-06-30": "$5,053", "2018-03-31": "$5,304", "2017-12-31": "$6,228", "2017-09-30": "$6,200", "2017-06-30": "$6,168", "2017-03-31": "$5,921", "2016-12-31": "$6,494", "2016-09-30": "$6,649", "2016-06-30": "$5,932", "2016-03-31": "$5,969", "2015-12-31": "$6,535", "2015-09-30": "$6,630", "2015-06-30": "$6,077", "2015-03-31": "$6,086", "2014-12-31": "$6,722", "2014-09-30": "$6,894", "2014-06-30": "$6,488", "2014-03-31": "$5,872", "2013-12-31": "$6,440", "2013-09-30": "$6,696", "2013-06-30": "$6,196", "2013-03-31": "$6,194", "2012-12-31": "$6,527", "2012-09-30": "$6,319", "2012-06-30": "$5,590", "2012-03-31": "$5,551", "2011-12-31": "$5,672", "2011-09-30": "$5,201", "2011-06-30": "$4,798", "2011-03-31": "$4,982", "2010-12-31": "$5,418", "2010-09-30": "$5,759", "2010-06-30": "$4,476", "2010-03-31": "$4,503", "2009-12-31": "$4,781", "2009-09-30": "$4,989", "2009-06-30": "$4,478", "2009-03-31": "$4,106", "2008-12-31": "$4,675", "2008-09-30": "$5,524", "2008-06-30": "$4,633", "2008-03-31": "$4,441", "2007-12-31": "$4,805", "2007-09-30": "$5,129", "2007-06-30": "$4,648", "2007-03-31": "$4,468", "2006-12-31": "$4,956", "2006-09-30": "$4,870", "2006-06-30": "$4,184", "2006-03-31": "$3,865", "2005-12-31": "$4,372", "2005-09-30": "$4,402", "2005-06-30": "$3,912", "2005-03-31": "$4,154"}}, "cash-on-hand": {"Mattel Annual Cash on Hand (Millions of US $)": {"2019": "$630", "2018": "$594", "2017": "$1,079", "2016": "$870", "2015": "$893", "2014": "$972", "2013": "$1,039", "2012": "$1,336", "2011": "$1,369", "2010": "$1,281", "2009": "$1,117", "2008": "$618", "2007": "$901", "2006": "$1,206", "2005": "$998"}, "Mattel Quarterly Cash on Hand (Millions of US $)": {"2020-09-30": "$452", "2020-06-30": "$462", "2020-03-31": "$499", "2019-12-31": "$630", "2019-09-30": "$218", "2019-06-30": "$194", "2019-03-31": "$380", "2018-12-31": "$594", "2018-09-30": "$209", "2018-06-30": "$229", "2018-03-31": "$527", "2017-12-31": "$1,079", "2017-09-30": "$181", "2017-06-30": "$275", "2017-03-31": "$382", "2016-12-31": "$870", "2016-09-30": "$297", "2016-06-30": "$318", "2016-03-31": "$600", "2015-12-31": "$893", "2015-09-30": "$290", "2015-06-30": "$300", "2015-03-31": "$683", "2014-12-31": "$972", "2014-09-30": "$262", "2014-06-30": "$518", "2014-03-31": "$897", "2013-12-31": "$1,039", "2013-09-30": "$406", "2013-06-30": "$823", "2013-03-31": "$1,260", "2012-12-31": "$1,336", "2012-09-30": "$282", "2012-06-30": "$372", "2012-03-31": "$785", "2011-12-31": "$1,369", "2011-09-30": "$255", "2011-06-30": "$418", "2011-03-31": "$1,049", "2010-12-31": "$1,281", "2010-09-30": "$961", "2010-06-30": "$545", "2010-03-31": "$872", "2009-12-31": "$1,117", "2009-09-30": "$324", "2009-06-30": "$423", "2009-03-31": "$405", "2008-12-31": "$618", "2008-09-30": "$447", "2008-06-30": "$384", "2008-03-31": "$625", "2007-12-31": "$901", "2007-09-30": "$277", "2007-06-30": "$743", "2007-03-31": "$984", "2006-12-31": "$1,206", "2006-09-30": "$552", "2006-06-30": "$625", "2006-03-31": "$603", "2005-12-31": "$998", "2005-09-30": "$174", "2005-06-30": "$362", "2005-03-31": "$779"}}, "long-term-debt": {"Mattel Annual Long Term Debt (Millions of US $)": {"2019": "$2,847", "2018": "$2,852", "2017": "$2,873", "2016": "$2,134", "2015": "$1,785", "2014": "$2,100", "2013": "$1,600", "2012": "$1,100", "2011": "$1,500", "2010": "$950", "2009": "$700", "2008": "$750", "2007": "$550", "2006": "$636", "2005": "$525"}, "Mattel Quarterly Long Term Debt (Millions of US $)": {"2020-09-30": "$2,853", "2020-06-30": "$2,851", "2020-03-31": "$2,849", "2019-12-31": "$2,847", "2019-09-30": "$2,857", "2019-06-30": "$2,855", "2019-03-31": "$2,853", "2018-12-31": "$2,852", "2018-09-30": "$2,850", "2018-06-30": "$2,848", "2018-03-31": "$2,872", "2017-12-31": "$2,873", "2017-09-30": "$1,886", "2017-06-30": "$1,886", "2017-03-31": "$1,885", "2016-12-31": "$2,134", "2016-09-30": "$2,133", "2016-06-30": "$1,786", "2016-03-31": "$1,785", "2015-12-31": "$1,785", "2015-09-30": "$2,084", "2015-06-30": "$2,083", "2015-03-31": "$2,083", "2014-12-31": "$2,100", "2014-09-30": "$2,100", "2014-06-30": "$2,100", "2014-03-31": "$1,600", "2013-12-31": "$1,600", "2013-09-30": "$1,600", "2013-06-30": "$1,600", "2013-03-31": "$1,600", "2012-12-31": "$1,100", "2012-09-30": "$1,150", "2012-06-30": "$1,150", "2012-03-31": "$1,150", "2011-12-31": "$1,500", "2011-09-30": "$900", "2011-06-30": "$950", "2011-03-31": "$950", "2010-12-31": "$950", "2010-09-30": "$960", "2010-06-30": "$460", "2010-03-31": "$700", "2009-12-31": "$700", "2009-09-30": "$710", "2009-06-30": "$710", "2009-03-31": "$750", "2008-12-31": "$750", "2008-09-30": "$760", "2008-06-30": "$760", "2008-03-31": "$900", "2007-12-31": "$550", "2007-09-30": "$560", "2007-06-30": "$560", "2007-03-31": "$560", "2006-12-31": "$636", "2006-09-30": "$775", "2006-06-30": "$795", "2006-03-31": "$525", "2005-12-31": "$525", "2005-09-30": "$350", "2005-06-30": "$370", "2005-03-31": "$400"}}, "total-liabilities": {"Mattel Annual Total Liabilities (Millions of US $)": {"2019": "$4,834", "2018": "$4,571", "2017": "$4,981", "2016": "$4,086", "2015": "$3,902", "2014": "$3,773", "2013": "$3,188", "2012": "$3,460", "2011": "$3,061", "2010": "$2,789", "2009": "$2,250", "2008": "$2,558", "2007": "$2,499", "2006": "$2,523", "2005": "$2,271"}, "Mattel Quarterly Total Liabilities (Millions of US $)": {"2020-09-30": "$5,200", "2020-06-30": "$4,907", "2020-03-31": "$4,646", "2019-12-31": "$4,834", "2019-09-30": "$5,064", "2019-06-30": "$4,620", "2019-03-31": "$4,559", "2018-12-31": "$4,571", "2018-09-30": "$4,823", "2018-06-30": "$4,389", "2018-03-31": "$4,322", "2017-12-31": "$4,981", "2017-09-30": "$4,760", "2017-06-30": "$4,100", "2017-03-31": "$3,705", "2016-12-31": "$4,086", "2016-09-30": "$4,233", "2016-06-30": "$3,621", "2016-03-31": "$3,494", "2015-12-31": "$3,902", "2015-09-30": "$4,057", "2015-06-30": "$3,513", "2015-03-31": "$3,419", "2014-12-31": "$3,773", "2014-09-30": "$3,826", "2014-06-30": "$3,537", "2014-03-31": "$2,774", "2013-12-31": "$3,188", "2013-09-30": "$3,688", "2013-06-30": "$3,275", "2013-03-31": "$3,145", "2012-12-31": "$3,460", "2012-09-30": "$3,415", "2012-06-30": "$2,999", "2012-03-31": "$2,910", "2011-12-31": "$3,061", "2011-09-30": "$2,771", "2011-06-30": "$2,331", "2011-03-31": "$2,465", "2010-12-31": "$2,789", "2010-09-30": "$2,902", "2010-06-30": "$1,969", "2010-03-31": "$1,908", "2009-12-31": "$2,250", "2009-09-30": "$2,583", "2009-06-30": "$2,308", "2009-03-31": "$2,060", "2008-12-31": "$2,558", "2008-09-30": "$3,103", "2008-06-30": "$2,304", "2008-03-31": "$2,102", "2007-12-31": "$2,499", "2007-09-30": "$2,766", "2007-06-30": "$1,923", "2007-03-31": "$1,835", "2006-12-31": "$2,523", "2006-09-30": "$2,570", "2006-06-30": "$2,130", "2006-03-31": "$1,708", "2005-12-31": "$2,271", "2005-09-30": "$2,119", "2005-06-30": "$1,841", "2005-03-31": "$1,753"}}, "total-share-holder-equity": {"Mattel Annual Share Holder Equity (Millions of US $)": {"2019": "$492", "2018": "$667", "2017": "$1,247", "2016": "$2,408", "2015": "$2,633", "2014": "$2,949", "2013": "$3,252", "2012": "$3,067", "2011": "$2,611", "2010": "$2,629", "2009": "$2,531", "2008": "$2,117", "2007": "$2,307", "2006": "$2,433", "2005": "$2,102"}, "Mattel Quarterly Share Holder Equity (Millions of US $)": {"2020-09-30": "$405", "2020-06-30": "$86", "2020-03-31": "$158", "2019-12-31": "$492", "2019-09-30": "$464", "2019-06-30": "$426", "2019-03-31": "$523", "2018-12-31": "$667", "2018-09-30": "$659", "2018-06-30": "$664", "2018-03-31": "$982", "2017-12-31": "$1,247", "2017-09-30": "$1,440", "2017-06-30": "$2,067", "2017-03-31": "$2,216", "2016-12-31": "$2,408", "2016-09-30": "$2,415", "2016-06-30": "$2,310", "2016-03-31": "$2,475", "2015-12-31": "$2,633", "2015-09-30": "$2,573", "2015-06-30": "$2,564", "2015-03-31": "$2,667", "2014-12-31": "$2,949", "2014-09-30": "$3,068", "2014-06-30": "$2,952", "2014-03-31": "$3,098", "2013-12-31": "$3,252", "2013-09-30": "$3,008", "2013-06-30": "$2,921", "2013-03-31": "$3,048", "2012-12-31": "$3,067", "2012-09-30": "$2,904", "2012-06-30": "$2,591", "2012-03-31": "$2,641", "2011-12-31": "$2,611", "2011-09-30": "$2,430", "2011-06-30": "$2,467", "2011-03-31": "$2,517", "2010-12-31": "$2,629", "2010-09-30": "$2,857", "2010-06-30": "$2,507", "2010-03-31": "$2,596", "2009-12-31": "$2,531", "2009-09-30": "$2,406", "2009-06-30": "$2,170", "2009-03-31": "$2,046", "2008-12-31": "$2,117", "2008-09-30": "$2,421", "2008-06-30": "$2,329", "2008-03-31": "$2,339", "2007-12-31": "$2,307", "2007-09-30": "$2,363", "2007-06-30": "$2,726", "2007-03-31": "$2,633", "2006-12-31": "$2,433", "2006-09-30": "$2,300", "2006-06-30": "$2,054", "2006-03-31": "$2,157", "2005-12-31": "$2,102", "2005-09-30": "$2,283", "2005-06-30": "$2,071", "2005-03-31": "$2,401"}}, "profit-margins": {"current": "-0.08%"}, "gross margin": {"2020-09-30": "47.86%", "2020-06-30": "46.12%", "2020-03-31": "45.24%", "2019-12-31": "43.95%", "2019-09-30": "43.45%", "2019-06-30": "42.27%", "2019-03-31": "40.49%", "2018-12-31": "39.85%", "2018-09-30": "34.46%", "2018-06-30": "34.28%", "2018-03-31": "36.37%", "2017-12-31": "37.39%", "2017-09-30": "42.73%", "2017-06-30": "45.04%", "2017-03-31": "45.83%", "2016-12-31": "46.73%", "2016-09-30": "47.97%", "2016-06-30": "48.17%", "2016-03-31": "48.59%", "2015-12-31": "49.20%", "2015-09-30": "49.31%", "2015-06-30": "49.78%", "2015-03-31": "49.50%", "2014-12-31": "49.84%", "2014-09-30": "51.24%", "2014-06-30": "52.37%", "2014-03-31": "53.16%", "2013-12-31": "53.65%", "2013-09-30": "53.62%", "2013-06-30": "53.56%", "2013-03-31": "53.57%", "2012-12-31": "53.09%", "2012-09-30": "52.90%", "2012-06-30": "51.03%", "2012-03-31": "50.38%", "2011-12-31": "50.18%", "2011-09-30": "49.39%", "2011-06-30": "50.44%", "2011-03-31": "50.55%", "2010-12-31": "50.47%", "2010-09-30": "51.06%", "2010-06-30": "51.10%", "2010-03-31": "50.70%", "2009-12-31": "49.99%", "2009-09-30": "47.32%", "2009-06-30": "45.67%", "2009-03-31": "45.52%", "2008-12-31": "45.36%", "2008-09-30": "46.11%", "2008-06-30": "46.34%", "2008-03-31": "46.32%", "2007-12-31": "46.52%", "2007-09-30": "46.49%", "2007-06-30": "46.64%", "2007-03-31": "46.54%", "2006-12-31": "46.21%", "2006-09-30": "46.06%", "2006-06-30": "45.44%", "2006-03-31": "45.50%", "2005-12-31": "45.82%"}, "operating margin": {"2020-09-30": "5.78%", "2020-06-30": "0.51%", "2020-03-31": "0.39%", "2019-12-31": "0.89%", "2019-09-30": "1.80%", "2019-06-30": "1.20%", "2019-03-31": "-1.87%", "2018-12-31": "-5.18%", "2018-09-30": "-12.86%", "2018-06-30": "-13.28%", "2018-03-31": "-10.04%", "2017-12-31": "-6.88%", "2017-09-30": "3.41%", "2017-06-30": "7.59%", "2017-03-31": "8.31%", "2016-12-31": "9.52%", "2016-09-30": "9.78%", "2016-06-30": "9.51%", "2016-03-31": "9.68%", "2015-12-31": "9.50%", "2015-09-30": "8.51%", "2015-06-30": "10.01%", "2015-03-31": "9.88%", "2014-12-31": "10.84%", "2014-09-30": "14.57%", "2014-06-30": "16.02%", "2014-03-31": "17.22%", "2013-12-31": "18.01%", "2013-09-30": "16.02%", "2013-06-30": "15.71%", "2013-03-31": "16.29%", "2012-12-31": "15.89%", "2012-09-30": "18.12%", "2012-06-30": "16.92%", "2012-03-31": "16.56%", "2011-12-31": "16.63%", "2011-09-30": "15.60%", "2011-06-30": "15.38%", "2011-03-31": "15.08%", "2010-12-31": "15.40%", "2010-09-30": "15.65%", "2010-06-30": "15.36%", "2010-03-31": "15.04%", "2009-12-31": "13.46%", "2009-09-30": "10.08%", "2009-06-30": "9.43%", "2009-03-31": "9.04%", "2008-12-31": "9.14%", "2008-09-30": "10.88%", "2008-06-30": "11.01%", "2008-03-31": "11.31%", "2007-12-31": "12.24%", "2007-09-30": "12.87%", "2007-06-30": "13.16%", "2007-03-31": "13.49%", "2006-12-31": "12.90%", "2006-09-30": "12.30%", "2006-06-30": "12.34%", "2006-03-31": "12.10%", "2005-12-31": "12.86%"}, "ebitda margin": {"2020-09-30": "10.47%", "2020-06-30": "5.72%", "2020-03-31": "5.74%", "2019-12-31": "6.30%", "2019-09-30": "7.24%", "2019-06-30": "6.89%", "2019-03-31": "4.00%", "2018-12-31": "0.82%", "2018-09-30": "-6.61%", "2018-06-30": "-7.31%", "2018-03-31": "-4.31%", "2017-12-31": "-1.27%", "2017-09-30": "8.53%", "2017-06-30": "12.46%", "2017-03-31": "13.23%", "2016-12-31": "14.34%", "2016-09-30": "14.51%", "2016-06-30": "14.24%", "2016-03-31": "14.39%", "2015-12-31": "14.13%", "2015-09-30": "13.22%", "2015-06-30": "14.56%", "2015-03-31": "14.25%", "2014-12-31": "14.99%", "2014-09-30": "18.32%", "2014-06-30": "19.37%", "2014-03-31": "20.37%", "2013-12-31": "21.05%", "2013-09-30": "18.93%", "2013-06-30": "18.59%", "2013-03-31": "19.08%", "2012-12-31": "18.61%", "2012-09-30": "20.75%", "2012-06-30": "19.55%", "2012-03-31": "19.14%", "2011-12-31": "19.18%", "2011-09-30": "18.19%", "2011-06-30": "18.05%", "2011-03-31": "17.84%", "2010-12-31": "18.23%", "2010-09-30": "18.62%", "2010-06-30": "18.33%", "2010-03-31": "18.06%", "2009-12-31": "16.59%", "2009-09-30": "13.22%", "2009-06-30": "12.51%", "2009-03-31": "12.03%", "2008-12-31": "12.07%", "2008-09-30": "13.69%", "2008-06-30": "13.88%", "2008-03-31": "14.20%", "2007-12-31": "15.11%", "2007-09-30": "15.77%", "2007-06-30": "16.07%", "2007-03-31": "16.47%", "2006-12-31": "15.95%", "2006-09-30": "15.51%", "2006-06-30": "15.59%", "2006-03-31": "15.42%", "2005-12-31": "16.22%"}, "pre tax profit margin": {"2020-09-30": "1.17%", "2020-06-30": "-4.30%", "2020-03-31": "-4.17%", "2019-12-31": "-3.53%", "2019-09-30": "-2.41%", "2019-06-30": "-3.08%", "2019-03-31": "-6.16%", "2018-12-31": "-9.24%", "2018-09-30": "-17.80%", "2018-06-30": "-17.58%", "2018-03-31": "-13.81%", "2017-12-31": "-10.28%", "2017-09-30": "1.41%", "2017-06-30": "5.71%", "2017-03-31": "6.56%", "2016-12-31": "7.37%", "2016-09-30": "7.86%", "2016-06-30": "7.73%", "2016-03-31": "7.86%", "2015-12-31": "8.14%", "2015-09-30": "7.20%", "2015-06-30": "8.74%", "2015-03-31": "8.73%", "2014-12-31": "9.76%", "2014-09-30": "13.56%", "2014-06-30": "15.06%", "2014-03-31": "16.25%", "2013-12-31": "16.95%", "2013-09-30": "15.00%", "2013-06-30": "14.57%", "2013-03-31": "15.09%", "2012-12-31": "14.72%", "2012-09-30": "16.73%", "2012-06-30": "15.64%", "2012-03-31": "15.38%", "2011-12-31": "15.49%", "2011-09-30": "14.54%", "2011-06-30": "14.30%", "2011-03-31": "14.08%", "2010-12-31": "14.46%", "2010-09-30": "14.75%", "2010-06-30": "14.12%", "2010-03-31": "13.74%", "2009-12-31": "12.17%", "2009-09-30": "9.05%", "2009-06-30": "8.83%", "2009-03-31": "8.35%", "2008-12-31": "8.25%", "2008-09-30": "9.83%", "2008-06-30": "10.02%", "2008-03-31": "10.55%", "2007-12-31": "11.79%", "2007-09-30": "12.44%", "2007-06-30": "12.50%", "2007-03-31": "12.70%", "2006-12-31": "12.11%", "2006-09-30": "11.46%", "2006-06-30": "11.84%", "2006-03-31": "11.70%", "2005-12-31": "12.59%"}, "net profit margin": {"2020-09-30": "-0.09%", "2020-06-30": "-5.82%", "2020-03-31": "-5.62%", "2019-12-31": "-4.73%", "2019-09-30": "-4.39%", "2019-06-30": "-5.87%", "2019-03-31": "-8.85%", "2018-12-31": "-11.81%", "2018-09-30": "-18.02%", "2018-06-30": "-30.44%", "2018-03-31": "-25.80%", "2017-12-31": "-21.59%", "2017-09-30": "-11.82%", "2017-06-30": "4.42%", "2017-03-31": "5.13%", "2016-12-31": "5.74%", "2016-09-30": "6.39%", "2016-06-30": "6.18%", "2016-03-31": "6.28%", "2015-12-31": "6.49%", "2015-09-30": "5.41%", "2015-06-30": "6.97%", "2015-03-31": "7.53%", "2014-12-31": "8.28%", "2014-09-30": "11.58%", "2014-06-30": "12.66%", "2014-03-31": "13.15%", "2013-12-31": "13.80%", "2013-09-30": "12.57%", "2013-06-30": "11.96%", "2013-03-31": "12.31%", "2012-12-31": "11.98%", "2012-09-30": "13.17%", "2012-06-30": "12.29%", "2012-03-31": "12.03%", "2011-12-31": "12.11%", "2011-09-30": "11.45%", "2011-06-30": "11.46%", "2011-03-31": "11.27%", "2010-12-31": "11.56%", "2010-09-30": "11.97%", "2010-06-30": "11.12%", "2010-03-31": "10.82%", "2009-12-31": "9.61%", "2009-09-30": "6.87%", "2009-06-30": "6.84%", "2009-03-31": "6.43%", "2008-12-31": "6.35%", "2008-09-30": "8.51%", "2008-06-30": "8.68%", "2008-03-31": "9.03%", "2007-12-31": "9.98%", "2007-09-30": "9.47%", "2007-06-30": "9.59%", "2007-03-31": "9.90%", "2006-12-31": "10.48%", "2006-09-30": "10.87%", "2006-06-30": "10.86%", "2006-03-31": "8.48%", "2005-12-31": "8.05%"}, "pe ratio": {"current": "77.13", "2021-02-05": "0.00", "2020-09-30": "0.00", "2020-06-30": "0.00", "2020-03-31": "0.00", "2019-12-31": "0.00", "2019-09-30": "0.00", "2019-06-30": "0.00", "2019-03-31": "0.00", "2018-12-31": "0.00", "2018-09-30": "0.00", "2018-06-30": "0.00", "2018-03-31": "0.00", "2017-12-31": "0.00", "2017-09-30": "0.00", "2017-06-30": "30.92", "2017-03-31": "31.58", "2016-12-31": "29.06", "2016-09-30": "27.61", "2016-06-30": "28.76", "2016-03-31": "29.65", "2015-12-31": "22.80", "2015-09-30": "21.06", "2015-06-30": "18.78", "2015-03-31": "15.09", "2014-12-31": "18.22", "2014-09-30": "12.45", "2014-06-30": "14.05", "2014-03-31": "13.56", "2013-12-31": "15.06", "2013-09-30": "14.25", "2013-06-30": "16.45", "2013-03-31": "15.29", "2012-12-31": "13.19", "2012-09-30": "11.62", "2012-06-30": "11.39", "2012-03-31": "11.97", "2011-12-31": "9.64", "2011-09-30": "9.71", "2011-06-30": "10.69", "2011-03-31": "10.08", "2010-12-31": "10.08", "2010-09-30": "9.01", "2010-06-30": "8.78", "2010-03-31": "9.90", "2009-12-31": "9.96", "2009-09-30": "12.28", "2009-06-30": "10.38", "2009-03-31": "7.67", "2008-12-31": "10.54", "2008-09-30": "8.15", "2008-06-30": "8.01", "2008-03-31": "8.80", "2007-12-31": "7.60", "2007-09-30": "9.87", "2007-06-30": "10.57", "2007-03-31": "11.60", "2006-12-31": "9.23"}, "price sales": {"2021-02-05": "1.45", "2020-09-30": "0.92", "2020-06-30": "0.78", "2020-03-31": "0.69", "2019-12-31": "1.04", "2019-09-30": "0.87", "2019-06-30": "0.86", "2019-03-31": "1.00", "2018-12-31": "0.76", "2018-09-30": "1.18", "2018-06-30": "1.20", "2018-03-31": "0.93", "2017-12-31": "1.08", "2017-09-30": "1.04", "2017-06-30": "1.37", "2017-03-31": "1.61", "2016-12-31": "1.66", "2016-09-30": "1.74", "2016-06-30": "1.78", "2016-03-31": "1.87", "2015-12-31": "1.48", "2015-09-30": "1.13", "2015-06-30": "1.30", "2015-03-31": "1.13", "2014-12-31": "1.50", "2014-09-30": "1.45", "2014-06-30": "1.78", "2014-03-31": "1.80", "2013-12-31": "2.10", "2013-09-30": "1.79", "2013-06-30": "1.96", "2013-03-31": "1.88", "2012-12-31": "1.57", "2012-09-30": "1.54", "2012-06-30": "1.41", "2012-03-31": "1.45", "2011-12-31": "1.19", "2011-09-30": "1.12", "2011-06-30": "1.23", "2011-03-31": "1.14", "2010-12-31": "1.17", "2010-09-30": "1.08", "2010-06-30": "0.98", "2010-03-31": "1.07", "2009-12-31": "0.95", "2009-09-30": "0.85", "2009-06-30": "0.72", "2009-03-31": "0.50", "2008-12-31": "0.68", "2008-09-30": "0.71", "2008-06-30": "0.70", "2008-03-31": "0.85", "2007-12-31": "0.82", "2007-09-30": "0.99", "2007-06-30": "1.06", "2007-03-31": "1.16", "2006-12-31": "0.98"}, "price book": {"current": "15.93", "2021-02-05": "15.93", "2020-09-30": "10.07", "2020-06-30": "38.94", "2020-03-31": "19.36", "2019-12-31": "9.56", "2019-09-30": "8.52", "2019-06-30": "9.09", "2019-03-31": "8.58", "2018-12-31": "5.17", "2018-09-30": "8.22", "2018-06-30": "8.51", "2018-03-31": "4.60", "2017-12-31": "4.24", "2017-09-30": "3.70", "2017-06-30": "3.54", "2017-03-31": "3.86", "2016-12-31": "3.76", "2016-09-30": "4.07", "2016-06-30": "4.32", "2016-03-31": "4.28", "2015-12-31": "3.21", "2015-09-30": "2.50", "2015-06-30": "3.00", "2015-03-31": "2.53", "2014-12-31": "3.05", "2014-09-30": "2.87", "2014-06-30": "3.75", "2014-03-31": "3.66", "2013-12-31": "4.09", "2013-09-30": "3.87", "2013-06-30": "4.33", "2013-03-31": "3.98", "2012-12-31": "3.25", "2012-09-30": "3.31", "2012-06-30": "3.34", "2012-03-31": "3.36", "2011-12-31": "2.75", "2011-09-30": "2.75", "2011-06-30": "2.90", "2011-03-31": "2.57", "2010-12-31": "2.50", "2010-09-30": "2.12", "2010-06-30": "2.12", "2010-03-31": "2.20", "2009-12-31": "2.05", "2009-09-30": "1.92", "2009-06-30": "1.84", "2009-03-31": "1.40", "2008-12-31": "1.87", "2008-09-30": "1.75", "2008-06-30": "1.73", "2008-03-31": "2.02", "2007-12-31": "1.95", "2007-09-30": "2.31", "2007-06-30": "2.33", "2007-03-31": "2.61", "2006-12-31": "2.26", "2006-09-30": "1.99", "2006-06-30": "1.87", "2006-03-31": "2.01"}, "price fcf": {"2021-02-05": "", "2020-09-30": "$0.37", "2020-06-30": "$-0.02", "2020-03-31": "$0.21", "2019-12-31": "$0.19", "2019-09-30": "$0.23", "2019-06-30": "$0.02", "2019-03-31": "$-0.22", "2018-12-31": "$-0.52", "2018-09-30": "$-0.55", "2018-06-30": "$-0.75", "2018-03-31": "$-0.77", "2017-12-31": "$-0.95", "2017-09-30": "$-0.39", "2017-06-30": "$-0.04", "2017-03-31": "$0.25", "2016-12-31": "$0.97", "2016-09-30": "$1.09", "2016-06-30": "$1.43", "2016-03-31": "$1.29", "2015-12-31": "$1.41", "2015-09-30": "$1.62", "2015-06-30": "$1.35", "2015-03-31": "$1.52", "2014-12-31": "$1.84", "2014-09-30": "$1.80", "2014-06-30": "$1.88", "2014-03-31": "$1.70", "2013-12-31": "$1.28", "2013-09-30": "$2.35", "2013-06-30": "$2.40", "2013-03-31": "$2.30", "2012-12-31": "$3.05", "2012-09-30": "$1.96", "2012-06-30": "$1.81", "2012-03-31": "$1.99", "2011-12-31": "$1.36", "2011-09-30": "$1.17", "2011-06-30": "$1.32", "2011-03-31": "$1.57", "2010-12-31": "$1.08", "2010-09-30": "$1.98", "2010-06-30": "$2.25", "2010-03-31": "$2.21", "2009-12-31": "$2.28", "2009-09-30": "$1.76", "2009-06-30": "$1.20", "2009-03-31": "$0.84", "2008-12-31": "$0.68", "2008-09-30": "$0.67", "2008-06-30": "$0.76", "2008-03-31": "$1.13", "2007-12-31": "$1.07", "2007-09-30": "$1.37", "2007-06-30": "$1.69", "2007-03-31": "$1.89", "2006-12-31": "$1.96"}, "net worth": {"value": "$6.44B"}, "current ratio": {"current": "1.57", "2020-09-30": "1.57", "2020-06-30": "1.47", "2020-03-31": "1.61", "2019-12-31": "1.76", "2019-09-30": "1.61", "2019-06-30": "1.79", "2019-03-31": "1.89", "2018-12-31": "1.88", "2018-09-30": "1.69", "2018-06-30": "1.87", "2018-03-31": "2.25", "2017-12-31": "1.91", "2017-09-30": "1.32", "2017-06-30": "1.42", "2017-03-31": "1.69", "2016-12-31": "1.95", "2016-09-30": "1.87", "2016-06-30": "1.72", "2016-03-31": "1.94", "2015-12-31": "1.82", "2015-09-30": "2.07", "2015-06-30": "2.62", "2015-03-31": "3.02", "2014-12-31": "2.93", "2014-09-30": "2.75", "2014-06-30": "3.18", "2014-03-31": "4.18", "2013-12-31": "3.23", "2013-09-30": "2.47", "2013-06-30": "3.01", "2013-03-31": "3.51", "2012-12-31": "2.07", "2012-09-30": "1.97", "2012-06-30": "2.02", "2012-03-31": "2.19", "2011-12-31": "3.32", "2011-09-30": "2.13", "2011-06-30": "2.82", "2011-03-31": "2.65", "2010-12-31": "2.39", "2010-09-30": "2.47", "2010-06-30": "2.22", "2010-03-31": "3.18", "2009-12-31": "2.41", "2009-09-30": "2.02", "2009-06-30": "2.06", "2009-03-31": "2.38", "2008-12-31": "1.89", "2008-09-30": "1.65", "2008-06-30": "2.05", "2008-03-31": "2.66", "2007-12-31": "1.65", "2007-09-30": "1.64", "2007-06-30": "2.65", "2007-03-31": "2.79", "2006-12-31": "1.80", "2006-09-30": "1.93", "2006-06-30": "2.08", "2006-03-31": "2.09", "2005-12-31": "1.65", "2005-09-30": "1.61", "2005-06-30": "1.53", "2005-03-31": "1.86"}, "quick ratio": {"2020-09-30": "1.17", "2020-06-30": "0.96", "2020-03-31": "1.11", "2019-12-31": "1.37", "2019-09-30": "1.15", "2019-06-30": "1.12", "2019-03-31": "1.28", "2018-12-31": "1.44", "2018-09-30": "1.21", "2018-06-30": "1.22", "2018-03-31": "1.56", "2017-12-31": "1.54", "2017-09-30": "0.89", "2017-06-30": "0.89", "2017-03-31": "1.13", "2016-12-31": "1.55", "2016-09-30": "1.32", "2016-06-30": "1.07", "2016-03-31": "1.38", "2015-12-31": "1.47", "2015-09-30": "1.46", "2015-06-30": "1.66", "2015-03-31": "2.21", "2014-12-31": "2.41", "2014-09-30": "2.07", "2014-06-30": "2.21", "2014-03-31": "3.21", "2013-12-31": "2.68", "2013-09-30": "1.92", "2013-06-30": "2.25", "2013-03-31": "2.84", "2012-12-31": "1.80", "2012-09-30": "1.49", "2012-06-30": "1.42", "2012-03-31": "1.66", "2011-12-31": "2.85", "2011-09-30": "1.58", "2011-06-30": "1.95", "2011-03-31": "2.06", "2010-12-31": "2.05", "2010-09-30": "1.95", "2010-06-30": "1.64", "2010-03-31": "2.59", "2009-12-31": "2.07", "2009-09-30": "1.57", "2009-06-30": "1.50", "2009-03-31": "1.75", "2008-12-31": "1.51", "2008-09-30": "1.26", "2008-06-30": "1.47", "2008-03-31": "2.02", "2007-12-31": "1.38", "2007-09-30": "1.22", "2007-06-30": "1.99", "2007-03-31": "2.26", "2006-12-31": "1.56", "2006-09-30": "1.48", "2006-06-30": "1.57", "2006-03-31": "1.64", "2005-12-31": "1.39", "2005-09-30": "1.13", "2005-06-30": "1.06", "2005-03-31": "1.43"}, "debt equity ratio": {"current": "7.05", "2020-09-30": "12.85", "2020-06-30": "56.96", "2020-03-31": "29.43", "2019-12-31": "9.83", "2019-09-30": "10.92", "2019-06-30": "10.84", "2019-03-31": "8.71", "2018-12-31": "6.86", "2018-09-30": "7.32", "2018-06-30": "6.61", "2018-03-31": "4.40", "2017-12-31": "3.99", "2017-09-30": "3.31", "2017-06-30": "1.98", "2017-03-31": "1.67", "2016-12-31": "1.70", "2016-09-30": "1.75", "2016-06-30": "1.57", "2016-03-31": "1.41", "2015-12-31": "1.48", "2015-09-30": "1.58", "2015-06-30": "1.37", "2015-03-31": "1.28", "2014-12-31": "1.28", "2014-09-30": "1.25", "2014-06-30": "1.20", "2014-03-31": "0.90", "2013-12-31": "0.98", "2013-09-30": "1.23", "2013-06-30": "1.12", "2013-03-31": "1.03", "2012-12-31": "1.13", "2012-09-30": "1.18", "2012-06-30": "1.16", "2012-03-31": "1.10", "2011-12-31": "1.17", "2011-09-30": "1.14", "2011-06-30": "0.95", "2011-03-31": "0.98", "2010-12-31": "1.06", "2010-09-30": "1.02", "2010-06-30": "0.79", "2010-03-31": "0.74", "2009-12-31": "0.89", "2009-09-30": "1.07", "2009-06-30": "1.06", "2009-03-31": "1.01", "2008-12-31": "1.21", "2008-09-30": "1.28", "2008-06-30": "0.99", "2008-03-31": "0.90", "2007-12-31": "1.08", "2007-09-30": "1.17", "2007-06-30": "0.71", "2007-03-31": "0.70", "2006-12-31": "1.04", "2006-09-30": "1.12", "2006-06-30": "1.04", "2006-03-31": "0.79", "2005-12-31": "1.08", "2005-09-30": "0.93", "2005-06-30": "0.89", "2005-03-31": "0.73"}, "return on equity": {"2020-09-30": "-1.40%", "2020-06-30": "-83.00%", "2020-03-31": "-64.42%", "2019-12-31": "-44.72%", "2019-09-30": "-38.46%", "2019-06-30": "-46.59%", "2019-03-31": "-63.35%", "2018-12-31": "-71.74%", "2018-09-30": "-93.24%", "2018-06-30": "-132.66%", "2018-03-31": "-87.31%", "2017-12-31": "-60.49%", "2017-09-30": "-29.66%", "2017-06-30": "10.37%", "2017-03-31": "11.68%", "2016-12-31": "13.03%", "2016-09-30": "14.60%", "2016-06-30": "13.89%", "2016-03-31": "13.86%", "2015-12-31": "14.18%", "2015-09-30": "11.46%", "2015-06-30": "14.69%", "2015-03-31": "15.54%", "2014-12-31": "16.54%", "2014-09-30": "22.99%", "2014-06-30": "26.03%", "2014-03-31": "27.56%", "2013-12-31": "29.27%", "2013-09-30": "27.67%", "2013-06-30": "26.03%", "2013-03-31": "27.53%", "2012-12-31": "27.46%", "2012-09-30": "30.97%", "2012-06-30": "29.86%", "2012-03-31": "29.60%", "2011-12-31": "30.28%", "2011-09-30": "28.44%", "2011-06-30": "26.59%", "2011-03-31": "25.42%", "2010-12-31": "25.57%", "2010-09-30": "25.97%", "2010-06-30": "25.02%", "2010-03-31": "24.65%", "2009-12-31": "22.81%", "2009-09-30": "17.03%", "2009-06-30": "17.41%", "2009-03-31": "16.69%", "2008-12-31": "16.34%", "2008-09-30": "22.35%", "2008-06-30": "22.53%", "2008-03-31": "22.06%", "2007-12-31": "23.77%", "2007-09-30": "21.98%", "2007-06-30": "22.20%", "2007-03-31": "24.37%", "2006-12-31": "26.48%", "2006-09-30": "27.17%", "2006-06-30": "26.57%", "2006-03-31": "20.43%", "2005-12-31": "18.83%"}, "return on assets": {"2020-09-30": "-0.08%", "2020-06-30": "-4.82%", "2020-03-31": "-4.79%", "2019-12-31": "-4.06%", "2019-09-30": "-3.83%", "2019-06-30": "-5.08%", "2019-03-31": "-7.63%", "2018-12-31": "-10.12%", "2018-09-30": "-15.01%", "2018-06-30": "-25.23%", "2018-03-31": "-20.95%", "2017-12-31": "-17.20%", "2017-09-30": "-9.73%", "2017-06-30": "3.74%", "2017-03-31": "4.37%", "2016-12-31": "5.00%", "2016-09-30": "5.72%", "2016-06-30": "5.54%", "2016-03-31": "5.63%", "2015-12-31": "5.84%", "2015-09-30": "4.83%", "2015-06-30": "6.41%", "2015-03-31": "6.90%", "2014-12-31": "7.68%", "2014-09-30": "11.07%", "2014-06-30": "12.57%", "2014-03-31": "13.43%", "2013-12-31": "14.02%", "2013-09-30": "13.01%", "2013-06-30": "12.32%", "2013-03-31": "12.98%", "2012-12-31": "12.82%", "2012-09-30": "14.39%", "2012-06-30": "13.94%", "2012-03-31": "14.16%", "2011-12-31": "14.70%", "2011-09-30": "14.00%", "2011-06-30": "13.28%", "2011-03-31": "12.95%", "2010-12-31": "13.44%", "2010-09-30": "13.96%", "2010-06-30": "13.40%", "2010-03-31": "12.76%", "2009-12-31": "11.38%", "2009-09-30": "8.15%", "2009-06-30": "8.11%", "2009-03-31": "7.86%", "2008-12-31": "7.80%", "2008-09-30": "10.82%", "2008-06-30": "11.07%", "2008-03-31": "11.29%", "2007-12-31": "12.51%", "2007-09-30": "11.62%", "2007-06-30": "11.83%", "2007-03-31": "12.43%", "2006-12-31": "13.25%", "2006-09-30": "13.53%", "2006-06-30": "13.58%", "2006-03-31": "10.63%", "2005-12-31": "9.90%"}, "return on investments": {"2020-09-30": "8.17%", "2020-06-30": "0.70%", "2020-03-31": "0.53%", "2019-12-31": "1.20%", "2019-09-30": "2.43%", "2019-06-30": "1.58%", "2019-03-31": "-2.41%", "2018-12-31": "-6.50%", "2018-09-30": "-15.77%", "2018-06-30": "-16.93%", "2018-03-31": "-12.77%", "2017-12-31": "-8.67%", "2017-09-30": "4.37%", "2017-06-30": "9.45%", "2017-03-31": "10.23%", "2016-12-31": "11.90%", "2016-09-30": "12.70%", "2016-06-30": "12.25%", "2016-03-31": "12.17%", "2015-12-31": "11.74%", "2015-09-30": "10.16%", "2015-06-30": "12.09%", "2015-03-31": "11.85%", "2014-12-31": "13.08%", "2014-09-30": "18.11%", "2014-06-30": "21.11%", "2014-03-31": "23.73%", "2013-12-31": "25.08%", "2013-09-30": "23.67%", "2013-06-30": "23.48%", "2013-03-31": "25.45%", "2012-12-31": "25.90%", "2012-09-30": "29.18%", "2012-06-30": "28.21%", "2012-03-31": "28.23%", "2011-12-31": "29.10%", "2011-09-30": "28.22%", "2011-06-30": "26.16%", "2011-03-31": "25.86%", "2010-12-31": "26.41%", "2010-09-30": "26.74%", "2010-06-30": "27.50%", "2010-03-31": "26.54%", "2009-12-31": "24.32%", "2009-09-30": "18.73%", "2009-06-30": "17.91%", "2009-03-31": "17.53%", "2008-12-31": "17.49%", "2008-09-30": "21.70%", "2008-06-30": "22.04%", "2008-03-31": "21.88%", "2007-12-31": "23.85%", "2007-09-30": "24.31%", "2007-06-30": "24.37%", "2007-03-31": "25.67%", "2006-12-31": "24.98%", "2006-09-30": "23.57%", "2006-06-30": "24.06%", "2006-03-31": "24.19%", "2005-12-31": "25.37%"}, "return on tangible equity": {"2020-09-30": "0.36%", "2020-06-30": "22.95%", "2020-03-31": "24.78%", "2019-12-31": "23.39%", "2019-09-30": "23.09%", "2019-06-30": "32.37%", "2019-03-31": "52.35%", "2018-12-31": "82.28%", "2018-09-30": "163.88%", "2018-06-30": "460.21%", "2018-03-31": "-3338.67%", "2017-12-31": "-303.09%", "2017-09-30": "-94.18%", "2017-06-30": "26.65%", "2017-03-31": "28.85%", "2016-12-31": "31.04%", "2016-09-30": "33.69%", "2016-06-30": "31.37%", "2016-03-31": "30.35%", "2015-12-31": "30.29%", "2015-09-30": "23.72%", "2015-06-30": "29.10%", "2015-03-31": "29.88%", "2014-12-31": "29.43%", "2014-09-30": "38.46%", "2014-06-30": "41.86%", "2014-03-31": "42.52%", "2013-12-31": "45.20%", "2013-09-30": "43.05%", "2013-06-30": "40.71%", "2013-03-31": "43.77%", "2012-12-31": "44.66%", "2012-09-30": "49.75%", "2012-06-30": "47.40%", "2012-03-31": "45.54%", "2011-12-31": "45.16%", "2011-09-30": "42.37%", "2011-06-30": "38.86%", "2011-03-31": "37.03%", "2010-12-31": "37.09%", "2010-09-30": "37.84%", "2010-06-30": "37.24%", "2010-03-31": "37.40%", "2009-12-31": "35.66%", "2009-09-30": "27.29%", "2009-06-30": "27.87%", "2009-03-31": "26.52%", "2008-12-31": "25.62%", "2008-09-30": "34.83%", "2008-06-30": "35.41%", "2008-03-31": "33.92%", "2007-12-31": "36.00%", "2007-09-30": "33.07%", "2007-06-30": "32.88%", "2007-03-31": "36.64%", "2006-12-31": "39.99%", "2006-09-30": "40.93%", "2006-06-30": "40.01%", "2006-03-31": "30.72%", "2005-12-31": "27.98%"}, "dividend yield history": {"last payout": "$0.00", "last yield": "0.00%"}}