{"ticker": "MXIM", "price": {"title": "Maxim Integrated Products Historical Annual Stock Price Data", "value": 89.2, "historical": {"2021": {"Average Stock Price": "92.2204", "Year Open": "87.5000", "Year High": "96.9000", "Year Low": "87.5000", "Year Close": "89.2000", "Annual % Change": "0.62%"}, "2020": {"Average Stock Price": "64.9972", "Year Open": "62.4300", "Year High": "88.6500", "Year Low": "42.5000", "Year Close": "88.6500", "Annual % Change": "44.12%"}, "2019": {"Average Stock Price": "56.7780", "Year Open": "50.8400", "Year High": "65.3400", "Year Low": "47.9500", "Year Close": "61.5100", "Annual % Change": "20.96%"}, "2018": {"Average Stock Price": "57.4816", "Year Open": "52.9700", "Year High": "66.2700", "Year Low": "46.6600", "Year Close": "50.8500", "Annual % Change": "-2.74%"}, "2017": {"Average Stock Price": "46.9025", "Year Open": "38.6200", "Year High": "55.3300", "Year Low": "38.4400", "Year Close": "52.2800", "Annual % Change": "35.55%"}, "2016": {"Average Stock Price": "37.2561", "Year Open": "36.6700", "Year High": "41.2400", "Year Low": "30.7400", "Year Close": "38.5700", "Annual % Change": "1.50%"}, "2015": {"Average Stock Price": "34.9348", "Year Open": "31.6400", "Year High": "42.0100", "Year Low": "30.2300", "Year Close": "38.0000", "Annual % Change": "19.23%"}, "2014": {"Average Stock Price": "31.2158", "Year Open": "27.8600", "Year High": "35.4100", "Year Low": "25.7800", "Year Close": "31.8700", "Annual % Change": "14.23%"}, "2013": {"Average Stock Price": "29.7535", "Year Open": "30.6900", "Year High": "33.3100", "Year Low": "26.9100", "Year Close": "27.9000", "Annual % Change": "-5.10%"}, "2012": {"Average Stock Price": "27.3330", "Year Open": "26.3300", "Year High": "30.2200", "Year Low": "24.0650", "Year Close": "29.4000", "Annual % Change": "12.90%"}, "2011": {"Average Stock Price": "25.1933", "Year Open": "23.6300", "Year High": "28.3400", "Year Low": "21.0800", "Year Close": "26.0400", "Annual % Change": "10.25%"}, "2010": {"Average Stock Price": "19.2275", "Year Open": "20.4900", "Year High": "24.8200", "Year Low": "15.8700", "Year Close": "23.6200", "Annual % Change": "16.24%"}, "2009": {"Average Stock Price": "16.0220", "Year Open": "12.2800", "Year High": "20.8700", "Year Low": "11.1200", "Year Close": "20.3200", "Annual % Change": "77.93%"}, "2008": {"Average Stock Price": "18.3103", "Year Open": "26.0200", "Year High": "26.0200", "Year Low": "10.7500", "Year Close": "11.4200", "Annual % Change": "-56.87%"}, "2007": {"Average Stock Price": "30.1583", "Year Open": "31.1600", "Year High": "35.1600", "Year Low": "22.5600", "Year Close": "26.4800", "Annual % Change": "-13.52%"}, "2006": {"Average Stock Price": "32.9295", "Year Open": "37.1700", "Year High": "42.2600", "Year Low": "26.4900", "Year Close": "30.6200", "Annual % Change": "-15.51%"}, "2005": {"Average Stock Price": "40.0641", "Year Open": "41.2700", "Year High": "45.6500", "Year Low": "34.6000", "Year Close": "36.2400", "Annual % Change": "-14.51%"}, "2004": {"Average Stock Price": "46.6925", "Year Open": "49.3200", "Year High": "55.9900", "Year Low": "39.2700", "Year Close": "42.3900", "Annual % Change": "-14.50%"}, "2003": {"Average Stock Price": "40.2797", "Year Open": "35.7700", "Year High": "53.3100", "Year Low": "30.1400", "Year Close": "49.5800", "Annual % Change": "50.06%"}, "2002": {"Average Stock Price": "41.8375", "Year Open": "54.9400", "Year High": "59.3500", "Year Low": "21.3500", "Year Close": "33.0400", "Annual % Change": "-37.08%"}, "2001": {"Average Stock Price": "49.3888", "Year Open": "46.3800", "Year High": "69.0600", "Year Low": "33.4000", "Year Close": "52.5100", "Annual % Change": "9.83%"}, "2000": {"Average Stock Price": "65.1246", "Year Open": "49.0600", "Year High": "87.6900", "Year Low": "47.2500", "Year Close": "47.8100", "Annual % Change": "1.31%"}, "1999": {"Average Stock Price": "32.0435", "Year Open": "21.9700", "Year High": "47.9400", "Year Low": "20.4400", "Year Close": "47.1900", "Annual % Change": "116.02%"}, "1998": {"Average Stock Price": "17.5521", "Year Open": "16.8150", "Year High": "22.4700", "Year Low": "11.2800", "Year Close": "21.8450", "Annual % Change": "26.64%"}, "1997": {"Average Stock Price": "14.9138", "Year Open": "11.0950", "Year High": "18.7500", "Year Low": "11.0950", "Year Close": "17.2500", "Annual % Change": "59.54%"}, "1996": {"Average Stock Price": "8.6056", "Year Open": "9.7500", "Year High": "11.9050", "Year Low": "5.3750", "Year Close": "10.8125", "Annual % Change": "12.34%"}, "1995": {"Average Stock Price": "6.7558", "Year Open": "4.2500", "Year High": "10.0625", "Year Low": "3.6250", "Year Close": "9.6250", "Annual % Change": "120.00%"}, "1994": {"Average Stock Price": "3.4877", "Year Open": "2.8906", "Year High": "4.3750", "Year Low": "2.7813", "Year Close": "4.3750", "Annual % Change": "46.20%"}, "1993": {"Average Stock Price": "2.1370", "Year Open": "1.7656", "Year High": "3.0469", "Year Low": "1.5388", "Year Close": "2.9925", "Annual % Change": "62.30%"}, "1992": {"Average Stock Price": "1.5330", "Year Open": "1.2738", "Year High": "1.8438", "Year Low": "1.2188", "Year Close": "1.8438", "Annual % Change": "41.29%"}, "1991": {"Average Stock Price": "1.0823", "Year Open": "0.7113", "Year High": "1.4300", "Year Low": "0.6800", "Year Close": "1.3050", "Annual % Change": "83.47%"}}}, "market cap": {"value": "$23.91B"}, "income statement": {"Revenue": {"2020-06-30": "2191.39500", "2019-06-30": "2314.32900", "2018-06-30": "2480.06600", "2017-06-30": "2295.61500", "2016-06-30": "2194.71900", "2015-06-30": "2306.86400", "2014-06-30": "2453.66300", "2013-06-30": "2441.45900", "2012-06-30": "2403.52900", "2011-06-30": "2472.34100", "2010-06-30": "1997.60300", "2009-06-30": "1646.01500", "2008-06-30": "2052.78300", "2007-06-30": "2009.12400", "2006-06-30": "1856.94500", "2005-06-30": "1671.73400"}, "Cost Of Goods Sold": {"2020-06-30": "758.74300", "2019-06-30": "813.82300", "2018-06-30": "853.94500", "2017-06-30": "849.13500", "2016-06-30": "950.33100", "2015-06-30": "1034.99700", "2014-06-30": "1068.89800", "2013-06-30": "944.89200", "2012-06-30": "952.67700", "2011-06-30": "942.37700", "2010-06-30": "804.53700", "2009-06-30": "797.13800", "2008-06-30": "804.08300", "2007-06-30": "782.49400", "2006-06-30": "638.54700", "2005-06-30": "499.71600"}, "Gross Profit": {"2020-06-30": "1432.65200", "2019-06-30": "1500.50600", "2018-06-30": "1626.12100", "2017-06-30": "1446.48000", "2016-06-30": "1244.38800", "2015-06-30": "1271.86700", "2014-06-30": "1384.76500", "2013-06-30": "1496.56700", "2012-06-30": "1450.85200", "2011-06-30": "1529.96400", "2010-06-30": "1193.06600", "2009-06-30": "848.87700", "2008-06-30": "1248.70000", "2007-06-30": "1226.63000", "2006-06-30": "1218.39800", "2005-06-30": "1172.01800"}, "Research And Development Expenses": {"2020-06-30": "440.16600", "2019-06-30": "435.22200", "2018-06-30": "450.94300", "2017-06-30": "453.97700", "2016-06-30": "467.16100", "2015-06-30": "521.77200", "2014-06-30": "558.16800", "2013-06-30": "534.81900", "2012-06-30": "552.37900", "2011-06-30": "525.30800", "2010-06-30": "474.65200", "2009-06-30": "520.22800", "2008-06-30": "579.26900", "2007-06-30": "641.04700", "2006-06-30": "514.13800", "2005-06-30": "380.42000"}, "SG&A Expenses": {"2020-06-30": "296.72200", "2019-06-30": "308.61700", "2018-06-30": "322.91800", "2017-06-30": "291.51100", "2016-06-30": "288.89900", "2015-06-30": "308.06500", "2014-06-30": "324.73400", "2013-06-30": "324.28200", "2012-06-30": "321.27300", "2011-06-30": "292.49400", "2010-06-30": "242.14400", "2009-06-30": "199.15100", "2008-06-30": "164.08600", "2007-06-30": "171.27400", "2006-06-30": "178.76100", "2005-06-30": "122.82900"}, "Other Operating Income Or Expenses": {"2020-06-30": "-0.92900", "2019-06-30": "-0.89600", "2018-06-30": "0.71500", "2017-06-30": "15.42700", "2016-06-30": "-137.79500", "2015-06-30": "-158.03100", "2014-06-30": "-29.99700", "2013-06-30": "-30.79300", "2012-06-30": "-18.88100", "2011-06-30": "-19.12400", "2010-06-30": "-174.44200", "2009-06-30": "-74.07700", "2008-06-30": "-62.73400", "2007-06-30": "-61.89600", "2006-06-30": "", "2005-06-30": ""}, "Operating Expenses": {"2020-06-30": "1505.00100", "2019-06-30": "1567.23100", "2018-06-30": "1646.61800", "2017-06-30": "1600.83800", "2016-06-30": "1880.87000", "2015-06-30": "2069.58400", "2014-06-30": "2031.37200", "2013-06-30": "1853.14000", "2012-06-30": "1868.73200", "2011-06-30": "1799.30200", "2010-06-30": "1705.55300", "2009-06-30": "1628.63700", "2008-06-30": "1626.73000", "2007-06-30": "1656.71100", "2006-06-30": "1331.44600", "2005-06-30": "1002.96500"}, "Operating Income": {"2020-06-30": "686.39400", "2019-06-30": "747.09830", "2018-06-30": "833.44790", "2017-06-30": "694.77700", "2016-06-30": "313.84900", "2015-06-30": "237.28000", "2014-06-30": "422.29130", "2013-06-30": "588.31900", "2012-06-30": "534.79710", "2011-06-30": "673.03910", "2010-06-30": "292.04990", "2009-06-30": "17.37790", "2008-06-30": "426.05290", "2007-06-30": "352.41300", "2006-06-30": "525.49890", "2005-06-30": "668.76900"}, "Total Non-Operating Income/Expense": {"2020-06-30": "-8.29800", "2019-06-30": "7.32300", "2018-06-30": "-8.56300", "2017-06-30": "-15.18800", "2016-06-30": "-28.79500", "2015-06-30": "8.89000", "2014-06-30": "-13.06500", "2013-06-30": "-18.04000", "2012-06-30": "-2.06400", "2011-06-30": "-11.36800", "2010-06-30": "8.01300", "2009-06-30": "17.24100", "2008-06-30": "56.72700", "2007-06-30": "61.26700", "2006-06-30": "46.35500", "2005-06-30": "30.06400"}, "Pre-Tax Income": {"2020-06-30": "678.09600", "2019-06-30": "754.42100", "2018-06-30": "824.88500", "2017-06-30": "679.58900", "2016-06-30": "285.05400", "2015-06-30": "246.17000", "2014-06-30": "409.22600", "2013-06-30": "570.27900", "2012-06-30": "532.73300", "2011-06-30": "661.67100", "2010-06-30": "300.06300", "2009-06-30": "34.61900", "2008-06-30": "482.78000", "2007-06-30": "413.68000", "2006-06-30": "571.85400", "2005-06-30": "698.83300"}, "Income Taxes": {"2020-06-30": "23.40200", "2019-06-30": "-73.06500", "2018-06-30": "357.56700", "2017-06-30": "107.97600", "2016-06-30": "57.57900", "2015-06-30": "40.13200", "2014-06-30": "54.41600", "2013-06-30": "117.97000", "2012-06-30": "177.81500", "2011-06-30": "172.66200", "2010-06-30": "174.92400", "2009-06-30": "24.16400", "2008-06-30": "165.05500", "2007-06-30": "127.45300", "2006-06-30": "185.79600", "2005-06-30": "236.55600"}, "Income After Taxes": {"2020-06-30": "654.69400", "2019-06-30": "827.48600", "2018-06-30": "467.31800", "2017-06-30": "571.61300", "2016-06-30": "227.47500", "2015-06-30": "206.03800", "2014-06-30": "354.81000", "2013-06-30": "452.30900", "2012-06-30": "354.91800", "2011-06-30": "489.00900", "2010-06-30": "125.13900", "2009-06-30": "10.45500", "2008-06-30": "317.72500", "2007-06-30": "286.22700", "2006-06-30": "386.05800", "2005-06-30": "462.27700"}, "Other Income": {"2020-06-30": "", "2019-06-30": "", "2018-06-30": "", "2017-06-30": "", "2016-06-30": "", "2015-06-30": "", "2014-06-30": "", "2013-06-30": "", "2012-06-30": "", "2011-06-30": "", "2010-06-30": "", "2009-06-30": "", "2008-06-30": "", "2007-06-30": "", "2006-06-30": "", "2005-06-30": ""}, "Income From Continuous Operations": {"2020-06-30": "654.69400", "2019-06-30": "827.48600", "2018-06-30": "467.31800", "2017-06-30": "571.61300", "2016-06-30": "227.47500", "2015-06-30": "206.03800", "2014-06-30": "354.81000", "2013-06-30": "452.30900", "2012-06-30": "354.91800", "2011-06-30": "489.00900", "2010-06-30": "125.13900", "2009-06-30": "10.45500", "2008-06-30": "317.72500", "2007-06-30": "286.22700", "2006-06-30": "386.05800", "2005-06-30": "462.27700"}, "Income From Discontinued Operations": {"2020-06-30": "", "2019-06-30": "", "2018-06-30": "", "2017-06-30": "", "2016-06-30": "", "2015-06-30": "", "2014-06-30": "", "2013-06-30": "2.60300", "2012-06-30": "31.80900", "2011-06-30": "", "2010-06-30": "", "2009-06-30": "", "2008-06-30": "", "2007-06-30": "", "2006-06-30": "", "2005-06-30": ""}, "Net Income": {"2020-06-30": "654.69400", "2019-06-30": "827.48600", "2018-06-30": "467.31800", "2017-06-30": "571.61300", "2016-06-30": "227.47500", "2015-06-30": "206.03800", "2014-06-30": "354.81000", "2013-06-30": "454.91200", "2012-06-30": "386.72700", "2011-06-30": "489.00900", "2010-06-30": "125.13900", "2009-06-30": "10.45500", "2008-06-30": "317.72500", "2007-06-30": "286.22700", "2006-06-30": "387.70100", "2005-06-30": "462.27700"}, "EBITDA": {"2020-06-30": "794.92710", "2019-06-30": "857.84330", "2018-06-30": "978.42190", "2017-06-30": "859.06900", "2016-06-30": "558.48600", "2015-06-30": "536.67600", "2014-06-30": "666.88430", "2013-06-30": "795.45500", "2012-06-30": "745.89310", "2011-06-30": "878.10110", "2010-06-30": "459.57290", "2009-06-30": "222.80090", "2008-06-30": "587.95980", "2007-06-30": "457.05600", "2006-06-30": "615.82290", "2005-06-30": "746.42210"}, "EBIT": {"2020-06-30": "686.39400", "2019-06-30": "747.09830", "2018-06-30": "833.44790", "2017-06-30": "694.77700", "2016-06-30": "313.84900", "2015-06-30": "237.28000", "2014-06-30": "422.29130", "2013-06-30": "588.31900", "2012-06-30": "534.79710", "2011-06-30": "673.03910", "2010-06-30": "292.04990", "2009-06-30": "17.37790", "2008-06-30": "426.05290", "2007-06-30": "352.41300", "2006-06-30": "525.49890", "2005-06-30": "668.76900"}, "Basic Shares Outstanding": {"2020-06-30": "269.34100", "2019-06-30": "274.96600", "2018-06-30": "280.97900", "2017-06-30": "283.14700", "2016-06-30": "285.08100", "2015-06-30": "283.67500", "2014-06-30": "283.34400", "2013-06-30": "291.83500", "2012-06-30": "292.81000", "2011-06-30": "296.75500", "2010-06-30": "304.57900", "2009-06-30": "310.80500", "2008-06-30": "320.55300", "2007-06-30": "320.43400", "2006-06-30": "323.46000", "2005-06-30": "326.23900"}, "Shares Outstanding": {"2020-06-30": "272.02800", "2019-06-30": "278.77700", "2018-06-30": "285.67400", "2017-06-30": "287.97400", "2016-06-30": "289.47900", "2015-06-30": "288.94900", "2014-06-30": "289.10800", "2013-06-30": "298.59600", "2012-06-30": "300.00200", "2011-06-30": "303.37700", "2010-06-30": "310.01600", "2009-06-30": "311.47900", "2008-06-30": "325.84600", "2007-06-30": "329.88300", "2006-06-30": "338.62700", "2005-06-30": "342.46600"}, "Basic EPS": {"2020-06-30": "2.43000", "2019-06-30": "3.01000", "2018-06-30": "1.66000", "2017-06-30": "2.02000", "2016-06-30": "0.80000", "2015-06-30": "0.73000", "2014-06-30": "1.25000", "2013-06-30": "1.56000", "2012-06-30": "1.32000", "2011-06-30": "1.65000", "2010-06-30": "0.41000", "2009-06-30": "0.03000", "2008-06-30": "0.99000", "2007-06-30": "0.89000", "2006-06-30": "1.20000", "2005-06-30": "1.42000"}, "EPS - Earnings Per Share": {"2020-06-30": "2.41000", "2019-06-30": "2.97000", "2018-06-30": "1.64000", "2017-06-30": "1.98000", "2016-06-30": "0.79000", "2015-06-30": "0.71000", "2014-06-30": "1.23000", "2013-06-30": "1.52000", "2012-06-30": "1.29000", "2011-06-30": "1.61000", "2010-06-30": "0.40000", "2009-06-30": "0.03000", "2008-06-30": "0.98000", "2007-06-30": "0.87000", "2006-06-30": "1.14000", "2005-06-30": "1.35000"}}, "income statement, quarterly": {"Revenue": {"2020-12-31": "628.28800", "2020-09-30": "619.35700", "2020-06-30": "545.36900", "2020-03-31": "561.91600", "2019-12-31": "551.07000", "2019-09-30": "533.04000", "2019-06-30": "556.54500", "2019-03-31": "542.38300", "2018-12-31": "576.90600", "2018-09-30": "638.49500", "2018-06-30": "633.15380", "2018-03-31": "648.59900", "2017-12-31": "622.63700", "2017-09-30": "575.67600", "2017-06-30": "602.00490", "2017-03-31": "581.21600", "2016-12-31": "550.99800", "2016-09-30": "561.39600", "2016-06-30": "566.12600", "2016-03-31": "555.25200", "2015-12-31": "510.83100", "2015-09-30": "562.51000", "2015-06-30": "582.51700", "2015-03-31": "577.26300", "2014-12-31": "566.80900", "2014-09-30": "580.27500", "2014-06-30": "642.46700", "2014-03-31": "605.68100", "2013-12-31": "620.27400", "2013-09-30": "585.24100", "2013-06-30": "608.19390", "2013-03-31": "604.88400", "2012-12-31": "605.30600", "2012-09-30": "623.07500", "2012-06-30": "604.95610", "2012-03-31": "571.21200", "2011-12-31": "591.35900", "2011-09-30": "636.00200", "2011-06-30": "626.49110", "2011-03-31": "606.77500", "2010-12-31": "612.93600", "2010-09-30": "626.13900", "2010-06-30": "565.96200", "2010-03-31": "508.88000", "2009-12-31": "473.51500", "2009-09-30": "449.24600", "2009-06-30": "394.47100", "2009-03-31": "339.66500", "2008-12-31": "410.67500", "2008-09-30": "501.20400", "2008-06-30": "501.26690", "2008-03-31": "487.41000", "2007-12-31": "540.02500", "2007-09-30": "524.08100", "2007-06-30": "532.37000", "2007-03-31": "476.55600", "2006-12-31": "497.45300", "2006-09-30": "502.74500", "2006-06-30": "509.15990", "2006-03-31": "478.17000", "2005-12-31": "445.52000", "2005-09-30": "424.09500", "2005-06-30": "400.41800", "2005-03-31": "400.18800"}, "Cost Of Goods Sold": {"2020-12-31": "211.86600", "2020-09-30": "202.34300", "2020-06-30": "183.00100", "2020-03-31": "195.47900", "2019-12-31": "190.54600", "2019-09-30": "189.71700", "2019-06-30": "200.15400", "2019-03-31": "201.55200", "2018-12-31": "203.85800", "2018-09-30": "208.25900", "2018-06-30": "214.48600", "2018-03-31": "224.65300", "2017-12-31": "212.96100", "2017-09-30": "201.84500", "2017-06-30": "208.33900", "2017-03-31": "214.31200", "2016-12-31": "210.82000", "2016-09-30": "215.66400", "2016-06-30": "219.09900", "2016-03-31": "236.41100", "2015-12-31": "218.66200", "2015-09-30": "276.15900", "2015-06-30": "278.81600", "2015-03-31": "261.99500", "2014-12-31": "252.73200", "2014-09-30": "241.45400", "2014-06-30": "273.50700", "2014-03-31": "265.74400", "2013-12-31": "291.60200", "2013-09-30": "238.04500", "2013-06-30": "236.79500", "2013-03-31": "228.78200", "2012-12-31": "241.93100", "2012-09-30": "237.38400", "2012-06-30": "232.96700", "2012-03-31": "235.78200", "2011-12-31": "243.39900", "2011-09-30": "240.52900", "2011-06-30": "235.66600", "2011-03-31": "234.12500", "2010-12-31": "232.66100", "2010-09-30": "239.92500", "2010-06-30": "225.01400", "2010-03-31": "200.17700", "2009-12-31": "181.72700", "2009-09-30": "197.61900", "2009-06-30": "203.93400", "2009-03-31": "171.96000", "2008-12-31": "211.59000", "2008-09-30": "209.65400", "2008-06-30": "198.20400", "2008-03-31": "198.02400", "2007-12-31": "204.32000", "2007-09-30": "203.53500", "2007-06-30": "199.25100", "2007-03-31": "190.28600", "2006-12-31": "189.27000", "2006-09-30": "203.68700", "2006-06-30": "180.38800", "2006-03-31": "163.81300", "2005-12-31": "152.31500", "2005-09-30": "142.03100", "2005-06-30": "148.13100", "2005-03-31": "111.89600"}, "Gross Profit": {"2020-12-31": "416.42200", "2020-09-30": "417.01400", "2020-06-30": "362.36800", "2020-03-31": "366.43700", "2019-12-31": "360.52400", "2019-09-30": "343.32300", "2019-06-30": "356.39110", "2019-03-31": "340.83100", "2018-12-31": "373.04800", "2018-09-30": "430.23600", "2018-06-30": "418.66780", "2018-03-31": "423.94600", "2017-12-31": "409.67600", "2017-09-30": "373.83100", "2017-06-30": "393.66590", "2017-03-31": "366.90400", "2016-12-31": "340.17800", "2016-09-30": "345.73200", "2016-06-30": "347.02700", "2016-03-31": "318.84100", "2015-12-31": "292.16900", "2015-09-30": "286.35100", "2015-06-30": "303.70100", "2015-03-31": "315.26800", "2014-12-31": "314.07700", "2014-09-30": "338.82100", "2014-06-30": "368.96000", "2014-03-31": "339.93700", "2013-12-31": "328.67200", "2013-09-30": "347.19600", "2013-06-30": "371.39890", "2013-03-31": "376.10200", "2012-12-31": "363.37500", "2012-09-30": "385.69100", "2012-06-30": "371.98910", "2012-03-31": "335.43000", "2011-12-31": "347.96000", "2011-09-30": "395.47300", "2011-06-30": "390.82510", "2011-03-31": "372.65000", "2010-12-31": "380.27500", "2010-09-30": "386.21400", "2010-06-30": "340.94810", "2010-03-31": "308.70300", "2009-12-31": "291.78800", "2009-09-30": "251.62700", "2009-06-30": "190.53700", "2009-03-31": "167.70500", "2008-12-31": "199.08500", "2008-09-30": "291.55000", "2008-06-30": "303.06290", "2008-03-31": "289.38600", "2007-12-31": "335.70500", "2007-09-30": "320.54600", "2007-06-30": "333.11900", "2007-03-31": "286.27000", "2006-12-31": "308.18300", "2006-09-30": "299.05800", "2006-06-30": "328.77190", "2006-03-31": "314.35700", "2005-12-31": "293.20500", "2005-09-30": "282.06400", "2005-06-30": "252.28700", "2005-03-31": "288.29200"}, "Research And Development Expenses": {"2020-12-31": "114.80200", "2020-09-30": "115.46600", "2020-06-30": "110.17200", "2020-03-31": "109.09100", "2019-12-31": "111.91400", "2019-09-30": "108.98900", "2019-06-30": "105.13600", "2019-03-31": "107.07500", "2018-12-31": "110.30300", "2018-09-30": "112.70800", "2018-06-30": "112.05600", "2018-03-31": "114.39000", "2017-12-31": "115.89600", "2017-09-30": "108.60100", "2017-06-30": "114.01100", "2017-03-31": "113.16300", "2016-12-31": "114.05700", "2016-09-30": "112.74600", "2016-06-30": "113.49100", "2016-03-31": "119.17800", "2015-12-31": "113.10000", "2015-09-30": "121.39200", "2015-06-30": "121.55200", "2015-03-31": "123.91300", "2014-12-31": "135.94500", "2014-09-30": "140.36200", "2014-06-30": "143.80200", "2014-03-31": "141.49300", "2013-12-31": "142.97100", "2013-09-30": "129.90200", "2013-06-30": "132.00900", "2013-03-31": "134.13800", "2012-12-31": "135.74200", "2012-09-30": "132.93000", "2012-06-30": "134.00700", "2012-03-31": "136.07500", "2011-12-31": "142.08400", "2011-09-30": "140.21300", "2011-06-30": "136.57300", "2011-03-31": "130.95500", "2010-12-31": "130.00100", "2010-09-30": "127.77900", "2010-06-30": "123.54200", "2010-03-31": "116.75000", "2009-12-31": "118.01700", "2009-09-30": "116.34300", "2009-06-30": "116.05600", "2009-03-31": "120.97400", "2008-12-31": "144.28300", "2008-09-30": "138.91500", "2008-06-30": "142.20100", "2008-03-31": "138.73600", "2007-12-31": "138.34700", "2007-09-30": "159.98500", "2007-06-30": "130.03200", "2007-03-31": "159.43400", "2006-12-31": "138.34400", "2006-09-30": "213.23700", "2006-06-30": "133.82800", "2006-03-31": "127.43700", "2005-12-31": "123.41100", "2005-09-30": "129.46200", "2005-06-30": "137.14700", "2005-03-31": "83.14100"}, "SG&A Expenses": {"2020-12-31": "80.15300", "2020-09-30": "82.95400", "2020-06-30": "72.89300", "2020-03-31": "71.64300", "2019-12-31": "76.07100", "2019-09-30": "76.11500", "2019-06-30": "75.13000", "2019-03-31": "74.11600", "2018-12-31": "77.85300", "2018-09-30": "81.51800", "2018-06-30": "82.61000", "2018-03-31": "81.30400", "2017-12-31": "85.32300", "2017-09-30": "73.68100", "2017-06-30": "75.12900", "2017-03-31": "73.98700", "2016-12-31": "71.54300", "2016-09-30": "70.85200", "2016-06-30": "71.48300", "2016-03-31": "71.77800", "2015-12-31": "73.64300", "2015-09-30": "71.99500", "2015-06-30": "72.53200", "2015-03-31": "75.76600", "2014-12-31": "79.77800", "2014-09-30": "79.98900", "2014-06-30": "83.15300", "2014-03-31": "80.68000", "2013-12-31": "83.47100", "2013-09-30": "77.43000", "2013-06-30": "82.08300", "2013-03-31": "81.95400", "2012-12-31": "80.05800", "2012-09-30": "80.18700", "2012-06-30": "79.98000", "2012-03-31": "78.01100", "2011-12-31": "80.82600", "2011-09-30": "82.45600", "2011-06-30": "74.53700", "2011-03-31": "73.61700", "2010-12-31": "72.24000", "2010-09-30": "72.10000", "2010-06-30": "67.34200", "2010-03-31": "61.49400", "2009-12-31": "59.81200", "2009-09-30": "53.49600", "2009-06-30": "46.02400", "2009-03-31": "48.76000", "2008-12-31": "64.12400", "2008-09-30": "40.24300", "2008-06-30": "39.90400", "2008-03-31": "39.08400", "2007-12-31": "41.63600", "2007-09-30": "43.46200", "2007-06-30": "18.02300", "2007-03-31": "40.56700", "2006-12-31": "42.99300", "2006-09-30": "69.69100", "2006-06-30": "64.56700", "2006-03-31": "39.89100", "2005-12-31": "36.85100", "2005-09-30": "37.45200", "2005-06-30": "47.73000", "2005-03-31": "24.71300"}, "Other Operating Income Or Expenses": {"2020-12-31": "-3.53200", "2020-09-30": "-7.42800", "2020-06-30": "0.17200", "2020-03-31": "-1.07700", "2019-12-31": "0.00100", "2019-09-30": "-0.02500", "2019-06-30": "-0.08300", "2019-03-31": "", "2018-12-31": "-0.75300", "2018-09-30": "-0.06000", "2018-06-30": "0.07000", "2018-03-31": "-0.26600", "2017-12-31": "0.10900", "2017-09-30": "0.80200", "2017-06-30": "-1.92400", "2017-03-31": "-2.70400", "2016-12-31": "-2.29200", "2016-09-30": "22.34700", "2016-06-30": "-32.99300", "2016-03-31": "54.91300", "2015-12-31": "-1.70300", "2015-09-30": "-158.01200", "2015-06-30": "1.74700", "2015-03-31": "-3.33800", "2014-12-31": "-144.64000", "2014-09-30": "-11.80000", "2014-06-30": "-12.30800", "2014-03-31": "-2.91300", "2013-12-31": "-12.50400", "2013-09-30": "-2.27200", "2013-06-30": "-2.10500", "2013-03-31": "-1.67800", "2012-12-31": "-23.88800", "2012-09-30": "-3.12200", "2012-06-30": "-17.91400", "2012-03-31": "-5.20100", "2011-12-31": "-0.15500", "2011-09-30": "4.38900", "2011-06-30": "1.98400", "2011-03-31": "0.02500", "2010-12-31": "-21.10000", "2010-09-30": "-0.03300", "2010-06-30": "-4.56900", "2010-03-31": "-177.54600", "2009-12-31": "-0.92100", "2009-09-30": "8.59400", "2009-06-30": "-1.38600", "2009-03-31": "-3.96900", "2008-12-31": "-54.02100", "2008-09-30": "-14.70100", "2008-06-30": "-20.01600", "2008-03-31": "-22.36300", "2007-12-31": "-15.14500", "2007-09-30": "-5.21000", "2007-06-30": "", "2007-03-31": "", "2006-12-31": "", "2006-09-30": "", "2006-06-30": "", "2006-03-31": "", "2005-12-31": "", "2005-09-30": "", "2005-06-30": "", "2005-03-31": ""}, "Operating Expenses": {"2020-12-31": "414.62300", "2020-09-30": "417.92300", "2020-06-30": "367.38210", "2020-03-31": "378.56900", "2019-12-31": "382.01400", "2019-09-30": "377.03590", "2019-06-30": "382.97380", "2019-03-31": "385.24300", "2018-12-31": "394.70200", "2018-09-30": "404.31200", "2018-06-30": "410.75810", "2018-03-31": "423.76100", "2017-12-31": "421.58900", "2017-09-30": "390.51000", "2017-06-30": "402.62700", "2017-03-31": "406.96400", "2016-12-31": "401.92400", "2016-09-30": "389.32300", "2016-06-30": "443.75310", "2016-03-31": "377.54400", "2015-12-31": "421.29800", "2015-09-30": "638.27500", "2015-06-30": "487.56900", "2015-03-31": "471.81300", "2014-12-31": "630.88500", "2014-09-30": "479.31700", "2014-06-30": "525.91690", "2014-03-31": "498.94300", "2013-12-31": "549.88000", "2013-09-30": "456.63200", "2013-06-30": "457.10400", "2013-03-31": "450.60600", "2012-12-31": "487.75800", "2012-09-30": "457.67200", "2012-06-30": "468.93500", "2012-03-31": "459.32600", "2011-12-31": "476.84900", "2011-09-30": "463.62200", "2011-06-30": "448.56900", "2011-03-31": "442.78000", "2010-12-31": "460.93700", "2010-09-30": "447.01600", "2010-06-30": "424.87910", "2010-03-31": "557.14100", "2009-12-31": "364.38600", "2009-09-30": "359.14700", "2009-06-30": "372.88410", "2009-03-31": "356.61900", "2008-12-31": "491.51500", "2008-09-30": "407.61900", "2008-06-30": "406.38820", "2008-03-31": "406.35200", "2007-12-31": "399.44800", "2007-09-30": "414.54200", "2007-06-30": "409.20200", "2007-03-31": "390.28700", "2006-12-31": "370.60700", "2006-09-30": "486.61500", "2006-06-30": "378.78300", "2006-03-31": "331.14100", "2005-12-31": "312.57700", "2005-09-30": "308.94500", "2005-06-30": "333.00790", "2005-03-31": "219.75000"}, "Operating Income": {"2020-12-31": "213.66500", "2020-09-30": "201.43400", "2020-06-30": "177.98690", "2020-03-31": "183.34700", "2019-12-31": "169.05600", "2019-09-30": "156.00400", "2019-06-30": "173.57120", "2019-03-31": "157.14000", "2018-12-31": "182.20400", "2018-09-30": "234.18300", "2018-06-30": "222.39580", "2018-03-31": "224.83800", "2017-12-31": "201.04800", "2017-09-30": "185.16600", "2017-06-30": "199.37790", "2017-03-31": "174.25200", "2016-12-31": "149.07400", "2016-09-30": "172.07300", "2016-06-30": "122.37290", "2016-03-31": "177.70800", "2015-12-31": "89.53300", "2015-09-30": "-75.76500", "2015-06-30": "94.94800", "2015-03-31": "105.45000", "2014-12-31": "-64.07600", "2014-09-30": "100.95800", "2014-06-30": "116.55010", "2014-03-31": "106.73810", "2013-12-31": "70.39400", "2013-09-30": "128.60900", "2013-06-30": "151.08990", "2013-03-31": "154.27800", "2012-12-31": "117.54810", "2012-09-30": "165.40300", "2012-06-30": "136.02110", "2012-03-31": "111.88600", "2011-12-31": "114.51000", "2011-09-30": "172.38000", "2011-06-30": "177.92220", "2011-03-31": "163.99500", "2010-12-31": "151.99900", "2010-09-30": "179.12300", "2010-06-30": "141.08290", "2010-03-31": "-48.26100", "2009-12-31": "109.12900", "2009-09-30": "90.09900", "2009-06-30": "21.58690", "2009-03-31": "-16.95400", "2008-12-31": "-80.84000", "2008-09-30": "93.58500", "2008-06-30": "94.87880", "2008-03-31": "81.05800", "2007-12-31": "140.57710", "2007-09-30": "109.53900", "2007-06-30": "123.16800", "2007-03-31": "86.26900", "2006-12-31": "126.84600", "2006-09-30": "16.13000", "2006-06-30": "130.37690", "2006-03-31": "147.02900", "2005-12-31": "132.94300", "2005-09-30": "115.15000", "2005-06-30": "67.41010", "2005-03-31": "180.43800"}, "Total Non-Operating Income/Expense": {"2020-12-31": "-3.20200", "2020-09-30": "-7.03700", "2020-06-30": "-8.48800", "2020-03-31": "-1.62200", "2019-12-31": "-0.01700", "2019-09-30": "1.82900", "2019-06-30": "4.07900", "2019-03-31": "3.31800", "2018-12-31": "0.47200", "2018-09-30": "-0.54600", "2018-06-30": "1.30600", "2018-03-31": "-2.53400", "2017-12-31": "-3.12100", "2017-09-30": "-4.21400", "2017-06-30": "-3.79800", "2017-03-31": "-3.88400", "2016-12-31": "-0.63600", "2016-09-30": "-6.87000", "2016-06-30": "-6.42700", "2016-03-31": "-6.37300", "2015-12-31": "-9.59300", "2015-09-30": "-6.40200", "2015-06-30": "28.50000", "2015-03-31": "-5.53400", "2014-12-31": "-7.59900", "2014-09-30": "-6.47700", "2014-06-30": "-8.94300", "2014-03-31": "5.17400", "2013-12-31": "-5.83300", "2013-09-30": "-3.46300", "2013-06-30": "-6.83100", "2013-03-31": "-2.66900", "2012-12-31": "-2.79800", "2012-09-30": "-5.74200", "2012-06-30": "-0.10800", "2012-03-31": "-0.23000", "2011-12-31": "2.37400", "2011-09-30": "-4.10000", "2011-06-30": "-2.02200", "2011-03-31": "-1.57000", "2010-12-31": "-4.10000", "2010-09-30": "-3.67600", "2010-06-30": "1.83800", "2010-03-31": "0.64400", "2009-12-31": "3.63000", "2009-09-30": "1.90100", "2009-06-30": "0.98300", "2009-03-31": "-0.22800", "2008-12-31": "7.38500", "2008-09-30": "9.10100", "2008-06-30": "5.83200", "2008-03-31": "11.61500", "2007-12-31": "21.92600", "2007-09-30": "17.35400", "2007-06-30": "18.04900", "2007-03-31": "15.06200", "2006-12-31": "14.76700", "2006-09-30": "13.38900", "2006-06-30": "12.81700", "2006-03-31": "11.01700", "2005-12-31": "11.48600", "2005-09-30": "11.03500", "2005-06-30": "10.61800", "2005-03-31": "7.49200"}, "Pre-Tax Income": {"2020-12-31": "210.46300", "2020-09-30": "194.39700", "2020-06-30": "169.49900", "2020-03-31": "181.72500", "2019-12-31": "169.03900", "2019-09-30": "157.83300", "2019-06-30": "177.65000", "2019-03-31": "160.45800", "2018-12-31": "182.67600", "2018-09-30": "233.63700", "2018-06-30": "223.70200", "2018-03-31": "222.30400", "2017-12-31": "197.92700", "2017-09-30": "180.95200", "2017-06-30": "195.58000", "2017-03-31": "170.36800", "2016-12-31": "148.43800", "2016-09-30": "165.20300", "2016-06-30": "115.94600", "2016-03-31": "171.33500", "2015-12-31": "79.94000", "2015-09-30": "-82.16700", "2015-06-30": "123.44800", "2015-03-31": "99.91600", "2014-12-31": "-71.67500", "2014-09-30": "94.48100", "2014-06-30": "107.60700", "2014-03-31": "111.91200", "2013-12-31": "64.56100", "2013-09-30": "125.14600", "2013-06-30": "144.25900", "2013-03-31": "151.60900", "2012-12-31": "114.75000", "2012-09-30": "159.66100", "2012-06-30": "135.91300", "2012-03-31": "111.65600", "2011-12-31": "116.88400", "2011-09-30": "168.28000", "2011-06-30": "175.90000", "2011-03-31": "162.42500", "2010-12-31": "147.89900", "2010-09-30": "175.44700", "2010-06-30": "142.92100", "2010-03-31": "-47.61700", "2009-12-31": "112.75900", "2009-09-30": "92.00000", "2009-06-30": "22.57000", "2009-03-31": "-17.18200", "2008-12-31": "-73.45500", "2008-09-30": "102.68600", "2008-06-30": "100.71100", "2008-03-31": "92.67300", "2007-12-31": "162.50300", "2007-09-30": "126.89300", "2007-06-30": "141.21700", "2007-03-31": "101.33100", "2006-12-31": "141.61300", "2006-09-30": "29.51900", "2006-06-30": "143.19400", "2006-03-31": "158.04600", "2005-12-31": "144.42900", "2005-09-30": "126.18500", "2005-06-30": "78.02800", "2005-03-31": "187.93000"}, "Income Taxes": {"2020-12-31": "26.51800", "2020-09-30": "24.88300", "2020-06-30": "-37.79900", "2020-03-31": "20.53500", "2019-12-31": "22.98900", "2019-09-30": "17.67700", "2019-06-30": "-189.90800", "2019-03-31": "29.84500", "2018-12-31": "50.78400", "2018-09-30": "36.21400", "2018-06-30": "29.52900", "2018-03-31": "28.67700", "2017-12-31": "272.94200", "2017-09-30": "26.41900", "2017-06-30": "32.27100", "2017-03-31": "30.15500", "2016-12-31": "17.96100", "2016-09-30": "27.58900", "2016-06-30": "23.60700", "2016-03-31": "31.52500", "2015-12-31": "12.47100", "2015-09-30": "-10.02400", "2015-06-30": "24.78900", "2015-03-31": "20.48300", "2014-12-31": "0.35900", "2014-09-30": "-5.49900", "2014-06-30": "22.81400", "2014-03-31": "-10.63200", "2013-12-31": "20.20800", "2013-09-30": "22.02600", "2013-06-30": "25.24500", "2013-03-31": "22.82400", "2012-12-31": "38.12800", "2012-09-30": "31.77300", "2012-06-30": "25.27900", "2012-03-31": "88.94800", "2011-12-31": "28.75400", "2011-09-30": "34.83400", "2011-06-30": "50.30700", "2011-03-31": "26.14900", "2010-12-31": "38.30900", "2010-09-30": "57.89700", "2010-06-30": "84.46600", "2010-03-31": "-13.71400", "2009-12-31": "54.12400", "2009-09-30": "50.04800", "2009-06-30": "14.47200", "2009-03-31": "9.24400", "2008-12-31": "-34.67100", "2008-09-30": "35.11900", "2008-06-30": "34.66400", "2008-03-31": "31.64100", "2007-12-31": "55.48300", "2007-09-30": "43.26700", "2007-06-30": "48.96400", "2007-03-31": "25.26300", "2006-12-31": "44.04500", "2006-09-30": "9.18100", "2006-06-30": "47.05200", "2006-03-31": "50.93600", "2005-12-31": "46.75800", "2005-09-30": "41.05000", "2005-06-30": "30.44800", "2005-03-31": "62.39300"}, "Income After Taxes": {"2020-12-31": "183.94500", "2020-09-30": "169.51400", "2020-06-30": "207.29800", "2020-03-31": "161.19000", "2019-12-31": "146.05000", "2019-09-30": "140.15600", "2019-06-30": "367.55810", "2019-03-31": "130.61300", "2018-12-31": "131.89200", "2018-09-30": "197.42300", "2018-06-30": "194.17300", "2018-03-31": "193.62700", "2017-12-31": "-75.01500", "2017-09-30": "154.53300", "2017-06-30": "163.30900", "2017-03-31": "140.21300", "2016-12-31": "130.47700", "2016-09-30": "137.61400", "2016-06-30": "92.33900", "2016-03-31": "139.81000", "2015-12-31": "67.46900", "2015-09-30": "-72.14300", "2015-06-30": "98.65900", "2015-03-31": "79.43300", "2014-12-31": "-72.03400", "2014-09-30": "99.98000", "2014-06-30": "84.79300", "2014-03-31": "122.54400", "2013-12-31": "44.35300", "2013-09-30": "103.12000", "2013-06-30": "119.01400", "2013-03-31": "128.78500", "2012-12-31": "76.62200", "2012-09-30": "127.88800", "2012-06-30": "110.63400", "2012-03-31": "22.70800", "2011-12-31": "88.13000", "2011-09-30": "133.44600", "2011-06-30": "125.59300", "2011-03-31": "136.27600", "2010-12-31": "109.59000", "2010-09-30": "117.55000", "2010-06-30": "58.45500", "2010-03-31": "-33.90300", "2009-12-31": "58.63500", "2009-09-30": "41.95200", "2009-06-30": "8.09800", "2009-03-31": "-26.42600", "2008-12-31": "-38.78400", "2008-09-30": "67.56700", "2008-06-30": "66.04700", "2008-03-31": "61.03200", "2007-12-31": "107.02000", "2007-09-30": "83.62600", "2007-06-30": "92.25300", "2007-03-31": "76.06800", "2006-12-31": "97.56800", "2006-09-30": "20.33800", "2006-06-30": "96.14200", "2006-03-31": "107.11000", "2005-12-31": "97.67100", "2005-09-30": "85.13500", "2005-06-30": "47.58000", "2005-03-31": "125.53700"}, "Other Income": {"2020-12-31": "", "2020-09-30": "", "2020-06-30": "", "2020-03-31": "", "2019-12-31": "", "2019-09-30": "", "2019-06-30": "", "2019-03-31": "", "2018-12-31": "", "2018-09-30": "", "2018-06-30": "", "2018-03-31": "", "2017-12-31": "", "2017-09-30": "", "2017-06-30": "", "2017-03-31": "", "2016-12-31": "", "2016-09-30": "", "2016-06-30": "", "2016-03-31": "", "2015-12-31": "", "2015-09-30": "", "2015-06-30": "", "2015-03-31": "", "2014-12-31": "", "2014-09-30": "", "2014-06-30": "", "2014-03-31": "", "2013-12-31": "", "2013-09-30": "", "2013-06-30": "", "2013-03-31": "", "2012-12-31": "", "2012-09-30": "", "2012-06-30": "", "2012-03-31": "", "2011-12-31": "", "2011-09-30": "", "2011-06-30": "", "2011-03-31": "", "2010-12-31": "", "2010-09-30": "", "2010-06-30": "", "2010-03-31": "", "2009-12-31": "", "2009-09-30": "", "2009-06-30": "", "2009-03-31": "", "2008-12-31": "", "2008-09-30": "", "2008-06-30": "", "2008-03-31": "", "2007-12-31": "", "2007-09-30": "", "2007-06-30": "", "2007-03-31": "", "2006-12-31": "", "2006-09-30": "", "2006-06-30": "", "2006-03-31": "", "2005-12-31": "", "2005-09-30": "", "2005-06-30": "", "2005-03-31": ""}, "Income From Continuous Operations": {"2020-12-31": "183.94500", "2020-09-30": "169.51400", "2020-06-30": "207.29800", "2020-03-31": "161.19000", "2019-12-31": "146.05000", "2019-09-30": "140.15600", "2019-06-30": "367.55810", "2019-03-31": "130.61300", "2018-12-31": "131.89200", "2018-09-30": "197.42300", "2018-06-30": "194.17300", "2018-03-31": "193.62700", "2017-12-31": "-75.01500", "2017-09-30": "154.53300", "2017-06-30": "163.30900", "2017-03-31": "140.21300", "2016-12-31": "130.47700", "2016-09-30": "137.61400", "2016-06-30": "92.33900", "2016-03-31": "139.81000", "2015-12-31": "67.46900", "2015-09-30": "-72.14300", "2015-06-30": "98.65900", "2015-03-31": "79.43300", "2014-12-31": "-72.03400", "2014-09-30": "99.98000", "2014-06-30": "84.79300", "2014-03-31": "122.54400", "2013-12-31": "44.35300", "2013-09-30": "103.12000", "2013-06-30": "119.01400", "2013-03-31": "128.78500", "2012-12-31": "76.62200", "2012-09-30": "127.88800", "2012-06-30": "110.63400", "2012-03-31": "22.70800", "2011-12-31": "88.13000", "2011-09-30": "133.44600", "2011-06-30": "125.59300", "2011-03-31": "136.27600", "2010-12-31": "109.59000", "2010-09-30": "117.55000", "2010-06-30": "58.45500", "2010-03-31": "-33.90300", "2009-12-31": "58.63500", "2009-09-30": "41.95200", "2009-06-30": "8.09800", "2009-03-31": "-26.42600", "2008-12-31": "-38.78400", "2008-09-30": "67.56700", "2008-06-30": "66.04700", "2008-03-31": "61.03200", "2007-12-31": "107.02000", "2007-09-30": "83.62600", "2007-06-30": "92.25300", "2007-03-31": "76.06800", "2006-12-31": "97.56800", "2006-09-30": "20.33800", "2006-06-30": "96.14200", "2006-03-31": "107.11000", "2005-12-31": "97.67100", "2005-09-30": "85.13500", "2005-06-30": "47.58000", "2005-03-31": "125.53700"}, "Income From Discontinued Operations": {"2020-12-31": "", "2020-09-30": "", "2020-06-30": "", "2020-03-31": "", "2019-12-31": "", "2019-09-30": "", "2019-06-30": "", "2019-03-31": "", "2018-12-31": "", "2018-09-30": "", "2018-06-30": "", "2018-03-31": "", "2017-12-31": "", "2017-09-30": "", "2017-06-30": "", "2017-03-31": "", "2016-12-31": "", "2016-09-30": "", "2016-06-30": "", "2016-03-31": "", "2015-12-31": "", "2015-09-30": "", "2015-06-30": "", "2015-03-31": "", "2014-12-31": "", "2014-09-30": "", "2014-06-30": "", "2014-03-31": "", "2013-12-31": "", "2013-09-30": "", "2013-06-30": "", "2013-03-31": "2.60300", "2012-12-31": "", "2012-09-30": "", "2012-06-30": "", "2012-03-31": "31.80900", "2011-12-31": "", "2011-09-30": "", "2011-06-30": "", "2011-03-31": "", "2010-12-31": "", "2010-09-30": "", "2010-06-30": "", "2010-03-31": "", "2009-12-31": "", "2009-09-30": "", "2009-06-30": "", "2009-03-31": "", "2008-12-31": "", "2008-09-30": "", "2008-06-30": "", "2008-03-31": "", "2007-12-31": "", "2007-09-30": "", "2007-06-30": "", "2007-03-31": "", "2006-12-31": "", "2006-09-30": "", "2006-06-30": "", "2006-03-31": "", "2005-12-31": "", "2005-09-30": "", "2005-06-30": "", "2005-03-31": ""}, "Net Income": {"2020-12-31": "183.94500", "2020-09-30": "169.51400", "2020-06-30": "207.29800", "2020-03-31": "161.19000", "2019-12-31": "146.05000", "2019-09-30": "140.15600", "2019-06-30": "367.55810", "2019-03-31": "130.61300", "2018-12-31": "131.89200", "2018-09-30": "197.42300", "2018-06-30": "194.17300", "2018-03-31": "193.62700", "2017-12-31": "-75.01500", "2017-09-30": "154.53300", "2017-06-30": "163.30900", "2017-03-31": "140.21300", "2016-12-31": "130.47700", "2016-09-30": "137.61400", "2016-06-30": "92.33900", "2016-03-31": "139.81000", "2015-12-31": "67.46900", "2015-09-30": "-72.14300", "2015-06-30": "98.65900", "2015-03-31": "79.43300", "2014-12-31": "-72.03400", "2014-09-30": "99.98000", "2014-06-30": "84.79300", "2014-03-31": "122.54400", "2013-12-31": "44.35300", "2013-09-30": "103.12000", "2013-06-30": "119.01400", "2013-03-31": "131.38800", "2012-12-31": "76.62200", "2012-09-30": "127.88800", "2012-06-30": "110.63400", "2012-03-31": "54.51700", "2011-12-31": "88.13000", "2011-09-30": "133.44600", "2011-06-30": "125.59300", "2011-03-31": "136.27600", "2010-12-31": "109.59000", "2010-09-30": "117.55000", "2010-06-30": "58.45500", "2010-03-31": "-33.90300", "2009-12-31": "58.63500", "2009-09-30": "41.95200", "2009-06-30": "8.09800", "2009-03-31": "-26.42600", "2008-12-31": "-38.78400", "2008-09-30": "67.56700", "2008-06-30": "66.04700", "2008-03-31": "61.03200", "2007-12-31": "107.02000", "2007-09-30": "83.62600", "2007-06-30": "92.25300", "2007-03-31": "76.06800", "2006-12-31": "97.56800", "2006-09-30": "20.33800", "2006-06-30": "96.14200", "2006-03-31": "107.11000", "2005-12-31": "97.67100", "2005-09-30": "86.77800", "2005-06-30": "47.58000", "2005-03-31": "125.53700"}, "EBITDA": {"2020-12-31": "237.80600", "2020-09-30": "225.63300", "2020-06-30": "214.37090", "2020-03-31": "207.48800", "2019-12-31": "193.14300", "2019-09-30": "179.92500", "2019-06-30": "199.14020", "2019-03-31": "184.32200", "2018-12-31": "209.00700", "2018-09-30": "265.37400", "2018-06-30": "257.60170", "2018-03-31": "262.03900", "2017-12-31": "236.86100", "2017-09-30": "221.92000", "2017-06-30": "237.57190", "2017-03-31": "214.72500", "2016-12-31": "191.21400", "2016-09-30": "215.55800", "2016-06-30": "168.78690", "2016-03-31": "224.79610", "2015-12-31": "138.61500", "2015-09-30": "26.28800", "2015-06-30": "187.58700", "2015-03-31": "176.88900", "2014-12-31": "7.54900", "2014-09-30": "164.65100", "2014-06-30": "180.94110", "2014-03-31": "171.40310", "2013-12-31": "134.79800", "2013-09-30": "179.74200", "2013-06-30": "202.28090", "2013-03-31": "204.66900", "2012-12-31": "169.42810", "2012-09-30": "219.07700", "2012-06-30": "189.57510", "2012-03-31": "165.36200", "2011-12-31": "166.50500", "2011-09-30": "224.45100", "2011-06-30": "227.93820", "2011-03-31": "214.67900", "2010-12-31": "204.22700", "2010-09-30": "231.25700", "2010-06-30": "191.46790", "2010-03-31": "-7.45100", "2009-12-31": "148.96100", "2009-09-30": "126.59500", "2009-06-30": "78.09990", "2009-03-31": "34.28200", "2008-12-31": "-29.94700", "2008-09-30": "140.36600", "2008-06-30": "145.60970", "2008-03-31": "127.41000", "2007-12-31": "175.05610", "2007-09-30": "139.88400", "2007-06-30": "150.31000", "2007-03-31": "113.53400", "2006-12-31": "152.73500", "2006-09-30": "40.47700", "2006-06-30": "156.43490", "2006-03-31": "169.02300", "2005-12-31": "154.19700", "2005-09-30": "136.16800", "2005-06-30": "87.96210", "2005-03-31": "199.72000"}, "EBIT": {"2020-12-31": "213.66500", "2020-09-30": "201.43400", "2020-06-30": "177.98700", "2020-03-31": "183.34700", "2019-12-31": "169.05600", "2019-09-30": "156.00400", "2019-06-30": "173.57120", "2019-03-31": "157.14000", "2018-12-31": "182.20400", "2018-09-30": "234.18300", "2018-06-30": "222.39580", "2018-03-31": "224.83800", "2017-12-31": "201.04800", "2017-09-30": "185.16600", "2017-06-30": "199.37810", "2017-03-31": "174.25200", "2016-12-31": "149.07400", "2016-09-30": "172.07300", "2016-06-30": "122.37300", "2016-03-31": "177.70800", "2015-12-31": "89.53300", "2015-09-30": "-75.76500", "2015-06-30": "94.94800", "2015-03-31": "105.45000", "2014-12-31": "-64.07600", "2014-09-30": "100.95800", "2014-06-30": "116.55020", "2014-03-31": "106.73810", "2013-12-31": "70.39400", "2013-09-30": "128.60900", "2013-06-30": "151.08990", "2013-03-31": "154.27800", "2012-12-31": "117.54810", "2012-09-30": "165.40300", "2012-06-30": "136.02100", "2012-03-31": "111.88600", "2011-12-31": "114.51000", "2011-09-30": "172.38000", "2011-06-30": "177.92210", "2011-03-31": "163.99500", "2010-12-31": "151.99900", "2010-09-30": "179.12300", "2010-06-30": "141.08290", "2010-03-31": "-48.26100", "2009-12-31": "109.12900", "2009-09-30": "90.09900", "2009-06-30": "21.58690", "2009-03-31": "-16.95400", "2008-12-31": "-80.84000", "2008-09-30": "93.58500", "2008-06-30": "94.87880", "2008-03-31": "81.05800", "2007-12-31": "140.57710", "2007-09-30": "109.53900", "2007-06-30": "123.16800", "2007-03-31": "86.26900", "2006-12-31": "126.84600", "2006-09-30": "16.13000", "2006-06-30": "130.37690", "2006-03-31": "147.02900", "2005-12-31": "132.94300", "2005-09-30": "115.15000", "2005-06-30": "67.41010", "2005-03-31": "180.43800"}, "Basic Shares Outstanding": {"2020-12-31": "267.29900", "2020-09-30": "266.83100", "2020-06-30": "269.34100", "2020-03-31": "269.00300", "2019-12-31": "270.33000", "2019-09-30": "271.38800", "2019-06-30": "274.96600", "2019-03-31": "273.22100", "2018-12-31": "276.25200", "2018-09-30": "278.04500", "2018-06-30": "280.97900", "2018-03-31": "280.85000", "2017-12-31": "281.56000", "2017-09-30": "282.17000", "2017-06-30": "283.14700", "2017-03-31": "282.90300", "2016-12-31": "283.29400", "2016-09-30": "283.63300", "2016-06-30": "285.08100", "2016-03-31": "285.85400", "2015-12-31": "285.52600", "2015-09-30": "284.58800", "2015-06-30": "283.67500", "2015-03-31": "283.41800", "2014-12-31": "282.99200", "2014-09-30": "284.08600", "2014-06-30": "283.34400", "2014-03-31": "282.62700", "2013-12-31": "282.66400", "2013-09-30": "284.65400", "2013-06-30": "291.83500", "2013-03-31": "292.88800", "2012-12-31": "292.07500", "2012-09-30": "292.21300", "2012-06-30": "292.81000", "2012-03-31": "292.27600", "2011-12-31": "291.82400", "2011-09-30": "294.47500", "2011-06-30": "296.75500", "2011-03-31": "296.51100", "2010-12-31": "296.55000", "2010-09-30": "298.21600", "2010-06-30": "304.57900", "2010-03-31": "304.51800", "2009-12-31": "305.32400", "2009-09-30": "306.27600", "2009-06-30": "310.80500", "2009-03-31": "304.41500", "2008-12-31": "312.71800", "2008-09-30": "320.55300", "2008-06-30": "320.55300", "2008-03-31": "320.55300", "2007-12-31": "320.55300", "2007-09-30": "320.55300", "2007-06-30": "320.43400", "2007-03-31": "320.55300", "2006-12-31": "320.55300", "2006-09-30": "320.06800", "2006-06-30": "323.46000", "2006-03-31": "320.68600", "2005-12-31": "323.93500", "2005-09-30": "327.95900", "2005-06-30": "326.23900", "2005-03-31": "326.94500"}, "Shares Outstanding": {"2020-12-31": "270.79200", "2020-09-30": "269.52900", "2020-06-30": "272.02800", "2020-03-31": "271.57900", "2019-12-31": "273.26900", "2019-09-30": "274.43600", "2019-06-30": "278.77700", "2019-03-31": "276.61000", "2018-12-31": "280.00800", "2018-09-30": "282.45400", "2018-06-30": "285.67400", "2018-03-31": "285.88100", "2017-12-31": "281.56000", "2017-09-30": "286.43700", "2017-06-30": "287.97400", "2017-03-31": "287.88200", "2016-12-31": "288.10600", "2016-09-30": "288.57400", "2016-06-30": "289.47900", "2016-03-31": "289.78300", "2015-12-31": "290.52100", "2015-09-30": "284.58800", "2015-06-30": "288.94900", "2015-03-31": "288.84000", "2014-12-31": "282.99200", "2014-09-30": "289.43000", "2014-06-30": "289.10800", "2014-03-31": "288.57500", "2013-12-31": "288.56500", "2013-09-30": "290.26000", "2013-06-30": "298.59600", "2013-03-31": "300.08200", "2012-12-31": "298.75900", "2012-09-30": "298.78200", "2012-06-30": "300.00200", "2012-03-31": "300.22100", "2011-12-31": "299.29000", "2011-09-30": "301.07600", "2011-06-30": "303.37700", "2011-03-31": "304.51500", "2010-12-31": "303.26000", "2010-09-30": "301.68800", "2010-06-30": "310.01600", "2010-03-31": "304.51800", "2009-12-31": "310.09000", "2009-09-30": "312.16200", "2009-06-30": "311.47900", "2009-03-31": "304.41500", "2008-12-31": "312.71800", "2008-09-30": "323.81500", "2008-06-30": "325.84600", "2008-03-31": "322.48000", "2007-12-31": "326.28400", "2007-09-30": "328.87300", "2007-06-30": "329.88300", "2007-03-31": "330.36500", "2006-12-31": "329.62000", "2006-09-30": "328.21000", "2006-06-30": "338.62700", "2006-03-31": "336.12000", "2005-12-31": "338.73900", "2005-09-30": "346.69300", "2005-06-30": "342.46600", "2005-03-31": "342.72000"}, "Basic EPS": {"2020-12-31": "0.69000", "2020-09-30": "0.64000", "2020-06-30": "0.77000", "2020-03-31": "0.60000", "2019-12-31": "0.54000", "2019-09-30": "0.52000", "2019-06-30": "1.34000", "2019-03-31": "0.48000", "2018-12-31": "0.48000", "2018-09-30": "0.71000", "2018-06-30": "0.69000", "2018-03-31": "0.69000", "2017-12-31": "-0.27000", "2017-09-30": "0.55000", "2017-06-30": "0.57000", "2017-03-31": "0.50000", "2016-12-31": "0.46000", "2016-09-30": "0.49000", "2016-06-30": "0.32000", "2016-03-31": "0.49000", "2015-12-31": "0.24000", "2015-09-30": "-0.25000", "2015-06-30": "0.35000", "2015-03-31": "0.28000", "2014-12-31": "-0.25000", "2014-09-30": "0.35000", "2014-06-30": "0.30000", "2014-03-31": "0.43000", "2013-12-31": "0.16000", "2013-09-30": "0.36000", "2013-06-30": "0.41000", "2013-03-31": "0.45000", "2012-12-31": "0.26000", "2012-09-30": "0.44000", "2012-06-30": "0.38000", "2012-03-31": "0.19000", "2011-12-31": "0.30000", "2011-09-30": "0.45000", "2011-06-30": "0.43000", "2011-03-31": "0.46000", "2010-12-31": "0.37000", "2010-09-30": "0.39000", "2010-06-30": "0.19000", "2010-03-31": "-0.11000", "2009-12-31": "0.19000", "2009-09-30": "0.14000", "2009-06-30": "0.03000", "2009-03-31": "-0.09000", "2008-12-31": "-0.12000", "2008-09-30": "0.21000", "2008-06-30": "0.21000", "2008-03-31": "0.19000", "2007-12-31": "0.33000", "2007-09-30": "0.26000", "2007-06-30": "0.29000", "2007-03-31": "0.24000", "2006-12-31": "0.30000", "2006-09-30": "0.06000", "2006-06-30": "0.30000", "2006-03-31": "0.33000", "2005-12-31": "0.30000", "2005-09-30": "0.27000", "2005-06-30": "0.15000", "2005-03-31": "0.38000"}, "EPS - Earnings Per Share": {"2020-12-31": "0.68000", "2020-09-30": "0.63000", "2020-06-30": "0.78000", "2020-03-31": "0.59000", "2019-12-31": "0.53000", "2019-09-30": "0.51000", "2019-06-30": "1.33000", "2019-03-31": "0.47000", "2018-12-31": "0.47000", "2018-09-30": "0.70000", "2018-06-30": "0.69000", "2018-03-31": "0.68000", "2017-12-31": "-0.27000", "2017-09-30": "0.54000", "2017-06-30": "0.56000", "2017-03-31": "0.49000", "2016-12-31": "0.45000", "2016-09-30": "0.48000", "2016-06-30": "0.33000", "2016-03-31": "0.48000", "2015-12-31": "0.23000", "2015-09-30": "-0.25000", "2015-06-30": "0.33000", "2015-03-31": "0.28000", "2014-12-31": "-0.25000", "2014-09-30": "0.35000", "2014-06-30": "0.30000", "2014-03-31": "0.42000", "2013-12-31": "0.15000", "2013-09-30": "0.36000", "2013-06-30": "0.39000", "2013-03-31": "0.44000", "2012-12-31": "0.26000", "2012-09-30": "0.43000", "2012-06-30": "0.38000", "2012-03-31": "0.18000", "2011-12-31": "0.29000", "2011-09-30": "0.44000", "2011-06-30": "0.41000", "2011-03-31": "0.45000", "2010-12-31": "0.36000", "2010-09-30": "0.39000", "2010-06-30": "0.19000", "2010-03-31": "-0.11000", "2009-12-31": "0.19000", "2009-09-30": "0.13000", "2009-06-30": "0.03000", "2009-03-31": "-0.09000", "2008-12-31": "-0.12000", "2008-09-30": "0.21000", "2008-06-30": "0.21000", "2008-03-31": "0.19000", "2007-12-31": "0.33000", "2007-09-30": "0.25000", "2007-06-30": "0.28000", "2007-03-31": "0.23000", "2006-12-31": "0.30000", "2006-09-30": "0.06000", "2006-06-30": "0.28000", "2006-03-31": "0.32000", "2005-12-31": "0.29000", "2005-09-30": "0.25000", "2005-06-30": "0.14000", "2005-03-31": "0.37000"}}, "balance sheet": {"Cash On Hand": {"2020-06-30": "1614.20600", "2019-06-30": "1898.33200", "2018-06-30": "2626.39900", "2017-06-30": "2744.83900", "2016-06-30": "2230.66800", "2015-06-30": "1626.11900", "2014-06-30": "1372.42500", "2013-06-30": "1200.04600", "2012-06-30": "956.38600", "2011-06-30": "1012.88700", "2010-06-30": "826.51200", "2009-06-30": "913.40300", "2008-06-30": "1218.19800", "2007-06-30": "1299.35400", "2006-06-30": "1342.65000", "2005-06-30": "1474.69200"}, "Receivables": {"2020-06-30": "404.77800", "2019-06-30": "360.01600", "2018-06-30": "280.07200", "2017-06-30": "256.45400", "2016-06-30": "256.53100", "2015-06-30": "278.84400", "2014-06-30": "295.82800", "2013-06-30": "285.43800", "2012-06-30": "317.46100", "2011-06-30": "297.63200", "2010-06-30": "423.13500", "2009-06-30": "220.87900", "2008-06-30": "272.02900", "2007-06-30": "244.99800", "2006-06-30": "297.28500", "2005-06-30": "199.59100"}, "Inventory": {"2020-06-30": "259.62600", "2019-06-30": "246.51200", "2018-06-30": "282.39000", "2017-06-30": "247.24200", "2016-06-30": "227.92900", "2015-06-30": "288.47400", "2014-06-30": "289.29200", "2013-06-30": "275.64000", "2012-06-30": "242.16200", "2011-06-30": "237.92800", "2010-06-30": "206.04000", "2009-06-30": "217.84700", "2008-06-30": "272.42100", "2007-06-30": "262.71300", "2006-06-30": "210.89500", "2005-06-30": "179.17200"}, "Pre-Paid Expenses": {"2020-06-30": "", "2019-06-30": "", "2018-06-30": "", "2017-06-30": "", "2016-06-30": "", "2015-06-30": "", "2014-06-30": "", "2013-06-30": "", "2012-06-30": "", "2011-06-30": "", "2010-06-30": "", "2009-06-30": "", "2008-06-30": "", "2007-06-30": "", "2006-06-30": "", "2005-06-30": ""}, "Other Current Assets": {"2020-06-30": "39.21900", "2019-06-30": "34.64000", "2018-06-30": "21.54800", "2017-06-30": "57.05900", "2016-06-30": "91.92000", "2015-06-30": "48.66000", "2014-06-30": "54.56000", "2013-06-30": "96.60900", "2012-06-30": "85.17700", "2011-06-30": "65.97800", "2010-06-30": "33.90900", "2009-06-30": "20.94300", "2008-06-30": "30.42300", "2007-06-30": "15.55500", "2006-06-30": "21.99200", "2005-06-30": "15.05400"}, "Total Current Assets": {"2020-06-30": "2317.82900", "2019-06-30": "2539.50000", "2018-06-30": "3210.40900", "2017-06-30": "3305.59400", "2016-06-30": "2807.04800", "2015-06-30": "2319.40300", "2014-06-30": "2086.70200", "2013-06-30": "1939.90600", "2012-06-30": "1699.36600", "2011-06-30": "1727.85200", "2010-06-30": "1706.61300", "2009-06-30": "1584.95100", "2008-06-30": "2046.56100", "2007-06-30": "2070.57300", "2006-06-30": "2052.11600", "2005-06-30": "2007.73900"}, "Property, Plant, And Equipment": {"2020-06-30": "550.40600", "2019-06-30": "577.72200", "2018-06-30": "579.36400", "2017-06-30": "606.58100", "2016-06-30": "692.55100", "2015-06-30": "1090.73900", "2014-06-30": "1331.51900", "2013-06-30": "1373.12400", "2012-06-30": "1353.60600", "2011-06-30": "1308.85000", "2010-06-30": "1324.43600", "2009-06-30": "1366.05200", "2008-06-30": "1485.20000", "2007-06-30": "1431.27300", "2006-06-30": "1164.48400", "2005-06-30": "1008.46100"}, "Long-Term Investments": {"2020-06-30": "", "2019-06-30": "", "2018-06-30": "", "2017-06-30": "", "2016-06-30": "", "2015-06-30": "", "2014-06-30": "", "2013-06-30": "", "2012-06-30": "", "2011-06-30": "", "2010-06-30": "", "2009-06-30": "", "2008-06-30": "", "2007-06-30": "", "2006-06-30": "", "2005-06-30": ""}, "Goodwill And Intangible Assets": {"2020-06-30": "650.49900", "2019-06-30": "588.49300", "2018-06-30": "610.49690", "2017-06-30": "581.88200", "2016-06-30": "637.18800", "2015-06-30": "773.29900", "2014-06-30": "957.63100", "2013-06-30": "579.15000", "2012-06-30": "631.98600", "2011-06-30": "469.38800", "2010-06-30": "420.95100", "2009-06-30": "103.00500", "2008-06-30": "", "2007-06-30": "", "2006-06-30": "", "2005-06-30": ""}, "Other Long-Term Assets": {"2020-06-30": "110.56900", "2019-06-30": "38.26700", "2018-06-30": "51.29100", "2017-06-30": "76.17600", "2016-06-30": "97.82900", "2015-06-30": "32.63000", "2014-06-30": "29.76600", "2013-06-30": "43.73000", "2012-06-30": "52.98800", "2011-06-30": "21.65300", "2010-06-30": "30.32500", "2009-06-30": "27.76700", "2008-06-30": "176.62900", "2007-06-30": "104.93800", "2006-06-30": "69.93700", "2005-06-30": "43.73900"}, "Total Long-Term Assets": {"2020-06-30": "1311.47400", "2019-06-30": "1204.48200", "2018-06-30": "1241.15200", "2017-06-30": "1264.63900", "2016-06-30": "1427.56800", "2015-06-30": "1896.66800", "2014-06-30": "2318.91600", "2013-06-30": "1996.00400", "2012-06-30": "2038.58000", "2011-06-30": "1799.89100", "2010-06-30": "1775.71200", "2009-06-30": "1496.82400", "2008-06-30": "1661.82900", "2007-06-30": "1536.21100", "2006-06-30": "1234.42100", "2005-06-30": "1052.20000"}, "Total Assets": {"2020-06-30": "3629.30300", "2019-06-30": "3743.98200", "2018-06-30": "4451.56100", "2017-06-30": "4570.23300", "2016-06-30": "4234.61600", "2015-06-30": "4216.07100", "2014-06-30": "4405.61800", "2013-06-30": "3935.91000", "2012-06-30": "3737.94600", "2011-06-30": "3527.74300", "2010-06-30": "3482.32500", "2009-06-30": "3081.77500", "2008-06-30": "3708.39000", "2007-06-30": "3606.78400", "2006-06-30": "3286.53700", "2005-06-30": "3059.93900"}, "Total Current Liabilities": {"2020-06-30": "453.33400", "2019-06-30": "371.16700", "2018-06-30": "797.39500", "2017-06-30": "278.99700", "2016-06-30": "609.40300", "2015-06-30": "383.17700", "2014-06-30": "398.63500", "2013-06-30": "404.89300", "2012-06-30": "755.38900", "2011-06-30": "414.34000", "2010-06-30": "532.51700", "2009-06-30": "268.77600", "2008-06-30": "419.15500", "2007-06-30": "454.90400", "2006-06-30": "494.36100", "2005-06-30": "354.74900"}, "Long Term Debt": {"2020-06-30": "994.02200", "2019-06-30": "992.58400", "2018-06-30": "991.14700", "2017-06-30": "1487.67800", "2016-06-30": "990.09000", "2015-06-30": "987.68700", "2014-06-30": "1001.02600", "2013-06-30": "503.57300", "2012-06-30": "5.59200", "2011-06-30": "300.00000", "2010-06-30": "300.00000", "2009-06-30": "", "2008-06-30": "", "2007-06-30": "", "2006-06-30": "", "2005-06-30": ""}, "Other Non-Current Liabilities": {"2020-06-30": "524.49000", "2019-06-30": "534.95500", "2018-06-30": "732.07900", "2017-06-30": "600.86400", "2016-06-30": "526.55300", "2015-06-30": "464.59900", "2014-06-30": "416.16700", "2013-06-30": "312.59100", "2012-06-30": "240.18600", "2011-06-30": "118.87000", "2010-06-30": "160.32600", "2009-06-30": "151.26100", "2008-06-30": "141.42400", "2007-06-30": "19.94600", "2006-06-30": "16.68700", "2005-06-30": "19.66600"}, "Total Long Term Liabilities": {"2020-06-30": "1518.51200", "2019-06-30": "1527.53900", "2018-06-30": "1723.22600", "2017-06-30": "2088.54200", "2016-06-30": "1517.39900", "2015-06-30": "1542.87400", "2014-06-30": "1577.07200", "2013-06-30": "1023.01900", "2012-06-30": "444.28000", "2011-06-30": "602.58500", "2010-06-30": "596.85000", "2009-06-30": "218.53400", "2008-06-30": "141.42400", "2007-06-30": "19.94600", "2006-06-30": "16.68700", "2005-06-30": "19.68500"}, "Total Liabilities": {"2020-06-30": "1971.84600", "2019-06-30": "1898.70600", "2018-06-30": "2520.62100", "2017-06-30": "2367.53900", "2016-06-30": "2126.80200", "2015-06-30": "1926.05100", "2014-06-30": "1975.70700", "2013-06-30": "1427.91200", "2012-06-30": "1199.66900", "2011-06-30": "1016.92500", "2010-06-30": "1129.36700", "2009-06-30": "487.31000", "2008-06-30": "560.57900", "2007-06-30": "474.85000", "2006-06-30": "511.04800", "2005-06-30": "374.43400"}, "Common Stock Net": {"2020-06-30": "0.26600", "2019-06-30": "0.27200", "2018-06-30": "0.27900", "2017-06-30": "0.28300", "2016-06-30": "0.28400", "2015-06-30": "0.28300", "2014-06-30": "0.28500", "2013-06-30": "0.28800", "2012-06-30": "0.29300", "2011-06-30": "0.29600", "2010-06-30": "0.30100", "2009-06-30": "0.30600", "2008-06-30": "0.32100", "2007-06-30": "0.32100", "2006-06-30": "0.32000", "2005-06-30": "0.32700"}, "Retained Earnings (Accumulated Deficit)": {"2020-06-30": "1671.78600", "2019-06-30": "1856.35800", "2018-06-30": "1945.64600", "2017-06-30": "2212.30100", "2016-06-30": "2121.74900", "2015-06-30": "2279.11200", "2014-06-30": "2423.79400", "2013-06-30": "2523.45700", "2012-06-30": "2553.41800", "2011-06-30": "2524.79000", "2010-06-30": "2364.59800", "2009-06-30": "2580.61000", "2008-06-30": "2901.13900", "2007-06-30": "2847.28100", "2006-06-30": "2761.18300", "2005-06-30": "2526.48200"}, "Comprehensive Income": {"2020-06-30": "-14.59500", "2019-06-30": "-11.35400", "2018-06-30": "-14.98500", "2017-06-30": "-9.89000", "2016-06-30": "-14.21900", "2015-06-30": "-17.23400", "2014-06-30": "-17.17300", "2013-06-30": "-15.74700", "2012-06-30": "-15.43400", "2011-06-30": "-14.26800", "2010-06-30": "-11.94100", "2009-06-30": "-7.65600", "2008-06-30": "-5.12700", "2007-06-30": "-8.27100", "2006-06-30": "-8.11900", "2005-06-30": "-6.53000"}, "Other Share Holders Equity": {"2020-06-30": "", "2019-06-30": "", "2018-06-30": "", "2017-06-30": "", "2016-06-30": "", "2015-06-30": "", "2014-06-30": "", "2013-06-30": "", "2012-06-30": "", "2011-06-30": "", "2010-06-30": "", "2009-06-30": "", "2008-06-30": "", "2007-06-30": "", "2006-06-30": "", "2005-06-30": ""}, "Share Holder Equity": {"2020-06-30": "1657.45700", "2019-06-30": "1845.27600", "2018-06-30": "1930.94000", "2017-06-30": "2202.69400", "2016-06-30": "2107.81400", "2015-06-30": "2290.02000", "2014-06-30": "2429.91100", "2013-06-30": "2507.99800", "2012-06-30": "2538.27700", "2011-06-30": "2510.81800", "2010-06-30": "2352.95800", "2009-06-30": "2594.46500", "2008-06-30": "3147.81100", "2007-06-30": "3131.93400", "2006-06-30": "2775.48900", "2005-06-30": "2685.50500"}, "Total Liabilities And Share Holders Equity": {"2020-06-30": "3629.30300", "2019-06-30": "3743.98200", "2018-06-30": "4451.56100", "2017-06-30": "4570.23300", "2016-06-30": "4234.61600", "2015-06-30": "4216.07100", "2014-06-30": "4405.61800", "2013-06-30": "3935.91000", "2012-06-30": "3737.94600", "2011-06-30": "3527.74300", "2010-06-30": "3482.32500", "2009-06-30": "3081.77500", "2008-06-30": "3708.39000", "2007-06-30": "3606.78400", "2006-06-30": "3286.53700", "2005-06-30": "3059.93900"}}, "balance sheet, quarterly": {"Cash On Hand": {"2020-12-31": "1805.84000", "2020-09-30": "1612.11100", "2020-06-30": "1614.20600", "2020-03-31": "1685.77600", "2019-12-31": "1783.20000", "2019-09-30": "1793.36700", "2019-06-30": "1898.33200", "2019-03-31": "1898.42700", "2018-12-31": "1960.64100", "2018-09-30": "2563.41500", "2018-06-30": "2626.39900", "2018-03-31": "2724.39400", "2017-12-31": "2823.27500", "2017-09-30": "2773.98700", "2017-06-30": "2744.83900", "2017-03-31": "2155.88100", "2016-12-31": "2086.89600", "2016-09-30": "2267.51400", "2016-06-30": "2230.66800", "2016-03-31": "1860.41600", "2015-12-31": "1773.47300", "2015-09-30": "1608.63200", "2015-06-30": "1626.11900", "2015-03-31": "1467.33900", "2014-12-31": "1380.88200", "2014-09-30": "1318.97700", "2014-06-30": "1372.42500", "2014-03-31": "1231.24800", "2013-12-31": "1149.90900", "2013-09-30": "1034.58300", "2013-06-30": "1200.04600", "2013-03-31": "1573.07500", "2012-12-31": "1030.29900", "2012-09-30": "925.13300", "2012-06-30": "956.38600", "2012-03-31": "935.95610", "2011-12-31": "816.53500", "2011-09-30": "760.34000", "2011-06-30": "1012.88700", "2011-03-31": "918.84700", "2010-12-31": "798.34400", "2010-09-30": "718.28000", "2010-06-30": "826.51200", "2010-03-31": "858.86100", "2009-12-31": "838.56000", "2009-09-30": "937.58000", "2009-06-30": "913.40300", "2009-03-31": "898.29900", "2008-12-31": "925.45900", "2008-09-30": "1256.45600", "2008-06-30": "1218.19800", "2008-03-31": "1189.05100", "2007-12-31": "1154.80100", "2007-09-30": "1348.96500", "2007-06-30": "1299.35400", "2007-03-31": "1324.25000", "2006-12-31": "1315.73700", "2006-09-30": "1393.47200", "2006-06-30": "1342.65000", "2006-03-31": "1336.10100", "2005-12-31": "1341.39600", "2005-09-30": "1585.11300", "2005-06-30": "1474.69200", "2005-03-31": "1403.22600"}, "Receivables": {"2020-12-31": "485.77300", "2020-09-30": "449.37600", "2020-06-30": "404.77800", "2020-03-31": "378.27300", "2019-12-31": "348.34200", "2019-09-30": "370.31600", "2019-06-30": "360.01600", "2019-03-31": "381.15200", "2018-12-31": "391.41900", "2018-09-30": "439.40700", "2018-06-30": "280.07200", "2018-03-31": "320.55300", "2017-12-31": "235.69500", "2017-09-30": "233.21500", "2017-06-30": "256.45400", "2017-03-31": "257.59200", "2016-12-31": "224.34200", "2016-09-30": "253.51800", "2016-06-30": "256.53100", "2016-03-31": "278.50200", "2015-12-31": "231.18000", "2015-09-30": "282.47100", "2015-06-30": "278.84400", "2015-03-31": "278.42700", "2014-12-31": "258.50600", "2014-09-30": "281.93200", "2014-06-30": "295.82800", "2014-03-31": "304.12800", "2013-12-31": "288.28500", "2013-09-30": "297.88800", "2013-06-30": "285.43800", "2013-03-31": "300.04600", "2012-12-31": "264.54500", "2012-09-30": "316.53800", "2012-06-30": "317.46100", "2012-03-31": "296.25500", "2011-12-31": "246.22900", "2011-09-30": "331.58600", "2011-06-30": "297.63200", "2011-03-31": "305.00700", "2010-12-31": "293.90700", "2010-09-30": "371.92500", "2010-06-30": "423.13500", "2010-03-31": "312.96000", "2009-12-31": "281.55400", "2009-09-30": "230.10300", "2009-06-30": "220.87900", "2009-03-31": "230.12200", "2008-12-31": "286.46600", "2008-09-30": "268.57000", "2008-06-30": "272.02900", "2008-03-31": "269.29200", "2007-12-31": "286.67500", "2007-09-30": "275.38300", "2007-06-30": "244.99800", "2007-03-31": "250.70300", "2006-12-31": "277.06500", "2006-09-30": "296.46200", "2006-06-30": "297.28500", "2006-03-31": "259.92100", "2005-12-31": "221.02900", "2005-09-30": "212.94900", "2005-06-30": "199.59100", "2005-03-31": "193.78000"}, "Inventory": {"2020-12-31": "261.47600", "2020-09-30": "265.66400", "2020-06-30": "259.62600", "2020-03-31": "220.68600", "2019-12-31": "223.95800", "2019-09-30": "235.95900", "2019-06-30": "246.51200", "2019-03-31": "272.83200", "2018-12-31": "278.92500", "2018-09-30": "275.37400", "2018-06-30": "282.39000", "2018-03-31": "273.61600", "2017-12-31": "259.59700", "2017-09-30": "245.34700", "2017-06-30": "247.24200", "2017-03-31": "241.43900", "2016-12-31": "236.04000", "2016-09-30": "223.48400", "2016-06-30": "227.92900", "2016-03-31": "234.60300", "2015-12-31": "274.74100", "2015-09-30": "290.71200", "2015-06-30": "288.47400", "2015-03-31": "297.27000", "2014-12-31": "306.56400", "2014-09-30": "305.10800", "2014-06-30": "289.29200", "2014-03-31": "290.51800", "2013-12-31": "297.23400", "2013-09-30": "278.21800", "2013-06-30": "275.64000", "2013-03-31": "268.01800", "2012-12-31": "257.69000", "2012-09-30": "258.68900", "2012-06-30": "242.16200", "2012-03-31": "220.15300", "2011-12-31": "233.40400", "2011-09-30": "253.15900", "2011-06-30": "237.92800", "2011-03-31": "234.93300", "2010-12-31": "217.57800", "2010-09-30": "204.20700", "2010-06-30": "206.04000", "2010-03-31": "190.58900", "2009-12-31": "196.04400", "2009-09-30": "192.27700", "2009-06-30": "217.84700", "2009-03-31": "239.90000", "2008-12-31": "251.66100", "2008-09-30": "263.24400", "2008-06-30": "272.42100", "2008-03-31": "264.07500", "2007-12-31": "255.16500", "2007-09-30": "261.01800", "2007-06-30": "262.71300", "2007-03-31": "249.07800", "2006-12-31": "246.86100", "2006-09-30": "223.83500", "2006-06-30": "210.89500", "2006-03-31": "204.59800", "2005-12-31": "197.77200", "2005-09-30": "183.24300", "2005-06-30": "179.17200", "2005-03-31": "159.46300"}, "Pre-Paid Expenses": {"2020-12-31": "", "2020-09-30": "", "2020-06-30": "", "2020-03-31": "", "2019-12-31": "", "2019-09-30": "", "2019-06-30": "", "2019-03-31": "", "2018-12-31": "", "2018-09-30": "", "2018-06-30": "", "2018-03-31": "", "2017-12-31": "", "2017-09-30": "", "2017-06-30": "", "2017-03-31": "", "2016-12-31": "", "2016-09-30": "", "2016-06-30": "", "2016-03-31": "", "2015-12-31": "", "2015-09-30": "", "2015-06-30": "", "2015-03-31": "", "2014-12-31": "", "2014-09-30": "", "2014-06-30": "", "2014-03-31": "", "2013-12-31": "", "2013-09-30": "", "2013-06-30": "", "2013-03-31": "", "2012-12-31": "", "2012-09-30": "", "2012-06-30": "", "2012-03-31": "", "2011-12-31": "", "2011-09-30": "", "2011-06-30": "", "2011-03-31": "", "2010-12-31": "", "2010-09-30": "", "2010-06-30": "", "2010-03-31": "", "2009-12-31": "", "2009-09-30": "", "2009-06-30": "", "2009-03-31": "", "2008-12-31": "", "2008-09-30": "", "2008-06-30": "", "2008-03-31": "", "2007-12-31": "", "2007-09-30": "", "2007-06-30": "", "2007-03-31": "", "2006-12-31": "", "2006-09-30": "", "2006-06-30": "", "2006-03-31": "", "2005-12-31": "", "2005-09-30": "", "2005-06-30": "", "2005-03-31": ""}, "Other Current Assets": {"2020-12-31": "36.00400", "2020-09-30": "29.81600", "2020-06-30": "39.21900", "2020-03-31": "25.28800", "2019-12-31": "23.79700", "2019-09-30": "24.98200", "2019-06-30": "34.64000", "2019-03-31": "24.35800", "2018-12-31": "26.93300", "2018-09-30": "33.32900", "2018-06-30": "21.54800", "2018-03-31": "22.27500", "2017-12-31": "24.15300", "2017-09-30": "55.03300", "2017-06-30": "57.05900", "2017-03-31": "60.19500", "2016-12-31": "75.28400", "2016-09-30": "89.39800", "2016-06-30": "91.92000", "2016-03-31": "88.38900", "2015-12-31": "47.23500", "2015-09-30": "46.62700", "2015-06-30": "48.66000", "2015-03-31": "66.29800", "2014-12-31": "67.24400", "2014-09-30": "67.38300", "2014-06-30": "54.56000", "2014-03-31": "79.34600", "2013-12-31": "85.55400", "2013-09-30": "116.22500", "2013-06-30": "96.60900", "2013-03-31": "113.01000", "2012-12-31": "90.47000", "2012-09-30": "94.87500", "2012-06-30": "85.17700", "2012-03-31": "79.58400", "2011-12-31": "81.39600", "2011-09-30": "80.97200", "2011-06-30": "65.97800", "2011-03-31": "89.43500", "2010-12-31": "129.30500", "2010-09-30": "46.23500", "2010-06-30": "33.90900", "2010-03-31": "23.09100", "2009-12-31": "26.53500", "2009-09-30": "24.07800", "2009-06-30": "20.94300", "2009-03-31": "22.59000", "2008-12-31": "17.68100", "2008-09-30": "18.74700", "2008-06-30": "30.42300", "2008-03-31": "45.69600", "2007-12-31": "52.19700", "2007-09-30": "9.52900", "2007-06-30": "15.55500", "2007-03-31": "19.05200", "2006-12-31": "24.22800", "2006-09-30": "21.56200", "2006-06-30": "21.99200", "2006-03-31": "11.80500", "2005-12-31": "16.08100", "2005-09-30": "11.24100", "2005-06-30": "15.05400", "2005-03-31": "9.79900"}, "Total Current Assets": {"2020-12-31": "2589.09300", "2020-09-30": "2356.96700", "2020-06-30": "2317.82900", "2020-03-31": "2310.02300", "2019-12-31": "2379.29700", "2019-09-30": "2424.62400", "2019-06-30": "2539.50000", "2019-03-31": "2576.76900", "2018-12-31": "2657.91800", "2018-09-30": "3311.52500", "2018-06-30": "3210.40900", "2018-03-31": "3340.83800", "2017-12-31": "3342.72000", "2017-09-30": "3307.58200", "2017-06-30": "3305.59400", "2017-03-31": "2715.10700", "2016-12-31": "2622.56200", "2016-09-30": "2833.91400", "2016-06-30": "2807.04800", "2016-03-31": "2461.91000", "2015-12-31": "2326.62900", "2015-09-30": "2279.04600", "2015-06-30": "2319.40300", "2015-03-31": "2180.68800", "2014-12-31": "2072.99000", "2014-09-30": "2027.77900", "2014-06-30": "2086.70200", "2014-03-31": "1979.27800", "2013-12-31": "1890.13600", "2013-09-30": "1781.76800", "2013-06-30": "1939.90600", "2013-03-31": "2335.95800", "2012-12-31": "1723.99500", "2012-09-30": "1666.79600", "2012-06-30": "1699.36600", "2012-03-31": "1637.24600", "2011-12-31": "1465.20000", "2011-09-30": "1503.94200", "2011-06-30": "1727.85200", "2011-03-31": "1676.59300", "2010-12-31": "1561.68600", "2010-09-30": "1461.68100", "2010-06-30": "1706.61300", "2010-03-31": "1632.75000", "2009-12-31": "1531.56000", "2009-09-30": "1578.41100", "2009-06-30": "1584.95100", "2009-03-31": "1607.99900", "2008-12-31": "1695.69700", "2008-09-30": "2070.59900", "2008-06-30": "2046.56100", "2008-03-31": "2009.22800", "2007-12-31": "1981.93500", "2007-09-30": "2130.01500", "2007-06-30": "2070.57300", "2007-03-31": "2077.67100", "2006-12-31": "2091.67100", "2006-09-30": "2116.53500", "2006-06-30": "2052.11600", "2006-03-31": "1941.24300", "2005-12-31": "1909.79300", "2005-09-30": "2125.58600", "2005-06-30": "2007.73900", "2005-03-31": "1912.67400"}, "Property, Plant, And Equipment": {"2020-12-31": "541.01300", "2020-09-30": "542.42100", "2020-06-30": "550.40600", "2020-03-31": "564.63600", "2019-12-31": "571.35900", "2019-09-30": "574.09700", "2019-06-30": "577.72200", "2019-03-31": "571.95500", "2018-12-31": "571.98300", "2018-09-30": "573.01400", "2018-06-30": "579.36400", "2018-03-31": "589.17700", "2017-12-31": "597.81800", "2017-09-30": "595.62200", "2017-06-30": "606.58100", "2017-03-31": "636.83500", "2016-12-31": "660.66000", "2016-09-30": "678.44700", "2016-06-30": "692.55100", "2016-03-31": "748.78100", "2015-12-31": "770.54800", "2015-09-30": "805.58000", "2015-06-30": "1090.73900", "2015-03-31": "1155.58900", "2014-12-31": "1195.32300", "2014-09-30": "1303.86100", "2014-06-30": "1331.51900", "2014-03-31": "1355.26800", "2013-12-31": "1372.39300", "2013-09-30": "1374.54400", "2013-06-30": "1373.12400", "2013-03-31": "1368.90500", "2012-12-31": "1359.01400", "2012-09-30": "1359.88200", "2012-06-30": "1353.60600", "2012-03-31": "1361.30000", "2011-12-31": "1365.81500", "2011-09-30": "1328.83200", "2011-06-30": "1308.85000", "2011-03-31": "1286.06100", "2010-12-31": "1298.15500", "2010-09-30": "1323.19200", "2010-06-30": "1324.43600", "2010-03-31": "1325.34800", "2009-12-31": "1341.83200", "2009-09-30": "1352.85700", "2009-06-30": "1366.05200", "2009-03-31": "1381.47400", "2008-12-31": "1404.23300", "2008-09-30": "1461.76900", "2008-06-30": "1485.20000", "2008-03-31": "1497.46100", "2007-12-31": "1500.81900", "2007-09-30": "1469.74400", "2007-06-30": "1431.27300", "2007-03-31": "1349.18500", "2006-12-31": "1304.00400", "2006-09-30": "1254.49300", "2006-06-30": "1164.48400", "2006-03-31": "1060.85400", "2005-12-31": "1017.61200", "2005-09-30": "999.78800", "2005-06-30": "1008.46100", "2005-03-31": "999.40300"}, "Long-Term Investments": {"2020-12-31": "", "2020-09-30": "", "2020-06-30": "", "2020-03-31": "", "2019-12-31": "", "2019-09-30": "", "2019-06-30": "", "2019-03-31": "", "2018-12-31": "", "2018-09-30": "", "2018-06-30": "", "2018-03-31": "", "2017-12-31": "", "2017-09-30": "", "2017-06-30": "", "2017-03-31": "", "2016-12-31": "", "2016-09-30": "", "2016-06-30": "", "2016-03-31": "", "2015-12-31": "", "2015-09-30": "", "2015-06-30": "", "2015-03-31": "", "2014-12-31": "", "2014-09-30": "", "2014-06-30": "", "2014-03-31": "", "2013-12-31": "", "2013-09-30": "", "2013-06-30": "", "2013-03-31": "", "2012-12-31": "", "2012-09-30": "", "2012-06-30": "", "2012-03-31": "", "2011-12-31": "", "2011-09-30": "", "2011-06-30": "", "2011-03-31": "", "2010-12-31": "", "2010-09-30": "", "2010-06-30": "", "2010-03-31": "", "2009-12-31": "", "2009-09-30": "", "2009-06-30": "", "2009-03-31": "", "2008-12-31": "", "2008-09-30": "", "2008-06-30": "", "2008-03-31": "", "2007-12-31": "", "2007-09-30": "", "2007-06-30": "", "2007-03-31": "", "2006-12-31": "", "2006-09-30": "", "2006-06-30": "", "2006-03-31": "", "2005-12-31": "", "2005-09-30": "", "2005-06-30": "", "2005-03-31": ""}, "Goodwill And Intangible Assets": {"2020-12-31": "638.70600", "2020-09-30": "645.21900", "2020-06-30": "650.49900", "2020-03-31": "576.89290", "2019-12-31": "580.75990", "2019-09-30": "584.62700", "2019-06-30": "588.49300", "2019-03-31": "593.28700", "2018-12-31": "599.41200", "2018-09-30": "607.03600", "2018-06-30": "610.49690", "2018-03-31": "623.75200", "2017-12-31": "558.73100", "2017-09-30": "570.86500", "2017-06-30": "581.88200", "2017-03-31": "594.99600", "2016-12-31": "608.40800", "2016-09-30": "622.51100", "2016-06-30": "637.18800", "2016-03-31": "679.15800", "2015-12-31": "693.52500", "2015-09-30": "753.07000", "2015-06-30": "773.29900", "2015-03-31": "795.20900", "2014-12-31": "817.94900", "2014-09-30": "933.35800", "2014-06-30": "957.63100", "2014-03-31": "981.84300", "2013-12-31": "1001.55000", "2013-09-30": "567.62200", "2013-06-30": "579.15000", "2013-03-31": "587.59500", "2012-12-31": "604.60400", "2012-09-30": "617.49300", "2012-06-30": "631.98600", "2012-03-31": "645.42700", "2011-12-31": "670.58500", "2011-09-30": "668.25700", "2011-06-30": "469.38800", "2011-03-31": "463.96500", "2010-12-31": "478.22700", "2010-09-30": "490.26200", "2010-06-30": "420.95100", "2010-03-31": "", "2009-12-31": "", "2009-09-30": "", "2009-06-30": "103.00500", "2009-03-31": "", "2008-12-31": "", "2008-09-30": "", "2008-06-30": "", "2008-03-31": "", "2007-12-31": "", "2007-09-30": "", "2007-06-30": "", "2007-03-31": "", "2006-12-31": "", "2006-09-30": "", "2006-06-30": "", "2006-03-31": "", "2005-12-31": "", "2005-09-30": "", "2005-06-30": "", "2005-03-31": ""}, "Other Long-Term Assets": {"2020-12-31": "114.05800", "2020-09-30": "108.92000", "2020-06-30": "110.56900", "2020-03-31": "97.38300", "2019-12-31": "95.41300", "2019-09-30": "97.43900", "2019-06-30": "38.26700", "2019-03-31": "61.84300", "2018-12-31": "59.61400", "2018-09-30": "56.97700", "2018-06-30": "51.29100", "2018-03-31": "69.42800", "2017-12-31": "65.24300", "2017-09-30": "61.93700", "2017-06-30": "76.17600", "2017-03-31": "70.84500", "2016-12-31": "56.34400", "2016-09-30": "57.74400", "2016-06-30": "97.82900", "2016-03-31": "91.61900", "2015-12-31": "146.77900", "2015-09-30": "107.19000", "2015-06-30": "32.63000", "2015-03-31": "36.23100", "2014-12-31": "38.26500", "2014-09-30": "40.12700", "2014-06-30": "29.76600", "2014-03-31": "38.17600", "2013-12-31": "42.80300", "2013-09-30": "40.06300", "2013-06-30": "43.73000", "2013-03-31": "41.66000", "2012-12-31": "50.94000", "2012-09-30": "60.40300", "2012-06-30": "52.98800", "2012-03-31": "26.26400", "2011-12-31": "19.05500", "2011-09-30": "20.55200", "2011-06-30": "21.65300", "2011-03-31": "25.79800", "2010-12-31": "27.62500", "2010-09-30": "29.96800", "2010-06-30": "30.32500", "2010-03-31": "120.57500", "2009-12-31": "125.06000", "2009-09-30": "130.03900", "2009-06-30": "27.76700", "2009-03-31": "140.45500", "2008-12-31": "110.05200", "2008-09-30": "168.39500", "2008-06-30": "176.62900", "2008-03-31": "167.32900", "2007-12-31": "155.84100", "2007-09-30": "142.31000", "2007-06-30": "104.93800", "2007-03-31": "96.20000", "2006-12-31": "87.77400", "2006-09-30": "109.20900", "2006-06-30": "69.93700", "2006-03-31": "39.45900", "2005-12-31": "29.62800", "2005-09-30": "28.85000", "2005-06-30": "43.73900", "2005-03-31": "27.62400"}, "Total Long-Term Assets": {"2020-12-31": "1293.77700", "2020-09-30": "1296.56000", "2020-06-30": "1311.47400", "2020-03-31": "1238.91200", "2019-12-31": "1247.53200", "2019-09-30": "1256.16300", "2019-06-30": "1204.48200", "2019-03-31": "1227.08500", "2018-12-31": "1231.00900", "2018-09-30": "1237.02700", "2018-06-30": "1241.15200", "2018-03-31": "1282.35700", "2017-12-31": "1221.79200", "2017-09-30": "1228.42400", "2017-06-30": "1264.63900", "2017-03-31": "1302.67600", "2016-12-31": "1325.41200", "2016-09-30": "1358.70200", "2016-06-30": "1427.56800", "2016-03-31": "1519.55800", "2015-12-31": "1610.85200", "2015-09-30": "1665.84000", "2015-06-30": "1896.66800", "2015-03-31": "1987.02900", "2014-12-31": "2051.53700", "2014-09-30": "2277.34600", "2014-06-30": "2318.91600", "2014-03-31": "2375.28700", "2013-12-31": "2416.74600", "2013-09-30": "1982.22900", "2013-06-30": "1996.00400", "2013-03-31": "1998.16000", "2012-12-31": "2014.55800", "2012-09-30": "2037.77800", "2012-06-30": "2038.58000", "2012-03-31": "2032.99100", "2011-12-31": "2055.45500", "2011-09-30": "2017.64100", "2011-06-30": "1799.89100", "2011-03-31": "1775.82400", "2010-12-31": "1804.00700", "2010-09-30": "1843.42200", "2010-06-30": "1775.71200", "2010-03-31": "1445.92300", "2009-12-31": "1466.89200", "2009-09-30": "1482.89600", "2009-06-30": "1496.82400", "2009-03-31": "1521.92900", "2008-12-31": "1514.28500", "2008-09-30": "1630.16400", "2008-06-30": "1661.82900", "2008-03-31": "1664.79000", "2007-12-31": "1656.66000", "2007-09-30": "1612.05400", "2007-06-30": "1536.21100", "2007-03-31": "1445.38500", "2006-12-31": "1391.77800", "2006-09-30": "1363.70200", "2006-06-30": "1234.42100", "2006-03-31": "1100.31300", "2005-12-31": "1047.24000", "2005-09-30": "1028.63800", "2005-06-30": "1052.20000", "2005-03-31": "1027.02700"}, "Total Assets": {"2020-12-31": "3882.87000", "2020-09-30": "3653.52700", "2020-06-30": "3629.30300", "2020-03-31": "3548.93500", "2019-12-31": "3626.82900", "2019-09-30": "3680.78700", "2019-06-30": "3743.98200", "2019-03-31": "3803.85400", "2018-12-31": "3888.92700", "2018-09-30": "4548.55200", "2018-06-30": "4451.56100", "2018-03-31": "4623.19500", "2017-12-31": "4564.51200", "2017-09-30": "4536.00600", "2017-06-30": "4570.23300", "2017-03-31": "4017.78300", "2016-12-31": "3947.97400", "2016-09-30": "4192.61600", "2016-06-30": "4234.61600", "2016-03-31": "3981.46800", "2015-12-31": "3937.48100", "2015-09-30": "3944.88600", "2015-06-30": "4216.07100", "2015-03-31": "4167.71700", "2014-12-31": "4124.52700", "2014-09-30": "4305.12500", "2014-06-30": "4405.61800", "2014-03-31": "4354.56500", "2013-12-31": "4306.88200", "2013-09-30": "3763.99700", "2013-06-30": "3935.91000", "2013-03-31": "4334.11800", "2012-12-31": "3738.55300", "2012-09-30": "3704.57400", "2012-06-30": "3737.94600", "2012-03-31": "3670.23700", "2011-12-31": "3520.65500", "2011-09-30": "3521.58300", "2011-06-30": "3527.74300", "2011-03-31": "3452.41700", "2010-12-31": "3365.69300", "2010-09-30": "3305.10300", "2010-06-30": "3482.32500", "2010-03-31": "3078.67300", "2009-12-31": "2998.45200", "2009-09-30": "3061.30700", "2009-06-30": "3081.77500", "2009-03-31": "3129.92800", "2008-12-31": "3209.98200", "2008-09-30": "3700.76300", "2008-06-30": "3708.39000", "2008-03-31": "3674.01800", "2007-12-31": "3638.59500", "2007-09-30": "3742.06900", "2007-06-30": "3606.78400", "2007-03-31": "3523.05600", "2006-12-31": "3483.44900", "2006-09-30": "3480.23700", "2006-06-30": "3286.53700", "2006-03-31": "3041.55600", "2005-12-31": "2957.03300", "2005-09-30": "3154.22400", "2005-06-30": "3059.93900", "2005-03-31": "2939.70100"}, "Total Current Liabilities": {"2020-12-31": "456.39700", "2020-09-30": "446.32000", "2020-06-30": "453.33400", "2020-03-31": "387.92600", "2019-12-31": "360.47100", "2019-09-30": "342.51600", "2019-06-30": "371.16700", "2019-03-31": "398.99700", "2018-12-31": "406.48000", "2018-09-30": "928.27700", "2018-06-30": "797.39500", "2018-03-31": "803.95100", "2017-12-31": "745.39000", "2017-09-30": "233.91200", "2017-06-30": "278.99700", "2017-03-31": "294.11000", "2016-12-31": "260.67300", "2016-09-30": "531.96700", "2016-06-30": "609.40300", "2016-03-31": "342.03300", "2015-12-31": "315.25100", "2015-09-30": "345.95400", "2015-06-30": "383.17700", "2015-03-31": "355.33400", "2014-12-31": "334.23900", "2014-09-30": "335.13000", "2014-06-30": "398.63500", "2014-03-31": "391.38800", "2013-12-31": "381.11600", "2013-09-30": "335.35700", "2013-06-30": "404.89300", "2013-03-31": "706.96300", "2012-12-31": "673.81900", "2012-09-30": "682.39700", "2012-06-30": "755.38900", "2012-03-31": "437.62700", "2011-12-31": "379.65900", "2011-09-30": "386.66700", "2011-06-30": "414.34000", "2011-03-31": "391.15300", "2010-12-31": "335.35000", "2010-09-30": "356.76000", "2010-06-30": "532.51700", "2010-03-31": "472.60300", "2009-12-31": "257.39200", "2009-09-30": "268.94300", "2009-06-30": "268.77600", "2009-03-31": "276.57100", "2008-12-31": "293.36700", "2008-09-30": "402.06800", "2008-06-30": "419.15500", "2008-03-31": "426.57600", "2007-12-31": "417.66000", "2007-09-30": "591.38100", "2007-06-30": "454.90400", "2007-03-31": "461.02800", "2006-12-31": "486.52800", "2006-09-30": "560.76700", "2006-06-30": "494.36100", "2006-03-31": "323.28700", "2005-12-31": "322.79100", "2005-09-30": "328.27200", "2005-06-30": "354.74900", "2005-03-31": "291.72900"}, "Long Term Debt": {"2020-12-31": "994.74100", "2020-09-30": "994.38100", "2020-06-30": "994.02200", "2020-03-31": "993.66300", "2019-12-31": "993.30300", "2019-09-30": "992.94400", "2019-06-30": "992.58400", "2019-03-31": "992.22500", "2018-12-31": "991.86600", "2018-09-30": "991.50600", "2018-06-30": "991.14700", "2018-03-31": "990.78700", "2017-12-31": "990.42800", "2017-09-30": "1488.40600", "2017-06-30": "1487.67800", "2017-03-31": "991.87700", "2016-12-31": "991.28100", "2016-09-30": "990.68500", "2016-06-30": "990.09000", "2016-03-31": "1000.00000", "2015-12-31": "1000.00000", "2015-09-30": "1000.00000", "2015-06-30": "987.68700", "2015-03-31": "1000.00000", "2014-12-31": "1000.00000", "2014-09-30": "1001.02600", "2014-06-30": "1001.02600", "2014-03-31": "1000.87100", "2013-12-31": "1000.87100", "2013-09-30": "500.95500", "2013-06-30": "503.57300", "2013-03-31": "503.57300", "2012-12-31": "3.99700", "2012-09-30": "5.59200", "2012-06-30": "5.59200", "2012-03-31": "308.70000", "2011-12-31": "308.70000", "2011-09-30": "311.79200", "2011-06-30": "300.00000", "2011-03-31": "300.00000", "2010-12-31": "300.00000", "2010-09-30": "300.00000", "2010-06-30": "300.00000", "2010-03-31": "", "2009-12-31": "", "2009-09-30": "", "2009-06-30": "", "2009-03-31": "", "2008-12-31": "", "2008-09-30": "", "2008-06-30": "", "2008-03-31": "", "2007-12-31": "", "2007-09-30": "", "2007-06-30": "", "2007-03-31": "", "2006-12-31": "", "2006-09-30": "", "2006-06-30": "", "2006-03-31": "", "2005-12-31": "", "2005-09-30": "", "2005-06-30": "", "2005-03-31": ""}, "Other Non-Current Liabilities": {"2020-12-31": "505.67100", "2020-09-30": "501.80700", "2020-06-30": "524.49000", "2020-03-31": "547.40300", "2019-12-31": "546.54600", "2019-09-30": "564.04100", "2019-06-30": "534.95500", "2019-03-31": "749.88500", "2018-12-31": "735.16700", "2018-09-30": "716.44600", "2018-06-30": "732.07900", "2018-03-31": "877.46600", "2017-12-31": "842.99600", "2017-09-30": "614.50800", "2017-06-30": "600.86400", "2017-03-31": "571.48700", "2016-12-31": "551.82900", "2016-09-30": "534.72800", "2016-06-30": "526.55300", "2016-03-31": "500.02900", "2015-12-31": "472.75500", "2015-09-30": "473.52900", "2015-06-30": "464.59900", "2015-03-31": "442.25000", "2014-12-31": "428.23900", "2014-09-30": "411.96800", "2014-06-30": "416.16700", "2014-03-31": "390.27100", "2013-12-31": "366.39600", "2013-09-30": "324.02800", "2013-06-30": "312.59100", "2013-03-31": "297.87800", "2012-12-31": "287.09100", "2012-09-30": "252.25500", "2012-06-30": "240.18600", "2012-03-31": "214.98500", "2011-12-31": "129.99100", "2011-09-30": "120.80500", "2011-06-30": "118.87000", "2011-03-31": "115.78200", "2010-12-31": "183.94700", "2010-09-30": "158.47100", "2010-06-30": "160.32600", "2010-03-31": "124.77500", "2009-12-31": "124.86600", "2009-09-30": "152.26500", "2009-06-30": "151.26100", "2009-03-31": "141.45900", "2008-12-31": "140.73200", "2008-09-30": "142.10500", "2008-06-30": "141.42400", "2008-03-31": "133.37200", "2007-12-31": "133.91700", "2007-09-30": "134.40500", "2007-06-30": "19.94600", "2007-03-31": "17.70000", "2006-12-31": "15.42300", "2006-09-30": "16.08500", "2006-06-30": "16.68700", "2006-03-31": "", "2005-12-31": "", "2005-09-30": "", "2005-06-30": "19.66600", "2005-03-31": "4.00000"}, "Total Long Term Liabilities": {"2020-12-31": "1500.41200", "2020-09-30": "1496.18800", "2020-06-30": "1518.51200", "2020-03-31": "1541.06600", "2019-12-31": "1539.84900", "2019-09-30": "1556.98500", "2019-06-30": "1527.53900", "2019-03-31": "1742.11000", "2018-12-31": "1727.03300", "2018-09-30": "1707.95200", "2018-06-30": "1723.22600", "2018-03-31": "1868.25300", "2017-12-31": "1833.42400", "2017-09-30": "2104.35000", "2017-06-30": "2088.54200", "2017-03-31": "1563.36400", "2016-12-31": "1543.11000", "2016-09-30": "1525.41300", "2016-06-30": "1517.39900", "2016-03-31": "1500.67200", "2015-12-31": "1473.40600", "2015-09-30": "1484.13100", "2015-06-30": "1542.87400", "2015-03-31": "1558.53400", "2014-12-31": "1548.54700", "2014-09-30": "1558.59100", "2014-06-30": "1577.07200", "2014-03-31": "1562.57300", "2013-12-31": "1569.70200", "2013-09-30": "1030.20400", "2013-06-30": "1023.01900", "2013-03-31": "1014.58900", "2012-12-31": "483.52200", "2012-09-30": "453.74000", "2012-06-30": "444.28000", "2012-03-31": "729.41200", "2011-12-31": "636.53000", "2011-09-30": "622.36000", "2011-06-30": "602.58500", "2011-03-31": "596.22400", "2010-12-31": "645.37700", "2010-09-30": "606.42300", "2010-06-30": "596.85000", "2010-03-31": "200.94800", "2009-12-31": "195.92700", "2009-09-30": "220.02500", "2009-06-30": "218.53400", "2009-03-31": "221.43000", "2008-12-31": "175.52500", "2008-09-30": "142.10500", "2008-06-30": "141.42400", "2008-03-31": "133.37200", "2007-12-31": "133.91700", "2007-09-30": "134.40500", "2007-06-30": "19.94600", "2007-03-31": "17.70000", "2006-12-31": "15.42300", "2006-09-30": "16.08500", "2006-06-30": "16.68700", "2006-03-31": "110.25900", "2005-12-31": "118.63600", "2005-09-30": "128.19600", "2005-06-30": "19.68500", "2005-03-31": "144.10700"}, "Total Liabilities": {"2020-12-31": "1956.80900", "2020-09-30": "1942.50800", "2020-06-30": "1971.84600", "2020-03-31": "1928.99200", "2019-12-31": "1900.32000", "2019-09-30": "1899.50100", "2019-06-30": "1898.70600", "2019-03-31": "2141.10700", "2018-12-31": "2133.51300", "2018-09-30": "2636.22900", "2018-06-30": "2520.62100", "2018-03-31": "2672.20400", "2017-12-31": "2578.81400", "2017-09-30": "2338.26200", "2017-06-30": "2367.53900", "2017-03-31": "1857.47400", "2016-12-31": "1803.78300", "2016-09-30": "2057.38000", "2016-06-30": "2126.80200", "2016-03-31": "1842.70500", "2015-12-31": "1788.65700", "2015-09-30": "1830.08500", "2015-06-30": "1926.05100", "2015-03-31": "1913.86800", "2014-12-31": "1882.78600", "2014-09-30": "1893.72100", "2014-06-30": "1975.70700", "2014-03-31": "1953.96100", "2013-12-31": "1950.81800", "2013-09-30": "1365.56100", "2013-06-30": "1427.91200", "2013-03-31": "1721.55200", "2012-12-31": "1157.34100", "2012-09-30": "1136.13700", "2012-06-30": "1199.66900", "2012-03-31": "1167.03900", "2011-12-31": "1016.18900", "2011-09-30": "1009.02700", "2011-06-30": "1016.92500", "2011-03-31": "987.37700", "2010-12-31": "980.72700", "2010-09-30": "963.18300", "2010-06-30": "1129.36700", "2010-03-31": "673.55100", "2009-12-31": "453.31900", "2009-09-30": "488.96800", "2009-06-30": "487.31000", "2009-03-31": "498.00100", "2008-12-31": "468.89200", "2008-09-30": "544.17300", "2008-06-30": "560.57900", "2008-03-31": "559.94800", "2007-12-31": "551.57700", "2007-09-30": "725.78600", "2007-06-30": "474.85000", "2007-03-31": "478.72800", "2006-12-31": "501.95100", "2006-09-30": "576.85200", "2006-06-30": "511.04800", "2006-03-31": "433.54600", "2005-12-31": "441.42700", "2005-09-30": "456.46800", "2005-06-30": "374.43400", "2005-03-31": "435.83600"}, "Common Stock Net": {"2020-12-31": "43.23100", "2020-09-30": "12.46100", "2020-06-30": "0.26600", "2020-03-31": "0.26700", "2019-12-31": "0.27000", "2019-09-30": "0.27100", "2019-06-30": "0.27200", "2019-03-31": "0.27900", "2018-12-31": "0.27900", "2018-09-30": "0.27900", "2018-06-30": "0.27900", "2018-03-31": "0.28300", "2017-12-31": "0.28300", "2017-09-30": "0.28300", "2017-06-30": "0.28300", "2017-03-31": "0.28400", "2016-12-31": "0.28400", "2016-09-30": "0.28400", "2016-06-30": "0.28400", "2016-03-31": "0.28000", "2015-12-31": "63.01400", "2015-09-30": "10.81900", "2015-06-30": "0.28300", "2015-03-31": "12.35900", "2014-12-31": "0.28300", "2014-09-30": "0.28400", "2014-06-30": "0.28500", "2014-03-31": "0.28300", "2013-12-31": "0.28300", "2013-09-30": "0.28300", "2013-06-30": "0.28800", "2013-03-31": "0.29200", "2012-12-31": "7.04000", "2012-09-30": "0.29200", "2012-06-30": "0.29300", "2012-03-31": "9.12500", "2011-12-31": "0.29200", "2011-09-30": "0.29300", "2011-06-30": "0.29600", "2011-03-31": "5.86500", "2010-12-31": "0.29700", "2010-09-30": "0.29700", "2010-06-30": "0.30100", "2010-03-31": "0.30300", "2009-12-31": "0.30500", "2009-09-30": "0.32400", "2009-06-30": "0.30600", "2009-03-31": "0.30400", "2008-12-31": "0.30400", "2008-09-30": "255.81800", "2008-06-30": "0.32100", "2008-03-31": "0.32100", "2007-12-31": "0.32100", "2007-09-30": "0.32100", "2007-06-30": "0.32100", "2007-03-31": "0.32100", "2006-12-31": "0.32100", "2006-09-30": "0.32100", "2006-06-30": "0.32000", "2006-03-31": "0.32100", "2005-12-31": "0.32100", "2005-09-30": "0.32800", "2005-06-30": "0.32700", "2005-03-31": "0.32800"}, "Retained Earnings (Accumulated Deficit)": {"2020-12-31": "1897.09800", "2020-09-30": "1713.15300", "2020-06-30": "1671.78600", "2020-03-31": "1632.32500", "2019-12-31": "1737.52800", "2019-09-30": "1793.01200", "2019-06-30": "1856.35800", "2019-03-31": "1672.93800", "2018-12-31": "1766.47100", "2018-09-30": "1924.76400", "2018-06-30": "1945.64600", "2018-03-31": "1963.91200", "2017-12-31": "1997.20700", "2017-09-30": "2207.05200", "2017-06-30": "2212.30100", "2017-03-31": "2169.76000", "2016-12-31": "2155.69800", "2016-09-30": "2141.32600", "2016-06-30": "2121.74900", "2016-03-31": "2154.76700", "2015-12-31": "2103.33900", "2015-09-30": "2121.58200", "2015-06-30": "2279.11200", "2015-03-31": "2260.01100", "2014-12-31": "2259.99700", "2014-09-30": "2430.19400", "2014-06-30": "2423.79400", "2014-03-31": "2412.62700", "2013-12-31": "2368.35000", "2013-09-30": "2412.26200", "2013-06-30": "2523.45700", "2013-03-31": "2629.89500", "2012-12-31": "2589.61900", "2012-09-30": "2583.06000", "2012-06-30": "2553.41800", "2012-03-31": "2507.29800", "2011-12-31": "2517.16600", "2011-09-30": "2526.59800", "2011-06-30": "2524.79000", "2011-03-31": "2473.27100", "2010-12-31": "2399.32900", "2010-09-30": "2355.32300", "2010-06-30": "2364.59800", "2010-03-31": "2415.17200", "2009-12-31": "2553.88900", "2009-09-30": "2561.18500", "2009-06-30": "2580.61000", "2009-03-31": "2633.63800", "2008-12-31": "2742.56700", "2008-09-30": "2904.59500", "2008-06-30": "2901.13900", "2008-03-31": "2895.19600", "2007-12-31": "2894.26800", "2007-09-30": "2847.35100", "2007-06-30": "2847.28100", "2007-03-31": "2805.03300", "2006-12-31": "2778.97300", "2006-09-30": "2731.50100", "2006-06-30": "2761.18300", "2006-03-31": "2517.40600", "2005-12-31": "2443.97600", "2005-09-30": "2528.29300", "2005-06-30": "2526.48200", "2005-03-31": "2362.31700"}, "Comprehensive Income": {"2020-12-31": "-14.26800", "2020-09-30": "-14.59500", "2020-06-30": "-14.59500", "2020-03-31": "-12.64900", "2019-12-31": "-11.28900", "2019-09-30": "-11.99700", "2019-06-30": "-11.35400", "2019-03-31": "-10.47000", "2018-12-31": "-11.33600", "2018-09-30": "-12.72000", "2018-06-30": "-14.98500", "2018-03-31": "-13.20400", "2017-12-31": "-11.79200", "2017-09-30": "-9.59100", "2017-06-30": "-9.89000", "2017-03-31": "-9.73500", "2016-12-31": "-11.79100", "2016-09-30": "-6.37400", "2016-06-30": "-14.21900", "2016-03-31": "-16.28400", "2015-12-31": "-17.52900", "2015-09-30": "-17.60000", "2015-06-30": "-17.23400", "2015-03-31": "-18.52100", "2014-12-31": "-18.53900", "2014-09-30": "-19.07400", "2014-06-30": "-17.17300", "2014-03-31": "-12.30600", "2013-12-31": "-12.56900", "2013-09-30": "-14.10900", "2013-06-30": "-15.74700", "2013-03-31": "-17.62100", "2012-12-31": "-15.44700", "2012-09-30": "-14.91500", "2012-06-30": "-15.43400", "2012-03-31": "-13.22500", "2011-12-31": "-12.99200", "2011-09-30": "-14.33500", "2011-06-30": "-14.26800", "2011-03-31": "-14.09600", "2010-12-31": "-14.66000", "2010-09-30": "-13.70000", "2010-06-30": "-11.94100", "2010-03-31": "-10.35300", "2009-12-31": "-9.06100", "2009-09-30": "-8.34500", "2009-06-30": "-7.65600", "2009-03-31": "-2.01500", "2008-12-31": "-1.78100", "2008-09-30": "-3.82300", "2008-06-30": "-5.12700", "2008-03-31": "-8.17800", "2007-12-31": "-9.66800", "2007-09-30": "-7.56600", "2007-06-30": "-8.27100", "2007-03-31": "-9.02300", "2006-12-31": "-5.36600", "2006-09-30": "-6.15100", "2006-06-30": "-8.11900", "2006-03-31": "-8.90700", "2005-12-31": "-9.59300", "2005-09-30": "-8.58000", "2005-06-30": "-6.53000", "2005-03-31": "-11.60500"}, "Other Share Holders Equity": {"2020-12-31": "", "2020-09-30": "", "2020-06-30": "", "2020-03-31": "", "2019-12-31": "", "2019-09-30": "", "2019-06-30": "", "2019-03-31": "", "2018-12-31": "", "2018-09-30": "", "2018-06-30": "", "2018-03-31": "", "2017-12-31": "", "2017-09-30": "", "2017-06-30": "", "2017-03-31": "", "2016-12-31": "", "2016-09-30": "", "2016-06-30": "", "2016-03-31": "", "2015-12-31": "", "2015-09-30": "", "2015-06-30": "", "2015-03-31": "", "2014-12-31": "", "2014-09-30": "", "2014-06-30": "", "2014-03-31": "", "2013-12-31": "", "2013-09-30": "", "2013-06-30": "", "2013-03-31": "", "2012-12-31": "", "2012-09-30": "", "2012-06-30": "", "2012-03-31": "", "2011-12-31": "", "2011-09-30": "", "2011-06-30": "", "2011-03-31": "", "2010-12-31": "", "2010-09-30": "", "2010-06-30": "", "2010-03-31": "", "2009-12-31": "", "2009-09-30": "", "2009-06-30": "", "2009-03-31": "", "2008-12-31": "", "2008-09-30": "", "2008-06-30": "", "2008-03-31": "", "2007-12-31": "", "2007-09-30": "", "2007-06-30": "", "2007-03-31": "", "2006-12-31": "", "2006-09-30": "", "2006-06-30": "", "2006-03-31": "", "2005-12-31": "", "2005-09-30": "", "2005-06-30": "", "2005-03-31": ""}, "Share Holder Equity": {"2020-12-31": "1926.06100", "2020-09-30": "1711.01900", "2020-06-30": "1657.45700", "2020-03-31": "1619.94300", "2019-12-31": "1726.50900", "2019-09-30": "1781.28600", "2019-06-30": "1845.27600", "2019-03-31": "1662.74700", "2018-12-31": "1755.41400", "2018-09-30": "1912.32300", "2018-06-30": "1930.94000", "2018-03-31": "1950.99100", "2017-12-31": "1985.69800", "2017-09-30": "2197.74400", "2017-06-30": "2202.69400", "2017-03-31": "2160.30900", "2016-12-31": "2144.19100", "2016-09-30": "2135.23600", "2016-06-30": "2107.81400", "2016-03-31": "2138.76300", "2015-12-31": "2148.82400", "2015-09-30": "2114.80100", "2015-06-30": "2290.02000", "2015-03-31": "2253.84900", "2014-12-31": "2241.74100", "2014-09-30": "2411.40400", "2014-06-30": "2429.91100", "2014-03-31": "2400.60400", "2013-12-31": "2356.06400", "2013-09-30": "2398.43600", "2013-06-30": "2507.99800", "2013-03-31": "2612.56600", "2012-12-31": "2581.21200", "2012-09-30": "2568.43700", "2012-06-30": "2538.27700", "2012-03-31": "2503.19800", "2011-12-31": "2504.46600", "2011-09-30": "2512.55600", "2011-06-30": "2510.81800", "2011-03-31": "2465.04000", "2010-12-31": "2384.96600", "2010-09-30": "2341.92000", "2010-06-30": "2352.95800", "2010-03-31": "2405.12200", "2009-12-31": "2545.13300", "2009-09-30": "2572.33900", "2009-06-30": "2594.46500", "2009-03-31": "2631.92700", "2008-12-31": "2741.09000", "2008-09-30": "3156.59000", "2008-06-30": "3147.81100", "2008-03-31": "3114.07000", "2007-12-31": "3087.01800", "2007-09-30": "3016.28300", "2007-06-30": "3131.93400", "2007-03-31": "3044.32800", "2006-12-31": "2981.49800", "2006-09-30": "2903.38500", "2006-06-30": "2775.48900", "2006-03-31": "2608.01000", "2005-12-31": "2515.60600", "2005-09-30": "2697.75600", "2005-06-30": "2685.50500", "2005-03-31": "2503.86500"}, "Total Liabilities And Share Holders Equity": {"2020-12-31": "3882.87000", "2020-09-30": "3653.52700", "2020-06-30": "3629.30300", "2020-03-31": "3548.93500", "2019-12-31": "3626.82900", "2019-09-30": "3680.78700", "2019-06-30": "3743.98200", "2019-03-31": "3803.85400", "2018-12-31": "3888.92700", "2018-09-30": "4548.55200", "2018-06-30": "4451.56100", "2018-03-31": "4623.19500", "2017-12-31": "4564.51200", "2017-09-30": "4536.00600", "2017-06-30": "4570.23300", "2017-03-31": "4017.78300", "2016-12-31": "3947.97400", "2016-09-30": "4192.61600", "2016-06-30": "4234.61600", "2016-03-31": "3981.46800", "2015-12-31": "3937.48100", "2015-09-30": "3944.88600", "2015-06-30": "4216.07100", "2015-03-31": "4167.71700", "2014-12-31": "4124.52700", "2014-09-30": "4305.12500", "2014-06-30": "4405.61800", "2014-03-31": "4354.56500", "2013-12-31": "4306.88200", "2013-09-30": "3763.99700", "2013-06-30": "3935.91000", "2013-03-31": "4334.11800", "2012-12-31": "3738.55300", "2012-09-30": "3704.57400", "2012-06-30": "3737.94600", "2012-03-31": "3670.23700", "2011-12-31": "3520.65500", "2011-09-30": "3521.58300", "2011-06-30": "3527.74300", "2011-03-31": "3452.41700", "2010-12-31": "3365.69300", "2010-09-30": "3305.10300", "2010-06-30": "3482.32500", "2010-03-31": "3078.67300", "2009-12-31": "2998.45200", "2009-09-30": "3061.30700", "2009-06-30": "3081.77500", "2009-03-31": "3129.92800", "2008-12-31": "3209.98200", "2008-09-30": "3700.76300", "2008-06-30": "3708.39000", "2008-03-31": "3674.01800", "2007-12-31": "3638.59500", "2007-09-30": "3742.06900", "2007-06-30": "3606.78400", "2007-03-31": "3523.05600", "2006-12-31": "3483.44900", "2006-09-30": "3480.23700", "2006-06-30": "3286.53700", "2006-03-31": "3041.55600", "2005-12-31": "2957.03300", "2005-09-30": "3154.22400", "2005-06-30": "3059.93900", "2005-03-31": "2939.70100"}}, "cash flow statement": {"Net Income/Loss": {"2020-06-30": "654.69400", "2019-06-30": "827.48600", "2018-06-30": "467.31800", "2017-06-30": "571.61300", "2016-06-30": "227.47500", "2015-06-30": "206.03800", "2014-06-30": "354.81000", "2013-06-30": "454.91200", "2012-06-30": "386.72700", "2011-06-30": "489.00900", "2010-06-30": "125.13900", "2009-06-30": "10.45500", "2008-06-30": "317.72500", "2007-06-30": "286.22700", "2006-06-30": "387.70100", "2005-06-30": "462.27700"}, "Total Depreciation And Amortization - Cash Flow": {"2020-06-30": "108.53300", "2019-06-30": "110.74500", "2018-06-30": "144.97400", "2017-06-30": "164.29200", "2016-06-30": "244.63700", "2015-06-30": "299.39600", "2014-06-30": "244.59300", "2013-06-30": "207.13600", "2012-06-30": "211.09600", "2011-06-30": "205.06200", "2010-06-30": "167.52300", "2009-06-30": "205.42300", "2008-06-30": "161.90700", "2007-06-30": "104.64300", "2006-06-30": "90.32400", "2005-06-30": "77.65300"}, "Other Non-Cash Items": {"2020-06-30": "116.96900", "2019-06-30": "104.89800", "2018-06-30": "108.28700", "2017-06-30": "61.14900", "2016-06-30": "150.48200", "2015-06-30": "127.27400", "2014-06-30": "65.70400", "2013-06-30": "122.44200", "2012-06-30": "83.67000", "2011-06-30": "265.00400", "2010-06-30": "108.57300", "2009-06-30": "238.13300", "2008-06-30": "160.17400", "2007-06-30": "265.33300", "2006-06-30": "181.53800", "2005-06-30": "203.82100"}, "Total Non-Cash Items": {"2020-06-30": "225.50200", "2019-06-30": "215.64300", "2018-06-30": "253.26100", "2017-06-30": "225.44100", "2016-06-30": "395.11900", "2015-06-30": "426.67000", "2014-06-30": "310.29700", "2013-06-30": "329.57800", "2012-06-30": "294.76600", "2011-06-30": "470.06600", "2010-06-30": "276.09600", "2009-06-30": "443.55600", "2008-06-30": "322.08100", "2007-06-30": "369.97600", "2006-06-30": "271.86200", "2005-06-30": "281.47400"}, "Change In Accounts Receivable": {"2020-06-30": "-42.33500", "2019-06-30": "62.25200", "2018-06-30": "-19.71400", "2017-06-30": "0.07800", "2016-06-30": "22.31300", "2015-06-30": "16.98400", "2014-06-30": "13.34000", "2013-06-30": "32.02300", "2012-06-30": "-19.26200", "2011-06-30": "43.25600", "2010-06-30": "-124.25800", "2009-06-30": "65.28800", "2008-06-30": "-27.03100", "2007-06-30": "52.28700", "2006-06-30": "-97.69400", "2005-06-30": "-0.05700"}, "Change In Inventories": {"2020-06-30": "-8.67100", "2019-06-30": "36.00300", "2018-06-30": "-32.77600", "2017-06-30": "-21.21500", "2016-06-30": "44.08600", "2015-06-30": "2.16300", "2014-06-30": "20.67200", "2013-06-30": "-35.24500", "2012-06-30": "-0.43200", "2011-06-30": "-29.43500", "2010-06-30": "22.68100", "2009-06-30": "49.12400", "2008-06-30": "-9.28700", "2007-06-30": "-54.24200", "2006-06-30": "-22.34000", "2005-06-30": "-41.93900"}, "Change In Accounts Payable": {"2020-06-30": "7.59400", "2019-06-30": "-10.27200", "2018-06-30": "9.56000", "2017-06-30": "-6.20500", "2016-06-30": "-3.67600", "2015-06-30": "-4.20100", "2014-06-30": "-11.25500", "2013-06-30": "-32.51000", "2012-06-30": "25.51500", "2011-06-30": "-4.74600", "2010-06-30": "41.19100", "2009-06-30": "-5.98800", "2008-06-30": "-13.38300", "2007-06-30": "-12.27800", "2006-06-30": "30.88500", "2005-06-30": "-7.72100"}, "Change In Assets/Liabilities": {"2020-06-30": "-86.29900", "2019-06-30": "-14.90100", "2018-06-30": "17.39400", "2017-06-30": "-27.35200", "2016-06-30": "11.39500", "2015-06-30": "-4.19000", "2014-06-30": "44.73400", "2013-06-30": "-20.95600", "2012-06-30": "-27.35800", "2011-06-30": "64.35700", "2010-06-30": "-70.29900", "2009-06-30": "-1.46100", "2008-06-30": "-15.85400", "2007-06-30": "6.54400", "2006-06-30": "-8.61900", "2005-06-30": "6.18200"}, "Total Change In Assets/Liabilities": {"2020-06-30": "-79.34100", "2019-06-30": "-167.28900", "2018-06-30": "98.88500", "2017-06-30": "-23.39700", "2016-06-30": "99.29100", "2015-06-30": "60.99800", "2014-06-30": "111.00000", "2013-06-30": "33.44500", "2012-06-30": "75.22900", "2011-06-30": "-97.62100", "2010-06-30": "89.71800", "2009-06-30": "-8.21600", "2008-06-30": "-120.38200", "2007-06-30": "-39.64400", "2006-06-30": "-40.45300", "2005-06-30": "-16.62700"}, "Cash Flow From Operating Activities": {"2020-06-30": "800.85500", "2019-06-30": "875.84000", "2018-06-30": "819.46400", "2017-06-30": "773.65700", "2016-06-30": "721.88500", "2015-06-30": "693.70600", "2014-06-30": "776.10700", "2013-06-30": "817.93500", "2012-06-30": "756.72200", "2011-06-30": "861.45400", "2010-06-30": "490.95300", "2009-06-30": "445.79500", "2008-06-30": "519.42400", "2007-06-30": "616.55900", "2006-06-30": "619.11000", "2005-06-30": "727.12400"}, "Net Change In Property, Plant, And Equipment": {"2020-06-30": "-66.65700", "2019-06-30": "-82.48300", "2018-06-30": "-59.95900", "2017-06-30": "-40.62900", "2016-06-30": "15.77300", "2015-06-30": "-46.78100", "2014-06-30": "-127.23000", "2013-06-30": "-186.69000", "2012-06-30": "-247.46500", "2011-06-30": "-147.62900", "2010-06-30": "-121.09900", "2009-06-30": "-134.48200", "2008-06-30": "-199.50100", "2007-06-30": "-399.40600", "2006-06-30": "-199.65900", "2005-06-30": "-162.31400"}, "Net Change In Intangible Assets": {"2020-06-30": "", "2019-06-30": "", "2018-06-30": "", "2017-06-30": "", "2016-06-30": "", "2015-06-30": "", "2014-06-30": "", "2013-06-30": "", "2012-06-30": "", "2011-06-30": "", "2010-06-30": "", "2009-06-30": "", "2008-06-30": "", "2007-06-30": "", "2006-06-30": "", "2005-06-30": ""}, "Net Acquisitions/Divestitures": {"2020-06-30": "-69.27000", "2019-06-30": "-2.94900", "2018-06-30": "-57.77300", "2017-06-30": "42.19900", "2016-06-30": "105.00000", "2015-06-30": "35.55000", "2014-06-30": "-459.25600", "2013-06-30": "-2.76700", "2012-06-30": "-111.93700", "2011-06-30": "-80.91800", "2010-06-30": "-316.78400", "2009-06-30": "-61.01000", "2008-06-30": "-64.12300", "2007-06-30": "", "2006-06-30": "", "2005-06-30": ""}, "Net Change In Short-term Investments": {"2020-06-30": "", "2019-06-30": "", "2018-06-30": "", "2017-06-30": "", "2016-06-30": "", "2015-06-30": "", "2014-06-30": "", "2013-06-30": "", "2012-06-30": "", "2011-06-30": "", "2010-06-30": "", "2009-06-30": "", "2008-06-30": "", "2007-06-30": "", "2006-06-30": "", "2005-06-30": "20.82900"}, "Net Change In Long-Term Investments": {"2020-06-30": "103.61600", "2019-06-30": "942.94310", "2018-06-30": "-592.33400", "2017-06-30": "-326.96600", "2016-06-30": "-60.43100", "2015-06-30": "-25.34200", "2014-06-30": "-22.95300", "2013-06-30": "50.08500", "2012-06-30": "-21.88300", "2011-06-30": "-49.78700", "2010-06-30": "200.23300", "2009-06-30": "2.90200", "2008-06-30": "519.58200", "2007-06-30": "208.13700", "2006-06-30": "366.42900", "2005-06-30": "-342.08300"}, "Net Change In Investments - Total": {"2020-06-30": "103.61600", "2019-06-30": "942.94310", "2018-06-30": "-592.33400", "2017-06-30": "-326.96600", "2016-06-30": "-60.43100", "2015-06-30": "-25.34200", "2014-06-30": "-22.95300", "2013-06-30": "50.08500", "2012-06-30": "-21.88300", "2011-06-30": "-49.78700", "2010-06-30": "200.23300", "2009-06-30": "2.90200", "2008-06-30": "519.58200", "2007-06-30": "208.13700", "2006-06-30": "366.42900", "2005-06-30": "-321.25400"}, "Investing Activities - Other": {"2020-06-30": "0.26200", "2019-06-30": "-0.60000", "2018-06-30": "", "2017-06-30": "", "2016-06-30": "2.38000", "2015-06-30": "0.50000", "2014-06-30": "", "2013-06-30": "", "2012-06-30": "-3.48000", "2011-06-30": "", "2010-06-30": "-3.99800", "2009-06-30": "0.87300", "2008-06-30": "9.13100", "2007-06-30": "-11.66500", "2006-06-30": "-9.16300", "2005-06-30": "1.49700"}, "Cash Flow From Investing Activities": {"2020-06-30": "-32.04900", "2019-06-30": "856.91100", "2018-06-30": "-710.06600", "2017-06-30": "-325.39600", "2016-06-30": "62.72200", "2015-06-30": "-36.07300", "2014-06-30": "-609.43900", "2013-06-30": "-139.37200", "2012-06-30": "-384.76500", "2011-06-30": "-278.33400", "2010-06-30": "-241.64800", "2009-06-30": "-191.71700", "2008-06-30": "265.08900", "2007-06-30": "-202.93400", "2006-06-30": "157.60700", "2005-06-30": "-482.07100"}, "Net Long-Term Debt": {"2020-06-30": "", "2019-06-30": "", "2018-06-30": "", "2017-06-30": "", "2016-06-30": "", "2015-06-30": "", "2014-06-30": "", "2013-06-30": "", "2012-06-30": "", "2011-06-30": "", "2010-06-30": "298.57800", "2009-06-30": "-50.43200", "2008-06-30": "-25.28600", "2007-06-30": "-29.48900", "2006-06-30": "", "2005-06-30": ""}, "Net Current Debt": {"2020-06-30": "", "2019-06-30": "-500.00000", "2018-06-30": "", "2017-06-30": "250.00000", "2016-06-30": "250.00000", "2015-06-30": "-0.43700", "2014-06-30": "493.18700", "2013-06-30": "190.89500", "2012-06-30": "-20.80600", "2011-06-30": "-1.42200", "2010-06-30": "", "2009-06-30": "-3.82700", "2008-06-30": "", "2007-06-30": "", "2006-06-30": "", "2005-06-30": ""}, "Debt Issuance/Retirement Net - Total": {"2020-06-30": "", "2019-06-30": "-500.00000", "2018-06-30": "", "2017-06-30": "250.00000", "2016-06-30": "250.00000", "2015-06-30": "-0.43700", "2014-06-30": "493.18700", "2013-06-30": "190.89500", "2012-06-30": "-20.80600", "2011-06-30": "-1.42200", "2010-06-30": "298.57800", "2009-06-30": "-54.25900", "2008-06-30": "-25.28600", "2007-06-30": "-29.48900", "2006-06-30": "", "2005-06-30": ""}, "Net Common Equity Issued/Repurchased": {"2020-06-30": "-415.55800", "2019-06-30": "-504.26500", "2018-06-30": "-373.94800", "2017-06-30": "-179.71000", "2016-06-30": "-181.56200", "2015-06-30": "-95.55000", "2014-06-30": "-192.86600", "2013-06-30": "-267.49600", "2012-06-30": "-162.73400", "2011-06-30": "-206.16700", "2010-06-30": "-196.38900", "2009-06-30": "-255.71900", "2008-06-30": "", "2007-06-30": "-35.09200", "2006-06-30": "-431.59500", "2005-06-30": "-62.46400"}, "Net Total Equity Issued/Repurchased": {"2020-06-30": "-415.55800", "2019-06-30": "-504.26500", "2018-06-30": "-373.94800", "2017-06-30": "-179.71000", "2016-06-30": "-181.56200", "2015-06-30": "-95.55000", "2014-06-30": "-192.86600", "2013-06-30": "-267.49600", "2012-06-30": "-162.73400", "2011-06-30": "-206.16700", "2010-06-30": "-196.38900", "2009-06-30": "-255.71900", "2008-06-30": "", "2007-06-30": "-35.09200", "2006-06-30": "-431.59500", "2005-06-30": "-62.46400"}, "Total Common And Preferred Stock Dividends Paid": {"2020-06-30": "-517.16200", "2019-06-30": "-505.57600", "2018-06-30": "-438.08700", "2017-06-30": "-373.97100", "2016-06-30": "-342.02300", "2015-06-30": "-317.90900", "2014-06-30": "-294.17500", "2013-06-30": "-280.21500", "2012-06-30": "-257.73100", "2011-06-30": "-249.14500", "2010-06-30": "-243.75500", "2009-06-30": "-248.50100", "2008-06-30": "-240.41500", "2007-06-30": "-200.12900", "2006-06-30": "-153.00000", "2005-06-30": "-123.94300"}, "Financial Activities - Other": {"2020-06-30": "-8.00000", "2019-06-30": "-9.05200", "2018-06-30": "", "2017-06-30": "-3.68800", "2016-06-30": "43.24200", "2015-06-30": "-15.24400", "2014-06-30": "-25.32800", "2013-06-30": "-27.82100", "2012-06-30": "-12.16700", "2011-06-30": "9.64300", "2010-06-30": "9.42500", "2009-06-30": "0.63000", "2008-06-30": "-82.76100", "2007-06-30": "5.82000", "2006-06-30": "44.66000", "2005-06-30": ""}, "Cash Flow From Financial Activities": {"2020-06-30": "-940.72000", "2019-06-30": "-1518.89300", "2018-06-30": "-812.03500", "2017-06-30": "-307.36900", "2016-06-30": "-230.34300", "2015-06-30": "-429.14000", "2014-06-30": "-19.18200", "2013-06-30": "-384.63700", "2012-06-30": "-453.43800", "2011-06-30": "-447.09100", "2010-06-30": "-132.14100", "2009-06-30": "-557.84900", "2008-06-30": "-348.46200", "2007-06-30": "-258.89000", "2006-06-30": "-539.93500", "2005-06-30": "-186.40700"}, "Net Cash Flow": {"2020-06-30": "-171.91400", "2019-06-30": "213.85800", "2018-06-30": "-702.63700", "2017-06-30": "140.89200", "2016-06-30": "554.26400", "2015-06-30": "228.49300", "2014-06-30": "147.48600", "2013-06-30": "293.92600", "2012-06-30": "-81.48100", "2011-06-30": "136.02900", "2010-06-30": "117.16400", "2009-06-30": "-303.77100", "2008-06-30": "436.05100", "2007-06-30": "154.73500", "2006-06-30": "236.78200", "2005-06-30": "58.64600"}, "Stock-Based Compensation": {"2020-06-30": "95.43100", "2019-06-30": "86.97700", "2018-06-30": "78.68500", "2017-06-30": "71.11700", "2016-06-30": "69.70100", "2015-06-30": "79.49100", "2014-06-30": "85.45200", "2013-06-30": "83.80800", "2012-06-30": "89.86700", "2011-06-30": "94.29700", "2010-06-30": "93.52500", "2009-06-30": "196.10800", "2008-06-30": "189.72000", "2007-06-30": "353.76100", "2006-06-30": "251.41400", "2005-06-30": "90.31400"}, "Common Stock Dividends Paid": {"2020-06-30": "-517.16200", "2019-06-30": "-505.57600", "2018-06-30": "-438.08700", "2017-06-30": "-373.97100", "2016-06-30": "-342.02300", "2015-06-30": "-317.90900", "2014-06-30": "-294.17500", "2013-06-30": "-280.21500", "2012-06-30": "-257.73100", "2011-06-30": "-249.14500", "2010-06-30": "-243.75500", "2009-06-30": "-248.50100", "2008-06-30": "-240.41500", "2007-06-30": "-200.12900", "2006-06-30": "-153.00000", "2005-06-30": "-123.94300"}}, "cash flow statement, quarterly": {"Net Income/Loss": {"2020-12-31": 183.945, "2020-09-30": "169.51400", "2020-06-30": 207.298, "2020-03-31": 161.19, "2019-12-31": 146.05, "2019-09-30": "140.15600", "2019-06-30": 367.558, "2019-03-31": 130.613, "2018-12-31": 131.892, "2018-09-30": "197.42300", "2018-06-30": 194.172, "2018-03-31": 193.627, "2017-12-31": -75.014, "2017-09-30": "154.53300", "2017-06-30": 163.309, "2017-03-31": 140.213, "2016-12-31": 130.477, "2016-09-30": "137.61400", "2016-06-30": 92.339, "2016-03-31": 139.81, "2015-12-31": 67.469, "2015-09-30": "-72.14300", "2015-06-30": 98.659, "2015-03-31": 79.433, "2014-12-31": -72.034, "2014-09-30": "99.98000", "2014-06-30": 84.793, "2014-03-31": 122.544, "2013-12-31": 44.353, "2013-09-30": "103.12000", "2013-06-30": 119.014, "2013-03-31": 131.388, "2012-12-31": 76.622, "2012-09-30": "127.88800", "2012-06-30": 110.634, "2012-03-31": 54.517, "2011-12-31": 88.13, "2011-09-30": "133.44600", "2011-06-30": 125.593, "2011-03-31": 136.276, "2010-12-31": 109.59, "2010-09-30": "117.55000", "2010-06-30": 58.455, "2010-03-31": -33.903, "2009-12-31": 58.635, "2009-09-30": "41.95200", "2009-06-30": 8.098, "2009-03-31": -26.426, "2008-12-31": -38.784, "2008-09-30": "67.56700", "2008-06-30": 66.047, "2008-03-31": 61.032, "2007-12-31": 107.02, "2007-09-30": "83.62600", "2007-06-30": 92.253, "2007-03-31": 76.068, "2006-12-31": 97.568, "2006-09-30": "20.33800", "2006-06-30": 96.142, "2006-03-31": 107.11, "2005-12-31": 97.671, "2005-09-30": "86.77800", "2005-06-30": 47.58, "2005-03-31": 414.697}, "Total Depreciation And Amortization - Cash Flow": {"2020-12-31": 24.141, "2020-09-30": "24.19900", "2020-06-30": 36.384, "2020-03-31": 24.141, "2019-12-31": 24.087, "2019-09-30": "23.92100", "2019-06-30": 25.569, "2019-03-31": 27.182, "2018-12-31": 26.803, "2018-09-30": "31.19100", "2018-06-30": 35.206, "2018-03-31": 37.201, "2017-12-31": 35.813, "2017-09-30": "36.75400", "2017-06-30": 38.194, "2017-03-31": 40.473, "2016-12-31": 42.14, "2016-09-30": "43.48500", "2016-06-30": 46.414, "2016-03-31": 47.088, "2015-12-31": 49.082, "2015-09-30": "102.05300", "2015-06-30": 92.639, "2015-03-31": 71.439, "2014-12-31": 71.625, "2014-09-30": "63.69300", "2014-06-30": 64.391, "2014-03-31": 64.665, "2013-12-31": 64.404, "2013-09-30": "51.13300", "2013-06-30": 51.191, "2013-03-31": 50.391, "2012-12-31": 51.88, "2012-09-30": "53.67400", "2012-06-30": 53.554, "2012-03-31": 53.476, "2011-12-31": 51.995, "2011-09-30": "52.07100", "2011-06-30": 50.016, "2011-03-31": 50.684, "2010-12-31": 52.228, "2010-09-30": "52.13400", "2010-06-30": 50.385, "2010-03-31": 40.81, "2009-12-31": 39.832, "2009-09-30": "36.49600", "2009-06-30": 56.513, "2009-03-31": 51.236, "2008-12-31": 50.893, "2008-09-30": "46.78100", "2008-06-30": 50.731, "2008-03-31": 46.352, "2007-12-31": 34.479, "2007-09-30": "30.34500", "2007-06-30": 27.142, "2007-03-31": 27.265, "2006-12-31": 25.889, "2006-09-30": "24.34700", "2006-06-30": 26.058, "2006-03-31": 21.994, "2005-12-31": 21.254, "2005-09-30": "21.01800", "2005-06-30": 20.552, "2005-03-31": 57.101}, "Other Non-Cash Items": {"2020-12-31": 28.371, "2020-09-30": "36.55700", "2020-06-30": 40.36, "2020-03-31": 23.652, "2019-12-31": 27.43, "2019-09-30": "25.52700", "2019-06-30": 48.497, "2019-03-31": 18.922, "2018-12-31": 19.51, "2018-09-30": "17.96900", "2018-06-30": 41.634, "2018-03-31": 19.095, "2017-12-31": 18.053, "2017-09-30": "29.50500", "2017-06-30": 26.992, "2017-03-31": 7.142, "2016-12-31": 14.834, "2016-09-30": "12.18100", "2016-06-30": 37.351, "2016-03-31": -38.744, "2015-12-31": 32.728, "2015-09-30": "119.14700", "2015-06-30": -54.197, "2015-03-31": 9.647, "2014-12-31": 133.366, "2014-09-30": "38.45800", "2014-06-30": 22.382, "2014-03-31": -9.239, "2013-12-31": 13.441, "2013-09-30": "39.12000", "2013-06-30": 15.686, "2013-03-31": 32.143, "2012-12-31": 30.572, "2012-09-30": "44.04100", "2012-06-30": 39.696, "2012-03-31": -32.666, "2011-12-31": 14.596, "2011-09-30": "62.04400", "2011-06-30": 38.114, "2011-03-31": 66.092, "2010-12-31": 45.776, "2010-09-30": "115.02200", "2010-06-30": 76.04, "2010-03-31": -42.759, "2009-12-31": 28.209, "2009-09-30": "47.08300", "2009-06-30": 15.421, "2009-03-31": 25.813, "2008-12-31": 151.209, "2008-09-30": "45.69000", "2008-06-30": 18.769, "2008-03-31": 22.147, "2007-12-31": 54.794, "2007-09-30": "64.46400", "2007-06-30": 38.734, "2007-03-31": 56.51, "2006-12-31": 34.281, "2006-09-30": "135.80800", "2006-06-30": 38.001, "2006-03-31": 52.166, "2005-12-31": 45.382, "2005-09-30": "45.98900", "2005-06-30": 81.204, "2005-03-31": 122.617}, "Total Non-Cash Items": {"2020-12-31": 52.512, "2020-09-30": "60.75600", "2020-06-30": 76.744, "2020-03-31": 47.793, "2019-12-31": 51.517, "2019-09-30": "49.44800", "2019-06-30": 74.066, "2019-03-31": 46.104, "2018-12-31": 46.313, "2018-09-30": "49.16000", "2018-06-30": 76.84, "2018-03-31": 56.296, "2017-12-31": 53.866, "2017-09-30": "66.25900", "2017-06-30": 65.186, "2017-03-31": 47.615, "2016-12-31": 56.974, "2016-09-30": "55.66600", "2016-06-30": 83.765, "2016-03-31": 8.344, "2015-12-31": 81.81, "2015-09-30": "221.20000", "2015-06-30": 38.442, "2015-03-31": 81.086, "2014-12-31": 204.991, "2014-09-30": "102.15100", "2014-06-30": 86.773, "2014-03-31": 55.426, "2013-12-31": 77.845, "2013-09-30": "90.25300", "2013-06-30": 66.877, "2013-03-31": 82.534, "2012-12-31": 82.452, "2012-09-30": "97.71500", "2012-06-30": 93.25, "2012-03-31": 20.81, "2011-12-31": 66.591, "2011-09-30": "114.11500", "2011-06-30": 88.13, "2011-03-31": 116.776, "2010-12-31": 98.004, "2010-09-30": "167.15600", "2010-06-30": 126.425, "2010-03-31": -1.949, "2009-12-31": 68.041, "2009-09-30": "83.57900", "2009-06-30": 71.934, "2009-03-31": 77.049, "2008-12-31": 202.102, "2008-09-30": "92.47100", "2008-06-30": 69.5, "2008-03-31": 68.499, "2007-12-31": 89.273, "2007-09-30": "94.80900", "2007-06-30": 65.876, "2007-03-31": 83.775, "2006-12-31": 60.17, "2006-09-30": "160.15500", "2006-06-30": 64.059, "2006-03-31": 74.16, "2005-12-31": 66.636, "2005-09-30": "67.00700", "2005-06-30": 101.756, "2005-03-31": 179.718}, "Change In Accounts Receivable": {"2020-12-31": -36.401, "2020-09-30": "-44.79800", "2020-06-30": -34.823, "2020-03-31": -19.186, "2019-12-31": 21.974, "2019-09-30": "-10.30000", "2019-06-30": 56.777, "2019-03-31": -14.323, "2018-12-31": 43.402, "2018-09-30": "-23.60400", "2018-06-30": 40.48, "2018-03-31": -80.953, "2017-12-31": -2.48, "2017-09-30": "23.23900", "2017-06-30": 1.139, "2017-03-31": -33.25, "2016-12-31": 29.176, "2016-09-30": "3.01300", "2016-06-30": 21.971, "2016-03-31": -47.322, "2015-12-31": 51.291, "2015-09-30": "-3.62700", "2015-06-30": -0.417, "2015-03-31": -19.921, "2014-12-31": 23.426, "2014-09-30": "13.89600", "2014-06-30": 8.3, "2014-03-31": -15.566, "2013-12-31": 33.056, "2013-09-30": "-12.45000", "2013-06-30": 14.608, "2013-03-31": -35.501, "2012-12-31": 51.993, "2012-09-30": "0.92300", "2012-06-30": -21.206, "2012-03-31": -50.026, "2011-12-31": 82.76, "2011-09-30": "-30.79000", "2011-06-30": 6.959, "2011-03-31": -11.327, "2010-12-31": 38.083, "2010-09-30": "9.54100", "2010-06-30": -34.686, "2010-03-31": -16.257, "2009-12-31": -52.279, "2009-09-30": "-21.03600", "2009-06-30": -11.463, "2009-03-31": 17.815, "2008-12-31": 55.476, "2008-09-30": "3.46000", "2008-06-30": -2.737, "2008-03-31": 17.383, "2007-12-31": -11.292, "2007-09-30": "-30.38500", "2007-06-30": 5.705, "2007-03-31": 26.362, "2006-12-31": 19.397, "2006-09-30": "0.82300", "2006-06-30": -30.686, "2006-03-31": -39.25, "2005-12-31": -6.336, "2005-09-30": "-21.42200", "2005-06-30": -4.835, "2005-03-31": 4.778}, "Change In Inventories": {"2020-12-31": 4.042, "2020-09-30": "-5.98600", "2020-06-30": -34.562, "2020-03-31": 3.308, "2019-12-31": 12.005, "2019-09-30": "10.57800", "2019-06-30": 26.383, "2019-03-31": 6.123, "2018-12-31": -3.505, "2018-09-30": "7.00200", "2018-06-30": -9.45, "2018-03-31": -11.036, "2017-12-31": -14.125, "2017-09-30": "1.83500", "2017-06-30": -5.715, "2017-03-31": -5.505, "2016-12-31": -12.512, "2016-09-30": "2.51700", "2016-06-30": 7.657, "2016-03-31": 22.785, "2015-12-31": 15.811, "2015-09-30": "-2.16700", "2015-06-30": 10.105, "2015-03-31": 9.194, "2014-12-31": -1.486, "2014-09-30": "-15.65000", "2014-06-30": 1.226, "2014-03-31": 7.717, "2013-12-31": 14.03, "2013-09-30": "-2.30100", "2013-06-30": -7.657, "2013-03-31": -12.143, "2012-12-31": 0.57, "2012-09-30": "-16.01500", "2012-06-30": -22.09, "2012-03-31": 12.412, "2011-12-31": 19.045, "2011-09-30": "-9.79900", "2011-06-30": -2.974, "2011-03-31": -17.673, "2010-12-31": -13.605, "2010-09-30": "4.81700", "2010-06-30": -1.53, "2010-03-31": 5.208, "2009-12-31": -5.522, "2009-09-30": "24.52500", "2009-06-30": 21.624, "2009-03-31": 13.291, "2008-12-31": 7.78, "2008-09-30": "6.42900", "2008-06-30": -5.552, "2008-03-31": -11.132, "2007-12-31": 5.811, "2007-09-30": "1.58600", "2007-06-30": -13.932, "2007-03-31": -3.331, "2006-12-31": -24.02, "2006-09-30": "-12.95900", "2006-06-30": -1.138, "2006-03-31": -6.646, "2005-12-31": -7.866, "2005-09-30": "-6.69000", "2005-06-30": -0.261, "2005-03-31": -41.678}, "Change In Accounts Payable": {"2020-12-31": 8.945, "2020-09-30": "-3.42300", "2020-06-30": 5.405, "2020-03-31": -2.655, "2019-12-31": 3.602, "2019-09-30": "1.24200", "2019-06-30": 0.699, "2019-03-31": -13.372, "2018-12-31": 7.664, "2018-09-30": "-5.26300", "2018-06-30": 6.131, "2018-03-31": -0.235, "2017-12-31": 13.643, "2017-09-30": "-9.97900", "2017-06-30": -5.235, "2017-03-31": 11.887, "2016-12-31": -11.999, "2016-09-30": "-0.85800", "2016-06-30": 5.076, "2016-03-31": 8.683, "2015-12-31": -7.659, "2015-09-30": "-9.77600", "2015-06-30": 2.874, "2015-03-31": 0.477, "2014-12-31": -12.007, "2014-09-30": "4.45500", "2014-06-30": 5.203, "2014-03-31": -4.044, "2013-12-31": -3.252, "2013-09-30": "-9.16200", "2013-06-30": -6.961, "2013-03-31": 10.453, "2012-12-31": -9.536, "2012-09-30": "-26.46600", "2012-06-30": 11.802, "2012-03-31": 27.228, "2011-12-31": -18.397, "2011-09-30": "4.88200", "2011-06-30": -8.621, "2011-03-31": 10.952, "2010-12-31": -18.667, "2010-09-30": "11.59000", "2010-06-30": 26.446, "2010-03-31": 15.388, "2009-12-31": 14.248, "2009-09-30": "-14.89100", "2009-06-30": 2.042, "2009-03-31": -7.906, "2008-12-31": -15.595, "2008-09-30": "15.47100", "2008-06-30": 1.293, "2008-03-31": -8.724, "2007-12-31": -6.003, "2007-09-30": "0.05100", "2007-06-30": -1.543, "2007-03-31": 10.266, "2006-12-31": -12.545, "2006-09-30": "-8.45600", "2006-06-30": 25.483, "2006-03-31": -10.006, "2005-12-31": 6.317, "2005-09-30": "9.09100", "2005-06-30": 35.978, "2005-03-31": -43.699}, "Change In Assets/Liabilities": {"2020-12-31": 26.096, "2020-09-30": "-0.30200", "2020-06-30": -83.546, "2020-03-31": 48.32, "2019-12-31": 11.654, "2019-09-30": "-62.72700", "2019-06-30": -13.828, "2019-03-31": 5.514, "2018-12-31": 6.038, "2018-09-30": "-12.62500", "2018-06-30": 0.665, "2018-03-31": -1.244, "2017-12-31": 14.465, "2017-09-30": "3.50800", "2017-06-30": -21.477, "2017-03-31": 16.449, "2016-12-31": -7.2, "2016-09-30": "-15.12400", "2016-06-30": 12.334, "2016-03-31": -6.557, "2015-12-31": -3.942, "2015-09-30": "9.56000", "2015-06-30": 15.115, "2015-03-31": 3.291, "2014-12-31": 1.291, "2014-09-30": "-23.88700", "2014-06-30": 28.054, "2014-03-31": 5.911, "2013-12-31": 28.693, "2013-09-30": "-17.92400", "2013-06-30": -2.126, "2013-03-31": -14.164, "2012-12-31": 2.428, "2012-09-30": "-7.09400", "2012-06-30": -8.083, "2012-03-31": -0.075, "2011-12-31": -5.059, "2011-09-30": "-14.14100", "2011-06-30": 17.341, "2011-03-31": 45.96, "2010-12-31": -38.933, "2010-09-30": "39.98900", "2010-06-30": -74.074, "2010-03-31": -6.587, "2009-12-31": -2.237, "2009-09-30": "12.59900", "2009-06-30": 27.478, "2009-03-31": 32.637, "2008-12-31": -72.584, "2008-09-30": "11.00800", "2008-06-30": 2.587, "2008-03-31": 4.097, "2007-12-31": -26.237, "2007-09-30": "3.69900", "2007-06-30": 3.026, "2007-03-31": 6.794, "2006-12-31": -4.039, "2006-09-30": "0.76300", "2006-06-30": -7.06, "2006-03-31": 6.715, "2005-12-31": -5.763, "2005-09-30": "-2.51100", "2005-06-30": 8.715, "2005-03-31": -2.533}, "Total Change In Assets/Liabilities": {"2020-12-31": -25.958, "2020-09-30": "-67.75900", "2020-06-30": -71.713, "2020-03-31": 0.808, "2019-12-31": 39.898, "2019-09-30": "-48.33400", "2019-06-30": -204.157, "2019-03-31": 30.221, "2018-12-31": 46.045, "2018-09-30": "-39.39800", "2018-06-30": -124.353, "2018-03-31": -26.698, "2017-12-31": 251.023, "2017-09-30": "-1.08700", "2017-06-30": 8.433, "2017-03-31": 32.869, "2016-12-31": 5.179, "2016-09-30": "-69.87800", "2016-06-30": 77.967, "2016-03-31": 19.832, "2015-12-31": 33.21, "2015-09-30": "-31.71800", "2015-06-30": 84.689, "2015-03-31": 21.545, "2014-12-31": 39.898, "2014-09-30": "-85.13400", "2014-06-30": 62.518, "2014-03-31": 33.728, "2013-12-31": 112.233, "2013-09-30": "-97.47900", "2013-06-30": 28.509, "2013-03-31": -2.229, "2012-12-31": 96.023, "2012-09-30": "-88.85800", "2012-06-30": -13.79, "2012-03-31": 121.172, "2011-12-31": 94.599, "2011-09-30": "-126.75200", "2011-06-30": 32.551, "2011-03-31": 3.645, "2010-12-31": -7.61, "2010-09-30": "-126.20700", "2010-06-30": -27.88, "2010-03-31": 200.329, "2009-12-31": -95.715, "2009-09-30": "12.98400", "2009-06-30": 30.319, "2009-03-31": 55.342, "2008-12-31": -90.903, "2008-09-30": "-2.97400", "2008-06-30": -12.985, "2008-03-31": 26.612, "2007-12-31": -130.976, "2007-09-30": "-3.03300", "2007-06-30": 9.189, "2007-03-31": -11.719, "2006-12-31": -70.513, "2006-09-30": "33.39900", "2006-06-30": 31.077, "2006-03-31": -56.017, "2005-12-31": -35.479, "2005-09-30": "19.96600", "2005-06-30": 46.247, "2005-03-31": -62.874}, "Cash Flow From Operating Activities": {"2020-12-31": 210.499, "2020-09-30": "162.51100", "2020-06-30": 212.329, "2020-03-31": 209.791, "2019-12-31": 237.465, "2019-09-30": "141.27000", "2019-06-30": 237.467, "2019-03-31": 206.938, "2018-12-31": 224.25, "2018-09-30": "207.18500", "2018-06-30": 146.659, "2018-03-31": 223.225, "2017-12-31": 229.875, "2017-09-30": "219.70500", "2017-06-30": 236.928, "2017-03-31": 220.697, "2016-12-31": 192.63, "2016-09-30": "123.40200", "2016-06-30": 254.071, "2016-03-31": 167.986, "2015-12-31": 182.489, "2015-09-30": "117.33900", "2015-06-30": 221.79, "2015-03-31": 182.064, "2014-12-31": 172.855, "2014-09-30": "116.99700", "2014-06-30": 234.084, "2014-03-31": 211.698, "2013-12-31": 234.431, "2013-09-30": "95.89400", "2013-06-30": 214.4, "2013-03-31": 211.693, "2012-12-31": 255.097, "2012-09-30": "136.74500", "2012-06-30": 190.094, "2012-03-31": 196.499, "2011-12-31": 249.32, "2011-09-30": "120.80900", "2011-06-30": 246.274, "2011-03-31": 256.697, "2010-12-31": 199.984, "2010-09-30": "158.49900", "2010-06-30": 157, "2010-03-31": 164.477, "2009-12-31": 30.961, "2009-09-30": "138.51500", "2009-06-30": 110.351, "2009-03-31": 105.965, "2008-12-31": 72.415, "2008-09-30": "157.06400", "2008-06-30": 122.562, "2008-03-31": 156.143, "2007-12-31": 65.317, "2007-09-30": "175.40200", "2007-06-30": 167.318, "2007-03-31": 148.124, "2006-12-31": 87.225, "2006-09-30": "213.89200", "2006-06-30": 191.278, "2006-03-31": 125.253, "2005-12-31": 128.828, "2005-09-30": "173.75100", "2005-06-30": 195.583, "2005-03-31": 531.541}, "Net Change In Property, Plant, And Equipment": {"2020-12-31": -16.422, "2020-09-30": "-12.72400", "2020-06-30": -15.556, "2020-03-31": -16.971, "2019-12-31": -13.542, "2019-09-30": "-20.58800", "2019-06-30": -30.347, "2019-03-31": -21.225, "2018-12-31": -12.596, "2018-09-30": "-18.31500", "2018-06-30": -12.056, "2018-03-31": -14.086, "2017-12-31": -20.969, "2017-09-30": "-12.84800", "2017-06-30": -5.474, "2017-03-31": -7.499, "2016-12-31": -13.551, "2016-09-30": "-14.10500", "2016-06-30": 12.203, "2016-03-31": -17.394, "2015-12-31": 36.179, "2015-09-30": "-15.21500", "2015-06-30": -12.619, "2015-03-31": -8.57, "2014-12-31": 5.882, "2014-09-30": "-31.47400", "2014-06-30": -22.027, "2014-03-31": -25.789, "2013-12-31": -46.133, "2013-09-30": "-33.28100", "2013-06-30": -33.598, "2013-03-31": -44.746, "2012-12-31": -57.987, "2012-09-30": "-50.35900", "2012-06-30": -75.21, "2012-03-31": -56.279, "2011-12-31": -66.652, "2011-09-30": "-49.32400", "2011-06-30": -45.768, "2011-03-31": -29.513, "2010-12-31": -34.354, "2010-09-30": "-37.99400", "2010-06-30": -42.045, "2010-03-31": -24.967, "2009-12-31": -27.964, "2009-09-30": "-26.12300", "2009-06-30": -31.897, "2009-03-31": -35.997, "2008-12-31": -28.915, "2008-09-30": "-37.67300", "2008-06-30": -35.513, "2008-03-31": -44.463, "2007-12-31": -62.572, "2007-09-30": "-56.95300", "2007-06-30": -140.984, "2007-03-31": -64.049, "2006-12-31": -99.464, "2006-09-30": "-94.90900", "2006-06-30": -100.962, "2006-03-31": -48.386, "2005-12-31": -31.678, "2005-09-30": "-18.63300", "2005-06-30": -50.758, "2005-03-31": -111.556}, "Net Change In Intangible Assets": {"2020-12-31": 0, "2020-09-30": "", "2020-06-30": 0, "2020-03-31": 0, "2019-12-31": 0, "2019-09-30": "", "2019-06-30": 0, "2019-03-31": 0, "2018-12-31": 0, "2018-09-30": "", "2018-06-30": 0, "2018-03-31": 0, "2017-12-31": 0, "2017-09-30": "", "2017-06-30": 0, "2017-03-31": 0, "2016-12-31": 0, "2016-09-30": "", "2016-06-30": 0, "2016-03-31": 0, "2015-12-31": 0, "2015-09-30": "", "2015-06-30": 0, "2015-03-31": 0, "2014-12-31": 0, "2014-09-30": "", "2014-06-30": 0, "2014-03-31": 0, "2013-12-31": 0, "2013-09-30": "", "2013-06-30": 0, "2013-03-31": 0, "2012-12-31": 0, "2012-09-30": "", "2012-06-30": 0, "2012-03-31": 0, "2011-12-31": 0, "2011-09-30": "", "2011-06-30": 0, "2011-03-31": 0, "2010-12-31": 0, "2010-09-30": "", "2010-06-30": 0, "2010-03-31": 0, "2009-12-31": 0, "2009-09-30": "", "2009-06-30": 0, "2009-03-31": 0, "2008-12-31": 0, "2008-09-30": "", "2008-06-30": 0, "2008-03-31": 0, "2007-12-31": 0, "2007-09-30": "", "2007-06-30": 0, "2007-03-31": 0, "2006-12-31": 0, "2006-09-30": "", "2006-06-30": 0, "2006-03-31": 0, "2005-12-31": 0, "2005-09-30": "", "2005-06-30": 0, "2005-03-31": 0}, "Net Acquisitions/Divestitures": {"2020-12-31": 0, "2020-09-30": "", "2020-06-30": -69.27, "2020-03-31": 0, "2019-12-31": 0, "2019-09-30": "", "2019-06-30": 0, "2019-03-31": 0.906, "2018-12-31": -0.906, "2018-09-30": "-2.94900", "2018-06-30": 0, "2018-03-31": -57.773, "2017-12-31": 0, "2017-09-30": "", "2017-06-30": 2.825, "2017-03-31": -2.825, "2016-12-31": 0, "2016-09-30": "42.19900", "2016-06-30": 0, "2016-03-31": 105, "2015-12-31": 0, "2015-09-30": "", "2015-06-30": 35.55, "2015-03-31": 0, "2014-12-31": 0, "2014-09-30": "", "2014-06-30": 0, "2014-03-31": -5.75, "2013-12-31": -453.506, "2013-09-30": "", "2013-06-30": -2.767, "2013-03-31": 0, "2012-12-31": 0, "2012-09-30": "", "2012-06-30": -0.277, "2012-03-31": 54.627, "2011-12-31": -12.018, "2011-09-30": "-154.26900", "2011-06-30": -7.811, "2011-03-31": 0, "2010-12-31": 0, "2010-09-30": "-73.10700", "2010-06-30": -312.784, "2010-03-31": 0, "2009-12-31": 0, "2009-09-30": "-4.00000", "2009-06-30": 0, "2009-03-31": -30.7, "2008-12-31": -30.31, "2008-09-30": "", "2008-06-30": 0, "2008-03-31": 0, "2007-12-31": -63.369, "2007-09-30": "-0.75400", "2007-06-30": 0, "2007-03-31": 0, "2006-12-31": 0, "2006-09-30": "", "2006-06-30": 0, "2006-03-31": 0, "2005-12-31": 0, "2005-09-30": "", "2005-06-30": 0, "2005-03-31": 0}, "Net Change In Short-term Investments": {"2020-12-31": 0, "2020-09-30": "", "2020-06-30": 0, "2020-03-31": 0, "2019-12-31": 0, "2019-09-30": "", "2019-06-30": 0, "2019-03-31": 0, "2018-12-31": 0, "2018-09-30": "", "2018-06-30": 0, "2018-03-31": 0, "2017-12-31": 0, "2017-09-30": "", "2017-06-30": 0, "2017-03-31": 0, "2016-12-31": 0, "2016-09-30": "", "2016-06-30": 0, "2016-03-31": 0, "2015-12-31": 0, "2015-09-30": "", "2015-06-30": 0, "2015-03-31": 0, "2014-12-31": 0, "2014-09-30": "", "2014-06-30": 0, "2014-03-31": 0, "2013-12-31": 0, "2013-09-30": "", "2013-06-30": 0, "2013-03-31": 0, "2012-12-31": 0, "2012-09-30": "", "2012-06-30": 0, "2012-03-31": 0, "2011-12-31": 0, "2011-09-30": "", "2011-06-30": 0, "2011-03-31": 0, "2010-12-31": 0, "2010-09-30": "", "2010-06-30": 0, "2010-03-31": 0, "2009-12-31": 0, "2009-09-30": "", "2009-06-30": 0, "2009-03-31": 0, "2008-12-31": 0, "2008-09-30": "", "2008-06-30": 14.309, "2008-03-31": -0.151, "2007-12-31": -14.158, "2007-09-30": "", "2007-06-30": 0, "2007-03-31": 0, "2006-12-31": 0, "2006-09-30": "", "2006-06-30": 0, "2006-03-31": 0, "2005-12-31": 0, "2005-09-30": "", "2005-06-30": 20.829, "2005-03-31": 0}, "Net Change In Long-Term Investments": {"2020-12-31": 8.113, "2020-09-30": "18.34100", "2020-06-30": 10.011, "2020-03-31": 15.538, "2019-12-31": 35.146, "2019-09-30": "42.92100", "2019-06-30": 101.9311, "2019-03-31": 309.792, "2018-12-31": 412.578, "2018-09-30": "118.64200", "2018-06-30": 10.8089, "2018-03-31": 94.2261, "2017-12-31": 1.44, "2017-09-30": "-698.80900", "2017-06-30": -2.716, "2017-03-31": -96.735, "2016-12-31": -199.494, "2016-09-30": "-28.02100", "2016-06-30": 23.446, "2016-03-31": -26.782, "2015-12-31": -31.04, "2015-09-30": "-26.05500", "2015-06-30": 0, "2015-03-31": -0.2, "2014-12-31": 0, "2014-09-30": "-25.14200", "2014-06-30": -49.953, "2014-03-31": 0, "2013-12-31": 27, "2013-09-30": "", "2013-06-30": 0.085, "2013-03-31": 50, "2012-12-31": 0, "2012-09-30": "", "2012-06-30": 0, "2012-03-31": 0, "2011-12-31": -21.883, "2011-09-30": "", "2011-06-30": 0, "2011-03-31": -49.787, "2010-12-31": 0, "2010-09-30": "", "2010-06-30": 100, "2010-03-31": 0, "2009-12-31": 0, "2009-09-30": "100.23300", "2009-06-30": -0.079, "2009-03-31": 1.046, "2008-12-31": 0.867, "2008-09-30": "1.06800", "2008-06-30": -204.335, "2008-03-31": 147.275, "2007-12-31": 387.987, "2007-09-30": "188.65500", "2007-06-30": 219.993, "2007-03-31": 5.55, "2006-12-31": -16.498, "2006-09-30": "-0.90800", "2006-06-30": 173.719, "2006-03-31": 100.966, "2005-12-31": 188.176, "2005-09-30": "-96.43200", "2005-06-30": -21.335, "2005-03-31": -320.748}, "Net Change In Investments - Total": {"2020-12-31": 8.113, "2020-09-30": "18.34100", "2020-06-30": 10.011, "2020-03-31": 15.538, "2019-12-31": 35.146, "2019-09-30": "42.92100", "2019-06-30": 101.9311, "2019-03-31": 309.792, "2018-12-31": 412.578, "2018-09-30": "118.64200", "2018-06-30": 10.8089, "2018-03-31": 94.2261, "2017-12-31": 1.44, "2017-09-30": "-698.80900", "2017-06-30": -2.716, "2017-03-31": -96.735, "2016-12-31": -199.494, "2016-09-30": "-28.02100", "2016-06-30": 23.446, "2016-03-31": -26.782, "2015-12-31": -31.04, "2015-09-30": "-26.05500", "2015-06-30": 0, "2015-03-31": -0.2, "2014-12-31": 0, "2014-09-30": "-25.14200", "2014-06-30": -49.953, "2014-03-31": 0, "2013-12-31": 27, "2013-09-30": "", "2013-06-30": 0.085, "2013-03-31": 50, "2012-12-31": 0, "2012-09-30": "", "2012-06-30": 0, "2012-03-31": 0, "2011-12-31": -21.883, "2011-09-30": "", "2011-06-30": 0, "2011-03-31": -49.787, "2010-12-31": 0, "2010-09-30": "", "2010-06-30": 100, "2010-03-31": 0, "2009-12-31": 0, "2009-09-30": "100.23300", "2009-06-30": -0.079, "2009-03-31": 1.046, "2008-12-31": 0.867, "2008-09-30": "1.06800", "2008-06-30": -190.026, "2008-03-31": 147.1241, "2007-12-31": 373.8289, "2007-09-30": "188.65500", "2007-06-30": 219.993, "2007-03-31": 5.55, "2006-12-31": -16.498, "2006-09-30": "-0.90800", "2006-06-30": 173.719, "2006-03-31": 100.966, "2005-12-31": 188.176, "2005-09-30": "-96.43200", "2005-06-30": -0.506, "2005-03-31": -320.748}, "Investing Activities - Other": {"2020-12-31": -0.025, "2020-09-30": "0.02500", "2020-06-30": 0.38, "2020-03-31": -0.05, "2019-12-31": -0.549, "2019-09-30": "0.48100", "2019-06-30": -0.06, "2019-03-31": -0.54, "2018-12-31": 0, "2018-09-30": "", "2018-06-30": 0, "2018-03-31": 0, "2017-12-31": 0, "2017-09-30": "", "2017-06-30": 0, "2017-03-31": 0, "2016-12-31": 0, "2016-09-30": "", "2016-06-30": 0, "2016-03-31": 0, "2015-12-31": 2.38, "2015-09-30": "", "2015-06-30": 0, "2015-03-31": 0.5, "2014-12-31": 0, "2014-09-30": "", "2014-06-30": 0, "2014-03-31": 0, "2013-12-31": 0, "2013-09-30": "", "2013-06-30": 0, "2013-03-31": 0, "2012-12-31": 0, "2012-09-30": "", "2012-06-30": -3.48, "2012-03-31": 0, "2011-12-31": 0, "2011-09-30": "", "2011-06-30": 0, "2011-03-31": 0, "2010-12-31": 0, "2010-09-30": "", "2010-06-30": -3.735, "2010-03-31": -2, "2009-12-31": 0.784, "2009-09-30": "0.95300", "2009-06-30": 0, "2009-03-31": 2.119, "2008-12-31": 1.96, "2008-09-30": "-3.20600", "2008-06-30": -0.689, "2008-03-31": -8.21, "2007-12-31": 17.096, "2007-09-30": "0.93400", "2007-06-30": 4.456, "2007-03-31": -14.63, "2006-12-31": -4.871, "2006-09-30": "3.38000", "2006-06-30": 1.083, "2006-03-31": -9.742, "2005-12-31": -0.575, "2005-09-30": "0.07100", "2005-06-30": 0.139, "2005-03-31": 1.358}, "Cash Flow From Investing Activities": {"2020-12-31": -8.334, "2020-09-30": "5.64200", "2020-06-30": -74.435, "2020-03-31": -1.483, "2019-12-31": 21.055, "2019-09-30": "22.81400", "2019-06-30": 71.524, "2019-03-31": 288.933, "2018-12-31": 399.076, "2018-09-30": "97.37800", "2018-06-30": -1.247, "2018-03-31": 22.367, "2017-12-31": -19.529, "2017-09-30": "-711.65700", "2017-06-30": -5.365, "2017-03-31": -107.059, "2016-12-31": -213.045, "2016-09-30": "0.07300", "2016-06-30": 35.649, "2016-03-31": 60.824, "2015-12-31": 7.519, "2015-09-30": "-41.27000", "2015-06-30": 22.931, "2015-03-31": -8.27, "2014-12-31": 5.882, "2014-09-30": "-56.61600", "2014-06-30": -71.98, "2014-03-31": -31.539, "2013-12-31": -472.639, "2013-09-30": "-33.28100", "2013-06-30": -36.28, "2013-03-31": 5.254, "2012-12-31": -57.987, "2012-09-30": "-50.35900", "2012-06-30": -78.967, "2012-03-31": -1.652, "2011-12-31": -100.553, "2011-09-30": "-203.59300", "2011-06-30": -53.579, "2011-03-31": -79.3, "2010-12-31": -34.354, "2010-09-30": "-111.10100", "2010-06-30": -258.564, "2010-03-31": -26.967, "2009-12-31": -27.18, "2009-09-30": "71.06300", "2009-06-30": -31.976, "2009-03-31": -63.532, "2008-12-31": -56.398, "2008-09-30": "-39.81100", "2008-06-30": -226.228, "2008-03-31": 94.451, "2007-12-31": 264.984, "2007-09-30": "131.88200", "2007-06-30": 83.465, "2007-03-31": -73.129, "2006-12-31": -120.833, "2006-09-30": "-92.43700", "2006-06-30": 73.84, "2006-03-31": 42.838, "2005-12-31": 155.923, "2005-09-30": "-114.99400", "2005-06-30": -51.125, "2005-03-31": -430.946}, "Net Long-Term Debt": {"2020-12-31": 0, "2020-09-30": "", "2020-06-30": 0, "2020-03-31": 0, "2019-12-31": 0, "2019-09-30": "", "2019-06-30": 0, "2019-03-31": 500, "2018-12-31": -500, "2018-09-30": "", "2018-06-30": 0, "2018-03-31": 0, "2017-12-31": 0, "2017-09-30": "", "2017-06-30": 0, "2017-03-31": 0, "2016-12-31": 0, "2016-09-30": "", "2016-06-30": 0, "2016-03-31": 0, "2015-12-31": 0, "2015-09-30": "", "2015-06-30": 0, "2015-03-31": 0, "2014-12-31": 0, "2014-09-30": "", "2014-06-30": 0, "2014-03-31": -497.895, "2013-12-31": 497.795, "2013-09-30": "0.10000", "2013-06-30": 0, "2013-03-31": 0, "2012-12-31": 0, "2012-09-30": "", "2012-06-30": 0, "2012-03-31": 0, "2011-12-31": 0, "2011-09-30": "", "2011-06-30": 0, "2011-03-31": 0, "2010-12-31": 0, "2010-09-30": "", "2010-06-30": 298.578, "2010-03-31": 0, "2009-12-31": 0, "2009-09-30": "", "2009-06-30": -14.854, "2009-03-31": 0, "2008-12-31": -27.376, "2008-09-30": "-8.20200", "2008-06-30": -4.723, "2008-03-31": -5.825, "2007-12-31": -5.701, "2007-09-30": "-9.03700", "2007-06-30": -8.624, "2007-03-31": -10.717, "2006-12-31": -10.148, "2006-09-30": "", "2006-06-30": 0, "2006-03-31": 0, "2005-12-31": 0, "2005-09-30": "", "2005-06-30": 0, "2005-03-31": 0}, "Net Current Debt": {"2020-12-31": 0, "2020-09-30": "", "2020-06-30": 0, "2020-03-31": 0, "2019-12-31": 0, "2019-09-30": "", "2019-06-30": -500, "2019-03-31": 0, "2018-12-31": 0, "2018-09-30": "", "2018-06-30": 0, "2018-03-31": 0, "2017-12-31": 0, "2017-09-30": "", "2017-06-30": 500, "2017-03-31": 0, "2016-12-31": -250, "2016-09-30": "", "2016-06-30": 250, "2016-03-31": 0, "2015-12-31": 0, "2015-09-30": "", "2015-06-30": 0, "2015-03-31": 0, "2014-12-31": 0, "2014-09-30": "-0.43700", "2014-06-30": -2.43, "2014-03-31": 497.456, "2013-12-31": -1.839, "2013-09-30": "", "2013-06-30": -299.049, "2013-03-31": 490.242, "2012-12-31": -0.074, "2012-09-30": "-0.22400", "2012-06-30": -0.4, "2012-03-31": 0, "2011-12-31": -4.189, "2011-09-30": "-16.21700", "2011-06-30": 0, "2011-03-31": 0, "2010-12-31": 0, "2010-09-30": "-1.42200", "2010-06-30": 0, "2010-03-31": 0, "2009-12-31": 0, "2009-09-30": "", "2009-06-30": 0, "2009-03-31": -1.154, "2008-12-31": -2.673, "2008-09-30": "", "2008-06-30": 0, "2008-03-31": 0, "2007-12-31": 0, "2007-09-30": "", "2007-06-30": 0, "2007-03-31": 0, "2006-12-31": 0, "2006-09-30": "", "2006-06-30": 0, "2006-03-31": 0, "2005-12-31": 0, "2005-09-30": "", "2005-06-30": 0, "2005-03-31": 0}, "Debt Issuance/Retirement Net - Total": {"2020-12-31": 0, "2020-09-30": "", "2020-06-30": 0, "2020-03-31": 0, "2019-12-31": 0, "2019-09-30": "", "2019-06-30": -500, "2019-03-31": 500, "2018-12-31": -500, "2018-09-30": "", "2018-06-30": 0, "2018-03-31": 0, "2017-12-31": 0, "2017-09-30": "", "2017-06-30": 500, "2017-03-31": 0, "2016-12-31": -250, "2016-09-30": "", "2016-06-30": 250, "2016-03-31": 0, "2015-12-31": 0, "2015-09-30": "", "2015-06-30": 0, "2015-03-31": 0, "2014-12-31": 0, "2014-09-30": "-0.43700", "2014-06-30": -2.43, "2014-03-31": -0.439, "2013-12-31": 495.956, "2013-09-30": "0.10000", "2013-06-30": -299.049, "2013-03-31": 490.242, "2012-12-31": -0.074, "2012-09-30": "-0.22400", "2012-06-30": -0.4, "2012-03-31": 0, "2011-12-31": -4.189, "2011-09-30": "-16.21700", "2011-06-30": 0, "2011-03-31": 0, "2010-12-31": 0, "2010-09-30": "-1.42200", "2010-06-30": 298.578, "2010-03-31": 0, "2009-12-31": 0, "2009-09-30": "", "2009-06-30": -14.854, "2009-03-31": -1.154, "2008-12-31": -30.049, "2008-09-30": "-8.20200", "2008-06-30": -4.723, "2008-03-31": -5.825, "2007-12-31": -5.701, "2007-09-30": "-9.03700", "2007-06-30": -8.624, "2007-03-31": -10.717, "2006-12-31": -10.148, "2006-09-30": "", "2006-06-30": 0, "2006-03-31": 0, "2005-12-31": 0, "2005-09-30": "", "2005-06-30": 0, "2005-03-31": 0}, "Net Common Equity Issued/Repurchased": {"2020-12-31": -0.293, "2020-09-30": "-23.58700", "2020-06-30": -63.075, "2020-03-31": -160.763, "2019-12-31": -95.707, "2019-09-30": "-96.01300", "2019-06-30": 419.133, "2019-03-31": -621.43, "2018-12-31": -188.55, "2018-09-30": "-113.41800", "2018-06-30": -114.2, "2018-03-31": -129.626, "2017-12-31": -54.575, "2017-09-30": "-75.54700", "2017-06-30": -45.086, "2017-03-31": -50.959, "2016-12-31": -40.661, "2016-09-30": "-43.00400", "2016-06-30": -95.203, "2016-03-31": -82.765, "2015-12-31": 31.955, "2015-09-30": "-35.54900", "2015-06-30": 19.026, "2015-03-31": -10.252, "2014-12-31": -43.305, "2014-09-30": "-61.01900", "2014-06-30": 50.759, "2014-03-31": -44.007, "2013-12-31": -43.513, "2013-09-30": "-156.10500", "2013-06-30": -129.289, "2013-03-31": -61.837, "2012-12-31": -23.978, "2012-09-30": "-52.39200", "2012-06-30": -1.408, "2012-03-31": -31.236, "2011-12-31": -38.551, "2011-09-30": "-91.53900", "2011-06-30": -41.803, "2011-03-31": -48.724, "2010-12-31": -26.098, "2010-09-30": "-89.54200", "2010-06-30": -70.058, "2010-03-31": -57.202, "2009-12-31": -43.176, "2009-09-30": "-25.95300", "2009-06-30": -0.637, "2009-03-31": -4.777, "2008-12-31": -250.305, "2008-09-30": "", "2008-06-30": 0, "2008-03-31": 0, "2007-12-31": 0, "2007-09-30": "", "2007-06-30": 0.001, "2007-03-31": 0, "2006-12-31": 0, "2006-09-30": "-35.09300", "2006-06-30": -53.575, "2006-03-31": -44.883, "2005-12-31": -305.448, "2005-09-30": "-27.68900", "2005-06-30": -47.817, "2005-03-31": -14.647}, "Net Total Equity Issued/Repurchased": {"2020-12-31": -0.293, "2020-09-30": "-23.58700", "2020-06-30": -63.075, "2020-03-31": -160.763, "2019-12-31": -95.707, "2019-09-30": "-96.01300", "2019-06-30": 419.133, "2019-03-31": -621.43, "2018-12-31": -188.55, "2018-09-30": "-113.41800", "2018-06-30": -114.2, "2018-03-31": -129.626, "2017-12-31": -54.575, "2017-09-30": "-75.54700", "2017-06-30": -45.086, "2017-03-31": -50.959, "2016-12-31": -40.661, "2016-09-30": "-43.00400", "2016-06-30": -95.203, "2016-03-31": -82.765, "2015-12-31": 31.955, "2015-09-30": "-35.54900", "2015-06-30": 19.026, "2015-03-31": -10.252, "2014-12-31": -43.305, "2014-09-30": "-61.01900", "2014-06-30": 50.759, "2014-03-31": -44.007, "2013-12-31": -43.513, "2013-09-30": "-156.10500", "2013-06-30": -129.289, "2013-03-31": -61.837, "2012-12-31": -23.978, "2012-09-30": "-52.39200", "2012-06-30": -1.408, "2012-03-31": -31.236, "2011-12-31": -38.551, "2011-09-30": "-91.53900", "2011-06-30": -41.803, "2011-03-31": -48.724, "2010-12-31": -26.098, "2010-09-30": "-89.54200", "2010-06-30": -70.058, "2010-03-31": -57.202, "2009-12-31": -43.176, "2009-09-30": "-25.95300", "2009-06-30": -0.637, "2009-03-31": -4.777, "2008-12-31": -250.305, "2008-09-30": "", "2008-06-30": 0, "2008-03-31": 0, "2007-12-31": 0, "2007-09-30": "", "2007-06-30": 0.001, "2007-03-31": 0, "2006-12-31": 0, "2006-09-30": "-35.09300", "2006-06-30": -53.575, "2006-03-31": -44.883, "2005-12-31": -305.448, "2005-09-30": "-27.68900", "2005-06-30": -47.817, "2005-03-31": -14.647}, "Total Common And Preferred Stock Dividends Paid": {"2020-12-31": 0, "2020-09-30": "-128.14700", "2020-06-30": -128.058, "2020-03-31": -129.072, "2019-12-31": -129.81, "2019-09-30": "-130.22200", "2019-06-30": -125.345, "2019-03-31": -125.566, "2018-12-31": -126.808, "2018-09-30": "-127.85700", "2018-06-30": -117.321, "2018-03-31": -117.883, "2017-12-31": -101.421, "2017-09-30": "-101.46200", "2017-06-30": -93.395, "2017-03-31": -93.387, "2016-12-31": -93.562, "2016-09-30": "-93.62700", "2016-06-30": -85.21, "2016-03-31": -85.714, "2015-12-31": -85.712, "2015-09-30": "-85.38700", "2015-06-30": -79.558, "2015-03-31": -79.419, "2014-12-31": -79.169, "2014-09-30": "-79.76300", "2014-06-30": -73.626, "2014-03-31": -73.481, "2013-12-31": -73.324, "2013-09-30": "-73.74400", "2013-06-30": -69.532, "2013-03-31": -70.421, "2012-12-31": -70.063, "2012-09-30": "-70.19900", "2012-06-30": -64.408, "2012-03-31": -64.384, "2011-12-31": -64.158, "2011-09-30": "-64.78100", "2011-06-30": -62.077, "2011-03-31": -62.323, "2010-12-31": -62.278, "2010-09-30": "-62.46700", "2010-06-30": -60.412, "2010-03-31": -60.949, "2009-12-31": -61.017, "2009-09-30": "-61.37700", "2009-06-30": -61.126, "2009-03-31": -60.961, "2008-12-31": -62.303, "2008-09-30": "-64.11100", "2008-06-30": -60.104, "2008-03-31": -60.104, "2007-12-31": -60.103, "2007-09-30": "-60.10400", "2007-06-30": -50.005, "2007-03-31": -50.008, "2006-12-31": -50.096, "2006-09-30": "-50.02000", "2006-06-30": -40.192, "2006-03-31": -40.024, "2005-12-31": -39.995, "2005-09-30": "-32.78900", "2005-06-30": -32.743, "2005-03-31": -91.2}, "Financial Activities - Other": {"2020-12-31": 0, "2020-09-30": "", "2020-06-30": 0, "2020-03-31": 0, "2019-12-31": -8, "2019-09-30": "", "2019-06-30": 0, "2019-03-31": -1.052, "2018-12-31": 0, "2018-09-30": "-8.00000", "2018-06-30": 0, "2018-03-31": 0, "2017-12-31": 0, "2017-09-30": "", "2017-06-30": -3.688, "2017-03-31": 0, "2016-12-31": 0, "2016-09-30": "", "2016-06-30": 35.582, "2016-03-31": 1.491, "2015-12-31": 3.92, "2015-09-30": "2.24900", "2015-06-30": -25.421, "2015-03-31": 2.204, "2014-12-31": 5.724, "2014-09-30": "2.24900", "2014-06-30": -45.583, "2014-03-31": 19.107, "2013-12-31": -0.549, "2013-09-30": "1.69700", "2013-06-30": -53.244, "2013-03-31": 17.942, "2012-12-31": 2.262, "2012-09-30": "5.21900", "2012-06-30": -24.402, "2012-03-31": 20.164, "2011-12-31": -10.75, "2011-09-30": "2.82100", "2011-06-30": 4.803, "2011-03-31": 4.229, "2010-12-31": 2.81, "2010-09-30": "-2.19900", "2010-06-30": 1.532, "2010-03-31": 1.555, "2009-12-31": 1.905, "2009-09-30": "4.43300", "2009-06-30": 14.765, "2009-03-31": -0.916, "2008-12-31": -6.354, "2008-09-30": "-6.86500", "2008-06-30": -7.439, "2008-03-31": -3.04, "2007-12-31": -70.744, "2007-09-30": "-1.53800", "2007-06-30": 1.852, "2007-03-31": -1.923, "2006-12-31": -2.252, "2006-09-30": "8.14300", "2006-06-30": 7.672, "2006-03-31": 11.66, "2005-12-31": 6.358, "2005-09-30": "18.97000", "2005-06-30": 0, "2005-03-31": 0}, "Cash Flow From Financial Activities": {"2020-12-31": -0.293, "2020-09-30": "-151.73400", "2020-06-30": -191.133, "2020-03-31": -289.835, "2019-12-31": -233.517, "2019-09-30": "-226.23500", "2019-06-30": -206.212, "2019-03-31": -248.048, "2018-12-31": -815.358, "2018-09-30": "-249.27500", "2018-06-30": -231.521, "2018-03-31": -247.509, "2017-12-31": -155.996, "2017-09-30": "-177.00900", "2017-06-30": 357.831, "2017-03-31": -144.346, "2016-12-31": -384.223, "2016-09-30": "-136.63100", "2016-06-30": 105.169, "2016-03-31": -166.988, "2015-12-31": -49.837, "2015-09-30": "-118.68700", "2015-06-30": -85.953, "2015-03-31": -87.467, "2014-12-31": -116.75, "2014-09-30": "-138.97000", "2014-06-30": -70.88, "2014-03-31": -98.82, "2013-12-31": 378.57, "2013-09-30": "-228.05200", "2013-06-30": -551.114, "2013-03-31": 375.926, "2012-12-31": -91.853, "2012-09-30": "-117.59600", "2012-06-30": -90.618, "2012-03-31": -75.456, "2011-12-31": -117.648, "2011-09-30": "-169.71600", "2011-06-30": -99.077, "2011-03-31": -106.818, "2010-12-31": -85.566, "2010-09-30": "-155.63000", "2010-06-30": 169.64, "2010-03-31": -116.596, "2009-12-31": -102.288, "2009-09-30": "-82.89700", "2009-06-30": -61.852, "2009-03-31": -67.808, "2008-12-31": -349.011, "2008-09-30": "-79.17800", "2008-06-30": -72.266, "2008-03-31": -68.969, "2007-12-31": -136.548, "2007-09-30": "-70.67900", "2007-06-30": -56.776, "2007-03-31": -62.648, "2006-12-31": -62.496, "2006-09-30": "-76.97000", "2006-06-30": -86.095, "2006-03-31": -73.247, "2005-12-31": -339.085, "2005-09-30": "-41.50800", "2005-06-30": -80.56, "2005-03-31": -105.847}, "Net Cash Flow": {"2020-12-31": 201.872, "2020-09-30": "16.41900", "2020-06-30": -53.239, "2020-03-31": -81.527, "2019-12-31": 25.003, "2019-09-30": "-62.15100", "2019-06-30": 102.779, "2019-03-31": 247.823, "2018-12-31": -192.032, "2018-09-30": "55.28800", "2018-06-30": -86.109, "2018-03-31": -1.917, "2017-12-31": 54.35, "2017-09-30": "-668.96100", "2017-06-30": 589.394, "2017-03-31": -30.708, "2016-12-31": -404.638, "2016-09-30": "-13.15600", "2016-06-30": 394.889, "2016-03-31": 61.822, "2015-12-31": 140.171, "2015-09-30": "-42.61800", "2015-06-30": 158.768, "2015-03-31": 86.327, "2014-12-31": 61.987, "2014-09-30": "-78.58900", "2014-06-30": 91.224, "2014-03-31": 81.339, "2013-12-31": 140.362, "2013-09-30": "-165.43900", "2013-06-30": -372.994, "2013-03-31": 592.873, "2012-12-31": 105.257, "2012-09-30": "-31.21000", "2012-06-30": 20.509, "2012-03-31": 119.391, "2011-12-31": 31.119, "2011-09-30": "-252.50000", "2011-06-30": 93.618, "2011-03-31": 70.579, "2010-12-31": 80.064, "2010-09-30": "-108.23200", "2010-06-30": 68.076, "2010-03-31": 20.914, "2009-12-31": -98.507, "2009-09-30": "126.68100", "2009-06-30": 16.523, "2009-03-31": -25.375, "2008-12-31": -332.994, "2008-09-30": "38.07500", "2008-06-30": -175.932, "2008-03-31": 181.625, "2007-12-31": 193.753, "2007-09-30": "236.60500", "2007-06-30": 194.007, "2007-03-31": 12.347, "2006-12-31": -96.104, "2006-09-30": "44.48500", "2006-06-30": 179.023, "2006-03-31": 94.844, "2005-12-31": -54.334, "2005-09-30": "17.24900", "2005-06-30": 63.898, "2005-03-31": -5.252}, "Stock-Based Compensation": {"2020-12-31": 31.209, "2020-09-30": "35.73000", "2020-06-30": 23.29, "2020-03-31": 23.403, "2019-12-31": 24.067, "2019-09-30": "24.67100", "2019-06-30": 22.004, "2019-03-31": 22.82, "2018-12-31": 21.656, "2018-09-30": "20.49700", "2018-06-30": 19.753, "2018-03-31": 20.605, "2017-12-31": 21.04, "2017-09-30": "17.28700", "2017-06-30": 17.624, "2017-03-31": 18.3, "2016-12-31": 18.073, "2016-09-30": "17.12000", "2016-06-30": 16.444, "2016-03-31": 17.875, "2015-12-31": 18.419, "2015-09-30": "16.96300", "2015-06-30": 17.709, "2015-03-31": 18.586, "2014-12-31": 20.776, "2014-09-30": "22.42000", "2014-06-30": 21.786, "2014-03-31": 22.057, "2013-12-31": 22.869, "2013-09-30": "18.74000", "2013-06-30": 18.853, "2013-03-31": 19.613, "2012-12-31": 22.845, "2012-09-30": "22.49700", "2012-06-30": 20.89, "2012-03-31": 22.038, "2011-12-31": 23.474, "2011-09-30": "23.46500", "2011-06-30": 21.408, "2011-03-31": 21.228, "2010-12-31": 24.522, "2010-09-30": "27.13900", "2010-06-30": 24.848, "2010-03-31": 15.279, "2009-12-31": 26.933, "2009-09-30": "26.46500", "2009-06-30": 34.997, "2009-03-31": 39.613, "2008-12-31": 83.937, "2008-09-30": "37.56100", "2008-06-30": 39.662, "2008-03-31": 35.689, "2007-12-31": 41.716, "2007-09-30": "72.65300", "2007-06-30": 57.497, "2007-03-31": 44.206, "2006-12-31": 62.173, "2006-09-30": "189.88500", "2006-06-30": 65.575, "2006-03-31": 60.319, "2005-12-31": 60.568, "2005-09-30": "64.95200", "2005-06-30": 90.314, "2005-03-31": 0}, "Common Stock Dividends Paid": {"2020-12-31": 0, "2020-09-30": "-128.14700", "2020-06-30": -128.058, "2020-03-31": -129.072, "2019-12-31": -129.81, "2019-09-30": "-130.22200", "2019-06-30": -125.345, "2019-03-31": -125.566, "2018-12-31": -126.808, "2018-09-30": "-127.85700", "2018-06-30": -117.321, "2018-03-31": -117.883, "2017-12-31": -101.421, "2017-09-30": "-101.46200", "2017-06-30": -93.395, "2017-03-31": -93.387, "2016-12-31": -93.562, "2016-09-30": "-93.62700", "2016-06-30": -85.21, "2016-03-31": -85.714, "2015-12-31": -85.712, "2015-09-30": "-85.38700", "2015-06-30": -79.558, "2015-03-31": -79.419, "2014-12-31": -79.169, "2014-09-30": "-79.76300", "2014-06-30": -73.626, "2014-03-31": -73.481, "2013-12-31": -73.324, "2013-09-30": "-73.74400", "2013-06-30": -69.532, "2013-03-31": -70.421, "2012-12-31": -70.063, "2012-09-30": "-70.19900", "2012-06-30": -64.408, "2012-03-31": -64.384, "2011-12-31": -64.158, "2011-09-30": "-64.78100", "2011-06-30": -62.077, "2011-03-31": -62.323, "2010-12-31": -62.278, "2010-09-30": "-62.46700", "2010-06-30": -60.412, "2010-03-31": -60.949, "2009-12-31": -61.017, "2009-09-30": "-61.37700", "2009-06-30": -61.126, "2009-03-31": -60.961, "2008-12-31": -62.303, "2008-09-30": "-64.11100", "2008-06-30": -60.104, "2008-03-31": -60.104, "2007-12-31": -60.103, "2007-09-30": "-60.10400", "2007-06-30": -50.005, "2007-03-31": -50.008, "2006-12-31": -50.096, "2006-09-30": "-50.02000", "2006-06-30": -40.192, "2006-03-31": -40.024, "2005-12-31": -39.995, "2005-09-30": "-32.78900", "2005-06-30": -32.743, "2005-03-31": -91.2}}, "financial ratios": {"Current Ratio": {"2020-06-30": "5.11290", "2019-06-30": "6.84190", "2018-06-30": "4.02610", "2017-06-30": "11.84810", "2016-06-30": "4.60620", "2015-06-30": "6.05310", "2014-06-30": "5.23460", "2013-06-30": "4.79120", "2012-06-30": "2.24970", "2011-06-30": "4.17010", "2010-06-30": "3.20480", "2009-06-30": "5.89690", "2008-06-30": "4.88260", "2007-06-30": "4.55170", "2006-06-30": "4.15100", "2005-06-30": "5.65960"}, "Long-term Debt / Capital": {"2020-06-30": "0.37490", "2019-06-30": "0.34980", "2018-06-30": "0.33920", "2017-06-30": "0.40310", "2016-06-30": "0.31960", "2015-06-30": "0.30130", "2014-06-30": "0.29180", "2013-06-30": "0.16720", "2012-06-30": "0.00220", "2011-06-30": "0.10670", "2010-06-30": "0.11310", "2009-06-30": "", "2008-06-30": "", "2007-06-30": "", "2006-06-30": "", "2005-06-30": ""}, "Debt/Equity Ratio": {"2020-06-30": "0.59970", "2019-06-30": "0.53790", "2018-06-30": "0.77190", "2017-06-30": "0.67540", "2016-06-30": "0.58820", "2015-06-30": "0.43170", "2014-06-30": "0.41200", "2013-06-30": "0.20080", "2012-06-30": "0.12180", "2011-06-30": "0.11950", "2010-06-30": "0.12750", "2009-06-30": "", "2008-06-30": "", "2007-06-30": "", "2006-06-30": "", "2005-06-30": ""}, "Gross Margin": {"2020-06-30": "65.37630", "2019-06-30": "64.83550", "2018-06-30": "65.56770", "2017-06-30": "63.01060", "2016-06-30": "56.69920", "2015-06-30": "55.13400", "2014-06-30": "56.43660", "2013-06-30": "61.29810", "2012-06-30": "60.36340", "2011-06-30": "61.88320", "2010-06-30": "59.72490", "2009-06-30": "51.57160", "2008-06-30": "60.82960", "2007-06-30": "61.05300", "2006-06-30": "65.61300", "2005-06-30": "70.10790"}, "Operating Margin": {"2020-06-30": "31.32220", "2019-06-30": "32.28140", "2018-06-30": "33.60590", "2017-06-30": "30.26540", "2016-06-30": "14.30020", "2015-06-30": "10.28580", "2014-06-30": "17.21070", "2013-06-30": "24.09700", "2012-06-30": "22.25050", "2011-06-30": "27.22270", "2010-06-30": "14.62000", "2009-06-30": "1.05580", "2008-06-30": "20.75490", "2007-06-30": "17.54060", "2006-06-30": "28.29910", "2005-06-30": "40.00450"}, "EBIT Margin": {"2020-06-30": "31.32220", "2019-06-30": "32.28140", "2018-06-30": "33.60590", "2017-06-30": "30.26540", "2016-06-30": "14.30020", "2015-06-30": "10.28580", "2014-06-30": "17.21070", "2013-06-30": "24.09700", "2012-06-30": "22.25050", "2011-06-30": "27.22270", "2010-06-30": "14.62000", "2009-06-30": "1.05580", "2008-06-30": "20.75490", "2007-06-30": "17.54060", "2006-06-30": "28.29910", "2005-06-30": "40.00450"}, "EBITDA Margin": {"2020-06-30": "36.27490", "2019-06-30": "37.06660", "2018-06-30": "39.45150", "2017-06-30": "37.42220", "2016-06-30": "25.44680", "2015-06-30": "23.26430", "2014-06-30": "27.17910", "2013-06-30": "32.58110", "2012-06-30": "31.03330", "2011-06-30": "35.51700", "2010-06-30": "23.00620", "2009-06-30": "13.53580", "2008-06-30": "28.64210", "2007-06-30": "22.74900", "2006-06-30": "33.16320", "2005-06-30": "44.64960"}, "Pre-Tax Profit Margin": {"2020-06-30": "30.94360", "2019-06-30": "32.59780", "2018-06-30": "33.26060", "2017-06-30": "29.60380", "2016-06-30": "12.98820", "2015-06-30": "10.67120", "2014-06-30": "16.67820", "2013-06-30": "23.35810", "2012-06-30": "22.16460", "2011-06-30": "26.76290", "2010-06-30": "15.02120", "2009-06-30": "2.10320", "2008-06-30": "23.51830", "2007-06-30": "20.59010", "2006-06-30": "30.79540", "2005-06-30": "41.80290"}, "Net Profit Margin": {"2020-06-30": "29.87570", "2019-06-30": "35.75490", "2018-06-30": "18.84300", "2017-06-30": "24.90020", "2016-06-30": "10.36470", "2015-06-30": "8.93150", "2014-06-30": "14.46040", "2013-06-30": "18.63280", "2012-06-30": "16.09000", "2011-06-30": "19.77920", "2010-06-30": "6.26450", "2009-06-30": "0.63520", "2008-06-30": "15.47780", "2007-06-30": "14.24640", "2006-06-30": "20.87840", "2005-06-30": "27.65260"}, "Asset Turnover": {"2020-06-30": "0.60380", "2019-06-30": "0.61810", "2018-06-30": "0.55710", "2017-06-30": "0.50230", "2016-06-30": "0.51830", "2015-06-30": "0.54720", "2014-06-30": "0.55690", "2013-06-30": "0.62030", "2012-06-30": "0.64300", "2011-06-30": "0.70080", "2010-06-30": "0.57360", "2009-06-30": "0.53410", "2008-06-30": "0.55360", "2007-06-30": "0.55700", "2006-06-30": "0.56500", "2005-06-30": "0.54630"}, "Inventory Turnover Ratio": {"2020-06-30": "2.92240", "2019-06-30": "3.30140", "2018-06-30": "3.02400", "2017-06-30": "3.43440", "2016-06-30": "4.16940", "2015-06-30": "3.58780", "2014-06-30": "3.69490", "2013-06-30": "3.42800", "2012-06-30": "3.93400", "2011-06-30": "3.96080", "2010-06-30": "3.90480", "2009-06-30": "3.65920", "2008-06-30": "2.95160", "2007-06-30": "2.97850", "2006-06-30": "3.02780", "2005-06-30": "2.78900"}, "Receiveable Turnover": {"2020-06-30": "5.41380", "2019-06-30": "6.42840", "2018-06-30": "8.85510", "2017-06-30": "8.95140", "2016-06-30": "8.55540", "2015-06-30": "8.27300", "2014-06-30": "8.29420", "2013-06-30": "8.55340", "2012-06-30": "7.57110", "2011-06-30": "8.30670", "2010-06-30": "4.72100", "2009-06-30": "7.45210", "2008-06-30": "7.54620", "2007-06-30": "8.20060", "2006-06-30": "6.24630", "2005-06-30": "8.37580"}, "Days Sales In Receivables": {"2020-06-30": "67.42010", "2019-06-30": "56.77920", "2018-06-30": "41.21920", "2017-06-30": "40.77590", "2016-06-30": "42.66320", "2015-06-30": "44.11970", "2014-06-30": "44.00650", "2013-06-30": "42.67320", "2012-06-30": "48.20960", "2011-06-30": "43.94040", "2010-06-30": "77.31480", "2009-06-30": "48.97940", "2008-06-30": "48.36880", "2007-06-30": "44.50910", "2006-06-30": "58.43420", "2005-06-30": "43.57790"}, "ROE - Return On Equity": {"2020-06-30": "39.49990", "2019-06-30": "44.84350", "2018-06-30": "24.20160", "2017-06-30": "25.95060", "2016-06-30": "10.79200", "2015-06-30": "8.99720", "2014-06-30": "14.60180", "2013-06-30": "18.03470", "2012-06-30": "13.98260", "2011-06-30": "19.47610", "2010-06-30": "5.31840", "2009-06-30": "0.40300", "2008-06-30": "10.09350", "2007-06-30": "9.13900", "2006-06-30": "13.90960", "2005-06-30": "17.21380"}, "Return On Tangible Equity": {"2020-06-30": "65.01700", "2019-06-30": "65.84160", "2018-06-30": "35.39100", "2017-06-30": "35.26710", "2016-06-30": "15.46790", "2015-06-30": "13.58440", "2014-06-30": "24.09940", "2013-06-30": "23.44970", "2012-06-30": "18.61830", "2011-06-30": "23.95420", "2010-06-30": "6.47720", "2009-06-30": "0.41960", "2008-06-30": "10.09350", "2007-06-30": "9.13900", "2006-06-30": "13.90960", "2005-06-30": "17.21380"}, "ROA - Return On Assets": {"2020-06-30": "18.03910", "2019-06-30": "22.10180", "2018-06-30": "10.49790", "2017-06-30": "12.50730", "2016-06-30": "5.37180", "2015-06-30": "4.88700", "2014-06-30": "8.05360", "2013-06-30": "11.49190", "2012-06-30": "9.49500", "2011-06-30": "13.86180", "2010-06-30": "3.59350", "2009-06-30": "0.33930", "2008-06-30": "8.56770", "2007-06-30": "7.93580", "2006-06-30": "11.74670", "2005-06-30": "15.10740"}, "ROI - Return On Investment": {"2020-06-30": "24.69170", "2019-06-30": "29.15880", "2018-06-30": "15.99260", "2017-06-30": "15.48930", "2016-06-30": "7.34290", "2015-06-30": "6.28600", "2014-06-30": "10.34150", "2013-06-30": "15.01900", "2012-06-30": "13.95190", "2011-06-30": "17.39740", "2010-06-30": "4.71700", "2009-06-30": "0.40300", "2008-06-30": "10.09350", "2007-06-30": "9.13900", "2006-06-30": "13.90960", "2005-06-30": "17.21380"}, "Book Value Per Share": {"2020-06-30": "6.21240", "2019-06-30": "6.78780", "2018-06-30": "6.92930", "2017-06-30": "7.78580", "2016-06-30": "7.42430", "2015-06-30": "8.04020", "2014-06-30": "8.54280", "2013-06-30": "8.71980", "2012-06-30": "8.67100", "2011-06-30": "8.48880", "2010-06-30": "7.82110", "2009-06-30": "8.47810", "2008-06-30": "9.81990", "2007-06-30": "9.77040", "2006-06-30": "8.67140", "2005-06-30": "8.20020"}, "Operating Cash Flow Per Share": {"2020-06-30": -0.1977, "2019-06-30": 0.2732, "2018-06-30": 0.1819, "2017-06-30": 0.1929, "2016-06-30": 0.0929, "2015-06-30": -0.2837, "2014-06-30": -0.0548, "2013-06-30": 0.2169, "2012-06-30": -0.3171, "2011-06-30": 1.2559, "2010-06-30": 0.1524, "2009-06-30": -0.1629, "2008-06-30": -0.2749, "2007-06-30": 0.0407, "2006-06-30": -0.2949, "2005-06-30": 2.1232}, "Free Cash Flow Per Share": {"2020-06-30": -0.1468, "2019-06-30": 0.1872, "2018-06-30": 0.1131, "2017-06-30": -0.0027, "2016-06-30": 0.3093, "2015-06-30": -0.0055, "2014-06-30": 0.1304, "2013-06-30": 0.4165, "2012-06-30": -0.6554, "2011-06-30": 1.1599, "2010-06-30": 0.1935, "2009-06-30": 0.0177, "2008-06-30": 0.3235, "2007-06-30": -0.5804, "2006-06-30": -0.4105, "2005-06-30": 1.6492}}, "financial ratios, quarterly": {"Current Ratio": {"2020-12-31": "5.67290", "2020-09-30": "5.28090", "2020-06-30": "5.11290", "2020-03-31": "5.95480", "2019-12-31": "6.60050", "2019-09-30": "7.07890", "2019-06-30": "6.84190", "2019-03-31": "6.45810", "2018-12-31": "6.53890", "2018-09-30": "3.56740", "2018-06-30": "4.02610", "2018-03-31": "4.15550", "2017-12-31": "4.48450", "2017-09-30": "14.14030", "2017-06-30": "11.84810", "2017-03-31": "9.23160", "2016-12-31": "10.06070", "2016-09-30": "5.32720", "2016-06-30": "4.60620", "2016-03-31": "7.19790", "2015-12-31": "7.38020", "2015-09-30": "6.58770", "2015-06-30": "6.05310", "2015-03-31": "6.13700", "2014-12-31": "6.20210", "2014-09-30": "6.05070", "2014-06-30": "5.23460", "2014-03-31": "5.05710", "2013-12-31": "4.95950", "2013-09-30": "5.31300", "2013-06-30": "4.79120", "2013-03-31": "3.30420", "2012-12-31": "2.55850", "2012-09-30": "2.44260", "2012-06-30": "2.24970", "2012-03-31": "3.74120", "2011-12-31": "3.85930", "2011-09-30": "3.88950", "2011-06-30": "4.17010", "2011-03-31": "4.28630", "2010-12-31": "4.65690", "2010-09-30": "4.09710", "2010-06-30": "3.20480", "2010-03-31": "3.45480", "2009-12-31": "5.95030", "2009-09-30": "5.86890", "2009-06-30": "5.89690", "2009-03-31": "5.81410", "2008-12-31": "5.78010", "2008-09-30": "5.14990", "2008-06-30": "4.88260", "2008-03-31": "4.71010", "2007-12-31": "4.74530", "2007-09-30": "3.60180", "2007-06-30": "4.55170", "2007-03-31": "4.50660", "2006-12-31": "4.29920", "2006-09-30": "3.77440", "2006-06-30": "4.15100", "2006-03-31": "6.00470", "2005-12-31": "5.91650", "2005-09-30": "6.47510", "2005-06-30": "5.65960", "2005-03-31": "6.55630"}, "Long-term Debt / Capital": {"2020-12-31": "0.34060", "2020-09-30": "0.36760", "2020-06-30": "0.37490", "2020-03-31": "0.38020", "2019-12-31": "0.36520", "2019-09-30": "0.35790", "2019-06-30": "0.34980", "2019-03-31": "0.37370", "2018-12-31": "0.36100", "2018-09-30": "0.34140", "2018-06-30": "0.33920", "2018-03-31": "0.33680", "2017-12-31": "0.33280", "2017-09-30": "0.40380", "2017-06-30": "0.40310", "2017-03-31": "0.31470", "2016-12-31": "0.31620", "2016-09-30": "0.31690", "2016-06-30": "0.31960", "2016-03-31": "0.31860", "2015-12-31": "0.31760", "2015-09-30": "0.32100", "2015-06-30": "0.30130", "2015-03-31": "0.30730", "2014-12-31": "0.30850", "2014-09-30": "0.29330", "2014-06-30": "0.29180", "2014-03-31": "0.29420", "2013-12-31": "0.29820", "2013-09-30": "0.17280", "2013-06-30": "0.16720", "2013-03-31": "0.16160", "2012-12-31": "0.00150", "2012-09-30": "0.00220", "2012-06-30": "0.00220", "2012-03-31": "0.10980", "2011-12-31": "0.10970", "2011-09-30": "0.11040", "2011-06-30": "0.10670", "2011-03-31": "0.10850", "2010-12-31": "0.11170", "2010-09-30": "0.11360", "2010-06-30": "0.11310", "2010-03-31": "", "2009-12-31": "", "2009-09-30": "", "2009-06-30": "", "2009-03-31": "", "2008-12-31": "", "2008-09-30": "", "2008-06-30": "", "2008-03-31": "", "2007-12-31": "", "2007-09-30": "", "2007-06-30": "", "2007-03-31": "", "2006-12-31": "", "2006-09-30": "", "2006-06-30": "", "2006-03-31": "", "2005-12-31": "", "2005-09-30": "", "2005-06-30": "", "2005-03-31": ""}, "Debt/Equity Ratio": {"2020-12-31": "0.51650", "2020-09-30": "0.58120", "2020-06-30": "0.59970", "2020-03-31": "0.61340", "2019-12-31": "0.57530", "2019-09-30": "0.55740", "2019-06-30": "0.53790", "2019-03-31": "0.59670", "2018-12-31": "0.56500", "2018-09-30": "0.77980", "2018-06-30": "0.77190", "2018-03-31": "0.76360", "2017-12-31": "0.74990", "2017-09-30": "0.67720", "2017-06-30": "0.67540", "2017-03-31": "0.45910", "2016-12-31": "0.46230", "2016-09-30": "0.58100", "2016-06-30": "0.58820", "2016-03-31": "0.46760", "2015-12-31": "0.46540", "2015-09-30": "0.47290", "2015-06-30": "0.43170", "2015-03-31": "0.44370", "2014-12-31": "0.44610", "2014-09-30": "0.41510", "2014-06-30": "0.41200", "2014-03-31": "0.41800", "2013-12-31": "0.42610", "2013-09-30": "0.21090", "2013-06-30": "0.20080", "2013-03-31": "0.30920", "2012-12-31": "0.11960", "2012-09-30": "0.12030", "2012-06-30": "0.12180", "2012-03-31": "0.12330", "2011-12-31": "0.12330", "2011-09-30": "0.12410", "2011-06-30": "0.11950", "2011-03-31": "0.12170", "2010-12-31": "0.12580", "2010-09-30": "0.12810", "2010-06-30": "0.12750", "2010-03-31": "", "2009-12-31": "", "2009-09-30": "", "2009-06-30": "", "2009-03-31": "", "2008-12-31": "", "2008-09-30": "", "2008-06-30": "", "2008-03-31": "", "2007-12-31": "", "2007-09-30": "", "2007-06-30": "", "2007-03-31": "", "2006-12-31": "", "2006-09-30": "", "2006-06-30": "", "2006-03-31": "", "2005-12-31": "", "2005-09-30": "", "2005-06-30": "", "2005-03-31": ""}, "Gross Margin": {"2020-12-31": "66.27880", "2020-09-30": "67.33020", "2020-06-30": "66.44460", "2020-03-31": "65.21210", "2019-12-31": "65.42250", "2019-09-30": "64.40850", "2019-06-30": "64.03630", "2019-03-31": "62.83950", "2018-12-31": "64.66360", "2018-09-30": "67.38280", "2018-06-30": "66.12420", "2018-03-31": "65.36340", "2017-12-31": "65.79690", "2017-09-30": "64.93770", "2017-06-30": "65.39250", "2017-03-31": "63.12700", "2016-12-31": "61.73850", "2016-09-30": "61.58430", "2016-06-30": "61.29850", "2016-03-31": "57.42280", "2015-12-31": "57.19490", "2015-09-30": "50.90590", "2015-06-30": "52.13600", "2015-03-31": "54.61430", "2014-12-31": "55.41140", "2014-09-30": "58.38970", "2014-06-30": "57.42860", "2014-03-31": "56.12480", "2013-12-31": "52.98820", "2013-09-30": "59.32530", "2013-06-30": "61.06590", "2013-03-31": "62.17750", "2012-12-31": "60.03160", "2012-09-30": "61.90120", "2012-06-30": "61.49030", "2012-03-31": "58.72250", "2011-12-31": "58.84070", "2011-09-30": "62.18110", "2011-06-30": "62.38320", "2011-03-31": "61.41490", "2010-12-31": "62.04160", "2010-09-30": "61.68180", "2010-06-30": "60.24220", "2010-03-31": "60.66320", "2009-12-31": "61.62170", "2009-09-30": "56.01100", "2009-06-30": "48.30190", "2009-03-31": "49.37370", "2008-12-31": "48.47750", "2008-09-30": "58.16990", "2008-06-30": "60.45940", "2008-03-31": "59.37220", "2007-12-31": "62.16470", "2007-09-30": "61.16340", "2007-06-30": "62.57280", "2007-03-31": "60.07060", "2006-12-31": "61.95220", "2006-09-30": "59.48500", "2006-06-30": "64.57150", "2006-03-31": "65.74170", "2005-12-31": "65.81190", "2005-09-30": "66.50960", "2005-06-30": "63.00590", "2005-03-31": "72.03910"}, "Operating Margin": {"2020-12-31": "34.00750", "2020-09-30": "32.52310", "2020-06-30": "32.63610", "2020-03-31": "32.62890", "2019-12-31": "30.67780", "2019-09-30": "29.26690", "2019-06-30": "31.18730", "2019-03-31": "28.97220", "2018-12-31": "31.58300", "2018-09-30": "36.67740", "2018-06-30": "35.12510", "2018-03-31": "34.66520", "2017-12-31": "32.28980", "2017-09-30": "32.16500", "2017-06-30": "33.11900", "2017-03-31": "29.98060", "2016-12-31": "27.05530", "2016-09-30": "30.65090", "2016-06-30": "21.61590", "2016-03-31": "32.00490", "2015-12-31": "17.52690", "2015-09-30": "-13.46910", "2015-06-30": "16.29960", "2015-03-31": "18.26720", "2014-12-31": "-11.30470", "2014-09-30": "17.39830", "2014-06-30": "18.14100", "2014-03-31": "17.62280", "2013-12-31": "11.34890", "2013-09-30": "21.97540", "2013-06-30": "24.84240", "2013-03-31": "25.50540", "2012-12-31": "19.41960", "2012-09-30": "26.54630", "2012-06-30": "22.48450", "2012-03-31": "19.58750", "2011-12-31": "19.36390", "2011-09-30": "27.10370", "2011-06-30": "28.39980", "2011-03-31": "27.02730", "2010-12-31": "24.79850", "2010-09-30": "28.60750", "2010-06-30": "24.92800", "2010-03-31": "-9.48380", "2009-12-31": "23.04660", "2009-09-30": "20.05560", "2009-06-30": "5.47240", "2009-03-31": "-4.99140", "2008-12-31": "-19.68470", "2008-09-30": "18.67200", "2008-06-30": "18.92780", "2008-03-31": "16.63040", "2007-12-31": "26.03160", "2007-09-30": "20.90120", "2007-06-30": "23.13580", "2007-03-31": "18.10260", "2006-12-31": "25.49910", "2006-09-30": "3.20840", "2006-06-30": "25.60630", "2006-03-31": "30.74830", "2005-12-31": "29.84000", "2005-09-30": "27.15190", "2005-06-30": "16.83490", "2005-03-31": "45.08830"}, "EBIT Margin": {"2020-12-31": "34.00750", "2020-09-30": "32.52310", "2020-06-30": "32.63610", "2020-03-31": "32.62890", "2019-12-31": "30.67780", "2019-09-30": "29.26690", "2019-06-30": "31.18730", "2019-03-31": "28.97220", "2018-12-31": "31.58300", "2018-09-30": "36.67740", "2018-06-30": "35.12510", "2018-03-31": "34.66520", "2017-12-31": "32.28980", "2017-09-30": "32.16500", "2017-06-30": "33.11900", "2017-03-31": "29.98060", "2016-12-31": "27.05530", "2016-09-30": "30.65090", "2016-06-30": "21.61590", "2016-03-31": "32.00490", "2015-12-31": "17.52690", "2015-09-30": "-13.46910", "2015-06-30": "16.29960", "2015-03-31": "18.26720", "2014-12-31": "-11.30470", "2014-09-30": "17.39830", "2014-06-30": "18.14100", "2014-03-31": "17.62280", "2013-12-31": "11.34890", "2013-09-30": "21.97540", "2013-06-30": "24.84240", "2013-03-31": "25.50540", "2012-12-31": "19.41960", "2012-09-30": "26.54630", "2012-06-30": "22.48450", "2012-03-31": "19.58750", "2011-12-31": "19.36390", "2011-09-30": "27.10370", "2011-06-30": "28.39980", "2011-03-31": "27.02730", "2010-12-31": "24.79850", "2010-09-30": "28.60750", "2010-06-30": "24.92800", "2010-03-31": "-9.48380", "2009-12-31": "23.04660", "2009-09-30": "20.05560", "2009-06-30": "5.47240", "2009-03-31": "-4.99140", "2008-12-31": "-19.68470", "2008-09-30": "18.67200", "2008-06-30": "18.92780", "2008-03-31": "16.63040", "2007-12-31": "26.03160", "2007-09-30": "20.90120", "2007-06-30": "23.13580", "2007-03-31": "18.10260", "2006-12-31": "25.49910", "2006-09-30": "3.20840", "2006-06-30": "25.60630", "2006-03-31": "30.74830", "2005-12-31": "29.84000", "2005-09-30": "27.15190", "2005-06-30": "16.83490", "2005-03-31": "45.08830"}, "EBITDA Margin": {"2020-12-31": "", "2020-09-30": "", "2020-06-30": "", "2020-03-31": "", "2019-12-31": "", "2019-09-30": "", "2019-06-30": "", "2019-03-31": "", "2018-12-31": "", "2018-09-30": "", "2018-06-30": "", "2018-03-31": "", "2017-12-31": "", "2017-09-30": "", "2017-06-30": "", "2017-03-31": "", "2016-12-31": "", "2016-09-30": "", "2016-06-30": "", "2016-03-31": "", "2015-12-31": "", "2015-09-30": "", "2015-06-30": "", "2015-03-31": "", "2014-12-31": "", "2014-09-30": "", "2014-06-30": "", "2014-03-31": "", "2013-12-31": "", "2013-09-30": "", "2013-06-30": "", "2013-03-31": "", "2012-12-31": "", "2012-09-30": "", "2012-06-30": "", "2012-03-31": "", "2011-12-31": "", "2011-09-30": "", "2011-06-30": "", "2011-03-31": "", "2010-12-31": "", "2010-09-30": "", "2010-06-30": "", "2010-03-31": "", "2009-12-31": "", "2009-09-30": "", "2009-06-30": "", "2009-03-31": "", "2008-12-31": "", "2008-09-30": "", "2008-06-30": "", "2008-03-31": "", "2007-12-31": "", "2007-09-30": "", "2007-06-30": "", "2007-03-31": "", "2006-12-31": "", "2006-09-30": "", "2006-06-30": "", "2006-03-31": "", "2005-12-31": "", "2005-09-30": "", "2005-06-30": "", "2005-03-31": ""}, "Pre-Tax Profit Margin": {"2020-12-31": "33.49790", "2020-09-30": "31.38690", "2020-06-30": "31.07970", "2020-03-31": "32.34020", "2019-12-31": "30.67470", "2019-09-30": "29.61000", "2019-06-30": "31.92020", "2019-03-31": "29.58390", "2018-12-31": "31.66480", "2018-09-30": "36.59180", "2018-06-30": "35.33140", "2018-03-31": "34.27450", "2017-12-31": "31.78850", "2017-09-30": "31.43300", "2017-06-30": "32.48810", "2017-03-31": "29.31230", "2016-12-31": "26.93990", "2016-09-30": "29.42720", "2016-06-30": "20.48060", "2016-03-31": "30.85720", "2015-12-31": "15.64900", "2015-09-30": "-14.60720", "2015-06-30": "21.19220", "2015-03-31": "17.30860", "2014-12-31": "-12.64540", "2014-09-30": "16.28210", "2014-06-30": "16.74900", "2014-03-31": "18.47710", "2013-12-31": "10.40850", "2013-09-30": "21.38370", "2013-06-30": "23.71920", "2013-03-31": "25.06410", "2012-12-31": "18.95740", "2012-09-30": "25.62470", "2012-06-30": "22.46660", "2012-03-31": "19.54720", "2011-12-31": "19.76530", "2011-09-30": "26.45900", "2011-06-30": "28.07700", "2011-03-31": "26.76860", "2010-12-31": "24.12960", "2010-09-30": "28.02050", "2010-06-30": "25.25280", "2010-03-31": "-9.35720", "2009-12-31": "23.81320", "2009-09-30": "20.47880", "2009-06-30": "5.72160", "2009-03-31": "-5.05850", "2008-12-31": "-17.88640", "2008-09-30": "20.48790", "2008-06-30": "20.09130", "2008-03-31": "19.01340", "2007-12-31": "30.09180", "2007-09-30": "24.21250", "2007-06-30": "26.52610", "2007-03-31": "21.26320", "2006-12-31": "28.46760", "2006-09-30": "5.87160", "2006-06-30": "28.12360", "2006-03-31": "33.05230", "2005-12-31": "32.41810", "2005-09-30": "29.75400", "2005-06-30": "19.48660", "2005-03-31": "46.96040"}, "Net Profit Margin": {"2020-12-31": "29.27720", "2020-09-30": "27.36940", "2020-06-30": "38.01060", "2020-03-31": "28.68580", "2019-12-31": "26.50300", "2019-09-30": "26.29370", "2019-06-30": "66.04280", "2019-03-31": "24.08130", "2018-12-31": "22.86200", "2018-09-30": "30.92010", "2018-06-30": "30.66760", "2018-03-31": "29.85310", "2017-12-31": "-12.04800", "2017-09-30": "26.84370", "2017-06-30": "27.12750", "2017-03-31": "24.12410", "2016-12-31": "23.68010", "2016-09-30": "24.51280", "2016-06-30": "16.31070", "2016-03-31": "25.17960", "2015-12-31": "13.20770", "2015-09-30": "-12.82520", "2015-06-30": "16.93670", "2015-03-31": "13.76030", "2014-12-31": "-12.70870", "2014-09-30": "17.22980", "2014-06-30": "13.19800", "2014-03-31": "20.23240", "2013-12-31": "7.15060", "2013-09-30": "17.62010", "2013-06-30": "19.56840", "2013-03-31": "21.72120", "2012-12-31": "12.65840", "2012-09-30": "20.52530", "2012-06-30": "18.28790", "2012-03-31": "9.54410", "2011-12-31": "14.90300", "2011-09-30": "20.98200", "2011-06-30": "20.04710", "2011-03-31": "22.45910", "2010-12-31": "17.87950", "2010-09-30": "18.77380", "2010-06-30": "10.32840", "2010-03-31": "-6.66230", "2009-12-31": "12.38290", "2009-09-30": "9.33830", "2009-06-30": "2.05290", "2009-03-31": "-7.78000", "2008-12-31": "-9.44400", "2008-09-30": "13.48090", "2008-06-30": "13.17600", "2008-03-31": "12.52170", "2007-12-31": "19.81760", "2007-09-30": "15.95670", "2007-06-30": "17.32870", "2007-03-31": "15.96200", "2006-12-31": "19.61350", "2006-09-30": "4.04540", "2006-06-30": "18.88250", "2006-03-31": "22.40000", "2005-12-31": "21.92290", "2005-09-30": "20.46190", "2005-06-30": "11.88260", "2005-03-31": "31.36950"}, "Asset Turnover": {"2020-12-31": "0.16180", "2020-09-30": "0.16950", "2020-06-30": "0.15030", "2020-03-31": "0.15830", "2019-12-31": "0.15190", "2019-09-30": "0.14480", "2019-06-30": "0.14870", "2019-03-31": "0.14260", "2018-12-31": "0.14830", "2018-09-30": "0.14040", "2018-06-30": "0.14220", "2018-03-31": "0.14030", "2017-12-31": "0.13640", "2017-09-30": "0.12690", "2017-06-30": "0.13170", "2017-03-31": "0.14470", "2016-12-31": "0.13960", "2016-09-30": "0.13390", "2016-06-30": "0.13370", "2016-03-31": "0.13950", "2015-12-31": "0.12970", "2015-09-30": "0.14260", "2015-06-30": "0.13820", "2015-03-31": "0.13850", "2014-12-31": "0.13740", "2014-09-30": "0.13480", "2014-06-30": "0.14580", "2014-03-31": "0.13910", "2013-12-31": "0.14400", "2013-09-30": "0.15550", "2013-06-30": "0.15450", "2013-03-31": "0.13960", "2012-12-31": "0.16190", "2012-09-30": "0.16820", "2012-06-30": "0.16180", "2012-03-31": "0.15560", "2011-12-31": "0.16800", "2011-09-30": "0.18060", "2011-06-30": "0.17760", "2011-03-31": "0.17580", "2010-12-31": "0.18210", "2010-09-30": "0.18940", "2010-06-30": "0.16250", "2010-03-31": "0.16530", "2009-12-31": "0.15790", "2009-09-30": "0.14670", "2009-06-30": "0.12800", "2009-03-31": "0.10850", "2008-12-31": "0.12790", "2008-09-30": "0.13540", "2008-06-30": "0.13520", "2008-03-31": "0.13270", "2007-12-31": "0.14840", "2007-09-30": "0.14010", "2007-06-30": "0.14760", "2007-03-31": "0.13530", "2006-12-31": "0.14280", "2006-09-30": "0.14450", "2006-06-30": "0.15490", "2006-03-31": "0.15720", "2005-12-31": "0.15070", "2005-09-30": "0.13450", "2005-06-30": "0.13090", "2005-03-31": "0.13610"}, "Inventory Turnover Ratio": {"2020-12-31": "0.81030", "2020-09-30": "0.76170", "2020-06-30": "0.70490", "2020-03-31": "0.88580", "2019-12-31": "0.85080", "2019-09-30": "0.80400", "2019-06-30": "0.81190", "2019-03-31": "0.73870", "2018-12-31": "0.73090", "2018-09-30": "0.75630", "2018-06-30": "0.75950", "2018-03-31": "0.82110", "2017-12-31": "0.82040", "2017-09-30": "0.82270", "2017-06-30": "0.84270", "2017-03-31": "0.88760", "2016-12-31": "0.89320", "2016-09-30": "0.96500", "2016-06-30": "0.96130", "2016-03-31": "1.00770", "2015-12-31": "0.79590", "2015-09-30": "0.94990", "2015-06-30": "0.96650", "2015-03-31": "0.88130", "2014-12-31": "0.82440", "2014-09-30": "0.79140", "2014-06-30": "0.94540", "2014-03-31": "0.91470", "2013-12-31": "0.98110", "2013-09-30": "0.85560", "2013-06-30": "0.85910", "2013-03-31": "0.85360", "2012-12-31": "0.93880", "2012-09-30": "0.91760", "2012-06-30": "0.96200", "2012-03-31": "1.07100", "2011-12-31": "1.04280", "2011-09-30": "0.95010", "2011-06-30": "0.99050", "2011-03-31": "0.99660", "2010-12-31": "1.06930", "2010-09-30": "1.17490", "2010-06-30": "1.09210", "2010-03-31": "1.05030", "2009-12-31": "0.92700", "2009-09-30": "1.02780", "2009-06-30": "0.93610", "2009-03-31": "0.71680", "2008-12-31": "0.84080", "2008-09-30": "0.79640", "2008-06-30": "0.72760", "2008-03-31": "0.74990", "2007-12-31": "0.80070", "2007-09-30": "0.77980", "2007-06-30": "0.75840", "2007-03-31": "0.76400", "2006-12-31": "0.76670", "2006-09-30": "0.91000", "2006-06-30": "0.85530", "2006-03-31": "0.80070", "2005-12-31": "0.77020", "2005-09-30": "0.77510", "2005-06-30": "0.82680", "2005-03-31": "0.70170"}, "Receiveable Turnover": {"2020-12-31": "1.29340", "2020-09-30": "1.37830", "2020-06-30": "1.34730", "2020-03-31": "1.48550", "2019-12-31": "1.58200", "2019-09-30": "1.43940", "2019-06-30": "1.54590", "2019-03-31": "1.42300", "2018-12-31": "1.47390", "2018-09-30": "1.45310", "2018-06-30": "2.26070", "2018-03-31": "2.02340", "2017-12-31": "2.64170", "2017-09-30": "2.46840", "2017-06-30": "2.34740", "2017-03-31": "2.25630", "2016-12-31": "2.45610", "2016-09-30": "2.21440", "2016-06-30": "2.20690", "2016-03-31": "1.99370", "2015-12-31": "2.20970", "2015-09-30": "1.99140", "2015-06-30": "2.08900", "2015-03-31": "2.07330", "2014-12-31": "2.19260", "2014-09-30": "2.05820", "2014-06-30": "2.17180", "2014-03-31": "1.99150", "2013-12-31": "2.15160", "2013-09-30": "1.96460", "2013-06-30": "2.13070", "2013-03-31": "2.01600", "2012-12-31": "2.28810", "2012-09-30": "1.96840", "2012-06-30": "1.90560", "2012-03-31": "1.92810", "2011-12-31": "2.40170", "2011-09-30": "1.91810", "2011-06-30": "2.10490", "2011-03-31": "1.98940", "2010-12-31": "2.08550", "2010-09-30": "1.68350", "2010-06-30": "1.33750", "2010-03-31": "1.62600", "2009-12-31": "1.68180", "2009-09-30": "1.95240", "2009-06-30": "1.78590", "2009-03-31": "1.47600", "2008-12-31": "1.43360", "2008-09-30": "1.86620", "2008-06-30": "1.84270", "2008-03-31": "1.81000", "2007-12-31": "1.88380", "2007-09-30": "1.90310", "2007-06-30": "2.17300", "2007-03-31": "1.90090", "2006-12-31": "1.79540", "2006-09-30": "1.69580", "2006-06-30": "1.71270", "2006-03-31": "1.83970", "2005-12-31": "2.01570", "2005-09-30": "1.99150", "2005-06-30": "2.00620", "2005-03-31": "2.06520"}, "Days Sales In Receivables": {"2020-12-31": "69.58520", "2020-09-30": "65.29970", "2020-06-30": "66.79890", "2020-03-31": "60.58660", "2019-12-31": "56.89070", "2019-09-30": "62.52520", "2019-06-30": "58.21890", "2019-03-31": "63.24620", "2018-12-31": "61.06320", "2018-09-30": "61.93730", "2018-06-30": "39.81100", "2018-03-31": "44.48010", "2017-12-31": "34.06890", "2017-09-30": "36.46040", "2017-06-30": "38.34000", "2017-03-31": "39.88760", "2016-12-31": "36.64400", "2016-09-30": "40.64270", "2016-06-30": "40.78210", "2016-03-31": "45.14200", "2015-12-31": "40.73010", "2015-09-30": "45.19460", "2015-06-30": "43.08190", "2015-03-31": "43.40900", "2014-12-31": "41.04650", "2014-09-30": "43.72730", "2014-06-30": "41.44110", "2014-03-31": "45.19130", "2013-12-31": "41.82930", "2013-09-30": "45.81010", "2013-06-30": "42.23890", "2013-03-31": "44.64350", "2012-12-31": "39.33390", "2012-09-30": "45.72230", "2012-06-30": "47.22900", "2012-03-31": "46.67790", "2011-12-31": "37.47400", "2011-09-30": "46.92240", "2011-06-30": "42.75700", "2011-03-31": "45.24020", "2010-12-31": "43.15560", "2010-09-30": "53.45980", "2010-06-30": "67.28750", "2010-03-31": "55.34980", "2009-12-31": "53.51440", "2009-09-30": "46.09780", "2009-06-30": "50.39440", "2009-03-31": "60.97470", "2008-12-31": "62.77940", "2008-09-30": "48.22650", "2008-06-30": "48.84150", "2008-03-31": "49.72460", "2007-12-31": "47.77700", "2007-09-30": "47.29130", "2007-06-30": "41.41820", "2007-03-31": "47.34650", "2006-12-31": "50.12700", "2006-09-30": "53.07180", "2006-06-30": "52.54860", "2006-03-31": "48.92170", "2005-12-31": "44.65030", "2005-09-30": "45.19130", "2005-06-30": "44.86110", "2005-03-31": "43.58000"}, "ROE - Return On Equity": {"2020-12-31": "9.55030", "2020-09-30": "9.90720", "2020-06-30": "12.50700", "2020-03-31": "9.95040", "2019-12-31": "8.45930", "2019-09-30": "7.86820", "2019-06-30": "19.91890", "2019-03-31": "7.85530", "2018-12-31": "7.51340", "2018-09-30": "10.32370", "2018-06-30": "10.05590", "2018-03-31": "9.92450", "2017-12-31": "-3.77780", "2017-09-30": "7.03140", "2017-06-30": "7.41410", "2017-03-31": "6.49040", "2016-12-31": "6.08510", "2016-09-30": "6.44490", "2016-06-30": "4.38080", "2016-03-31": "6.53700", "2015-12-31": "3.13980", "2015-09-30": "-3.41130", "2015-06-30": "4.30820", "2015-03-31": "3.52430", "2014-12-31": "-3.21330", "2014-09-30": "4.14610", "2014-06-30": "3.48960", "2014-03-31": "5.10470", "2013-12-31": "1.88250", "2013-09-30": "4.29950", "2013-06-30": "4.74540", "2013-03-31": "4.92940", "2012-12-31": "2.96850", "2012-09-30": "4.97920", "2012-06-30": "4.35860", "2012-03-31": "0.90720", "2011-12-31": "3.51890", "2011-09-30": "5.31120", "2011-06-30": "5.00210", "2011-03-31": "5.52830", "2010-12-31": "4.59500", "2010-09-30": "5.01940", "2010-06-30": "2.48430", "2010-03-31": "-1.40960", "2009-12-31": "2.30380", "2009-09-30": "1.63090", "2009-06-30": "0.31210", "2009-03-31": "-1.00410", "2008-12-31": "-1.41490", "2008-09-30": "2.14050", "2008-06-30": "2.09820", "2008-03-31": "1.95990", "2007-12-31": "3.46680", "2007-09-30": "2.77250", "2007-06-30": "2.94560", "2007-03-31": "2.49870", "2006-12-31": "3.27240", "2006-09-30": "0.70050", "2006-06-30": "3.46400", "2006-03-31": "4.10700", "2005-12-31": "3.88260", "2005-09-30": "3.15580", "2005-06-30": "1.77170", "2005-03-31": "5.01370"}, "Return On Tangible Equity": {"2020-12-31": "14.28860", "2020-09-30": "15.90490", "2020-06-30": "20.58660", "2020-03-31": "15.45370", "2019-12-31": "12.74710", "2019-09-30": "11.71230", "2019-06-30": "29.24600", "2019-03-31": "12.21300", "2018-12-31": "11.40930", "2018-09-30": "15.12490", "2018-06-30": "14.70510", "2018-03-31": "14.58870", "2017-12-31": "-5.25700", "2017-09-30": "9.49870", "2017-06-30": "10.07580", "2017-03-31": "8.95750", "2016-12-31": "8.49580", "2016-09-30": "9.09710", "2016-06-30": "6.27890", "2016-03-31": "9.57860", "2015-12-31": "4.63610", "2015-09-30": "-5.29790", "2015-06-30": "6.50480", "2015-03-31": "5.44570", "2014-12-31": "-5.05930", "2014-09-30": "6.76430", "2014-06-30": "5.75930", "2014-03-31": "8.63740", "2013-12-31": "3.27450", "2013-09-30": "5.63250", "2013-06-30": "6.17020", "2013-03-31": "6.35980", "2012-12-31": "3.87640", "2012-09-30": "6.55520", "2012-06-30": "5.80360", "2012-03-31": "1.22230", "2011-12-31": "4.80570", "2011-09-30": "7.23560", "2011-06-30": "6.15220", "2011-03-31": "6.81010", "2010-12-31": "5.74750", "2010-09-30": "6.34840", "2010-06-30": "3.02560", "2010-03-31": "-1.40960", "2009-12-31": "2.30380", "2009-09-30": "1.63090", "2009-06-30": "0.32500", "2009-03-31": "-1.00410", "2008-12-31": "-1.41490", "2008-09-30": "2.14050", "2008-06-30": "2.09820", "2008-03-31": "1.95990", "2007-12-31": "3.46680", "2007-09-30": "2.77250", "2007-06-30": "2.94560", "2007-03-31": "2.49870", "2006-12-31": "3.27240", "2006-09-30": "0.70050", "2006-06-30": "3.46400", "2006-03-31": "4.10700", "2005-12-31": "3.88260", "2005-09-30": "3.15580", "2005-06-30": "1.77170", "2005-03-31": "5.01370"}, "ROA - Return On Assets": {"2020-12-31": "4.73730", "2020-09-30": "4.63970", "2020-06-30": "5.71180", "2020-03-31": "4.54190", "2019-12-31": "4.02690", "2019-09-30": "3.80780", "2019-06-30": "9.81730", "2019-03-31": "3.43370", "2018-12-31": "3.39150", "2018-09-30": "4.34030", "2018-06-30": "4.36190", "2018-03-31": "4.18820", "2017-12-31": "-1.64340", "2017-09-30": "3.40680", "2017-06-30": "3.57330", "2017-03-31": "3.48980", "2016-12-31": "3.30490", "2016-09-30": "3.28230", "2016-06-30": "2.18060", "2016-03-31": "3.51150", "2015-12-31": "1.71350", "2015-09-30": "-1.82880", "2015-06-30": "2.34010", "2015-03-31": "1.90590", "2014-12-31": "-1.74650", "2014-09-30": "2.32230", "2014-06-30": "1.92470", "2014-03-31": "2.81420", "2013-12-31": "1.02980", "2013-09-30": "2.73960", "2013-06-30": "3.02380", "2013-03-31": "2.97140", "2012-12-31": "2.04950", "2012-09-30": "3.45220", "2012-06-30": "2.95980", "2012-03-31": "0.61870", "2011-12-31": "2.50320", "2011-09-30": "3.78940", "2011-06-30": "3.56020", "2011-03-31": "3.94730", "2010-12-31": "3.25610", "2010-09-30": "3.55660", "2010-06-30": "1.67860", "2010-03-31": "-1.10120", "2009-12-31": "1.95550", "2009-09-30": "1.37040", "2009-06-30": "0.26280", "2009-03-31": "-0.84430", "2008-12-31": "-1.20820", "2008-09-30": "1.82580", "2008-06-30": "1.78100", "2008-03-31": "1.66120", "2007-12-31": "2.94120", "2007-09-30": "2.23480", "2007-06-30": "2.55780", "2007-03-31": "2.15910", "2006-12-31": "2.80090", "2006-09-30": "0.58440", "2006-06-30": "2.92530", "2006-03-31": "3.52160", "2005-12-31": "3.30300", "2005-09-30": "2.69910", "2005-06-30": "1.55490", "2005-03-31": "4.27040"}, "ROI - Return On Investment": {"2020-12-31": "6.29780", "2020-09-30": "6.26580", "2020-06-30": "7.81820", "2020-03-31": "6.16730", "2019-12-31": "5.36990", "2019-09-30": "5.05210", "2019-06-30": "12.95200", "2019-03-31": "4.91960", "2018-12-31": "4.80080", "2018-09-30": "6.79870", "2018-06-30": "6.64500", "2018-03-31": "6.58200", "2017-12-31": "-2.52060", "2017-09-30": "4.19230", "2017-06-30": "4.42530", "2017-03-31": "4.44810", "2016-12-31": "4.16130", "2016-09-30": "4.40240", "2016-06-30": "2.98070", "2016-03-31": "4.45430", "2015-12-31": "2.14270", "2015-09-30": "-2.31610", "2015-06-30": "3.01000", "2015-03-31": "2.44120", "2014-12-31": "-2.22210", "2014-09-30": "2.92990", "2014-06-30": "2.47140", "2014-03-31": "3.60270", "2013-12-31": "1.32120", "2013-09-30": "3.55660", "2013-06-30": "3.95190", "2013-03-31": "4.13280", "2012-12-31": "2.96390", "2012-09-30": "4.96840", "2012-06-30": "4.34900", "2012-03-31": "0.80760", "2011-12-31": "3.13280", "2011-09-30": "4.72480", "2011-06-30": "4.46820", "2011-03-31": "4.92850", "2010-12-31": "4.08160", "2010-09-30": "4.44940", "2010-06-30": "2.20340", "2010-03-31": "-1.40960", "2009-12-31": "2.30380", "2009-09-30": "1.63090", "2009-06-30": "0.31210", "2009-03-31": "-1.00410", "2008-12-31": "-1.41490", "2008-09-30": "2.14050", "2008-06-30": "2.09820", "2008-03-31": "1.95990", "2007-12-31": "3.46680", "2007-09-30": "2.77250", "2007-06-30": "2.94560", "2007-03-31": "2.49870", "2006-12-31": "3.27240", "2006-09-30": "0.70050", "2006-06-30": "3.46400", "2006-03-31": "4.10700", "2005-12-31": "3.88260", "2005-09-30": "3.15580", "2005-06-30": "1.77170", "2005-03-31": "5.01370"}, "Book Value Per Share": {"2020-12-31": "7.18590", "2020-09-30": "6.40100", "2020-06-30": "6.21240", "2020-03-31": "6.07570", "2019-12-31": "6.40890", "2019-09-30": "6.57590", "2019-06-30": "6.78780", "2019-03-31": "6.09750", "2018-12-31": "6.42070", "2018-09-30": "6.90210", "2018-06-30": "6.92930", "2018-03-31": "6.97580", "2017-12-31": "9.09980", "2017-09-30": "7.80760", "2017-06-30": "7.78580", "2017-03-31": "7.64590", "2016-12-31": "7.58490", "2016-09-30": "7.53760", "2016-06-30": "7.42430", "2016-03-31": "7.52260", "2015-12-31": "7.50290", "2015-09-30": "7.44070", "2015-06-30": "8.04020", "2015-03-31": "7.93610", "2014-12-31": "7.92470", "2014-09-30": "8.52320", "2014-06-30": "8.54280", "2014-03-31": "8.49130", "2013-12-31": "8.35290", "2013-09-30": "8.48770", "2013-06-30": "8.71980", "2013-03-31": "8.97570", "2012-12-31": "8.82530", "2012-09-30": "8.80850", "2012-06-30": "8.67100", "2012-03-31": "8.56660", "2011-12-31": "8.58360", "2011-09-30": "8.61310", "2011-06-30": "8.48880", "2011-03-31": "8.34570", "2010-12-31": "8.04440", "2010-09-30": "7.91030", "2010-06-30": "7.82110", "2010-03-31": "7.95470", "2009-12-31": "8.35080", "2009-09-30": "8.42750", "2009-06-30": "8.47810", "2009-03-31": "8.63470", "2008-12-31": "9.01310", "2008-09-30": "9.98600", "2008-06-30": "9.81990", "2008-03-31": "9.71470", "2007-12-31": "9.63030", "2007-09-30": "9.40960", "2007-06-30": "9.77040", "2007-03-31": "9.49710", "2006-12-31": "9.30110", "2006-09-30": "9.05740", "2006-06-30": "8.67140", "2006-03-31": "8.13250", "2005-12-31": "7.84650", "2005-09-30": "8.22950", "2005-06-30": "8.20020", "2005-03-31": "7.63450"}, "Operating Cash Flow Per Share": {"2020-12-31": 0.7746, "2020-09-30": "0.60290", "2020-06-30": 0.7769, "2020-03-31": 0.7812, "2019-12-31": 0.8711, "2019-09-30": "0.51480", "2019-06-30": 0.8339, "2019-03-31": 0.767, "2018-12-31": 0.8073, "2018-09-30": "0.73350", "2018-06-30": 0.5151, "2018-03-31": 0.7567, "2017-12-31": 0.8297, "2017-09-30": "0.76700", "2017-06-30": 0.8222, "2017-03-31": 0.7675, "2016-12-31": 0.6693, "2016-09-30": "0.42760", "2016-06-30": 0.8793, "2016-03-31": 0.5824, "2015-12-31": 0.6197, "2015-09-30": "0.41230", "2015-06-30": 0.767, "2015-03-31": 0.6096, "2014-12-31": 0.62, "2014-09-30": "0.40420", "2014-06-30": 0.8062, "2014-03-31": 0.7336, "2013-12-31": 0.8143, "2013-09-30": "0.33040", "2013-06-30": 0.7281, "2013-03-31": 0.6996, "2012-12-31": 0.8539, "2012-09-30": "0.45770", "2012-06-30": 0.635, "2012-03-31": 0.6507, "2011-12-31": 0.8354, "2011-09-30": "0.40130", "2011-06-30": 0.8193, "2011-03-31": 0.8381, "2010-12-31": 0.6567, "2010-09-30": "0.52540", "2010-06-30": 0.4869, "2010-03-31": 0.5502, "2009-12-31": 0.1028, "2009-09-30": "0.44370", "2009-06-30": 0.3293, "2009-03-31": 0.3681, "2008-12-31": 0.2488, "2008-09-30": "0.48500", "2008-06-30": 0.3634, "2008-03-31": 0.4929, "2007-12-31": 0.2045, "2007-09-30": "0.53330", "2007-06-30": 0.5092, "2007-03-31": 0.4463, "2006-12-31": 0.2618, "2006-09-30": "0.65170", "2006-06-30": 0.5554, "2006-03-31": 0.3796, "2005-12-31": 0.3921, "2005-09-30": "0.50120", "2005-06-30": 0.5723, "2005-03-31": 1.5509}, "Free Cash Flow Per Share": {"2020-12-31": 0.7141, "2020-09-30": "0.55570", "2020-06-30": 0.7201, "2020-03-31": 0.7179, "2019-12-31": 0.8213, "2019-09-30": "0.43970", "2019-06-30": 0.7264, "2019-03-31": 0.689, "2018-12-31": 0.7617, "2018-09-30": "0.66870", "2018-06-30": 0.4727, "2018-03-31": 0.7093, "2017-12-31": 0.7544, "2017-09-30": "0.72220", "2017-06-30": 0.8032, "2017-03-31": 0.7414, "2016-12-31": 0.6222, "2016-09-30": "0.37870", "2016-06-30": 0.9215, "2016-03-31": 0.5225, "2015-12-31": 0.7454, "2015-09-30": "0.35880", "2015-06-30": 0.7233, "2015-03-31": 0.5818, "2014-12-31": 0.6383, "2014-09-30": "0.29550", "2014-06-30": 0.7307, "2014-03-31": 0.6442, "2013-12-31": 0.6538, "2013-09-30": "0.21570", "2013-06-30": 0.6129, "2013-03-31": 0.5522, "2012-12-31": 0.6598, "2012-09-30": "0.28910", "2012-06-30": 0.3839, "2012-03-31": 0.4644, "2011-12-31": 0.6118, "2011-09-30": "0.23740", "2011-06-30": 0.6672, "2011-03-31": 0.7422, "2010-12-31": 0.5441, "2010-09-30": "0.39940", "2010-06-30": 0.3559, "2010-03-31": 0.465, "2009-12-31": 0.0121, "2009-09-30": "0.36000", "2009-06-30": 0.2346, "2009-03-31": 0.244, "2008-12-31": 0.1522, "2008-09-30": "0.36870", "2008-06-30": 0.2597, "2008-03-31": 0.3507, "2007-12-31": 0.0112, "2007-09-30": "0.36020", "2007-06-30": 0.0807, "2007-03-31": 0.2538, "2006-12-31": -0.0387, "2006-09-30": "0.36250", "2006-06-30": 0.2595, "2006-03-31": 0.2345, "2005-12-31": 0.2973, "2005-09-30": "0.44740", "2005-06-30": 0.4238, "2005-03-31": 1.2254}}, "revenue": {"Maxim Integrated Products Annual Revenue (Millions of US $)": {"2020": "$2,191", "2019": "$2,314", "2018": "$2,480", "2017": "$2,296", "2016": "$2,195", "2015": "$2,307", "2014": "$2,454", "2013": "$2,441", "2012": "$2,404", "2011": "$2,472", "2010": "$1,998", "2009": "$1,646", "2008": "$2,053", "2007": "$2,009", "2006": "$1,857", "2005": "$1,672"}, "Maxim Integrated Products Quarterly Revenue (Millions of US $)": {"2020-12-31": "$628", "2020-09-30": "$619", "2020-06-30": "$545", "2020-03-31": "$562", "2019-12-31": "$551", "2019-09-30": "$533", "2019-06-30": "$557", "2019-03-31": "$542", "2018-12-31": "$577", "2018-09-30": "$638", "2018-06-30": "$633", "2018-03-31": "$649", "2017-12-31": "$623", "2017-09-30": "$576", "2017-06-30": "$602", "2017-03-31": "$581", "2016-12-31": "$551", "2016-09-30": "$561", "2016-06-30": "$566", "2016-03-31": "$555", "2015-12-31": "$511", "2015-09-30": "$563", "2015-06-30": "$583", "2015-03-31": "$577", "2014-12-31": "$567", "2014-09-30": "$580", "2014-06-30": "$642", "2014-03-31": "$606", "2013-12-31": "$620", "2013-09-30": "$585", "2013-06-30": "$608", "2013-03-31": "$605", "2012-12-31": "$605", "2012-09-30": "$623", "2012-06-30": "$605", "2012-03-31": "$571", "2011-12-31": "$591", "2011-09-30": "$636", "2011-06-30": "$626", "2011-03-31": "$607", "2010-12-31": "$613", "2010-09-30": "$626", "2010-06-30": "$566", "2010-03-31": "$509", "2009-12-31": "$474", "2009-09-30": "$449", "2009-06-30": "$394", "2009-03-31": "$340", "2008-12-31": "$411", "2008-09-30": "$501", "2008-06-30": "$501", "2008-03-31": "$487", "2007-12-31": "$540", "2007-09-30": "$524", "2007-06-30": "$532", "2007-03-31": "$477", "2006-12-31": "$497", "2006-09-30": "$503", "2006-06-30": "$509", "2006-03-31": "$478", "2005-12-31": "$446", "2005-09-30": "$424", "2005-06-30": "$400", "2005-03-31": "$400"}}, "gross-profit": {"Maxim Integrated Products Annual Gross Profit (Millions of US $)": {"2020": "$1,433", "2019": "$1,501", "2018": "$1,626", "2017": "$1,446", "2016": "$1,244", "2015": "$1,272", "2014": "$1,385", "2013": "$1,497", "2012": "$1,451", "2011": "$1,530", "2010": "$1,193", "2009": "$849", "2008": "$1,249", "2007": "$1,227", "2006": "$1,218", "2005": "$1,172"}, "Maxim Integrated Products Quarterly Gross Profit (Millions of US $)": {"2020-12-31": "$416", "2020-09-30": "$417", "2020-06-30": "$362", "2020-03-31": "$366", "2019-12-31": "$361", "2019-09-30": "$343", "2019-06-30": "$356", "2019-03-31": "$341", "2018-12-31": "$373", "2018-09-30": "$430", "2018-06-30": "$419", "2018-03-31": "$424", "2017-12-31": "$410", "2017-09-30": "$374", "2017-06-30": "$394", "2017-03-31": "$367", "2016-12-31": "$340", "2016-09-30": "$346", "2016-06-30": "$347", "2016-03-31": "$319", "2015-12-31": "$292", "2015-09-30": "$286", "2015-06-30": "$304", "2015-03-31": "$315", "2014-12-31": "$314", "2014-09-30": "$339", "2014-06-30": "$369", "2014-03-31": "$340", "2013-12-31": "$329", "2013-09-30": "$347", "2013-06-30": "$371", "2013-03-31": "$376", "2012-12-31": "$363", "2012-09-30": "$386", "2012-06-30": "$372", "2012-03-31": "$335", "2011-12-31": "$348", "2011-09-30": "$395", "2011-06-30": "$391", "2011-03-31": "$373", "2010-12-31": "$380", "2010-09-30": "$386", "2010-06-30": "$341", "2010-03-31": "$309", "2009-12-31": "$292", "2009-09-30": "$252", "2009-06-30": "$191", "2009-03-31": "$168", "2008-12-31": "$199", "2008-09-30": "$292", "2008-06-30": "$303", "2008-03-31": "$289", "2007-12-31": "$336", "2007-09-30": "$321", "2007-06-30": "$333", "2007-03-31": "$286", "2006-12-31": "$308", "2006-09-30": "$299", "2006-06-30": "$329", "2006-03-31": "$314", "2005-12-31": "$293", "2005-09-30": "$282", "2005-06-30": "$252", "2005-03-31": "$288"}}, "operating-income": {"Maxim Integrated Products Annual Operating Income (Millions of US $)": {"2020": "$686", "2019": "$747", "2018": "$833", "2017": "$695", "2016": "$314", "2015": "$237", "2014": "$422", "2013": "$588", "2012": "$535", "2011": "$673", "2010": "$292", "2009": "$17", "2008": "$426", "2007": "$352", "2006": "$525", "2005": "$669"}, "Maxim Integrated Products Quarterly Operating Income (Millions of US $)": {"2020-12-31": "$214", "2020-09-30": "$201", "2020-06-30": "$178", "2020-03-31": "$183", "2019-12-31": "$169", "2019-09-30": "$156", "2019-06-30": "$174", "2019-03-31": "$157", "2018-12-31": "$182", "2018-09-30": "$234", "2018-06-30": "$222", "2018-03-31": "$225", "2017-12-31": "$201", "2017-09-30": "$185", "2017-06-30": "$199", "2017-03-31": "$174", "2016-12-31": "$149", "2016-09-30": "$172", "2016-06-30": "$122", "2016-03-31": "$178", "2015-12-31": "$90", "2015-09-30": "$-76", "2015-06-30": "$95", "2015-03-31": "$105", "2014-12-31": "$-64", "2014-09-30": "$101", "2014-06-30": "$117", "2014-03-31": "$107", "2013-12-31": "$70", "2013-09-30": "$129", "2013-06-30": "$151", "2013-03-31": "$154", "2012-12-31": "$118", "2012-09-30": "$165", "2012-06-30": "$136", "2012-03-31": "$112", "2011-12-31": "$115", "2011-09-30": "$172", "2011-06-30": "$178", "2011-03-31": "$164", "2010-12-31": "$152", "2010-09-30": "$179", "2010-06-30": "$141", "2010-03-31": "$-48", "2009-12-31": "$109", "2009-09-30": "$90", "2009-06-30": "$22", "2009-03-31": "$-17", "2008-12-31": "$-81", "2008-09-30": "$94", "2008-06-30": "$95", "2008-03-31": "$81", "2007-12-31": "$141", "2007-09-30": "$110", "2007-06-30": "$123", "2007-03-31": "$86", "2006-12-31": "$127", "2006-09-30": "$16", "2006-06-30": "$130", "2006-03-31": "$147", "2005-12-31": "$133", "2005-09-30": "$115", "2005-06-30": "$67", "2005-03-31": "$180"}}, "ebitda": {"Maxim Integrated Products Annual EBITDA (Millions of US $)": {"2020": "$795", "2019": "$858", "2018": "$978", "2017": "$859", "2016": "$558", "2015": "$537", "2014": "$667", "2013": "$795", "2012": "$746", "2011": "$878", "2010": "$460", "2009": "$223", "2008": "$588", "2007": "$457", "2006": "$616", "2005": "$746"}, "Maxim Integrated Products Quarterly EBITDA (Millions of US $)": {"2020-12-31": "$238", "2020-09-30": "$226", "2020-06-30": "$214", "2020-03-31": "$207", "2019-12-31": "$193", "2019-09-30": "$180", "2019-06-30": "$199", "2019-03-31": "$184", "2018-12-31": "$209", "2018-09-30": "$265", "2018-06-30": "$258", "2018-03-31": "$262", "2017-12-31": "$237", "2017-09-30": "$222", "2017-06-30": "$238", "2017-03-31": "$215", "2016-12-31": "$191", "2016-09-30": "$216", "2016-06-30": "$169", "2016-03-31": "$225", "2015-12-31": "$139", "2015-09-30": "$26", "2015-06-30": "$188", "2015-03-31": "$177", "2014-12-31": "$8", "2014-09-30": "$165", "2014-06-30": "$181", "2014-03-31": "$171", "2013-12-31": "$135", "2013-09-30": "$180", "2013-06-30": "$202", "2013-03-31": "$205", "2012-12-31": "$169", "2012-09-30": "$219", "2012-06-30": "$190", "2012-03-31": "$165", "2011-12-31": "$167", "2011-09-30": "$224", "2011-06-30": "$228", "2011-03-31": "$215", "2010-12-31": "$204", "2010-09-30": "$231", "2010-06-30": "$191", "2010-03-31": "$-7", "2009-12-31": "$149", "2009-09-30": "$127", "2009-06-30": "$78", "2009-03-31": "$34", "2008-12-31": "$-30", "2008-09-30": "$140", "2008-06-30": "$146", "2008-03-31": "$127", "2007-12-31": "$175", "2007-09-30": "$140", "2007-06-30": "$150", "2007-03-31": "$114", "2006-12-31": "$153", "2006-09-30": "$40", "2006-06-30": "$156", "2006-03-31": "$169", "2005-12-31": "$154", "2005-09-30": "$136", "2005-06-30": "$88", "2005-03-31": "$200"}}, "net-income": {"Maxim Integrated Products Annual Net Income (Millions of US $)": {"2020": "$655", "2019": "$827", "2018": "$467", "2017": "$572", "2016": "$227", "2015": "$206", "2014": "$355", "2013": "$455", "2012": "$387", "2011": "$489", "2010": "$125", "2009": "$10", "2008": "$318", "2007": "$286", "2006": "$388", "2005": "$462"}, "Maxim Integrated Products Quarterly Net Income (Millions of US $)": {"2020-12-31": "$184", "2020-09-30": "$170", "2020-06-30": "$207", "2020-03-31": "$161", "2019-12-31": "$146", "2019-09-30": "$140", "2019-06-30": "$368", "2019-03-31": "$131", "2018-12-31": "$132", "2018-09-30": "$197", "2018-06-30": "$194", "2018-03-31": "$194", "2017-12-31": "$-75", "2017-09-30": "$155", "2017-06-30": "$163", "2017-03-31": "$140", "2016-12-31": "$130", "2016-09-30": "$138", "2016-06-30": "$92", "2016-03-31": "$140", "2015-12-31": "$67", "2015-09-30": "$-72", "2015-06-30": "$99", "2015-03-31": "$79", "2014-12-31": "$-72", "2014-09-30": "$100", "2014-06-30": "$85", "2014-03-31": "$123", "2013-12-31": "$44", "2013-09-30": "$103", "2013-06-30": "$119", "2013-03-31": "$131", "2012-12-31": "$77", "2012-09-30": "$128", "2012-06-30": "$111", "2012-03-31": "$55", "2011-12-31": "$88", "2011-09-30": "$133", "2011-06-30": "$126", "2011-03-31": "$136", "2010-12-31": "$110", "2010-09-30": "$118", "2010-06-30": "$58", "2010-03-31": "$-34", "2009-12-31": "$59", "2009-09-30": "$42", "2009-06-30": "$8", "2009-03-31": "$-26", "2008-12-31": "$-39", "2008-09-30": "$68", "2008-06-30": "$66", "2008-03-31": "$61", "2007-12-31": "$107", "2007-09-30": "$84", "2007-06-30": "$92", "2007-03-31": "$76", "2006-12-31": "$98", "2006-09-30": "$20", "2006-06-30": "$96", "2006-03-31": "$107", "2005-12-31": "$98", "2005-09-30": "$87", "2005-06-30": "$48", "2005-03-31": "$126"}}, "eps-earnings-per-share-diluted": {"Maxim Integrated Products Annual EPS": {"2020": "$2.41", "2019": "$2.97", "2018": "$1.64", "2017": "$1.98", "2016": "$0.79", "2015": "$0.71", "2014": "$1.23", "2013": "$1.52", "2012": "$1.29", "2011": "$1.61", "2010": "$0.40", "2009": "$0.03", "2008": "$0.98", "2007": "$0.87", "2006": "$1.14", "2005": "$1.35"}, "Maxim Integrated Products Quarterly EPS": {"2020-12-31": "$0.68", "2020-09-30": "$0.63", "2020-06-30": "$0.78", "2020-03-31": "$0.59", "2019-12-31": "$0.53", "2019-09-30": "$0.51", "2019-06-30": "$1.33", "2019-03-31": "$0.47", "2018-12-31": "$0.47", "2018-09-30": "$0.70", "2018-06-30": "$0.69", "2018-03-31": "$0.68", "2017-12-31": "$-0.27", "2017-09-30": "$0.54", "2017-06-30": "$0.56", "2017-03-31": "$0.49", "2016-12-31": "$0.45", "2016-09-30": "$0.48", "2016-06-30": "$0.33", "2016-03-31": "$0.48", "2015-12-31": "$0.23", "2015-09-30": "$-0.25", "2015-06-30": "$0.33", "2015-03-31": "$0.28", "2014-12-31": "$-0.25", "2014-09-30": "$0.35", "2014-06-30": "$0.30", "2014-03-31": "$0.42", "2013-12-31": "$0.15", "2013-09-30": "$0.36", "2013-06-30": "$0.39", "2013-03-31": "$0.44", "2012-12-31": "$0.26", "2012-09-30": "$0.43", "2012-06-30": "$0.38", "2012-03-31": "$0.18", "2011-12-31": "$0.29", "2011-09-30": "$0.44", "2011-06-30": "$0.41", "2011-03-31": "$0.45", "2010-12-31": "$0.36", "2010-09-30": "$0.39", "2010-06-30": "$0.19", "2010-03-31": "$-0.11", "2009-12-31": "$0.19", "2009-09-30": "$0.13", "2009-06-30": "$0.03", "2009-03-31": "$-0.09", "2008-12-31": "$-0.12", "2008-09-30": "$0.21", "2008-06-30": "$0.21", "2008-03-31": "$0.19", "2007-12-31": "$0.33", "2007-09-30": "$0.25", "2007-06-30": "$0.28", "2007-03-31": "$0.23", "2006-12-31": "$0.30", "2006-09-30": "$0.06", "2006-06-30": "$0.28", "2006-03-31": "$0.32", "2005-12-31": "$0.29", "2005-09-30": "$0.25", "2005-06-30": "$0.14", "2005-03-31": "$0.37"}}, "shares-outstanding": {"Maxim Integrated Products Annual Shares Outstanding (Millions of Shares)": {"2020": "272", "2019": "279", "2018": "286", "2017": "288", "2016": "289", "2015": "289", "2014": "289", "2013": "299", "2012": "300", "2011": "303", "2010": "310", "2009": "311", "2008": "326", "2007": "330", "2006": "339", "2005": "342"}, "Maxim Integrated Products Quarterly Shares Outstanding (Millions of Shares)": {"2020-12-31": "271", "2020-09-30": "270", "2020-06-30": "272", "2020-03-31": "272", "2019-12-31": "273", "2019-09-30": "274", "2019-06-30": "279", "2019-03-31": "277", "2018-12-31": "280", "2018-09-30": "282", "2018-06-30": "286", "2018-03-31": "286", "2017-12-31": "282", "2017-09-30": "286", "2017-06-30": "288", "2017-03-31": "288", "2016-12-31": "288", "2016-09-30": "289", "2016-06-30": "289", "2016-03-31": "290", "2015-12-31": "291", "2015-09-30": "285", "2015-06-30": "289", "2015-03-31": "289", "2014-12-31": "283", "2014-09-30": "289", "2014-06-30": "289", "2014-03-31": "289", "2013-12-31": "289", "2013-09-30": "290", "2013-06-30": "299", "2013-03-31": "300", "2012-12-31": "299", "2012-09-30": "299", "2012-06-30": "300", "2012-03-31": "300", "2011-12-31": "299", "2011-09-30": "301", "2011-06-30": "303", "2011-03-31": "305", "2010-12-31": "303", "2010-09-30": "302", "2010-06-30": "310", "2010-03-31": "305", "2009-12-31": "310", "2009-09-30": "312", "2009-06-30": "311", "2009-03-31": "304", "2008-12-31": "313", "2008-09-30": "324", "2008-06-30": "326", "2008-03-31": "322", "2007-12-31": "326", "2007-09-30": "329", "2007-06-30": "330", "2007-03-31": "330", "2006-12-31": "330", "2006-09-30": "328", "2006-06-30": "339", "2006-03-31": "336", "2005-12-31": "339", "2005-09-30": "347", "2005-06-30": "342", "2005-03-31": "343"}}, "total-assets": {"Maxim Integrated Products Annual Total Assets (Millions of US $)": {"2020": "$3,629", "2019": "$3,744", "2018": "$4,452", "2017": "$4,570", "2016": "$4,235", "2015": "$4,216", "2014": "$4,406", "2013": "$3,936", "2012": "$3,738", "2011": "$3,528", "2010": "$3,482", "2009": "$3,082", "2008": "$3,708", "2007": "$3,607", "2006": "$3,287", "2005": "$3,060"}, "Maxim Integrated Products Quarterly Total Assets (Millions of US $)": {"2020-12-31": "$3,883", "2020-09-30": "$3,654", "2020-06-30": "$3,629", "2020-03-31": "$3,549", "2019-12-31": "$3,627", "2019-09-30": "$3,681", "2019-06-30": "$3,744", "2019-03-31": "$3,804", "2018-12-31": "$3,889", "2018-09-30": "$4,549", "2018-06-30": "$4,452", "2018-03-31": "$4,623", "2017-12-31": "$4,565", "2017-09-30": "$4,536", "2017-06-30": "$4,570", "2017-03-31": "$4,018", "2016-12-31": "$3,948", "2016-09-30": "$4,193", "2016-06-30": "$4,235", "2016-03-31": "$3,981", "2015-12-31": "$3,937", "2015-09-30": "$3,945", "2015-06-30": "$4,216", "2015-03-31": "$4,168", "2014-12-31": "$4,125", "2014-09-30": "$4,305", "2014-06-30": "$4,406", "2014-03-31": "$4,355", "2013-12-31": "$4,307", "2013-09-30": "$3,764", "2013-06-30": "$3,936", "2013-03-31": "$4,334", "2012-12-31": "$3,739", "2012-09-30": "$3,705", "2012-06-30": "$3,738", "2012-03-31": "$3,670", "2011-12-31": "$3,521", "2011-09-30": "$3,522", "2011-06-30": "$3,528", "2011-03-31": "$3,452", "2010-12-31": "$3,366", "2010-09-30": "$3,305", "2010-06-30": "$3,482", "2010-03-31": "$3,079", "2009-12-31": "$2,998", "2009-09-30": "$3,061", "2009-06-30": "$3,082", "2009-03-31": "$3,130", "2008-12-31": "$3,210", "2008-09-30": "$3,701", "2008-06-30": "$3,708", "2008-03-31": "$3,674", "2007-12-31": "$3,639", "2007-09-30": "$3,742", "2007-06-30": "$3,607", "2007-03-31": "$3,523", "2006-12-31": "$3,483", "2006-09-30": "$3,480", "2006-06-30": "$3,287", "2006-03-31": "$3,042", "2005-12-31": "$2,957", "2005-09-30": "$3,154", "2005-06-30": "$3,060", "2005-03-31": "$2,940"}}, "cash-on-hand": {"Maxim Integrated Products Annual Cash on Hand (Millions of US $)": {"2020": "$1,614", "2019": "$1,898", "2018": "$2,626", "2017": "$2,745", "2016": "$2,231", "2015": "$1,626", "2014": "$1,372", "2013": "$1,200", "2012": "$956", "2011": "$1,013", "2010": "$827", "2009": "$913", "2008": "$1,218", "2007": "$1,299", "2006": "$1,343", "2005": "$1,475"}, "Maxim Integrated Products Quarterly Cash on Hand (Millions of US $)": {"2020-12-31": "$1,806", "2020-09-30": "$1,612", "2020-06-30": "$1,614", "2020-03-31": "$1,686", "2019-12-31": "$1,783", "2019-09-30": "$1,793", "2019-06-30": "$1,898", "2019-03-31": "$1,898", "2018-12-31": "$1,961", "2018-09-30": "$2,563", "2018-06-30": "$2,626", "2018-03-31": "$2,724", "2017-12-31": "$2,823", "2017-09-30": "$2,774", "2017-06-30": "$2,745", "2017-03-31": "$2,156", "2016-12-31": "$2,087", "2016-09-30": "$2,268", "2016-06-30": "$2,231", "2016-03-31": "$1,860", "2015-12-31": "$1,773", "2015-09-30": "$1,609", "2015-06-30": "$1,626", "2015-03-31": "$1,467", "2014-12-31": "$1,381", "2014-09-30": "$1,319", "2014-06-30": "$1,372", "2014-03-31": "$1,231", "2013-12-31": "$1,150", "2013-09-30": "$1,035", "2013-06-30": "$1,200", "2013-03-31": "$1,573", "2012-12-31": "$1,030", "2012-09-30": "$925", "2012-06-30": "$956", "2012-03-31": "$936", "2011-12-31": "$817", "2011-09-30": "$760", "2011-06-30": "$1,013", "2011-03-31": "$919", "2010-12-31": "$798", "2010-09-30": "$718", "2010-06-30": "$827", "2010-03-31": "$859", "2009-12-31": "$839", "2009-09-30": "$938", "2009-06-30": "$913", "2009-03-31": "$898", "2008-12-31": "$925", "2008-09-30": "$1,256", "2008-06-30": "$1,218", "2008-03-31": "$1,189", "2007-12-31": "$1,155", "2007-09-30": "$1,349", "2007-06-30": "$1,299", "2007-03-31": "$1,324", "2006-12-31": "$1,316", "2006-09-30": "$1,393", "2006-06-30": "$1,343", "2006-03-31": "$1,336", "2005-12-31": "$1,341", "2005-09-30": "$1,585", "2005-06-30": "$1,475", "2005-03-31": "$1,403"}}, "long-term-debt": {"Maxim Integrated Products Annual Long Term Debt (Millions of US $)": {"2020": "$994", "2019": "$993", "2018": "$991", "2017": "$1,488", "2016": "$990", "2015": "$988", "2014": "$1,001", "2013": "$504", "2012": "$6", "2011": "$300", "2010": "$300", "2009": "$", "2008": "$", "2007": "$", "2006": "$", "2005": "$"}, "Maxim Integrated Products Quarterly Long Term Debt (Millions of US $)": {"2020-12-31": "$995", "2020-09-30": "$994", "2020-06-30": "$994", "2020-03-31": "$994", "2019-12-31": "$993", "2019-09-30": "$993", "2019-06-30": "$993", "2019-03-31": "$992", "2018-12-31": "$992", "2018-09-30": "$992", "2018-06-30": "$991", "2018-03-31": "$991", "2017-12-31": "$990", "2017-09-30": "$1,488", "2017-06-30": "$1,488", "2017-03-31": "$992", "2016-12-31": "$991", "2016-09-30": "$991", "2016-06-30": "$990", "2016-03-31": "$1,000", "2015-12-31": "$1,000", "2015-09-30": "$1,000", "2015-06-30": "$988", "2015-03-31": "$1,000", "2014-12-31": "$1,000", "2014-09-30": "$1,001", "2014-06-30": "$1,001", "2014-03-31": "$1,001", "2013-12-31": "$1,001", "2013-09-30": "$501", "2013-06-30": "$504", "2013-03-31": "$504", "2012-12-31": "$4", "2012-09-30": "$6", "2012-06-30": "$6", "2012-03-31": "$309", "2011-12-31": "$309", "2011-09-30": "$312", "2011-06-30": "$300", "2011-03-31": "$300", "2010-12-31": "$300", "2010-09-30": "$300", "2010-06-30": "$300", "2010-03-31": "", "2009-12-31": "", "2009-09-30": "", "2009-06-30": "", "2009-03-31": "", "2008-12-31": "", "2008-09-30": "", "2008-06-30": "", "2008-03-31": "", "2007-12-31": "", "2007-09-30": "", "2007-06-30": "", "2007-03-31": "", "2006-12-31": "", "2006-09-30": "", "2006-06-30": "", "2006-03-31": "", "2005-12-31": "", "2005-09-30": "", "2005-06-30": "", "2005-03-31": ""}}, "total-liabilities": {"Maxim Integrated Products Annual Total Liabilities (Millions of US $)": {"2020": "$1,972", "2019": "$1,899", "2018": "$2,521", "2017": "$2,368", "2016": "$2,127", "2015": "$1,926", "2014": "$1,976", "2013": "$1,428", "2012": "$1,200", "2011": "$1,017", "2010": "$1,129", "2009": "$487", "2008": "$561", "2007": "$475", "2006": "$511", "2005": "$374"}, "Maxim Integrated Products Quarterly Total Liabilities (Millions of US $)": {"2020-12-31": "$1,957", "2020-09-30": "$1,943", "2020-06-30": "$1,972", "2020-03-31": "$1,929", "2019-12-31": "$1,900", "2019-09-30": "$1,900", "2019-06-30": "$1,899", "2019-03-31": "$2,141", "2018-12-31": "$2,134", "2018-09-30": "$2,636", "2018-06-30": "$2,521", "2018-03-31": "$2,672", "2017-12-31": "$2,579", "2017-09-30": "$2,338", "2017-06-30": "$2,368", "2017-03-31": "$1,857", "2016-12-31": "$1,804", "2016-09-30": "$2,057", "2016-06-30": "$2,127", "2016-03-31": "$1,843", "2015-12-31": "$1,789", "2015-09-30": "$1,830", "2015-06-30": "$1,926", "2015-03-31": "$1,914", "2014-12-31": "$1,883", "2014-09-30": "$1,894", "2014-06-30": "$1,976", "2014-03-31": "$1,954", "2013-12-31": "$1,951", "2013-09-30": "$1,366", "2013-06-30": "$1,428", "2013-03-31": "$1,722", "2012-12-31": "$1,157", "2012-09-30": "$1,136", "2012-06-30": "$1,200", "2012-03-31": "$1,167", "2011-12-31": "$1,016", "2011-09-30": "$1,009", "2011-06-30": "$1,017", "2011-03-31": "$987", "2010-12-31": "$981", "2010-09-30": "$963", "2010-06-30": "$1,129", "2010-03-31": "$674", "2009-12-31": "$453", "2009-09-30": "$489", "2009-06-30": "$487", "2009-03-31": "$498", "2008-12-31": "$469", "2008-09-30": "$544", "2008-06-30": "$561", "2008-03-31": "$560", "2007-12-31": "$552", "2007-09-30": "$726", "2007-06-30": "$475", "2007-03-31": "$479", "2006-12-31": "$502", "2006-09-30": "$577", "2006-06-30": "$511", "2006-03-31": "$434", "2005-12-31": "$441", "2005-09-30": "$456", "2005-06-30": "$374", "2005-03-31": "$436"}}, "total-share-holder-equity": {"Maxim Integrated Products Annual Share Holder Equity (Millions of US $)": {"2020": "$1,657", "2019": "$1,845", "2018": "$1,931", "2017": "$2,203", "2016": "$2,108", "2015": "$2,290", "2014": "$2,430", "2013": "$2,508", "2012": "$2,538", "2011": "$2,511", "2010": "$2,353", "2009": "$2,594", "2008": "$3,148", "2007": "$3,132", "2006": "$2,775", "2005": "$2,686"}, "Maxim Integrated Products Quarterly Share Holder Equity (Millions of US $)": {"2020-12-31": "$1,926", "2020-09-30": "$1,711", "2020-06-30": "$1,657", "2020-03-31": "$1,620", "2019-12-31": "$1,727", "2019-09-30": "$1,781", "2019-06-30": "$1,845", "2019-03-31": "$1,663", "2018-12-31": "$1,755", "2018-09-30": "$1,912", "2018-06-30": "$1,931", "2018-03-31": "$1,951", "2017-12-31": "$1,986", "2017-09-30": "$2,198", "2017-06-30": "$2,203", "2017-03-31": "$2,160", "2016-12-31": "$2,144", "2016-09-30": "$2,135", "2016-06-30": "$2,108", "2016-03-31": "$2,139", "2015-12-31": "$2,149", "2015-09-30": "$2,115", "2015-06-30": "$2,290", "2015-03-31": "$2,254", "2014-12-31": "$2,242", "2014-09-30": "$2,411", "2014-06-30": "$2,430", "2014-03-31": "$2,401", "2013-12-31": "$2,356", "2013-09-30": "$2,398", "2013-06-30": "$2,508", "2013-03-31": "$2,613", "2012-12-31": "$2,581", "2012-09-30": "$2,568", "2012-06-30": "$2,538", "2012-03-31": "$2,503", "2011-12-31": "$2,504", "2011-09-30": "$2,513", "2011-06-30": "$2,511", "2011-03-31": "$2,465", "2010-12-31": "$2,385", "2010-09-30": "$2,342", "2010-06-30": "$2,353", "2010-03-31": "$2,405", "2009-12-31": "$2,545", "2009-09-30": "$2,572", "2009-06-30": "$2,594", "2009-03-31": "$2,632", "2008-12-31": "$2,741", "2008-09-30": "$3,157", "2008-06-30": "$3,148", "2008-03-31": "$3,114", "2007-12-31": "$3,087", "2007-09-30": "$3,016", "2007-06-30": "$3,132", "2007-03-31": "$3,044", "2006-12-31": "$2,981", "2006-09-30": "$2,903", "2006-06-30": "$2,775", "2006-03-31": "$2,608", "2005-12-31": "$2,516", "2005-09-30": "$2,698", "2005-06-30": "$2,686", "2005-03-31": "$2,504"}}, "profit-margins": {"current": "30.66%"}, "gross margin": {"2020-12-31": "66.31%", "2020-09-30": "66.14%", "2020-06-30": "65.36%", "2020-03-31": "64.73%", "2019-12-31": "64.18%", "2019-09-30": "63.97%", "2019-06-30": "64.82%", "2019-03-31": "65.40%", "2018-12-31": "65.92%", "2018-09-30": "66.18%", "2018-06-30": "65.58%", "2018-03-31": "65.39%", "2017-12-31": "64.86%", "2017-09-30": "63.85%", "2017-06-30": "63.05%", "2017-03-31": "61.97%", "2016-12-31": "60.55%", "2016-09-30": "59.46%", "2016-06-30": "56.67%", "2016-03-31": "54.29%", "2015-12-31": "53.58%", "2015-09-30": "53.23%", "2015-06-30": "55.14%", "2015-03-31": "56.51%", "2014-12-31": "56.87%", "2014-09-30": "56.25%", "2014-06-30": "56.46%", "2014-03-31": "57.34%", "2013-12-31": "58.85%", "2013-09-30": "60.63%", "2013-06-30": "61.29%", "2013-03-31": "61.40%", "2012-12-31": "60.57%", "2012-09-30": "60.29%", "2012-06-30": "60.34%", "2012-03-31": "60.60%", "2011-12-31": "61.26%", "2011-09-30": "62.01%", "2011-06-30": "61.89%", "2011-03-31": "61.36%", "2010-12-31": "61.19%", "2010-09-30": "61.06%", "2010-06-30": "59.76%", "2010-03-31": "57.17%", "2009-12-31": "54.50%", "2009-09-30": "50.82%", "2009-06-30": "51.64%", "2009-03-31": "54.88%", "2008-12-31": "57.00%", "2008-09-30": "60.13%", "2008-06-30": "60.87%", "2008-03-31": "61.40%", "2007-12-31": "61.55%", "2007-09-30": "61.48%", "2007-06-30": "61.03%", "2007-03-31": "61.53%", "2006-12-31": "62.91%", "2006-09-30": "63.79%", "2006-06-30": "65.59%", "2006-03-31": "65.27%", "2005-12-31": "66.77%"}, "operating margin": {"2020-12-31": "32.97%", "2020-09-30": "32.10%", "2020-06-30": "31.31%", "2020-03-31": "30.96%", "2019-12-31": "30.05%", "2019-09-30": "30.29%", "2019-06-30": "32.28%", "2019-03-31": "33.26%", "2018-12-31": "34.56%", "2018-09-30": "34.68%", "2018-06-30": "33.58%", "2018-03-31": "33.06%", "2017-12-31": "31.86%", "2017-09-30": "30.61%", "2017-06-30": "30.24%", "2017-03-31": "27.31%", "2016-12-31": "27.81%", "2016-09-30": "25.63%", "2016-06-30": "14.31%", "2016-03-31": "12.97%", "2015-12-31": "9.58%", "2015-09-30": "2.62%", "2015-06-30": "10.27%", "2015-03-31": "10.95%", "2014-12-31": "10.90%", "2014-09-30": "16.14%", "2014-06-30": "17.24%", "2014-03-31": "18.89%", "2013-12-31": "20.84%", "2013-09-30": "22.97%", "2013-06-30": "24.09%", "2013-03-31": "23.50%", "2012-12-31": "22.09%", "2012-09-30": "22.09%", "2012-06-30": "22.26%", "2012-03-31": "23.80%", "2011-12-31": "25.57%", "2011-09-30": "26.83%", "2011-06-30": "27.22%", "2011-03-31": "26.37%", "2010-12-31": "18.32%", "2010-09-30": "17.52%", "2010-06-30": "14.61%", "2010-03-31": "9.47%", "2009-12-31": "12.31%", "2009-09-30": "0.88%", "2009-06-30": "1.09%", "2009-03-31": "5.19%", "2008-12-31": "9.95%", "2008-09-30": "20.26%", "2008-06-30": "20.81%", "2008-03-31": "21.84%", "2007-12-31": "22.19%", "2007-09-30": "21.97%", "2007-06-30": "17.52%", "2007-03-31": "18.08%", "2006-12-31": "21.14%", "2006-09-30": "22.00%", "2006-06-30": "28.27%", "2006-03-31": "26.43%", "2005-12-31": "29.64%"}, "ebitda margin": {"2020-12-31": "37.60%", "2020-09-30": "36.89%", "2020-06-30": "36.24%", "2020-03-31": "35.36%", "2019-12-31": "34.63%", "2019-09-30": "34.95%", "2019-06-30": "37.04%", "2019-03-31": "38.33%", "2018-12-31": "39.81%", "2018-09-30": "40.19%", "2018-06-30": "39.46%", "2018-03-31": "39.14%", "2017-12-31": "38.29%", "2017-09-30": "37.49%", "2017-06-30": "37.47%", "2017-03-31": "35.02%", "2016-12-31": "35.87%", "2016-09-30": "34.15%", "2016-06-30": "25.47%", "2016-03-31": "26.13%", "2015-12-31": "23.72%", "2015-09-30": "17.42%", "2015-06-30": "23.32%", "2015-03-31": "22.44%", "2014-12-31": "21.92%", "2014-09-30": "26.63%", "2014-06-30": "27.19%", "2014-03-31": "28.44%", "2013-12-31": "29.86%", "2013-09-30": "31.46%", "2013-06-30": "32.57%", "2013-03-31": "32.12%", "2012-12-31": "30.91%", "2012-09-30": "31.00%", "2012-06-30": "31.04%", "2012-03-31": "32.34%", "2011-12-31": "33.90%", "2011-09-30": "35.09%", "2011-06-30": "35.52%", "2011-03-31": "34.87%", "2010-12-31": "26.75%", "2010-09-30": "25.93%", "2010-06-30": "23.02%", "2010-03-31": "19.00%", "2009-12-31": "23.42%", "2009-09-30": "13.11%", "2009-06-30": "13.49%", "2009-03-31": "16.54%", "2008-12-31": "20.16%", "2008-09-30": "28.98%", "2008-06-30": "28.65%", "2008-03-31": "28.42%", "2007-12-31": "27.93%", "2007-09-30": "27.44%", "2007-06-30": "22.75%", "2007-03-31": "23.31%", "2006-12-31": "26.07%", "2006-09-30": "26.81%", "2006-06-30": "33.12%", "2006-03-31": "31.29%", "2005-12-31": "34.61%"}, "pre tax profit margin": {"2020-12-31": "32.07%", "2020-09-30": "31.36%", "2020-06-30": "30.94%", "2020-03-31": "31.18%", "2019-12-31": "30.46%", "2019-09-30": "30.74%", "2019-06-30": "32.63%", "2019-03-31": "33.51%", "2018-12-31": "34.56%", "2018-09-30": "34.53%", "2018-06-30": "33.25%", "2018-03-31": "32.53%", "2017-12-31": "31.28%", "2017-09-30": "30.09%", "2017-06-30": "29.59%", "2017-03-31": "26.52%", "2016-12-31": "26.87%", "2016-09-30": "24.26%", "2016-06-30": "12.98%", "2016-03-31": "13.20%", "2015-12-31": "9.89%", "2015-09-30": "3.01%", "2015-06-30": "10.62%", "2015-03-31": "9.72%", "2014-12-31": "10.10%", "2014-09-30": "15.48%", "2014-06-30": "16.71%", "2014-03-31": "18.44%", "2013-12-31": "20.10%", "2013-09-30": "22.31%", "2013-06-30": "23.39%", "2013-03-31": "23.09%", "2012-12-31": "21.76%", "2012-09-30": "21.97%", "2012-06-30": "22.18%", "2012-03-31": "23.64%", "2011-12-31": "25.33%", "2011-09-30": "26.35%", "2011-06-30": "26.74%", "2011-03-31": "26.04%", "2010-12-31": "18.06%", "2010-09-30": "17.61%", "2010-06-30": "15.02%", "2010-03-31": "9.86%", "2009-12-31": "12.73%", "2009-09-30": "1.57%", "2009-06-30": "2.19%", "2009-03-31": "6.50%", "2008-12-31": "11.79%", "2008-09-30": "22.67%", "2008-06-30": "23.59%", "2008-03-31": "25.16%", "2007-12-31": "25.66%", "2007-09-30": "25.17%", "2007-06-30": "20.61%", "2007-03-31": "20.95%", "2006-12-31": "23.80%", "2006-09-30": "24.54%", "2006-06-30": "30.75%", "2006-03-31": "28.95%", "2005-12-31": "32.10%"}, "net profit margin": {"2020-12-31": "30.67%", "2020-09-30": "30.04%", "2020-06-30": "29.85%", "2020-03-31": "37.00%", "2019-12-31": "35.96%", "2019-09-30": "34.90%", "2019-06-30": "35.78%", "2019-03-31": "27.36%", "2018-12-31": "28.71%", "2018-09-30": "20.06%", "2018-06-30": "18.86%", "2018-03-31": "17.84%", "2017-12-31": "16.08%", "2017-09-30": "25.45%", "2017-06-30": "24.88%", "2017-03-31": "22.13%", "2016-12-31": "22.39%", "2016-09-30": "19.93%", "2016-06-30": "10.34%", "2016-03-31": "10.58%", "2015-12-31": "7.74%", "2015-09-30": "1.48%", "2015-06-30": "8.93%", "2015-03-31": "8.11%", "2014-12-31": "9.85%", "2014-09-30": "14.38%", "2014-06-30": "14.47%", "2014-03-31": "16.08%", "2013-12-31": "16.42%", "2013-09-30": "17.89%", "2013-06-30": "18.64%", "2013-03-31": "18.33%", "2012-12-31": "15.43%", "2012-09-30": "15.98%", "2012-06-30": "16.10%", "2012-03-31": "16.58%", "2011-12-31": "19.63%", "2011-09-30": "20.35%", "2011-06-30": "19.82%", "2011-03-31": "17.50%", "2010-12-31": "10.89%", "2010-09-30": "9.24%", "2010-06-30": "6.26%", "2010-03-31": "4.11%", "2009-12-31": "5.01%", "2009-09-30": "-0.94%", "2009-06-30": "0.67%", "2009-03-31": "3.94%", "2008-12-31": "8.21%", "2008-09-30": "14.88%", "2008-06-30": "15.50%", "2008-03-31": "16.51%", "2007-12-31": "17.32%", "2007-09-30": "17.24%", "2007-06-30": "14.24%", "2007-03-31": "14.60%", "2006-12-31": "16.16%", "2006-09-30": "16.58%", "2006-06-30": "20.89%", "2006-03-31": "19.45%", "2005-12-31": "21.50%"}, "pe ratio": {"current": "33.79", "2021-02-05": "44.82", "2020-12-31": "44.55", "2020-09-30": "26.83", "2020-06-30": "25.08", "2020-03-31": "16.18", "2019-12-31": "21.16", "2019-09-30": "20.18", "2019-06-30": "19.33", "2019-03-31": "21.81", "2018-12-31": "18.97", "2018-09-30": "29.49", "2018-06-30": "33.44", "2018-03-31": "36.55", "2017-12-31": "36.01", "2017-09-30": "21.18", "2017-06-30": "20.37", "2017-03-31": "23.16", "2016-12-31": "19.84", "2016-09-30": "23.34", "2016-06-30": "40.05", "2016-03-31": "39.90", "2015-12-31": "54.48", "2015-09-30": "237.52", "2015-06-30": "40.62", "2015-03-31": "43.59", "2014-12-31": "32.75", "2014-09-30": "20.27", "2014-06-30": "22.28", "2014-03-31": "19.89", "2013-12-31": "16.37", "2013-09-30": "16.27", "2013-06-30": "14.33", "2013-03-31": "17.04", "2012-12-31": "18.43", "2012-09-30": "16.16", "2012-06-30": "15.31", "2012-03-31": "16.41", "2011-12-31": "12.31", "2011-09-30": "10.48", "2011-06-30": "11.71", "2011-03-31": "13.48", "2010-12-31": "14.92", "2010-09-30": "13.60", "2010-06-30": "16.53", "2010-03-31": "24.36", "2009-12-31": "54.40", "2009-09-30": "0.00", "2009-06-30": "356.23", "2009-03-31": "44.40", "2008-12-31": "15.74", "2008-09-30": "12.66", "2008-06-30": "14.05", "2008-03-31": "12.41", "2007-12-31": "15.36", "2007-09-30": "17.38", "2007-06-30": "18.28", "2007-03-31": "14.84", "2006-12-31": "13.91"}, "price sales": {"2021-02-05": "10.26", "2020-12-31": "10.20", "2020-09-30": "8.06", "2020-06-30": "7.49", "2020-03-31": "5.97", "2019-12-31": "7.59", "2019-09-30": "7.05", "2019-06-30": "6.94", "2019-03-31": "5.95", "2018-12-31": "5.45", "2018-09-30": "5.89", "2018-06-30": "6.26", "2018-03-31": "6.47", "2017-12-31": "5.75", "2017-09-30": "5.41", "2017-06-30": "5.09", "2017-03-31": "5.15", "2016-12-31": "4.44", "2016-09-30": "4.65", "2016-06-30": "4.11", "2016-03-31": "4.16", "2015-12-31": "4.22", "2015-09-30": "3.57", "2015-06-30": "3.65", "2015-03-31": "3.55", "2014-12-31": "3.18", "2014-09-30": "2.94", "2014-06-30": "3.25", "2014-03-31": "3.23", "2013-12-31": "2.73", "2013-09-30": "2.93", "2013-06-30": "2.69", "2013-03-31": "3.14", "2012-12-31": "2.85", "2012-09-30": "2.57", "2012-06-30": "2.45", "2012-03-31": "2.69", "2011-12-31": "2.40", "2011-09-30": "2.12", "2011-06-30": "2.31", "2011-03-31": "2.37", "2010-12-31": "2.26", "2010-09-30": "1.88", "2010-06-30": "1.84", "2010-03-31": "2.31", "2009-12-31": "2.64", "2009-09-30": "2.43", "2009-06-30": "2.04", "2009-03-31": "1.61", "2008-12-31": "1.28", "2008-09-30": "1.88", "2008-06-30": "2.16", "2008-03-31": "2.04", "2007-12-31": "2.66", "2007-09-30": "2.99", "2007-06-30": "3.42", "2007-03-31": "3.05", "2006-12-31": "3.17"}, "price book": {"current": "12.41", "2021-02-05": "12.41", "2020-12-31": "12.34", "2020-09-30": "10.56", "2020-06-30": "9.69", "2020-03-31": "7.88", "2019-12-31": "9.38", "2019-09-30": "8.53", "2019-06-30": "8.46", "2019-03-31": "8.30", "2018-12-31": "7.47", "2018-09-30": "7.65", "2018-06-30": "7.87", "2018-03-31": "7.96", "2017-12-31": "5.26", "2017-09-30": "5.56", "2017-06-30": "5.21", "2017-03-31": "5.27", "2016-12-31": "4.52", "2016-09-30": "4.67", "2016-06-30": "4.21", "2016-03-31": "4.24", "2015-12-31": "4.36", "2015-09-30": "3.83", "2015-06-30": "3.64", "2015-03-31": "3.68", "2014-12-31": "3.35", "2014-09-30": "2.93", "2014-06-30": "3.23", "2014-03-31": "3.16", "2013-12-31": "2.69", "2013-09-30": "2.80", "2013-06-30": "2.51", "2013-03-31": "2.85", "2012-12-31": "2.59", "2012-09-30": "2.33", "2012-06-30": "2.26", "2012-03-31": "2.53", "2011-12-31": "2.28", "2011-09-30": "2.02", "2011-06-30": "2.22", "2011-03-31": "2.25", "2010-12-31": "2.13", "2010-09-30": "1.69", "2010-06-30": "1.52", "2010-03-31": "1.72", "2009-12-31": "1.69", "2009-09-30": "1.48", "2009-06-30": "1.26", "2009-03-31": "1.03", "2008-12-31": "0.84", "2008-09-30": "1.18", "2008-06-30": "1.39", "2008-03-31": "1.34", "2007-12-31": "1.74", "2007-09-30": "1.96", "2007-06-30": "2.13", "2007-03-31": "1.92", "2006-12-31": "2.03", "2006-09-30": "1.91", "2006-06-30": "2.26", "2006-03-31": "2.78"}, "price fcf": {"2021-02-05": "", "2020-12-31": "$2.71", "2020-09-30": "$2.82", "2020-06-30": "$2.70", "2020-03-31": "$2.71", "2019-12-31": "$2.68", "2019-09-30": "$2.62", "2019-06-30": "$2.85", "2019-03-31": "$2.59", "2018-12-31": "$2.61", "2018-09-30": "$2.61", "2018-06-30": "$2.66", "2018-03-31": "$2.99", "2017-12-31": "$3.02", "2017-09-30": "$2.89", "2017-06-30": "$2.55", "2017-03-31": "$2.66", "2016-12-31": "$2.44", "2016-09-30": "$2.57", "2016-06-30": "$2.55", "2016-03-31": "$2.35", "2015-12-31": "$2.41", "2015-09-30": "$2.30", "2015-06-30": "$2.24", "2015-03-31": "$2.25", "2014-12-31": "$2.31", "2014-09-30": "$2.32", "2014-06-30": "$2.24", "2014-03-31": "$2.13", "2013-12-31": "$2.03", "2013-09-30": "$2.04", "2013-06-30": "$2.11", "2013-03-31": "$1.89", "2012-12-31": "$1.80", "2012-09-30": "$1.75", "2012-06-30": "$1.70", "2012-03-31": "$1.98", "2011-12-31": "$2.26", "2011-09-30": "$2.19", "2011-06-30": "$2.35", "2011-03-31": "$2.04", "2010-12-31": "$1.76", "2010-09-30": "$1.23", "2010-06-30": "$1.19", "2010-03-31": "$1.07", "2009-12-31": "$0.85", "2009-09-30": "$0.99", "2009-06-30": "$1.00", "2009-03-31": "$1.02", "2008-12-31": "$1.13", "2008-09-30": "$0.99", "2008-06-30": "$0.98", "2008-03-31": "$0.80", "2007-12-31": "$0.71", "2007-09-30": "$0.66", "2007-06-30": "$0.66", "2007-03-31": "$0.84", "2006-12-31": "$1.56"}, "net worth": {"value": "$23.91B"}, "current ratio": {"current": "5.67", "2020-12-31": "5.67", "2020-09-30": "5.28", "2020-06-30": "5.11", "2020-03-31": "5.96", "2019-12-31": "6.60", "2019-09-30": "7.08", "2019-06-30": "6.84", "2019-03-31": "6.46", "2018-12-31": "6.54", "2018-09-30": "3.57", "2018-06-30": "4.03", "2018-03-31": "4.16", "2017-12-31": "4.49", "2017-09-30": "14.14", "2017-06-30": "11.85", "2017-03-31": "9.23", "2016-12-31": "10.06", "2016-09-30": "5.33", "2016-06-30": "4.61", "2016-03-31": "7.20", "2015-12-31": "7.38", "2015-09-30": "6.59", "2015-06-30": "6.05", "2015-03-31": "6.14", "2014-12-31": "6.20", "2014-09-30": "6.05", "2014-06-30": "5.24", "2014-03-31": "5.06", "2013-12-31": "4.96", "2013-09-30": "5.31", "2013-06-30": "4.79", "2013-03-31": "3.30", "2012-12-31": "2.56", "2012-09-30": "2.44", "2012-06-30": "2.25", "2012-03-31": "3.74", "2011-12-31": "3.86", "2011-09-30": "3.89", "2011-06-30": "4.17", "2011-03-31": "4.29", "2010-12-31": "4.66", "2010-09-30": "4.10", "2010-06-30": "3.21", "2010-03-31": "3.46", "2009-12-31": "5.95", "2009-09-30": "5.87", "2009-06-30": "5.90", "2009-03-31": "5.81", "2008-12-31": "5.78", "2008-09-30": "5.15", "2008-06-30": "4.88", "2008-03-31": "4.71", "2007-12-31": "4.75", "2007-09-30": "3.60", "2007-06-30": "4.55", "2007-03-31": "4.51", "2006-12-31": "4.30", "2006-09-30": "3.77", "2006-06-30": "4.15", "2006-03-31": "6.01", "2005-12-31": "5.92", "2005-09-30": "6.48", "2005-06-30": "5.66", "2005-03-31": "6.56"}, "quick ratio": {"2020-12-31": "5.10", "2020-09-30": "4.69", "2020-06-30": "4.54", "2020-03-31": "5.39", "2019-12-31": "5.98", "2019-09-30": "6.39", "2019-06-30": "6.18", "2019-03-31": "5.77", "2018-12-31": "5.85", "2018-09-30": "3.27", "2018-06-30": "3.67", "2018-03-31": "3.82", "2017-12-31": "4.14", "2017-09-30": "13.09", "2017-06-30": "10.96", "2017-03-31": "8.41", "2016-12-31": "9.16", "2016-09-30": "4.91", "2016-06-30": "4.23", "2016-03-31": "6.51", "2015-12-31": "6.51", "2015-09-30": "5.75", "2015-06-30": "5.30", "2015-03-31": "5.30", "2014-12-31": "5.29", "2014-09-30": "5.14", "2014-06-30": "4.51", "2014-03-31": "4.32", "2013-12-31": "4.18", "2013-09-30": "4.48", "2013-06-30": "4.11", "2013-03-31": "2.93", "2012-12-31": "2.18", "2012-09-30": "2.06", "2012-06-30": "1.93", "2012-03-31": "3.24", "2011-12-31": "3.24", "2011-09-30": "3.24", "2011-06-30": "3.60", "2011-03-31": "3.69", "2010-12-31": "4.01", "2010-09-30": "3.53", "2010-06-30": "2.82", "2010-03-31": "3.05", "2009-12-31": "5.19", "2009-09-30": "5.15", "2009-06-30": "5.09", "2009-03-31": "4.95", "2008-12-31": "4.92", "2008-09-30": "4.50", "2008-06-30": "4.23", "2008-03-31": "4.09", "2007-12-31": "4.13", "2007-09-30": "3.16", "2007-06-30": "3.97", "2007-03-31": "3.97", "2006-12-31": "3.79", "2006-09-30": "3.38", "2006-06-30": "3.72", "2006-03-31": "5.37", "2005-12-31": "5.30", "2005-09-30": "5.92", "2005-06-30": "5.16", "2005-03-31": "6.01"}, "debt equity ratio": {"current": "0.52", "2020-12-31": "1.02", "2020-09-30": "1.14", "2020-06-30": "1.19", "2020-03-31": "1.19", "2019-12-31": "1.10", "2019-09-30": "1.07", "2019-06-30": "1.03", "2019-03-31": "1.29", "2018-12-31": "1.22", "2018-09-30": "1.38", "2018-06-30": "1.31", "2018-03-31": "1.37", "2017-12-31": "1.30", "2017-09-30": "1.06", "2017-06-30": "1.08", "2017-03-31": "0.86", "2016-12-31": "0.84", "2016-09-30": "0.96", "2016-06-30": "1.01", "2016-03-31": "0.86", "2015-12-31": "0.83", "2015-09-30": "0.87", "2015-06-30": "0.84", "2015-03-31": "0.85", "2014-12-31": "0.84", "2014-09-30": "0.79", "2014-06-30": "0.81", "2014-03-31": "0.81", "2013-12-31": "0.83", "2013-09-30": "0.57", "2013-06-30": "0.57", "2013-03-31": "0.66", "2012-12-31": "0.45", "2012-09-30": "0.44", "2012-06-30": "0.47", "2012-03-31": "0.47", "2011-12-31": "0.41", "2011-09-30": "0.40", "2011-06-30": "0.41", "2011-03-31": "0.40", "2010-12-31": "0.41", "2010-09-30": "0.41", "2010-06-30": "0.48", "2010-03-31": "0.28", "2009-12-31": "0.18", "2009-09-30": "0.19", "2009-06-30": "0.19", "2009-03-31": "0.19", "2008-12-31": "0.17", "2008-09-30": "0.17", "2008-06-30": "0.18", "2008-03-31": "0.18", "2007-12-31": "0.18", "2007-09-30": "0.24", "2007-06-30": "0.15", "2007-03-31": "0.16", "2006-12-31": "0.17", "2006-09-30": "0.20", "2006-06-30": "0.18", "2006-03-31": "0.17", "2005-12-31": "0.18", "2005-09-30": "0.17", "2005-06-30": "0.14", "2005-03-31": "0.17"}, "return on equity": {"2020-12-31": "41.77%", "2020-09-30": "40.74%", "2020-06-30": "38.56%", "2020-03-31": "46.75%", "2019-12-31": "44.75%", "2019-09-30": "43.78%", "2019-06-30": "46.16%", "2019-03-31": "36.03%", "2018-12-31": "37.99%", "2018-09-30": "26.22%", "2018-06-30": "23.21%", "2018-03-31": "20.96%", "2017-12-31": "17.92%", "2017-09-30": "27.02%", "2017-06-30": "26.43%", "2017-03-31": "23.40%", "2016-12-31": "23.46%", "2016-09-30": "20.49%", "2016-06-30": "10.67%", "2016-03-31": "10.77%", "2015-12-31": "7.86%", "2015-09-30": "1.53%", "2015-06-30": "8.96%", "2015-03-31": "8.23%", "2014-12-31": "9.95%", "2014-09-30": "14.67%", "2014-06-30": "14.81%", "2014-03-31": "16.10%", "2013-12-31": "16.08%", "2013-09-30": "17.03%", "2013-06-30": "17.72%", "2013-03-31": "17.36%", "2012-12-31": "14.56%", "2012-09-30": "15.11%", "2012-06-30": "15.39%", "2012-03-31": "16.03%", "2011-12-31": "19.33%", "2011-09-30": "20.46%", "2011-06-30": "20.20%", "2011-03-31": "17.68%", "2010-12-31": "10.63%", "2010-09-30": "8.34%", "2010-06-30": "5.06%", "2010-03-31": "2.97%", "2009-12-31": "3.21%", "2009-09-30": "-0.57%", "2009-06-30": "0.40%", "2009-03-31": "2.36%", "2008-12-31": "5.13%", "2008-09-30": "9.66%", "2008-06-30": "10.29%", "2008-03-31": "11.14%", "2007-12-31": "11.69%", "2007-09-30": "11.50%", "2007-06-30": "9.49%", "2007-03-31": "9.91%", "2006-12-31": "11.40%", "2006-09-30": "11.89%", "2006-06-30": "14.65%", "2006-03-31": "12.94%", "2005-12-31": "13.80%"}, "return on assets": {"2020-12-31": "19.63%", "2020-09-30": "18.92%", "2020-06-30": "18.06%", "2020-03-31": "22.33%", "2019-12-31": "21.14%", "2019-09-30": "20.40%", "2019-06-30": "20.72%", "2019-03-31": "15.67%", "2018-12-31": "16.38%", "2018-09-30": "11.22%", "2018-06-30": "10.30%", "2018-03-31": "9.56%", "2017-12-31": "8.66%", "2017-09-30": "13.78%", "2017-06-30": "13.65%", "2017-03-31": "12.20%", "2016-12-31": "12.23%", "2016-09-30": "10.69%", "2016-06-30": "5.64%", "2016-03-31": "5.82%", "2015-12-31": "4.25%", "2015-09-30": "0.83%", "2015-06-30": "4.90%", "2015-03-31": "4.52%", "2014-12-31": "5.49%", "2014-09-30": "8.10%", "2014-06-30": "8.44%", "2014-03-31": "9.51%", "2013-12-31": "9.72%", "2013-09-30": "10.90%", "2013-06-30": "11.58%", "2013-03-31": "11.52%", "2012-12-31": "9.99%", "2012-09-30": "10.44%", "2012-06-30": "10.71%", "2012-03-31": "11.29%", "2011-12-31": "13.78%", "2011-09-30": "14.57%", "2011-06-30": "14.36%", "2011-03-31": "12.41%", "2010-12-31": "7.62%", "2010-09-30": "6.25%", "2010-06-30": "3.96%", "2010-03-31": "2.45%", "2009-12-31": "2.71%", "2009-09-30": "-0.48%", "2009-06-30": "0.34%", "2009-03-31": "2.01%", "2008-12-31": "4.37%", "2008-09-30": "8.21%", "2008-06-30": "8.62%", "2008-03-31": "9.38%", "2007-12-31": "9.90%", "2007-09-30": "9.75%", "2007-06-30": "8.12%", "2007-03-31": "8.42%", "2006-12-31": "9.66%", "2006-09-30": "10.06%", "2006-06-30": "12.48%", "2006-03-31": "11.14%", "2005-12-31": "11.86%"}, "return on investments": {"2020-12-31": "28.50%", "2020-09-30": "27.35%", "2020-06-30": "25.50%", "2020-03-31": "24.92%", "2019-12-31": "23.88%", "2019-09-30": "24.30%", "2019-06-30": "26.81%", "2019-03-31": "28.32%", "2018-12-31": "29.98%", "2018-09-30": "30.04%", "2018-06-30": "26.60%", "2018-03-31": "24.37%", "2017-12-31": "22.48%", "2017-09-30": "20.70%", "2017-06-30": "21.19%", "2017-03-31": "19.73%", "2016-12-31": "19.88%", "2016-09-30": "17.97%", "2016-06-30": "10.05%", "2016-03-31": "9.05%", "2015-12-31": "6.69%", "2015-09-30": "1.86%", "2015-06-30": "7.19%", "2015-03-31": "7.77%", "2014-12-31": "7.74%", "2014-09-30": "11.62%", "2014-06-30": "12.93%", "2014-03-31": "14.43%", "2013-12-31": "16.28%", "2013-09-30": "19.01%", "2013-06-30": "20.84%", "2013-03-31": "21.18%", "2012-12-31": "20.20%", "2012-09-30": "19.66%", "2012-06-30": "19.47%", "2012-03-31": "20.50%", "2011-12-31": "22.44%", "2011-09-30": "24.03%", "2011-06-30": "24.69%", "2011-03-31": "23.68%", "2010-12-31": "21.25%", "2010-09-30": "28.78%", "2010-06-30": "44.03%", "2010-03-31": "inf%", "2009-12-31": "inf%", "2009-09-30": "inf%", "2009-06-30": "inf%", "2009-03-31": "inf%", "2008-12-31": "inf%", "2008-09-30": "inf%", "2008-06-30": "inf%", "2008-03-31": "inf%", "2007-12-31": "inf%", "2007-09-30": "inf%", "2007-06-30": "inf%", "2007-03-31": "inf%", "2006-12-31": "inf%", "2006-09-30": "inf%", "2006-06-30": "inf%", "2006-03-31": "inf%", "2005-12-31": "inf%"}, "return on tangible equity": {"2020-12-31": "65.59%", "2020-09-30": "64.20%", "2020-06-30": "59.55%", "2020-03-31": "70.21%", "2019-12-31": "67.25%", "2019-09-30": "65.91%", "2019-06-30": "69.19%", "2019-03-31": "53.94%", "2018-12-31": "56.15%", "2018-09-30": "37.93%", "2018-06-30": "32.84%", "2018-03-31": "29.12%", "2017-12-31": "24.55%", "2017-09-30": "37.05%", "2017-06-30": "36.63%", "2017-03-31": "32.87%", "2016-12-31": "33.44%", "2016-09-30": "29.63%", "2016-06-30": "15.80%", "2016-03-31": "16.15%", "2015-12-31": "11.95%", "2015-09-30": "2.36%", "2015-06-30": "14.02%", "2015-03-31": "13.17%", "2014-12-31": "16.30%", "2014-09-30": "24.60%", "2014-06-30": "23.37%", "2014-03-31": "23.81%", "2013-12-31": "22.24%", "2013-09-30": "22.16%", "2013-06-30": "23.09%", "2013-03-31": "22.75%", "2012-12-31": "19.29%", "2012-09-30": "20.24%", "2012-06-30": "20.80%", "2012-03-31": "21.22%", "2011-12-31": "25.03%", "2011-09-30": "25.92%", "2011-06-30": "25.12%", "2011-03-31": "21.94%", "2010-12-31": "12.45%", "2010-09-30": "9.21%", "2010-06-30": "5.29%", "2010-03-31": "3.00%", "2009-12-31": "3.24%", "2009-09-30": "-0.57%", "2009-06-30": "0.40%", "2009-03-31": "2.36%", "2008-12-31": "5.13%", "2008-09-30": "9.66%", "2008-06-30": "10.29%", "2008-03-31": "11.14%", "2007-12-31": "11.69%", "2007-09-30": "11.50%", "2007-06-30": "9.49%", "2007-03-31": "9.91%", "2006-12-31": "11.40%", "2006-09-30": "11.89%", "2006-06-30": "14.65%", "2006-03-31": "12.94%", "2005-12-31": "13.80%"}, "dividend yield history": {"last payout": "$0.00", "last yield": "0.00%"}}