{"ticker": "MCD", "price": {"title": "McDonald's Historical Annual Stock Price Data", "value": 212.58, "historical": {"2021": {"Average Stock Price": "211.1208", "Year Open": "210.2200", "Year High": "215.8700", "Year Low": "206.8200", "Year Close": "212.5800", "Annual % Change": "-0.93%"}, "2020": {"Average Stock Price": "200.8802", "Year Open": "200.7900", "Year High": "229.6400", "Year Low": "137.1000", "Year Close": "214.5800", "Annual % Change": "8.59%"}, "2019": {"Average Stock Price": "198.2747", "Year Open": "176.0600", "Year High": "221.1500", "Year Low": "173.9700", "Year Close": "197.6100", "Annual % Change": "11.29%"}, "2018": {"Average Stock Price": "166.0624", "Year Open": "173.2200", "Year High": "189.2600", "Year Low": "148.2700", "Year Close": "177.5700", "Annual % Change": "3.17%"}, "2017": {"Average Stock Price": "148.7594", "Year Open": "119.6200", "Year High": "174.2000", "Year Low": "119.4800", "Year Close": "172.1200", "Annual % Change": "41.41%"}, "2016": {"Average Stock Price": "120.1418", "Year Open": "117.5800", "Year High": "131.6000", "Year Low": "110.5700", "Year Close": "121.7200", "Annual % Change": "3.03%"}, "2015": {"Average Stock Price": "100.2833", "Year Open": "93.2600", "Year High": "120.0700", "Year Low": "88.7800", "Year Close": "118.1400", "Annual % Change": "26.08%"}, "2014": {"Average Stock Price": "96.3815", "Year Open": "96.4100", "Year High": "103.5300", "Year Low": "88.4600", "Year Close": "93.7000", "Annual % Change": "-3.43%"}, "2013": {"Average Stock Price": "97.2632", "Year Open": "90.1200", "Year High": "103.5900", "Year Low": "89.8487", "Year Close": "97.0300", "Annual % Change": "10.00%"}, "2012": {"Average Stock Price": "92.5260", "Year Open": "98.8400", "Year High": "101.7400", "Year Low": "84.0500", "Year Close": "88.2100", "Annual % Change": "-12.08%"}, "2011": {"Average Stock Price": "83.9737", "Year Open": "76.6000", "Year High": "100.8100", "Year Low": "72.6700", "Year Close": "100.3300", "Annual % Change": "30.71%"}, "2010": {"Average Stock Price": "70.9122", "Year Open": "62.7800", "Year High": "80.3400", "Year Low": "61.4500", "Year Close": "76.7600", "Annual % Change": "22.93%"}, "2009": {"Average Stock Price": "57.4395", "Year Open": "63.7500", "Year High": "64.5300", "Year Low": "50.8600", "Year Close": "62.4400", "Annual % Change": "0.40%"}, "2008": {"Average Stock Price": "58.0636", "Year Open": "58.1000", "Year High": "65.9500", "Year Low": "50.7500", "Year Close": "62.1900", "Annual % Change": "5.57%"}, "2007": {"Average Stock Price": "50.9826", "Year Open": "43.8700", "Year High": "63.1300", "Year Low": "42.9100", "Year Close": "58.9100", "Annual % Change": "32.89%"}, "2006": {"Average Stock Price": "36.7868", "Year Open": "33.5200", "Year High": "44.3600", "Year Low": "31.9400", "Year Close": "44.3300", "Annual % Change": "31.47%"}, "2005": {"Average Stock Price": "31.8895", "Year Open": "31.8200", "Year High": "35.5000", "Year Low": "27.7000", "Year Close": "33.7200", "Annual % Change": "5.18%"}, "2004": {"Average Stock Price": "27.8443", "Year Open": "24.7900", "Year High": "32.6600", "Year Low": "24.6400", "Year Close": "32.0600", "Annual % Change": "29.12%"}, "2003": {"Average Stock Price": "20.1760", "Year Open": "16.5500", "Year High": "26.5600", "Year Low": "12.3800", "Year Close": "24.8300", "Annual % Change": "54.42%"}, "2002": {"Average Stock Price": "24.2111", "Year Open": "26.4900", "Year High": "30.6500", "Year Low": "15.4800", "Year Close": "16.0800", "Annual % Change": "-39.25%"}, "2001": {"Average Stock Price": "28.4093", "Year Open": "33.5000", "Year High": "34.6900", "Year Low": "25.0000", "Year Close": "26.4700", "Annual % Change": "-22.15%"}, "2000": {"Average Stock Price": "33.3895", "Year Open": "39.6300", "Year High": "42.7500", "Year Low": "27.0000", "Year Close": "34.0000", "Annual % Change": "-15.65%"}, "1999": {"Average Stock Price": "42.2729", "Year Open": "38.4700", "Year High": "48.3800", "Year Low": "37.6550", "Year Close": "40.3100", "Annual % Change": "4.96%"}, "1998": {"Average Stock Price": "31.0624", "Year Open": "23.8150", "Year High": "39.1550", "Year Low": "22.6900", "Year Close": "38.4050", "Annual % Change": "60.86%"}, "1997": {"Average Stock Price": "24.0534", "Year Open": "22.5650", "Year High": "27.2500", "Year Low": "21.6250", "Year Close": "23.8750", "Annual % Change": "5.22%"}, "1996": {"Average Stock Price": "23.7778", "Year Open": "22.7500", "Year High": "27.0625", "Year Low": "21.3750", "Year Close": "22.6900", "Annual % Change": "0.55%"}, "1995": {"Average Stock Price": "18.7108", "Year Open": "14.5650", "Year High": "23.7500", "Year Low": "14.4400", "Year Close": "22.5650", "Annual % Change": "54.29%"}, "1994": {"Average Stock Price": "14.3849", "Year Open": "14.0625", "Year High": "15.6875", "Year Low": "13.0000", "Year Close": "14.6250", "Annual % Change": "2.63%"}, "1993": {"Average Stock Price": "13.0128", "Year Open": "12.2500", "Year High": "14.7200", "Year Low": "11.5300", "Year Close": "14.2500", "Annual % Change": "16.92%"}, "1992": {"Average Stock Price": "11.0539", "Year Open": "9.8125", "Year High": "12.5000", "Year Low": "9.8125", "Year Close": "12.1875", "Annual % Change": "28.29%"}, "1991": {"Average Stock Price": "8.3165", "Year Open": "7.1250", "Year High": "9.8750", "Year Low": "6.6875", "Year Close": "9.5000", "Annual % Change": "30.49%"}, "1990": {"Average Stock Price": "7.7220", "Year Open": "8.7200", "Year High": "9.5300", "Year Low": "6.3125", "Year Close": "7.2800", "Annual % Change": "-15.59%"}, "1989": {"Average Stock Price": "7.1734", "Year Open": "5.8438", "Year High": "8.6250", "Year Low": "5.7975", "Year Close": "8.6250", "Annual % Change": "43.39%"}, "1988": {"Average Stock Price": "5.6706", "Year Open": "5.6875", "Year High": "6.3750", "Year Low": "5.1875", "Year Close": "6.0150", "Annual % Change": "9.36%"}, "1987": {"Average Stock Price": "6.3191", "Year Open": "5.1667", "Year High": "7.6100", "Year Low": "4.5475", "Year Close": "5.5000", "Annual % Change": "8.41%"}, "1986": {"Average Stock Price": "5.2159", "Year Open": "4.4028", "Year High": "6.3233", "Year Low": "4.0622", "Year Close": "5.0733", "Annual % Change": "12.91%"}, "1985": {"Average Stock Price": "3.6068", "Year Open": "2.8406", "Year High": "4.4933", "Year Low": "2.8406", "Year Close": "4.4933", "Annual % Change": "56.65%"}, "1984": {"Average Stock Price": "2.6487", "Year Open": "2.5785", "Year High": "3.0556", "Year Low": "2.2826", "Year Close": "2.8683", "Annual % Change": "9.85%"}, "1983": {"Average Stock Price": "2.4174", "Year Open": "2.1622", "Year High": "2.7407", "Year Low": "2.0511", "Year Close": "2.6111", "Annual % Change": "16.78%"}, "1982": {"Average Stock Price": "1.8310", "Year Open": "1.6049", "Year High": "2.3981", "Year Low": "1.4568", "Year Close": "2.2359", "Annual % Change": "38.51%"}, "1981": {"Average Stock Price": "1.5384", "Year Open": "1.2284", "Year High": "1.7963", "Year Low": "1.2284", "Year Close": "1.6143", "Annual % Change": "34.11%"}, "1980": {"Average Stock Price": "1.1155", "Year Open": "1.0556", "Year High": "1.2746", "Year Low": "0.8951", "Year Close": "1.2037", "Annual % Change": "12.38%"}, "1979": {"Average Stock Price": "1.1126", "Year Open": "1.1358", "Year High": "1.2746", "Year Low": "0.9877", "Year Close": "1.0711", "Annual % Change": "-6.21%"}, "1978": {"Average Stock Price": "1.2431", "Year Open": "1.2407", "Year High": "1.4847", "Year Low": "1.0926", "Year Close": "1.1420", "Annual % Change": "-10.19%"}, "1977": {"Average Stock Price": "1.1511", "Year Open": "1.2963", "Year High": "1.3086", "Year Low": "0.9383", "Year Close": "1.2716", "Annual % Change": "-3.51%"}, "1976": {"Average Stock Price": "1.4256", "Year Open": "1.4630", "Year High": "1.6079", "Year Low": "1.2254", "Year Close": "1.3178", "Annual % Change": "-8.58%"}, "1975": {"Average Stock Price": "1.1922", "Year Open": "0.7314", "Year High": "1.4568", "Year Low": "0.6635", "Year Close": "1.4415", "Annual % Change": "98.72%"}, "1974": {"Average Stock Price": "1.0890", "Year Open": "1.4289", "Year High": "1.5617", "Year Low": "0.5247", "Year Close": "0.7254", "Annual % Change": "-48.46%"}, "1973": {"Average Stock Price": "1.5990", "Year Open": "1.8610", "Year High": "1.8610", "Year Low": "1.1635", "Year Close": "1.4074", "Annual % Change": "-25.25%"}, "1972": {"Average Stock Price": "1.3561", "Year Open": "0.9275", "Year High": "1.8951", "Year Low": "0.9243", "Year Close": "1.8827", "Annual % Change": "101.32%"}, "1971": {"Average Stock Price": "0.6622", "Year Open": "0.3672", "Year High": "0.9537", "Year Low": "0.3653", "Year Close": "0.9352", "Annual % Change": "145.01%"}}}, "market cap": {"value": "$158.4B"}, "income statement": {"Revenue": {"2020-12-31": "19207.80000", "2019-12-31": "21076.50000", "2018-12-31": "21025.20000", "2017-12-31": "22820.40000", "2016-12-31": "24621.90000", "2015-12-31": "25413.00000", "2014-12-31": "27441.30000", "2013-12-31": "28105.70000", "2012-12-31": "27567.00000", "2011-12-31": "27006.00000", "2010-12-31": "24074.60000", "2009-12-31": "22744.70000", "2008-12-31": "23522.40000", "2007-12-31": "22786.60000", "2006-12-31": "20895.20000", "2005-12-31": "19117.30000"}, "Cost Of Goods Sold": {"2020-12-31": "9455.70000", "2019-12-31": "9961.20000", "2018-12-31": "10239.20000", "2017-12-31": "12199.60000", "2016-12-31": "14417.20000", "2015-12-31": "15623.80000", "2014-12-31": "16985.60000", "2013-12-31": "17203.00000", "2012-12-31": "16750.70000", "2011-12-31": "16319.40000", "2010-12-31": "14437.30000", "2009-12-31": "13952.90000", "2008-12-31": "14883.20000", "2007-12-31": "14881.40000", "2006-12-31": "13963.20000", "2005-12-31": "12940.00000"}, "Gross Profit": {"2020-12-31": "9752.10100", "2019-12-31": "11115.30000", "2018-12-31": "10786.00000", "2017-12-31": "10620.80000", "2016-12-31": "10204.70000", "2015-12-31": "9789.20000", "2014-12-31": "10455.70000", "2013-12-31": "10902.70000", "2012-12-31": "10816.30000", "2011-12-31": "10686.60000", "2010-12-31": "9637.30000", "2009-12-31": "8791.80000", "2008-12-31": "8639.20000", "2007-12-31": "7905.19900", "2006-12-31": "6931.99900", "2005-12-31": "6177.30100"}, "Research And Development Expenses": {"2020-12-31": "", "2019-12-31": "", "2018-12-31": "", "2017-12-31": "", "2016-12-31": "", "2015-12-31": "", "2014-12-31": "", "2013-12-31": "", "2012-12-31": "", "2011-12-31": "", "2010-12-31": "", "2009-12-31": "", "2008-12-31": "", "2007-12-31": "", "2006-12-31": "", "2005-12-31": ""}, "SG&A Expenses": {"2020-12-31": "2545.60000", "2019-12-31": "2229.40000", "2018-12-31": "2200.20000", "2017-12-31": "2231.30000", "2016-12-31": "2384.50000", "2015-12-31": "2434.30000", "2014-12-31": "2487.90000", "2013-12-31": "2385.60000", "2012-12-31": "2455.20000", "2011-12-31": "2393.70000", "2010-12-31": "2333.30000", "2009-12-31": "2234.20000", "2008-12-31": "2355.50000", "2007-12-31": "2367.00000", "2006-12-31": "2295.70000", "2005-12-31": "2118.40000"}, "Other Operating Income Or Expenses": {"2020-12-31": "117.50000", "2019-12-31": "183.90000", "2018-12-31": "236.80000", "2017-12-31": "1163.20000", "2016-12-31": "-75.70000", "2015-12-31": "-209.40000", "2014-12-31": "-18.60000", "2013-12-31": "247.20000", "2012-12-31": "243.50000", "2011-12-31": "236.80000", "2010-12-31": "169.10000", "2009-12-31": "283.40000", "2008-12-31": "159.20000", "2007-12-31": "-1659.20000", "2006-12-31": "-203.30000", "2005-12-31": "-74.90000"}, "Operating Expenses": {"2020-12-31": "11883.80000", "2019-12-31": "12006.70000", "2018-12-31": "12202.60000", "2017-12-31": "13267.70000", "2016-12-31": "16877.40000", "2015-12-31": "18267.50000", "2014-12-31": "19492.10000", "2013-12-31": "19341.40000", "2012-12-31": "18962.40000", "2011-12-31": "18476.30000", "2010-12-31": "16601.50000", "2009-12-31": "15903.70000", "2008-12-31": "17079.50000", "2007-12-31": "18907.60000", "2006-12-31": "16462.20000", "2005-12-31": "15133.30000"}, "Operating Income": {"2020-12-31": "7324.00000", "2019-12-31": "9069.80100", "2018-12-31": "8822.59900", "2017-12-31": "9552.70100", "2016-12-31": "7744.50200", "2015-12-31": "7145.50000", "2014-12-31": "7949.20100", "2013-12-31": "8764.29900", "2012-12-31": "8604.60200", "2011-12-31": "8529.70100", "2010-12-31": "7473.10000", "2009-12-31": "6841.00000", "2008-12-31": "6442.90000", "2007-12-31": "3879.00000", "2006-12-31": "4432.99800", "2005-12-31": "3984.00000"}, "Total Non-Operating Income/Expense": {"2020-12-31": "-1183.30000", "2019-12-31": "-1051.70000", "2018-12-31": "-1006.50000", "2017-12-31": "-979.20000", "2016-12-31": "-878.50000", "2015-12-31": "-589.80000", "2014-12-31": "-577.20000", "2013-12-31": "-559.80000", "2012-12-31": "-525.60000", "2011-12-31": "-517.50000", "2010-12-31": "-472.80000", "2009-12-31": "-354.00000", "2008-12-31": "-284.90000", "2007-12-31": "-306.90000", "2006-12-31": "-278.60000", "2005-12-31": "-323.80000"}, "Pre-Tax Income": {"2020-12-31": "6140.70000", "2019-12-31": "8018.10000", "2018-12-31": "7816.10000", "2017-12-31": "8573.50000", "2016-12-31": "6866.00000", "2015-12-31": "6555.70000", "2014-12-31": "7372.00000", "2013-12-31": "8204.50000", "2012-12-31": "8079.00000", "2011-12-31": "8012.20000", "2010-12-31": "7000.30000", "2009-12-31": "6487.00000", "2008-12-31": "6158.00000", "2007-12-31": "3572.10000", "2006-12-31": "4154.40000", "2005-12-31": "3660.20000"}, "Income Taxes": {"2020-12-31": "1410.20000", "2019-12-31": "1992.70000", "2018-12-31": "1891.80000", "2017-12-31": "3381.20000", "2016-12-31": "2179.50000", "2015-12-31": "2026.40000", "2014-12-31": "2614.20000", "2013-12-31": "2618.60000", "2012-12-31": "2614.20000", "2011-12-31": "2509.10000", "2010-12-31": "2054.00000", "2009-12-31": "1936.00000", "2008-12-31": "1844.80000", "2007-12-31": "1237.10000", "2006-12-31": "1288.30000", "2005-12-31": "1082.60000"}, "Income After Taxes": {"2020-12-31": "4730.50000", "2019-12-31": "6025.40000", "2018-12-31": "5924.30000", "2017-12-31": "5192.30000", "2016-12-31": "4686.50000", "2015-12-31": "4529.30000", "2014-12-31": "4757.80000", "2013-12-31": "5585.90000", "2012-12-31": "5464.80000", "2011-12-31": "5503.10000", "2010-12-31": "4946.30000", "2009-12-31": "4551.00000", "2008-12-31": "4313.20000", "2007-12-31": "2335.00000", "2006-12-31": "2866.10000", "2005-12-31": "2577.60000"}, "Other Income": {"2020-12-31": "", "2019-12-31": "", "2018-12-31": "", "2017-12-31": "", "2016-12-31": "", "2015-12-31": "", "2014-12-31": "", "2013-12-31": "", "2012-12-31": "", "2011-12-31": "", "2010-12-31": "", "2009-12-31": "", "2008-12-31": "", "2007-12-31": "", "2006-12-31": "", "2005-12-31": ""}, "Income From Continuous Operations": {"2020-12-31": "4730.50000", "2019-12-31": "6025.40000", "2018-12-31": "5924.30000", "2017-12-31": "5192.30000", "2016-12-31": "4686.50000", "2015-12-31": "4529.30000", "2014-12-31": "4757.80000", "2013-12-31": "5585.90000", "2012-12-31": "5464.80000", "2011-12-31": "5503.10000", "2010-12-31": "4946.30000", "2009-12-31": "4551.00000", "2008-12-31": "4313.20000", "2007-12-31": "2335.00000", "2006-12-31": "2866.10000", "2005-12-31": "2577.60000"}, "Income From Discontinued Operations": {"2020-12-31": "", "2019-12-31": "", "2018-12-31": "", "2017-12-31": "", "2016-12-31": "", "2015-12-31": "", "2014-12-31": "", "2013-12-31": "", "2012-12-31": "", "2011-12-31": "", "2010-12-31": "", "2009-12-31": "", "2008-12-31": "", "2007-12-31": "60.10000", "2006-12-31": "678.10000", "2005-12-31": "24.60000"}, "Net Income": {"2020-12-31": "4730.50000", "2019-12-31": "6025.40000", "2018-12-31": "5924.30000", "2017-12-31": "5192.30000", "2016-12-31": "4686.50000", "2015-12-31": "4529.30000", "2014-12-31": "4757.80000", "2013-12-31": "5585.90000", "2012-12-31": "5464.80000", "2011-12-31": "5503.10000", "2010-12-31": "4946.30000", "2009-12-31": "4551.00000", "2008-12-31": "4313.20000", "2007-12-31": "2395.10000", "2006-12-31": "3544.20000", "2005-12-31": "2602.20000"}, "EBITDA": {"2020-12-31": "7324.00000", "2019-12-31": "10687.70000", "2018-12-31": "10304.60000", "2017-12-31": "10916.10000", "2016-12-31": "9261.00200", "2015-12-31": "8701.20000", "2014-12-31": "9593.70100", "2013-12-31": "10349.40000", "2012-12-31": "10093.10000", "2011-12-31": "9944.70100", "2010-12-31": "8749.30000", "2009-12-31": "8057.20000", "2008-12-31": "7650.70000", "2007-12-31": "5093.10000", "2006-12-31": "5682.89800", "2005-12-31": "5233.50000"}, "EBIT": {"2020-12-31": "7324.00000", "2019-12-31": "9069.80100", "2018-12-31": "8822.59900", "2017-12-31": "9552.70100", "2016-12-31": "7744.50200", "2015-12-31": "7145.50000", "2014-12-31": "7949.20100", "2013-12-31": "8764.29900", "2012-12-31": "8604.60200", "2011-12-31": "8529.70100", "2010-12-31": "7473.10000", "2009-12-31": "6841.00000", "2008-12-31": "6442.90000", "2007-12-31": "3879.00000", "2006-12-31": "4432.99800", "2005-12-31": "3984.00000"}, "Basic Shares Outstanding": {"2020-12-31": "", "2019-12-31": "758.10000", "2018-12-31": "778.20000", "2017-12-31": "807.40000", "2016-12-31": "854.40000", "2015-12-31": "939.40000", "2014-12-31": "980.50000", "2013-12-31": "998.40000", "2012-12-31": "1010.10000", "2011-12-31": "1032.10000", "2010-12-31": "1066.00000", "2009-12-31": "1092.20000", "2008-12-31": "1126.60000", "2007-12-31": "1188.30000", "2006-12-31": "1234.00000", "2005-12-31": "1260.40000"}, "Shares Outstanding": {"2020-12-31": "750.10000", "2019-12-31": "764.90000", "2018-12-31": "785.60000", "2017-12-31": "815.50000", "2016-12-31": "861.20000", "2015-12-31": "944.60000", "2014-12-31": "986.30000", "2013-12-31": "1006.00000", "2012-12-31": "1020.20000", "2011-12-31": "1044.90000", "2010-12-31": "1080.30000", "2009-12-31": "1107.40000", "2008-12-31": "1146.00000", "2007-12-31": "1211.80000", "2006-12-31": "1251.70000", "2005-12-31": "1274.20000"}, "Basic EPS": {"2020-12-31": "", "2019-12-31": "7.95000", "2018-12-31": "7.61000", "2017-12-31": "6.43000", "2016-12-31": "5.49000", "2015-12-31": "4.82000", "2014-12-31": "4.85000", "2013-12-31": "5.59000", "2012-12-31": "5.41000", "2011-12-31": "5.33000", "2010-12-31": "4.64000", "2009-12-31": "4.17000", "2008-12-31": "3.83000", "2007-12-31": "2.02000", "2006-12-31": "2.87000", "2005-12-31": "2.06000"}, "EPS - Earnings Per Share": {"2020-12-31": "6.31000", "2019-12-31": "7.88000", "2018-12-31": "7.54000", "2017-12-31": "6.37000", "2016-12-31": "5.44000", "2015-12-31": "4.80000", "2014-12-31": "4.82000", "2013-12-31": "5.55000", "2012-12-31": "5.36000", "2011-12-31": "5.27000", "2010-12-31": "4.58000", "2009-12-31": "4.11000", "2008-12-31": "3.76000", "2007-12-31": "1.98000", "2006-12-31": "2.83000", "2005-12-31": "2.04000"}}, "income statement, quarterly": {"Revenue": {"2020-12-31": "5313.80000", "2020-09-30": "5418.10000", "2020-06-30": "3761.50000", "2020-03-31": "4714.40000", "2019-12-31": "5140.30000", "2019-09-30": "5502.30000", "2019-06-30": "5409.80000", "2019-03-31": "5024.10000", "2018-12-31": "5162.99900", "2018-09-30": "5369.40000", "2018-06-30": "5353.90000", "2018-03-31": "5138.90000", "2017-12-31": "5340.20100", "2017-09-30": "5754.60000", "2017-06-30": "6049.70000", "2017-03-31": "5675.90000", "2016-12-31": "6028.90100", "2016-09-30": "6424.10000", "2016-06-30": "6265.00000", "2016-03-31": "5903.90000", "2015-12-31": "6341.30000", "2015-09-30": "6615.10000", "2015-06-30": "6497.70000", "2015-03-31": "5958.90000", "2014-12-31": "6572.20100", "2014-09-30": "6987.10000", "2014-06-30": "7181.70000", "2014-03-31": "6700.30000", "2013-12-31": "7093.19900", "2013-09-30": "7323.40000", "2013-06-30": "7083.80000", "2013-03-31": "6605.30000", "2012-12-31": "6952.09900", "2012-09-30": "7152.40000", "2012-06-30": "6915.90000", "2012-03-31": "6546.60000", "2011-12-31": "6822.69900", "2011-09-30": "7166.30000", "2011-06-30": "6905.40000", "2011-03-31": "6111.60000", "2010-12-31": "6214.09900", "2010-09-30": "6304.90000", "2010-06-30": "5945.50000", "2010-03-31": "5610.10000", "2009-12-31": "5973.40000", "2009-09-30": "6046.70000", "2009-06-30": "5647.20000", "2009-03-31": "5077.40000", "2008-12-31": "5565.00200", "2008-09-30": "6267.30000", "2008-06-30": "6075.30000", "2008-03-31": "5614.80000", "2007-12-31": "5753.59900", "2007-09-30": "5900.90000", "2007-06-30": "5839.40000", "2007-03-31": "5292.70000", "2006-12-31": "5110.70000", "2006-09-30": "5503.20000", "2006-06-30": "5367.40000", "2006-03-31": "4913.90000", "2005-12-31": "5234.60000", "2005-09-30": "5327.10000", "2005-06-30": "5095.70000", "2005-03-31": "4802.80000"}, "Cost Of Goods Sold": {"2020-12-31": "2533.60000", "2020-09-30": "2513.40000", "2020-06-30": "2036.20000", "2020-03-31": "2372.50000", "2019-12-31": "2336.70000", "2019-09-30": "2584.70000", "2019-06-30": "2567.20000", "2019-03-31": "2472.60000", "2018-12-31": "2466.30100", "2018-09-30": "2547.30000", "2018-06-30": "2614.40000", "2018-03-31": "2611.20000", "2017-12-31": "2674.70000", "2017-09-30": "2937.10000", "2017-06-30": "3341.30000", "2017-03-31": "3246.50000", "2016-12-31": "3470.70000", "2016-09-30": "3677.10000", "2016-06-30": "3679.00000", "2016-03-31": "3590.40000", "2015-12-31": "3834.80000", "2015-09-30": "4023.80000", "2015-06-30": "4007.30000", "2015-03-31": "3757.90000", "2014-12-31": "4098.09900", "2014-09-30": "4305.90000", "2014-06-30": "4397.40000", "2014-03-31": "4184.20000", "2013-12-31": "4350.39900", "2013-09-30": "4412.80000", "2013-06-30": "4318.60000", "2013-03-31": "4121.20000", "2012-12-31": "4223.79900", "2012-09-30": "4297.80000", "2012-06-30": "4200.00000", "2012-03-31": "4029.10000", "2011-12-31": "4109.10100", "2011-09-30": "4259.50000", "2011-06-30": "4179.80000", "2011-03-31": "3771.00000", "2010-12-31": "3739.60000", "2010-09-30": "3698.40000", "2010-06-30": "3549.10000", "2010-03-31": "3450.20000", "2009-12-31": "3619.99900", "2009-09-30": "3638.40000", "2009-06-30": "3477.30000", "2009-03-31": "3217.20000", "2008-12-31": "3489.20000", "2008-09-30": "3904.10000", "2008-06-30": "3850.50000", "2008-03-31": "3639.40000", "2007-12-31": "3693.00000", "2007-09-30": "3779.70000", "2007-06-30": "3839.70000", "2007-03-31": "3569.00000", "2006-12-31": "3310.10000", "2006-09-30": "3628.00000", "2006-06-30": "3628.70000", "2006-03-31": "3396.40000", "2005-12-31": "3607.00000", "2005-09-30": "3646.50000", "2005-06-30": "3516.40000", "2005-03-31": "3366.10000"}, "Gross Profit": {"2020-12-31": "2780.20000", "2020-09-30": "2904.70000", "2020-06-30": "1725.30000", "2020-03-31": "2341.90000", "2019-12-31": "2803.60100", "2019-09-30": "2917.60000", "2019-06-30": "2842.60000", "2019-03-31": "2551.50000", "2018-12-31": "2696.69800", "2018-09-30": "2822.10000", "2018-06-30": "2739.50000", "2018-03-31": "2527.70000", "2017-12-31": "2665.50000", "2017-09-30": "2817.50000", "2017-06-30": "2708.40000", "2017-03-31": "2429.40000", "2016-12-31": "2558.20100", "2016-09-30": "2747.00000", "2016-06-30": "2586.00000", "2016-03-31": "2313.50000", "2015-12-31": "2506.50000", "2015-09-30": "2591.30000", "2015-06-30": "2490.40000", "2015-03-31": "2201.00000", "2014-12-31": "2474.10300", "2014-09-30": "2681.20000", "2014-06-30": "2784.30000", "2014-03-31": "2516.10000", "2013-12-31": "2742.80000", "2013-09-30": "2910.60000", "2013-06-30": "2765.20000", "2013-03-31": "2484.10000", "2012-12-31": "2728.30000", "2012-09-30": "2854.60000", "2012-06-30": "2715.90000", "2012-03-31": "2517.50000", "2011-12-31": "2713.59800", "2011-09-30": "2906.80000", "2011-06-30": "2725.60000", "2011-03-31": "2340.60000", "2010-12-31": "2474.49900", "2010-09-30": "2606.50000", "2010-06-30": "2396.40000", "2010-03-31": "2159.90000", "2009-12-31": "2353.40100", "2009-09-30": "2408.30000", "2009-06-30": "2169.90000", "2009-03-31": "1860.20000", "2008-12-31": "2075.80200", "2008-09-30": "2363.20000", "2008-06-30": "2224.80000", "2008-03-31": "1975.40000", "2007-12-31": "2060.59900", "2007-09-30": "2121.20000", "2007-06-30": "1999.70000", "2007-03-31": "1723.70000", "2006-12-31": "1800.60000", "2006-09-30": "1875.20000", "2006-06-30": "1738.70000", "2006-03-31": "1517.50000", "2005-12-31": "1627.60000", "2005-09-30": "1680.60000", "2005-06-30": "1579.30000", "2005-03-31": "1436.70000"}, "Research And Development Expenses": {"2020-12-31": "", "2020-09-30": "", "2020-06-30": "", "2020-03-31": "", "2019-12-31": "", "2019-09-30": "", "2019-06-30": "", "2019-03-31": "", "2018-12-31": "", "2018-09-30": "", "2018-06-30": "", "2018-03-31": "", "2017-12-31": "", "2017-09-30": "", "2017-06-30": "", "2017-03-31": "", "2016-12-31": "", "2016-09-30": "", "2016-06-30": "", "2016-03-31": "", "2015-12-31": "", "2015-09-30": "", "2015-06-30": "", "2015-03-31": "", "2014-12-31": "", "2014-09-30": "", "2014-06-30": "", "2014-03-31": "", "2013-12-31": "", "2013-09-30": "", "2013-06-30": "", "2013-03-31": "", "2012-12-31": "", "2012-09-30": "", "2012-06-30": "", "2012-03-31": "", "2011-12-31": "", "2011-09-30": "", "2011-06-30": "", "2011-03-31": "", "2010-12-31": "", "2010-09-30": "", "2010-06-30": "", "2010-03-31": "", "2009-12-31": "", "2009-09-30": "", "2009-06-30": "", "2009-03-31": "", "2008-12-31": "", "2008-09-30": "", "2008-06-30": "", "2008-03-31": "", "2007-12-31": "", "2007-09-30": "", "2007-06-30": "", "2007-03-31": "", "2006-12-31": "", "2006-09-30": "", "2006-06-30": "", "2006-03-31": "", "2005-12-31": "", "2005-09-30": "", "2005-06-30": "", "2005-03-31": ""}, "SG&A Expenses": {"2020-12-31": "778.30000", "2020-09-30": "530.50000", "2020-06-30": "647.00000", "2020-03-31": "589.80000", "2019-12-31": "653.60000", "2019-09-30": "543.60000", "2019-06-30": "533.10000", "2019-03-31": "499.10000", "2018-12-31": "609.80000", "2018-09-30": "515.20000", "2018-06-30": "542.10000", "2018-03-31": "533.10000", "2017-12-31": "617.60000", "2017-09-30": "567.00000", "2017-06-30": "525.40000", "2017-03-31": "521.30000", "2016-12-31": "627.50000", "2016-09-30": "582.90000", "2016-06-30": "596.10000", "2016-03-31": "578.00000", "2015-12-31": "675.10000", "2015-09-30": "584.00000", "2015-06-30": "592.40000", "2015-03-31": "582.80000", "2014-12-31": "662.49990", "2014-09-30": "575.80000", "2014-06-30": "629.20000", "2014-03-31": "620.40000", "2013-12-31": "627.80000", "2013-09-30": "554.30000", "2013-06-30": "607.00000", "2013-03-31": "596.50000", "2012-12-31": "624.50000", "2012-09-30": "620.90000", "2012-06-30": "617.30000", "2012-03-31": "592.50000", "2011-12-31": "661.20000", "2011-09-30": "580.90000", "2011-06-30": "588.00000", "2011-03-31": "563.60000", "2010-12-31": "665.80000", "2010-09-30": "556.30000", "2010-06-30": "564.90000", "2010-03-31": "546.30000", "2009-12-31": "655.80000", "2009-09-30": "549.60000", "2009-06-30": "531.50000", "2009-03-31": "497.30000", "2008-12-31": "622.29990", "2008-09-30": "582.10000", "2008-06-30": "598.70000", "2008-03-31": "552.40000", "2007-12-31": "660.49990", "2007-09-30": "569.40000", "2007-06-30": "591.90000", "2007-03-31": "545.20000", "2006-12-31": "628.99990", "2006-09-30": "555.10000", "2006-06-30": "576.20000", "2006-03-31": "535.40000", "2005-12-31": "615.60000", "2005-09-30": "547.30000", "2005-06-30": "537.60000", "2005-03-31": "520.10000"}, "Other Operating Income Or Expenses": {"2020-12-31": "141.00000", "2020-09-30": "152.20000", "2020-06-30": "-117.20000", "2020-03-31": "-58.50000", "2019-12-31": "142.60000", "2019-09-30": "35.30000", "2019-06-30": "-35.60000", "2019-03-31": "41.60000", "2018-12-31": "-87.40000", "2018-09-30": "110.80000", "2018-06-30": "64.90000", "2018-03-31": "148.50000", "2017-12-31": "96.29990", "2017-09-30": "828.90000", "2017-06-30": "112.10000", "2017-03-31": "125.90000", "2016-12-31": "38.30000", "2016-09-30": "-26.80000", "2016-06-30": "-132.00000", "2016-03-31": "44.80000", "2015-12-31": "49.00000", "2015-09-30": "23.00000", "2015-06-30": "-48.70000", "2015-03-31": "-232.70000", "2014-12-31": "-59.90000", "2014-09-30": "-32.90000", "2014-06-30": "33.90000", "2014-03-31": "40.30000", "2013-12-31": "85.40000", "2013-09-30": "60.40000", "2013-06-30": "39.50000", "2013-03-31": "61.90000", "2012-12-31": "94.00000", "2012-09-30": "53.50000", "2012-06-30": "56.40000", "2012-03-31": "39.60000", "2011-12-31": "67.60000", "2011-09-30": "68.80000", "2011-06-30": "51.50000", "2011-03-31": "48.90000", "2010-12-31": "48.50000", "2010-09-30": "46.30000", "2010-06-30": "13.80000", "2010-03-31": "60.50000", "2009-12-31": "128.70000", "2009-09-30": "74.10000", "2009-06-30": "43.10000", "2009-03-31": "37.50000", "2008-12-31": "48.70000", "2008-09-30": "42.60000", "2008-06-30": "28.10000", "2008-03-31": "39.80000", "2007-12-31": "-45.50010", "2007-09-30": "-27.00000", "2007-06-30": "-1589.50000", "2007-03-31": "2.80000", "2006-12-31": "-61.90000", "2006-09-30": "-31.80000", "2006-06-30": "-38.90000", "2006-03-31": "-70.70000", "2005-12-31": "-76.50000", "2005-09-30": "26.50000", "2005-06-30": "-25.00000", "2005-03-31": "-7.00000"}, "Operating Expenses": {"2020-12-31": "3170.90000", "2020-09-30": "2891.70000", "2020-06-30": "2800.40000", "2020-03-31": "3020.80000", "2019-12-31": "2847.69900", "2019-09-30": "3093.00000", "2019-06-30": "3135.90000", "2019-03-31": "2930.10000", "2018-12-31": "3163.50000", "2018-09-30": "2951.70000", "2018-06-30": "3091.60000", "2018-03-31": "2995.80000", "2017-12-31": "3195.99900", "2017-09-30": "2675.20000", "2017-06-30": "3754.60000", "2017-03-31": "3641.90000", "2016-12-31": "4059.89800", "2016-09-30": "4286.80000", "2016-06-30": "4407.10000", "2016-03-31": "4123.60000", "2015-12-31": "4460.90000", "2015-09-30": "4584.80000", "2015-06-30": "4648.40000", "2015-03-31": "4573.40000", "2014-12-31": "4820.50000", "2014-09-30": "4914.60000", "2014-06-30": "4992.70000", "2014-03-31": "4764.30000", "2013-12-31": "4892.80100", "2013-09-30": "4906.70000", "2013-06-30": "4886.10000", "2013-03-31": "4655.80000", "2012-12-31": "4754.29900", "2012-09-30": "4865.20000", "2012-06-30": "4760.90000", "2012-03-31": "4582.00000", "2011-12-31": "4702.69900", "2011-09-30": "4771.60000", "2011-06-30": "4716.30000", "2011-03-31": "4285.70000", "2010-12-31": "4356.89900", "2010-09-30": "4208.40000", "2010-06-30": "4100.20000", "2010-03-31": "3936.00000", "2009-12-31": "4147.09900", "2009-09-30": "4113.90000", "2009-06-30": "3965.70000", "2009-03-31": "3677.00000", "2008-12-31": "4062.80000", "2008-09-30": "4443.60000", "2008-06-30": "4421.10000", "2008-03-31": "4152.00000", "2007-12-31": "4399.00000", "2007-09-30": "4376.10000", "2007-06-30": "6021.10000", "2007-03-31": "4111.40000", "2006-12-31": "4001.00100", "2006-09-30": "4214.90000", "2006-06-30": "4243.80000", "2006-03-31": "4002.50000", "2005-12-31": "4299.10000", "2005-09-30": "4167.30000", "2005-06-30": "4079.00000", "2005-03-31": "3893.20000"}, "Operating Income": {"2020-12-31": "2142.90000", "2020-09-30": "2526.40000", "2020-06-30": "961.09990", "2020-03-31": "1693.60000", "2019-12-31": "2292.60100", "2019-09-30": "2409.30000", "2019-06-30": "2273.90000", "2019-03-31": "2094.00000", "2018-12-31": "1999.49800", "2018-09-30": "2417.70000", "2018-06-30": "2262.30000", "2018-03-31": "2143.10000", "2017-12-31": "2144.20200", "2017-09-30": "3079.40000", "2017-06-30": "2295.10000", "2017-03-31": "2034.00000", "2016-12-31": "1969.00200", "2016-09-30": "2137.30000", "2016-06-30": "1857.90000", "2016-03-31": "1780.30000", "2015-12-31": "1880.40000", "2015-09-30": "2030.30000", "2015-06-30": "1849.30000", "2015-03-31": "1385.50000", "2014-12-31": "1751.70200", "2014-09-30": "2072.50000", "2014-06-30": "2189.00000", "2014-03-31": "1936.00000", "2013-12-31": "2200.39800", "2013-09-30": "2416.70000", "2013-06-30": "2197.70000", "2013-03-31": "1949.50000", "2012-12-31": "2197.80000", "2012-09-30": "2287.20000", "2012-06-30": "2155.00000", "2012-03-31": "1964.60000", "2011-12-31": "2120.00000", "2011-09-30": "2394.70000", "2011-06-30": "2189.10000", "2011-03-31": "1825.90000", "2010-12-31": "1857.20000", "2010-09-30": "2096.50000", "2010-06-30": "1845.30000", "2010-03-31": "1674.10000", "2009-12-31": "1826.30100", "2009-09-30": "1932.80000", "2009-06-30": "1681.50000", "2009-03-31": "1400.40000", "2008-12-31": "1502.20200", "2008-09-30": "1823.70000", "2008-06-30": "1654.20000", "2008-03-31": "1462.79900", "2007-12-31": "1354.59900", "2007-09-30": "1524.80000", "2007-06-30": "-181.70020", "2007-03-31": "1181.30000", "2006-12-31": "1109.69800", "2006-09-30": "1288.30000", "2006-06-30": "1123.60000", "2006-03-31": "911.40010", "2005-12-31": "935.50000", "2005-09-30": "1159.80000", "2005-06-30": "1016.70000", "2005-03-31": "909.59960"}, "Total Non-Operating Income/Expense": {"2020-12-31": "-312.90000", "2020-09-30": "-309.30000", "2020-06-30": "-312.40000", "2020-03-31": "-248.70000", "2019-12-31": "-265.80010", "2019-09-30": "-257.10000", "2019-06-30": "-266.10000", "2019-03-31": "-262.70000", "2018-12-31": "-248.10000", "2018-09-30": "-259.00000", "2018-06-30": "-244.20000", "2018-03-31": "-255.20000", "2017-12-31": "-259.10000", "2017-09-30": "-259.90000", "2017-06-30": "-233.70000", "2017-03-31": "-226.50000", "2016-12-31": "-234.10000", "2016-09-30": "-232.80000", "2016-06-30": "-207.70000", "2016-03-31": "-203.90000", "2015-12-31": "-169.60000", "2015-09-30": "-151.90000", "2015-06-30": "-136.90000", "2015-03-31": "-131.40000", "2014-12-31": "-155.60000", "2014-09-30": "-151.40000", "2014-06-30": "-117.50000", "2014-03-31": "-152.70000", "2013-12-31": "-145.20000", "2013-09-30": "-144.10000", "2013-06-30": "-137.80000", "2013-03-31": "-132.70000", "2012-12-31": "-129.80000", "2012-09-30": "-133.60000", "2012-06-30": "-145.10000", "2012-03-31": "-117.10000", "2011-12-31": "-136.30000", "2011-09-30": "-131.50000", "2011-06-30": "-122.70000", "2011-03-31": "-127.00000", "2010-12-31": "-123.60000", "2010-09-30": "-122.00000", "2010-06-30": "-110.00000", "2010-03-31": "-117.20000", "2009-12-31": "-125.30000", "2009-09-30": "-111.20000", "2009-06-30": "-89.50000", "2009-03-31": "-28.00000", "2008-12-31": "-105.10000", "2008-09-30": "-124.80000", "2008-06-30": "44.60000", "2008-03-31": "-99.60000", "2007-12-31": "-70.30000", "2007-09-30": "-71.20000", "2007-06-30": "-84.90000", "2007-03-31": "-80.50000", "2006-12-31": "-67.60000", "2006-09-30": "-71.30000", "2006-06-30": "-72.40000", "2006-03-31": "-67.30000", "2005-12-31": "-85.20000", "2005-09-30": "-74.00000", "2005-06-30": "-81.40000", "2005-03-31": "-79.40000"}, "Pre-Tax Income": {"2020-12-31": "1830.00000", "2020-09-30": "2217.10000", "2020-06-30": "648.70000", "2020-03-31": "1444.90000", "2019-12-31": "2026.80000", "2019-09-30": "2152.20000", "2019-06-30": "2007.80000", "2019-03-31": "1831.30000", "2018-12-31": "1751.40000", "2018-09-30": "2158.70000", "2018-06-30": "2018.10000", "2018-03-31": "1887.90000", "2017-12-31": "1885.10000", "2017-09-30": "2819.50000", "2017-06-30": "2061.40000", "2017-03-31": "1807.50000", "2016-12-31": "1734.90000", "2016-09-30": "1904.50000", "2016-06-30": "1650.20000", "2016-03-31": "1576.40000", "2015-12-31": "1710.80000", "2015-09-30": "1878.40000", "2015-06-30": "1712.40000", "2015-03-31": "1254.10000", "2014-12-31": "1596.10000", "2014-09-30": "1921.10000", "2014-06-30": "2071.50000", "2014-03-31": "1783.30000", "2013-12-31": "2055.20000", "2013-09-30": "2272.60000", "2013-06-30": "2059.90000", "2013-03-31": "1816.80000", "2012-12-31": "2068.00000", "2012-09-30": "2153.60000", "2012-06-30": "2009.90000", "2012-03-31": "1847.50000", "2011-12-31": "1983.70000", "2011-09-30": "2263.20000", "2011-06-30": "2066.40000", "2011-03-31": "1698.90000", "2010-12-31": "1733.60000", "2010-09-30": "1974.50000", "2010-06-30": "1735.30000", "2010-03-31": "1556.90000", "2009-12-31": "1701.00000", "2009-09-30": "1821.60000", "2009-06-30": "1592.00000", "2009-03-31": "1372.40000", "2008-12-31": "1397.10000", "2008-09-30": "1698.90000", "2008-06-30": "1698.80000", "2008-03-31": "1363.20000", "2007-12-31": "1284.30000", "2007-09-30": "1453.60000", "2007-06-30": "-266.60000", "2007-03-31": "1100.80000", "2006-12-31": "1042.10000", "2006-09-30": "1217.00000", "2006-06-30": "1051.20000", "2006-03-31": "844.10000", "2005-12-31": "850.30000", "2005-09-30": "1085.80000", "2005-06-30": "935.30000", "2005-03-31": "830.20000"}, "Income Taxes": {"2020-12-31": "452.80000", "2020-09-30": "454.50000", "2020-06-30": "164.90000", "2020-03-31": "338.00000", "2019-12-31": "454.59990", "2019-09-30": "544.30000", "2019-06-30": "490.90000", "2019-03-31": "502.90000", "2018-12-31": "336.10000", "2018-09-30": "521.40000", "2018-06-30": "521.80000", "2018-03-31": "512.50000", "2017-12-31": "1186.40000", "2017-09-30": "935.80000", "2017-06-30": "666.30000", "2017-03-31": "592.70000", "2016-12-31": "541.50000", "2016-09-30": "629.10000", "2016-06-30": "557.30000", "2016-03-31": "451.60000", "2015-12-31": "504.59990", "2015-09-30": "569.20000", "2015-06-30": "510.00000", "2015-03-31": "442.60000", "2014-12-31": "498.60000", "2014-09-30": "852.70000", "2014-06-30": "684.40000", "2014-03-31": "578.50000", "2013-12-31": "658.20010", "2013-09-30": "750.40000", "2013-06-30": "663.40000", "2013-03-31": "546.60000", "2012-12-31": "671.90000", "2012-09-30": "698.60000", "2012-06-30": "662.90000", "2012-03-31": "580.80000", "2011-12-31": "607.10000", "2011-09-30": "755.90000", "2011-06-30": "656.20000", "2011-03-31": "489.90000", "2010-12-31": "491.30000", "2010-09-30": "586.10000", "2010-06-30": "509.50000", "2010-03-31": "467.10000", "2009-12-31": "484.20000", "2009-09-30": "560.60000", "2009-06-30": "498.30000", "2009-03-31": "392.90000", "2008-12-31": "411.80010", "2008-09-30": "507.60000", "2008-06-30": "508.30000", "2008-03-31": "417.10000", "2007-12-31": "11.10000", "2007-09-30": "449.90000", "2007-06-30": "441.80000", "2007-03-31": "334.30000", "2006-12-31": "289.40010", "2006-09-30": "375.30000", "2006-06-30": "352.90000", "2006-03-31": "270.70000", "2005-12-31": "241.80000", "2005-09-30": "350.40000", "2005-06-30": "404.90000", "2005-03-31": "102.30000"}, "Income After Taxes": {"2020-12-31": "1377.20000", "2020-09-30": "1762.60000", "2020-06-30": "483.80000", "2020-03-31": "1106.90000", "2019-12-31": "1572.20100", "2019-09-30": "1607.90000", "2019-06-30": "1516.90000", "2019-03-31": "1328.40000", "2018-12-31": "1415.30000", "2018-09-30": "1637.30000", "2018-06-30": "1496.30000", "2018-03-31": "1375.40000", "2017-12-31": "698.70000", "2017-09-30": "1883.70000", "2017-06-30": "1395.10000", "2017-03-31": "1214.80000", "2016-12-31": "1193.40000", "2016-09-30": "1275.40000", "2016-06-30": "1092.90000", "2016-03-31": "1124.80000", "2015-12-31": "1206.20000", "2015-09-30": "1309.20000", "2015-06-30": "1202.40000", "2015-03-31": "811.50000", "2014-12-31": "1097.50000", "2014-09-30": "1068.40000", "2014-06-30": "1387.10000", "2014-03-31": "1204.80000", "2013-12-31": "1397.00000", "2013-09-30": "1522.20000", "2013-06-30": "1396.50000", "2013-03-31": "1270.20000", "2012-12-31": "1396.10000", "2012-09-30": "1455.00000", "2012-06-30": "1347.00000", "2012-03-31": "1266.70000", "2011-12-31": "1376.60000", "2011-09-30": "1507.30000", "2011-06-30": "1410.20000", "2011-03-31": "1209.00000", "2010-12-31": "1242.30000", "2010-09-30": "1388.40000", "2010-06-30": "1225.80000", "2010-03-31": "1089.80000", "2009-12-31": "1216.80000", "2009-09-30": "1261.00000", "2009-06-30": "1093.70000", "2009-03-31": "979.50000", "2008-12-31": "985.30020", "2008-09-30": "1191.30000", "2008-06-30": "1190.50000", "2008-03-31": "946.10000", "2007-12-31": "1273.20000", "2007-09-30": "1003.70000", "2007-06-30": "-708.40000", "2007-03-31": "766.50010", "2006-12-31": "752.70000", "2006-09-30": "841.70000", "2006-06-30": "698.29990", "2006-03-31": "573.40000", "2005-12-31": "608.50000", "2005-09-30": "735.40000", "2005-06-30": "530.40000", "2005-03-31": "727.90000"}, "Other Income": {"2020-12-31": "", "2020-09-30": "", "2020-06-30": "", "2020-03-31": "", "2019-12-31": "", "2019-09-30": "", "2019-06-30": "", "2019-03-31": "", "2018-12-31": "", "2018-09-30": "", "2018-06-30": "", "2018-03-31": "", "2017-12-31": "", "2017-09-30": "", "2017-06-30": "", "2017-03-31": "", "2016-12-31": "", "2016-09-30": "", "2016-06-30": "", "2016-03-31": "", "2015-12-31": "", "2015-09-30": "", "2015-06-30": "", "2015-03-31": "", "2014-12-31": "", "2014-09-30": "", "2014-06-30": "", "2014-03-31": "", "2013-12-31": "", "2013-09-30": "", "2013-06-30": "", "2013-03-31": "", "2012-12-31": "", "2012-09-30": "", "2012-06-30": "", "2012-03-31": "", "2011-12-31": "", "2011-09-30": "", "2011-06-30": "", "2011-03-31": "", "2010-12-31": "", "2010-09-30": "", "2010-06-30": "", "2010-03-31": "", "2009-12-31": "", "2009-09-30": "", "2009-06-30": "", "2009-03-31": "", "2008-12-31": "", "2008-09-30": "", "2008-06-30": "", "2008-03-31": "", "2007-12-31": "", "2007-09-30": "", "2007-06-30": "", "2007-03-31": "", "2006-12-31": "", "2006-09-30": "", "2006-06-30": "", "2006-03-31": "", "2005-12-31": "", "2005-09-30": "", "2005-06-30": "", "2005-03-31": ""}, "Income From Continuous Operations": {"2020-12-31": "1377.20000", "2020-09-30": "1762.60000", "2020-06-30": "483.80000", "2020-03-31": "1106.90000", "2019-12-31": "1572.20100", "2019-09-30": "1607.90000", "2019-06-30": "1516.90000", "2019-03-31": "1328.40000", "2018-12-31": "1415.30000", "2018-09-30": "1637.30000", "2018-06-30": "1496.30000", "2018-03-31": "1375.40000", "2017-12-31": "698.70000", "2017-09-30": "1883.70000", "2017-06-30": "1395.10000", "2017-03-31": "1214.80000", "2016-12-31": "1193.40000", "2016-09-30": "1275.40000", "2016-06-30": "1092.90000", "2016-03-31": "1124.80000", "2015-12-31": "1206.20000", "2015-09-30": "1309.20000", "2015-06-30": "1202.40000", "2015-03-31": "811.50000", "2014-12-31": "1097.50000", "2014-09-30": "1068.40000", "2014-06-30": "1387.10000", "2014-03-31": "1204.80000", "2013-12-31": "1397.00000", "2013-09-30": "1522.20000", "2013-06-30": "1396.50000", "2013-03-31": "1270.20000", "2012-12-31": "1396.10000", "2012-09-30": "1455.00000", "2012-06-30": "1347.00000", "2012-03-31": "1266.70000", "2011-12-31": "1376.60000", "2011-09-30": "1507.30000", "2011-06-30": "1410.20000", "2011-03-31": "1209.00000", "2010-12-31": "1242.30000", "2010-09-30": "1388.40000", "2010-06-30": "1225.80000", "2010-03-31": "1089.80000", "2009-12-31": "1216.80000", "2009-09-30": "1261.00000", "2009-06-30": "1093.70000", "2009-03-31": "979.50000", "2008-12-31": "985.30020", "2008-09-30": "1191.30000", "2008-06-30": "1190.50000", "2008-03-31": "946.10000", "2007-12-31": "1273.20000", "2007-09-30": "1003.70000", "2007-06-30": "-708.40000", "2007-03-31": "766.50000", "2006-12-31": "752.70010", "2006-09-30": "841.70000", "2006-06-30": "698.30000", "2006-03-31": "573.40000", "2005-12-31": "608.50000", "2005-09-30": "735.40000", "2005-06-30": "530.40000", "2005-03-31": "727.90000"}, "Income From Discontinued Operations": {"2020-12-31": "", "2020-09-30": "", "2020-06-30": "", "2020-03-31": "", "2019-12-31": "", "2019-09-30": "", "2019-06-30": "", "2019-03-31": "", "2018-12-31": "", "2018-09-30": "", "2018-06-30": "", "2018-03-31": "", "2017-12-31": "", "2017-09-30": "", "2017-06-30": "", "2017-03-31": "", "2016-12-31": "", "2016-09-30": "", "2016-06-30": "", "2016-03-31": "", "2015-12-31": "", "2015-09-30": "", "2015-06-30": "", "2015-03-31": "", "2014-12-31": "", "2014-09-30": "", "2014-06-30": "", "2014-03-31": "", "2013-12-31": "", "2013-09-30": "", "2013-06-30": "", "2013-03-31": "", "2012-12-31": "", "2012-09-30": "", "2012-06-30": "", "2012-03-31": "", "2011-12-31": "", "2011-09-30": "", "2011-06-30": "", "2011-03-31": "", "2010-12-31": "", "2010-09-30": "", "2010-06-30": "", "2010-03-31": "", "2009-12-31": "", "2009-09-30": "", "2009-06-30": "", "2009-03-31": "", "2008-12-31": "", "2008-09-30": "", "2008-06-30": "", "2008-03-31": "", "2007-12-31": "0.00000", "2007-09-30": "67.50000", "2007-06-30": "-3.30000", "2007-03-31": "-4.10000", "2006-12-31": "488.80000", "2006-09-30": "1.60000", "2006-06-30": "135.80000", "2006-03-31": "51.90000", "2005-12-31": "", "2005-09-30": "", "2005-06-30": "", "2005-03-31": ""}, "Net Income": {"2020-12-31": "1377.20000", "2020-09-30": "1762.60000", "2020-06-30": "483.80000", "2020-03-31": "1106.90000", "2019-12-31": "1572.20000", "2019-09-30": "1607.90000", "2019-06-30": "1516.90000", "2019-03-31": "1328.40000", "2018-12-31": "1415.30000", "2018-09-30": "1637.30000", "2018-06-30": "1496.30000", "2018-03-31": "1375.40000", "2017-12-31": "698.69980", "2017-09-30": "1883.70000", "2017-06-30": "1395.10000", "2017-03-31": "1214.80000", "2016-12-31": "1193.40000", "2016-09-30": "1275.40000", "2016-06-30": "1092.90000", "2016-03-31": "1124.80000", "2015-12-31": "1206.20000", "2015-09-30": "1309.20000", "2015-06-30": "1202.40000", "2015-03-31": "811.50000", "2014-12-31": "1097.50000", "2014-09-30": "1068.40000", "2014-06-30": "1387.10000", "2014-03-31": "1204.80000", "2013-12-31": "1397.00000", "2013-09-30": "1522.20000", "2013-06-30": "1396.50000", "2013-03-31": "1270.20000", "2012-12-31": "1396.10000", "2012-09-30": "1455.00000", "2012-06-30": "1347.00000", "2012-03-31": "1266.70000", "2011-12-31": "1376.60000", "2011-09-30": "1507.30000", "2011-06-30": "1410.20000", "2011-03-31": "1209.00000", "2010-12-31": "1242.30000", "2010-09-30": "1388.40000", "2010-06-30": "1225.80000", "2010-03-31": "1089.80000", "2009-12-31": "1216.80000", "2009-09-30": "1261.00000", "2009-06-30": "1093.70000", "2009-03-31": "979.50000", "2008-12-31": "985.30020", "2008-09-30": "1191.30000", "2008-06-30": "1190.50000", "2008-03-31": "946.10000", "2007-12-31": "1273.20000", "2007-09-30": "1071.20000", "2007-06-30": "-711.70000", "2007-03-31": "762.40000", "2006-12-31": "1241.50000", "2006-09-30": "843.30000", "2006-06-30": "834.10000", "2006-03-31": "625.30000", "2005-12-31": "608.50000", "2005-09-30": "735.40000", "2005-06-30": "530.40000", "2005-03-31": "727.90000"}, "EBITDA": {"2020-12-31": "", "2020-09-30": "2966.50000", "2020-06-30": "1386.80000", "2020-03-31": "2114.90000", "2019-12-31": "2706.20100", "2019-09-30": "2822.70000", "2019-06-30": "2672.20000", "2019-03-31": "2486.60000", "2018-12-31": "2378.49800", "2018-09-30": "2792.80000", "2018-06-30": "2627.30000", "2018-03-31": "2506.00000", "2017-12-31": "2487.00200", "2017-09-30": "3435.20000", "2017-06-30": "2634.60000", "2017-03-31": "2359.30000", "2016-12-31": "2347.90200", "2016-09-30": "2507.90000", "2016-06-30": "2241.20000", "2016-03-31": "2164.00000", "2015-12-31": "2270.10000", "2015-09-30": "2418.00000", "2015-06-30": "2241.50000", "2015-03-31": "1771.60000", "2014-12-31": "2159.20200", "2014-09-30": "2485.90000", "2014-06-30": "2602.20000", "2014-03-31": "2346.39900", "2013-12-31": "2608.99800", "2013-09-30": "2811.20000", "2013-06-30": "2588.60000", "2013-03-31": "2340.60000", "2012-12-31": "2583.80000", "2012-09-30": "2659.10000", "2012-06-30": "2520.90000", "2012-03-31": "2329.30000", "2011-12-31": "2487.50000", "2011-09-30": "2753.00000", "2011-06-30": "2539.20000", "2011-03-31": "2165.00000", "2010-12-31": "2191.30000", "2010-09-30": "2409.20000", "2010-06-30": "2156.80000", "2010-03-31": "1992.00000", "2009-12-31": "2144.00100", "2009-09-30": "2244.70000", "2009-06-30": "1985.90000", "2009-03-31": "1682.60000", "2008-12-31": "1780.00200", "2008-09-30": "2134.70000", "2008-06-30": "1968.50000", "2008-03-31": "1767.49900", "2007-12-31": "1657.09900", "2007-09-30": "1821.80000", "2007-06-30": "121.39980", "2007-03-31": "1492.80000", "2006-12-31": "1425.19800", "2006-09-30": "1602.30000", "2006-06-30": "1438.60000", "2006-03-31": "1216.80000", "2005-12-31": "1252.50000", "2005-09-30": "1469.30000", "2005-06-30": "1323.20000", "2005-03-31": "1226.10000"}, "EBIT": {"2020-12-31": "2142.90000", "2020-09-30": "2526.40000", "2020-06-30": "961.09990", "2020-03-31": "1693.60000", "2019-12-31": "2292.60100", "2019-09-30": "2409.30000", "2019-06-30": "2273.90000", "2019-03-31": "2094.00000", "2018-12-31": "1999.49900", "2018-09-30": "2417.70000", "2018-06-30": "2262.30000", "2018-03-31": "2143.10000", "2017-12-31": "2144.20100", "2017-09-30": "3079.40000", "2017-06-30": "2295.10000", "2017-03-31": "2034.00000", "2016-12-31": "1969.00200", "2016-09-30": "2137.30000", "2016-06-30": "1857.90000", "2016-03-31": "1780.30000", "2015-12-31": "1880.40000", "2015-09-30": "2030.30000", "2015-06-30": "1849.30000", "2015-03-31": "1385.50000", "2014-12-31": "1751.70100", "2014-09-30": "2072.50000", "2014-06-30": "2189.00000", "2014-03-31": "1936.00000", "2013-12-31": "2200.39900", "2013-09-30": "2416.70000", "2013-06-30": "2197.70000", "2013-03-31": "1949.50000", "2012-12-31": "2197.80100", "2012-09-30": "2287.20000", "2012-06-30": "2155.00000", "2012-03-31": "1964.60000", "2011-12-31": "2120.00100", "2011-09-30": "2394.70000", "2011-06-30": "2189.10000", "2011-03-31": "1825.90000", "2010-12-31": "1857.20000", "2010-09-30": "2096.50000", "2010-06-30": "1845.30000", "2010-03-31": "1674.10000", "2009-12-31": "1826.30000", "2009-09-30": "1932.80000", "2009-06-30": "1681.50000", "2009-03-31": "1400.40000", "2008-12-31": "1502.20100", "2008-09-30": "1823.70000", "2008-06-30": "1654.20000", "2008-03-31": "1462.79900", "2007-12-31": "1354.60100", "2007-09-30": "1524.80000", "2007-06-30": "-181.70020", "2007-03-31": "1181.30000", "2006-12-31": "1109.69800", "2006-09-30": "1288.30000", "2006-06-30": "1123.60000", "2006-03-31": "911.40010", "2005-12-31": "935.50000", "2005-09-30": "1159.80000", "2005-06-30": "1016.70000", "2005-03-31": "909.59960"}, "Basic Shares Outstanding": {"2020-12-31": "", "2020-09-30": "744.50000", "2020-06-30": "743.80000", "2020-03-31": "744.80000", "2019-12-31": "758.10000", "2019-09-30": "756.60000", "2019-06-30": "761.80000", "2019-03-31": "764.90000", "2018-12-31": "778.20000", "2018-09-30": "772.80000", "2018-06-30": "780.00000", "2018-03-31": "790.90000", "2017-12-31": "807.40000", "2017-09-30": "805.30000", "2017-06-30": "811.60000", "2017-03-31": "818.80000", "2016-12-31": "854.40000", "2016-09-30": "841.40000", "2016-06-30": "864.00000", "2016-03-31": "888.90000", "2015-12-31": "939.40000", "2015-09-30": "930.30000", "2015-06-30": "953.20000", "2015-03-31": "960.60000", "2014-12-31": "980.50000", "2014-09-30": "978.70000", "2014-06-30": "987.40000", "2014-03-31": "989.60000", "2013-12-31": "998.40000", "2013-09-30": "997.30000", "2013-06-30": "1001.40000", "2013-03-31": "1002.70000", "2012-12-31": "1010.10000", "2012-09-30": "1006.10000", "2012-06-30": "1013.80000", "2012-03-31": "1018.20000", "2011-12-31": "1032.10000", "2011-09-30": "1028.80000", "2011-06-30": "1035.60000", "2011-03-31": "1042.40000", "2010-12-31": "1066.00000", "2010-09-30": "1061.00000", "2010-06-30": "1072.10000", "2010-03-31": "1076.00000", "2009-12-31": "1092.20000", "2009-09-30": "1084.50000", "2009-06-30": "1097.30000", "2009-03-31": "1109.60000", "2008-12-31": "1126.60000", "2008-09-30": "1116.60000", "2008-06-30": "1128.90000", "2008-03-31": "1145.60000", "2007-12-31": "1188.30000", "2007-09-30": "1185.00000", "2007-06-30": "1193.70000", "2007-03-31": "1201.20000", "2006-12-31": "1234.00000", "2006-09-30": "1230.40000", "2006-06-30": "1235.10000", "2006-03-31": "1254.10000", "2005-12-31": "1275.70000", "2005-09-30": "1253.90000", "2005-06-30": "1259.50000", "2005-03-31": "1268.50000"}, "Shares Outstanding": {"2020-12-31": "751.00000", "2020-09-30": "750.00000", "2020-06-30": "748.60000", "2020-03-31": "750.70000", "2019-12-31": "764.90000", "2019-09-30": "763.90000", "2019-06-30": "768.70000", "2019-03-31": "771.60000", "2018-12-31": "785.60000", "2018-09-30": "779.60000", "2018-06-30": "787.10000", "2018-03-31": "798.70000", "2017-12-31": "815.50000", "2017-09-30": "813.50000", "2017-06-30": "819.20000", "2017-03-31": "825.20000", "2016-12-31": "861.20000", "2016-09-30": "847.70000", "2016-06-30": "871.20000", "2016-03-31": "896.30000", "2015-12-31": "944.60000", "2015-09-30": "934.80000", "2015-06-30": "957.60000", "2015-03-31": "965.50000", "2014-12-31": "986.30000", "2014-09-30": "983.80000", "2014-06-30": "993.20000", "2014-03-31": "995.90000", "2013-12-31": "1006.00000", "2013-09-30": "1004.20000", "2013-06-30": "1008.70000", "2013-03-31": "1010.80000", "2012-12-31": "1020.20000", "2012-09-30": "1015.40000", "2012-06-30": "1023.90000", "2012-03-31": "1030.00000", "2011-12-31": "1044.90000", "2011-09-30": "1041.30000", "2011-06-30": "1047.70000", "2011-03-31": "1054.60000", "2010-12-31": "1080.30000", "2010-09-30": "1074.90000", "2010-06-30": "1085.90000", "2010-03-31": "1090.10000", "2009-12-31": "1107.40000", "2009-09-30": "1098.20000", "2009-06-30": "1111.40000", "2009-03-31": "1124.40000", "2008-12-31": "1146.00000", "2008-09-30": "1136.00000", "2008-06-30": "1148.80000", "2008-03-31": "1165.30000", "2007-12-31": "1211.80000", "2007-09-30": "1207.10000", "2007-06-30": "1193.70000", "2007-03-31": "1222.30000", "2006-12-31": "1251.70000", "2006-09-30": "1245.70000", "2006-06-30": "1248.00000", "2006-03-31": "1271.20000", "2005-12-31": "1275.70000", "2005-09-30": "1271.60000", "2005-06-30": "1269.70000", "2005-03-31": "1289.00000"}, "Basic EPS": {"2020-12-31": "", "2020-09-30": "2.37000", "2020-06-30": "0.65000", "2020-03-31": "1.49000", "2019-12-31": "2.09000", "2019-09-30": "2.13000", "2019-06-30": "1.99000", "2019-03-31": "1.74000", "2018-12-31": "1.83000", "2018-09-30": "2.12000", "2018-06-30": "1.92000", "2018-03-31": "1.74000", "2017-12-31": "0.89000", "2017-09-30": "2.34000", "2017-06-30": "1.72000", "2017-03-31": "1.48000", "2016-12-31": "1.43000", "2016-09-30": "1.52000", "2016-06-30": "1.27000", "2016-03-31": "1.27000", "2015-12-31": "1.31000", "2015-09-30": "1.41000", "2015-06-30": "1.26000", "2015-03-31": "0.84000", "2014-12-31": "1.14000", "2014-09-30": "1.09000", "2014-06-30": "1.40000", "2014-03-31": "1.22000", "2013-12-31": "1.40000", "2013-09-30": "1.53000", "2013-06-30": "1.39000", "2013-03-31": "1.27000", "2012-12-31": "1.39000", "2012-09-30": "1.45000", "2012-06-30": "1.33000", "2012-03-31": "1.24000", "2011-12-31": "1.34000", "2011-09-30": "1.47000", "2011-06-30": "1.36000", "2011-03-31": "1.16000", "2010-12-31": "1.18000", "2010-09-30": "1.31000", "2010-06-30": "1.14000", "2010-03-31": "1.01000", "2009-12-31": "1.13000", "2009-09-30": "1.16000", "2009-06-30": "1.00000", "2009-03-31": "0.88000", "2008-12-31": "0.88000", "2008-09-30": "1.07000", "2008-06-30": "1.05000", "2008-03-31": "0.83000", "2007-12-31": "1.09000", "2007-09-30": "0.90000", "2007-06-30": "-0.60000", "2007-03-31": "0.63000", "2006-12-31": "1.00000", "2006-09-30": "0.69000", "2006-06-30": "0.68000", "2006-03-31": "0.50000", "2005-12-31": "0.48000", "2005-09-30": "0.59000", "2005-06-30": "0.42000", "2005-03-31": "0.57000"}, "EPS - Earnings Per Share": {"2020-12-31": "1.84000", "2020-09-30": "2.35000", "2020-06-30": "0.65000", "2020-03-31": "1.47000", "2019-12-31": "2.08000", "2019-09-30": "2.11000", "2019-06-30": "1.97000", "2019-03-31": "1.72000", "2018-12-31": "1.82000", "2018-09-30": "2.10000", "2018-06-30": "1.90000", "2018-03-31": "1.72000", "2017-12-31": "0.88000", "2017-09-30": "2.32000", "2017-06-30": "1.70000", "2017-03-31": "1.47000", "2016-12-31": "1.44000", "2016-09-30": "1.50000", "2016-06-30": "1.25000", "2016-03-31": "1.25000", "2015-12-31": "1.30000", "2015-09-30": "1.40000", "2015-06-30": "1.26000", "2015-03-31": "0.84000", "2014-12-31": "1.12000", "2014-09-30": "1.09000", "2014-06-30": "1.40000", "2014-03-31": "1.21000", "2013-12-31": "1.39000", "2013-09-30": "1.52000", "2013-06-30": "1.38000", "2013-03-31": "1.26000", "2012-12-31": "1.38000", "2012-09-30": "1.43000", "2012-06-30": "1.32000", "2012-03-31": "1.23000", "2011-12-31": "1.32000", "2011-09-30": "1.45000", "2011-06-30": "1.35000", "2011-03-31": "1.15000", "2010-12-31": "1.16000", "2010-09-30": "1.29000", "2010-06-30": "1.13000", "2010-03-31": "1.00000", "2009-12-31": "1.11000", "2009-09-30": "1.15000", "2009-06-30": "0.98000", "2009-03-31": "0.87000", "2008-12-31": "0.86000", "2008-09-30": "1.05000", "2008-06-30": "1.04000", "2008-03-31": "0.81000", "2007-12-31": "1.07000", "2007-09-30": "0.89000", "2007-06-30": "-0.60000", "2007-03-31": "0.62000", "2006-12-31": "0.99000", "2006-09-30": "0.68000", "2006-06-30": "0.67000", "2006-03-31": "0.49000", "2005-12-31": "0.48000", "2005-09-30": "0.58000", "2005-06-30": "0.42000", "2005-03-31": "0.56000"}}, "balance sheet": {"Cash On Hand": {"2020-12-31": "3449.10000", "2019-12-31": "898.50000", "2018-12-31": "866.00000", "2017-12-31": "2463.80000", "2016-12-31": "1223.40000", "2015-12-31": "7685.50000", "2014-12-31": "2077.90000", "2013-12-31": "2798.70000", "2012-12-31": "2336.10000", "2011-12-31": "2335.70000", "2010-12-31": "2387.00000", "2009-12-31": "1796.00000", "2008-12-31": "2063.40000", "2007-12-31": "1981.30000", "2006-12-31": "2128.10000", "2005-12-31": "4260.60000"}, "Receivables": {"2020-12-31": "2110.30000", "2019-12-31": "2224.20000", "2018-12-31": "2441.50000", "2017-12-31": "1976.20000", "2016-12-31": "1474.10000", "2015-12-31": "1298.70000", "2014-12-31": "1214.40000", "2013-12-31": "1319.80000", "2012-12-31": "1375.30000", "2011-12-31": "1334.70000", "2010-12-31": "1179.10000", "2009-12-31": "1060.40000", "2008-12-31": "931.20000", "2007-12-31": "1053.80000", "2006-12-31": "806.90000", "2005-12-31": "793.90000"}, "Inventory": {"2020-12-31": "", "2019-12-31": "50.20000", "2018-12-31": "51.10000", "2017-12-31": "58.80000", "2016-12-31": "58.90000", "2015-12-31": "100.10000", "2014-12-31": "110.00000", "2013-12-31": "123.70000", "2012-12-31": "121.70000", "2011-12-31": "116.80000", "2010-12-31": "109.90000", "2009-12-31": "106.20000", "2008-12-31": "111.50000", "2007-12-31": "125.30000", "2006-12-31": "112.40000", "2005-12-31": "144.30000"}, "Pre-Paid Expenses": {"2020-12-31": "", "2019-12-31": "385.00000", "2018-12-31": "694.60000", "2017-12-31": "828.40000", "2016-12-31": "565.20000", "2015-12-31": "558.70000", "2014-12-31": "783.20000", "2013-12-31": "807.90000", "2012-12-31": "1089.00000", "2011-12-31": "615.80000", "2010-12-31": "692.50000", "2009-12-31": "453.70000", "2008-12-31": "411.50000", "2007-12-31": "421.50000", "2006-12-31": "318.60000", "2005-12-31": "640.20000"}, "Other Current Assets": {"2020-12-31": "683.80000", "2019-12-31": "", "2018-12-31": "", "2017-12-31": "", "2016-12-31": "1527.00000", "2015-12-31": "", "2014-12-31": "", "2013-12-31": "", "2012-12-31": "", "2011-12-31": "", "2010-12-31": "", "2009-12-31": "", "2008-12-31": "", "2007-12-31": "", "2006-12-31": "1631.50000", "2005-12-31": ""}, "Total Current Assets": {"2020-12-31": "6243.20000", "2019-12-31": "3557.90000", "2018-12-31": "4053.20000", "2017-12-31": "5327.20000", "2016-12-31": "4848.60000", "2015-12-31": "9643.00000", "2014-12-31": "4185.50000", "2013-12-31": "5050.10000", "2012-12-31": "4922.10000", "2011-12-31": "4403.00000", "2010-12-31": "4368.50000", "2009-12-31": "3416.30000", "2008-12-31": "3517.60000", "2007-12-31": "3581.90000", "2006-12-31": "5192.20000", "2005-12-31": "6219.00000"}, "Property, Plant, And Equipment": {"2020-12-31": "24958.20000", "2019-12-31": "24160.00000", "2018-12-31": "22842.70000", "2017-12-31": "22448.30000", "2016-12-31": "21257.60000", "2015-12-31": "23117.60000", "2014-12-31": "24557.50000", "2013-12-31": "25747.30000", "2012-12-31": "24677.20000", "2011-12-31": "22834.50000", "2010-12-31": "22060.60000", "2009-12-31": "21531.50000", "2008-12-31": "20254.50000", "2007-12-31": "20984.70000", "2006-12-31": "19438.10000", "2005-12-31": "19573.30000"}, "Long-Term Investments": {"2020-12-31": "", "2019-12-31": "1270.30000", "2018-12-31": "1202.80000", "2017-12-31": "1085.70000", "2016-12-31": "725.90000", "2015-12-31": "792.70000", "2014-12-31": "1004.50000", "2013-12-31": "1209.10000", "2012-12-31": "1380.50000", "2011-12-31": "1427.00000", "2010-12-31": "1335.30000", "2009-12-31": "1212.70000", "2008-12-31": "1222.30000", "2007-12-31": "1156.40000", "2006-12-31": "1035.40000", "2005-12-31": "1035.40000"}, "Goodwill And Intangible Assets": {"2020-12-31": "", "2019-12-31": "2677.40000", "2018-12-31": "2331.50000", "2017-12-31": "2379.70000", "2016-12-31": "2336.50000", "2015-12-31": "2516.30000", "2014-12-31": "2735.30000", "2013-12-31": "2872.70000", "2012-12-31": "2804.00000", "2011-12-31": "2653.20000", "2010-12-31": "2586.10000", "2009-12-31": "2425.20000", "2008-12-31": "2237.40000", "2007-12-31": "2301.30000", "2006-12-31": "2073.60000", "2005-12-31": "1924.40000"}, "Other Long-Term Assets": {"2020-12-31": "7597.70000", "2019-12-31": "2584.00000", "2018-12-31": "2381.00000", "2017-12-31": "2562.80000", "2016-12-31": "1855.30000", "2015-12-31": "1869.10000", "2014-12-31": "1744.60000", "2013-12-31": "1747.10000", "2012-12-31": "1602.70000", "2011-12-31": "1672.20000", "2010-12-31": "1624.70000", "2009-12-31": "1639.20000", "2008-12-31": "1229.70000", "2007-12-31": "1367.40000", "2006-12-31": "1235.20000", "2005-12-31": "1236.70000"}, "Total Long-Term Assets": {"2020-12-31": "46383.60000", "2019-12-31": "43952.90000", "2018-12-31": "28758.00000", "2017-12-31": "28476.50000", "2016-12-31": "26175.30000", "2015-12-31": "28295.70000", "2014-12-31": "30041.90000", "2013-12-31": "31576.20000", "2012-12-31": "30464.40000", "2011-12-31": "28586.90000", "2010-12-31": "27606.70000", "2009-12-31": "26808.60000", "2008-12-31": "24943.90000", "2007-12-31": "25809.80000", "2006-12-31": "23782.30000", "2005-12-31": "23769.80000"}, "Total Assets": {"2020-12-31": "52626.80000", "2019-12-31": "47510.80000", "2018-12-31": "32811.20000", "2017-12-31": "33803.70000", "2016-12-31": "31023.90000", "2015-12-31": "37938.70000", "2014-12-31": "34227.40000", "2013-12-31": "36626.30000", "2012-12-31": "35386.50000", "2011-12-31": "32989.90000", "2010-12-31": "31975.20000", "2009-12-31": "30224.90000", "2008-12-31": "28461.50000", "2007-12-31": "29391.70000", "2006-12-31": "28974.50000", "2005-12-31": "29988.80000"}, "Total Current Liabilities": {"2020-12-31": "6181.20000", "2019-12-31": "3621.00000", "2018-12-31": "2973.50000", "2017-12-31": "2890.60000", "2016-12-31": "3468.30000", "2015-12-31": "2950.40000", "2014-12-31": "2747.90000", "2013-12-31": "3170.00000", "2012-12-31": "3403.10000", "2011-12-31": "3509.20000", "2010-12-31": "2924.70000", "2009-12-31": "2988.70000", "2008-12-31": "2537.90000", "2007-12-31": "4498.50000", "2006-12-31": "2951.60000", "2005-12-31": "4107.70000"}, "Long Term Debt": {"2020-12-31": "35196.80000", "2019-12-31": "34118.10000", "2018-12-31": "31075.30000", "2017-12-31": "29536.40000", "2016-12-31": "25878.50000", "2015-12-31": "24122.10000", "2014-12-31": "14935.70000", "2013-12-31": "14129.80000", "2012-12-31": "13632.50000", "2011-12-31": "12133.80000", "2010-12-31": "11497.00000", "2009-12-31": "10560.30000", "2008-12-31": "10186.00000", "2007-12-31": "7310.00000", "2006-12-31": "8389.90000", "2005-12-31": "8934.30000"}, "Other Non-Current Liabilities": {"2020-12-31": "3726.80000", "2019-12-31": "3245.50000", "2018-12-31": "3177.50000", "2017-12-31": "3525.30000", "2016-12-31": "2064.30000", "2015-12-31": "2074.00000", "2014-12-31": "2065.90000", "2013-12-31": "1669.10000", "2012-12-31": "1526.20000", "2011-12-31": "1612.60000", "2010-12-31": "1586.90000", "2009-12-31": "1363.10000", "2008-12-31": "1410.10000", "2007-12-31": "1342.50000", "2006-12-31": "1098.40000", "2005-12-31": "851.50000"}, "Total Long Term Liabilities": {"2020-12-31": "54270.50000", "2019-12-31": "52100.11000", "2018-12-31": "36096.10000", "2017-12-31": "34181.10000", "2016-12-31": "29759.90000", "2015-12-31": "27900.40000", "2014-12-31": "18626.10000", "2013-12-31": "17446.60000", "2012-12-31": "16689.80000", "2011-12-31": "15090.50000", "2010-12-31": "14416.30000", "2009-12-31": "13202.30000", "2008-12-31": "12541.00000", "2007-12-31": "9613.40000", "2006-12-31": "10564.60000", "2005-12-31": "10735.00000"}, "Total Liabilities": {"2020-12-31": "60451.70000", "2019-12-31": "55721.10000", "2018-12-31": "39069.60000", "2017-12-31": "37071.70000", "2016-12-31": "33228.20000", "2015-12-31": "30850.80000", "2014-12-31": "21374.00000", "2013-12-31": "20616.60000", "2012-12-31": "20092.90000", "2011-12-31": "18599.70000", "2010-12-31": "17341.00000", "2009-12-31": "16191.00000", "2008-12-31": "15078.90000", "2007-12-31": "14111.90000", "2006-12-31": "13516.20000", "2005-12-31": "14842.70000"}, "Common Stock Net": {"2020-12-31": "", "2019-12-31": "16.60000", "2018-12-31": "16.60000", "2017-12-31": "16.60000", "2016-12-31": "16.60000", "2015-12-31": "16.60000", "2014-12-31": "16.60000", "2013-12-31": "16.60000", "2012-12-31": "16.60000", "2011-12-31": "16.60000", "2010-12-31": "16.60000", "2009-12-31": "16.60000", "2008-12-31": "16.60000", "2007-12-31": "16.60000", "2006-12-31": "16.60000", "2005-12-31": "16.60000"}, "Retained Earnings (Accumulated Deficit)": {"2020-12-31": "", "2019-12-31": "52930.50000", "2018-12-31": "50487.00000", "2017-12-31": "48325.80000", "2016-12-31": "46222.70000", "2015-12-31": "44594.50000", "2014-12-31": "43294.50000", "2013-12-31": "41751.20000", "2012-12-31": "39278.00000", "2011-12-31": "36707.50000", "2010-12-31": "33811.70000", "2009-12-31": "31270.80000", "2008-12-31": "28953.90000", "2007-12-31": "26461.50000", "2006-12-31": "25845.60000", "2005-12-31": "23516.00000"}, "Comprehensive Income": {"2020-12-31": "", "2019-12-31": "-2482.70000", "2018-12-31": "-2609.50000", "2017-12-31": "-2178.40000", "2016-12-31": "-3092.90000", "2015-12-31": "-2879.80000", "2014-12-31": "-1519.70000", "2013-12-31": "427.60000", "2012-12-31": "796.40000", "2011-12-31": "449.70000", "2010-12-31": "752.90000", "2009-12-31": "747.40000", "2008-12-31": "101.30000", "2007-12-31": "1337.40000", "2006-12-31": "-296.70000", "2005-12-31": "-733.10000"}, "Other Share Holders Equity": {"2020-12-31": "", "2019-12-31": "", "2018-12-31": "", "2017-12-31": "", "2016-12-31": "", "2015-12-31": "", "2014-12-31": "", "2013-12-31": "", "2012-12-31": "", "2011-12-31": "", "2010-12-31": "", "2009-12-31": "", "2008-12-31": "", "2007-12-31": "", "2006-12-31": "", "2005-12-31": ""}, "Share Holder Equity": {"2020-12-31": "-7824.90000", "2019-12-31": "-8210.30000", "2018-12-31": "-6258.40000", "2017-12-31": "-3268.00000", "2016-12-31": "-2204.30000", "2015-12-31": "7087.90000", "2014-12-31": "12853.40000", "2013-12-31": "16009.70000", "2012-12-31": "15293.60000", "2011-12-31": "14390.20000", "2010-12-31": "14634.20000", "2009-12-31": "14033.90000", "2008-12-31": "13382.60000", "2007-12-31": "15279.80000", "2006-12-31": "15458.30000", "2005-12-31": "15146.10000"}, "Total Liabilities And Share Holders Equity": {"2020-12-31": "52626.80000", "2019-12-31": "47510.80000", "2018-12-31": "32811.20000", "2017-12-31": "33803.70000", "2016-12-31": "31023.90000", "2015-12-31": "37938.70000", "2014-12-31": "34227.40000", "2013-12-31": "36626.30000", "2012-12-31": "35386.50000", "2011-12-31": "32989.90000", "2010-12-31": "31975.20000", "2009-12-31": "30224.90000", "2008-12-31": "28461.50000", "2007-12-31": "29391.70000", "2006-12-31": "28974.50000", "2005-12-31": "29988.80000"}}, "balance sheet, quarterly": {"Cash On Hand": {"2020-12-31": "3449.10000", "2020-09-30": "3683.80000", "2020-06-30": "3255.70000", "2020-03-31": "5379.80000", "2019-12-31": "898.50000", "2019-09-30": "1177.30000", "2019-06-30": "1134.50000", "2019-03-31": "2289.10000", "2018-12-31": "866.00000", "2018-09-30": "2574.50000", "2018-06-30": "1623.50000", "2018-03-31": "2468.00000", "2017-12-31": "2463.80000", "2017-09-30": "2671.20000", "2017-06-30": "2392.40000", "2017-03-31": "2412.20000", "2016-12-31": "1223.40000", "2016-09-30": "2266.70000", "2016-06-30": "3128.00000", "2016-03-31": "3310.10000", "2015-12-31": "7685.50000", "2015-09-30": "2452.50000", "2015-06-30": "3998.50000", "2015-03-31": "1634.80000", "2014-12-31": "2077.90000", "2014-09-30": "3233.30000", "2014-06-30": "3670.60000", "2014-03-31": "2743.80000", "2013-12-31": "2798.70000", "2013-09-30": "2544.30000", "2013-06-30": "2278.40000", "2013-03-31": "1869.30000", "2012-12-31": "2336.10000", "2012-09-30": "2178.50000", "2012-06-30": "2484.60000", "2012-03-31": "2289.10000", "2011-12-31": "2335.70000", "2011-09-30": "2388.80000", "2011-06-30": "2070.00000", "2011-03-31": "1939.90000", "2010-12-31": "2387.00000", "2010-09-30": "2495.00000", "2010-06-30": "1665.50000", "2010-03-31": "2007.30000", "2009-12-31": "1796.00000", "2009-09-30": "2201.00000", "2009-06-30": "2160.60000", "2009-03-31": "1978.70000", "2008-12-31": "2063.40000", "2008-09-30": "1487.20000", "2008-06-30": "2342.50000", "2008-03-31": "2922.20000", "2007-12-31": "1981.30000", "2007-09-30": "2992.50000", "2007-06-30": "2142.10000", "2007-03-31": "2438.40000", "2006-12-31": "2128.10000", "2006-09-30": "4282.70000", "2006-06-30": "3290.40000", "2006-03-31": "3803.10000", "2005-12-31": "4260.60000", "2005-09-30": "2297.10000", "2005-06-30": "1560.60000", "2005-03-31": "1356.50000"}, "Receivables": {"2020-12-31": "2110.30000", "2020-09-30": "2391.80000", "2020-06-30": "2852.60000", "2020-03-31": "1695.30000", "2019-12-31": "2224.20000", "2019-09-30": "2005.30000", "2019-06-30": "2055.00000", "2019-03-31": "1992.70000", "2018-12-31": "2441.50000", "2018-09-30": "2266.80000", "2018-06-30": "2217.20000", "2018-03-31": "1951.60000", "2017-12-31": "1976.20000", "2017-09-30": "1569.00000", "2017-06-30": "1457.30000", "2017-03-31": "1336.70000", "2016-12-31": "1474.10000", "2016-09-30": "1349.80000", "2016-06-30": "1267.10000", "2016-03-31": "1162.10000", "2015-12-31": "1298.70000", "2015-09-30": "1136.20000", "2015-06-30": "1178.60000", "2015-03-31": "1091.80000", "2014-12-31": "1214.40000", "2014-09-30": "1226.70000", "2014-06-30": "1294.50000", "2014-03-31": "1229.70000", "2013-12-31": "1319.80000", "2013-09-30": "1285.30000", "2013-06-30": "1301.90000", "2013-03-31": "1230.00000", "2012-12-31": "1375.30000", "2012-09-30": "1277.30000", "2012-06-30": "1290.60000", "2012-03-31": "1234.40000", "2011-12-31": "1334.70000", "2011-09-30": "1203.90000", "2011-06-30": "1249.10000", "2011-03-31": "1160.30000", "2010-12-31": "1179.10000", "2010-09-30": "1013.60000", "2010-06-30": "964.10000", "2010-03-31": "930.00000", "2009-12-31": "1060.40000", "2009-09-30": "879.40000", "2009-06-30": "930.50000", "2009-03-31": "903.40000", "2008-12-31": "931.20000", "2008-09-30": "856.80000", "2008-06-30": "1030.60000", "2008-03-31": "895.90000", "2007-12-31": "1053.80000", "2007-09-30": "788.00000", "2007-06-30": "784.60000", "2007-03-31": "848.00000", "2006-12-31": "806.90000", "2006-09-30": "812.50000", "2006-06-30": "858.00000", "2006-03-31": "742.40000", "2005-12-31": "793.90000", "2005-09-30": "755.40000", "2005-06-30": "756.50000", "2005-03-31": "686.30000"}, "Inventory": {"2020-12-31": "", "2020-09-30": "44.20000", "2020-06-30": "42.60000", "2020-03-31": "39.10000", "2019-12-31": "50.20000", "2019-09-30": "42.60000", "2019-06-30": "44.20000", "2019-03-31": "40.80000", "2018-12-31": "51.10000", "2018-09-30": "41.90000", "2018-06-30": "49.60000", "2018-03-31": "53.80000", "2017-12-31": "58.80000", "2017-09-30": "54.20000", "2017-06-30": "56.70000", "2017-03-31": "56.80000", "2016-12-31": "58.90000", "2016-09-30": "90.50000", "2016-06-30": "87.40000", "2016-03-31": "93.70000", "2015-12-31": "100.10000", "2015-09-30": "99.30000", "2015-06-30": "102.30000", "2015-03-31": "98.80000", "2014-12-31": "110.00000", "2014-09-30": "105.00000", "2014-06-30": "110.70000", "2014-03-31": "106.20000", "2013-12-31": "123.70000", "2013-09-30": "113.10000", "2013-06-30": "107.80000", "2013-03-31": "105.20000", "2012-12-31": "121.70000", "2012-09-30": "109.10000", "2012-06-30": "111.70000", "2012-03-31": "111.70000", "2011-12-31": "116.80000", "2011-09-30": "115.00000", "2011-06-30": "115.00000", "2011-03-31": "111.50000", "2010-12-31": "109.90000", "2010-09-30": "103.60000", "2010-06-30": "94.40000", "2010-03-31": "99.30000", "2009-12-31": "106.20000", "2009-09-30": "106.80000", "2009-06-30": "102.60000", "2009-03-31": "99.20000", "2008-12-31": "111.50000", "2008-09-30": "114.70000", "2008-06-30": "115.10000", "2008-03-31": "114.50000", "2007-12-31": "125.30000", "2007-09-30": "117.00000", "2007-06-30": "120.20000", "2007-03-31": "143.70000", "2006-12-31": "112.40000", "2006-09-30": "144.50000", "2006-06-30": "141.90000", "2006-03-31": "138.50000", "2005-12-31": "144.30000", "2005-09-30": "141.70000", "2005-06-30": "139.10000", "2005-03-31": "137.70000"}, "Pre-Paid Expenses": {"2020-12-31": "", "2020-09-30": "616.30000", "2020-06-30": "458.50000", "2020-03-31": "442.70000", "2019-12-31": "385.00000", "2019-09-30": "379.70000", "2019-06-30": "681.70000", "2019-03-31": "641.80000", "2018-12-31": "694.60000", "2018-09-30": "669.90000", "2018-06-30": "465.30000", "2018-03-31": "435.90000", "2017-12-31": "828.40000", "2017-09-30": "495.90000", "2017-06-30": "597.50000", "2017-03-31": "552.00000", "2016-12-31": "565.20000", "2016-09-30": "595.10000", "2016-06-30": "564.10000", "2016-03-31": "485.70000", "2015-12-31": "558.70000", "2015-09-30": "804.60000", "2015-06-30": "692.80000", "2015-03-31": "767.40000", "2014-12-31": "783.20000", "2014-09-30": "645.40000", "2014-06-30": "837.90000", "2014-03-31": "756.60000", "2013-12-31": "807.90000", "2013-09-30": "791.40000", "2013-06-30": "944.00000", "2013-03-31": "986.70000", "2012-12-31": "1089.00000", "2012-09-30": "643.00000", "2012-06-30": "613.20000", "2012-03-31": "619.60000", "2011-12-31": "615.80000", "2011-09-30": "714.20000", "2011-06-30": "591.30000", "2011-03-31": "612.50000", "2010-12-31": "692.50000", "2010-09-30": "564.30000", "2010-06-30": "442.50000", "2010-03-31": "435.70000", "2009-12-31": "453.70000", "2009-09-30": "415.60000", "2009-06-30": "403.30000", "2009-03-31": "469.10000", "2008-12-31": "411.50000", "2008-09-30": "352.90000", "2008-06-30": "395.10000", "2008-03-31": "393.00000", "2007-12-31": "421.50000", "2007-09-30": "547.00000", "2007-06-30": "379.20000", "2007-03-31": "449.30000", "2006-12-31": "318.60000", "2006-09-30": "596.00000", "2006-06-30": "570.70000", "2006-03-31": "584.30000", "2005-12-31": "640.20000", "2005-09-30": "607.60000", "2005-06-30": "585.40000", "2005-03-31": "617.00000"}, "Other Current Assets": {"2020-12-31": "683.80000", "2020-09-30": "", "2020-06-30": "", "2020-03-31": "", "2019-12-31": "", "2019-09-30": "", "2019-06-30": "", "2019-03-31": "", "2018-12-31": "", "2018-09-30": "", "2018-06-30": "", "2018-03-31": "", "2017-12-31": "", "2017-09-30": "", "2017-06-30": "1388.60000", "2017-03-31": "1549.50000", "2016-12-31": "1527.00000", "2016-09-30": "", "2016-06-30": "", "2016-03-31": "", "2015-12-31": "", "2015-09-30": "", "2015-06-30": "", "2015-03-31": "", "2014-12-31": "", "2014-09-30": "", "2014-06-30": "", "2014-03-31": "", "2013-12-31": "", "2013-09-30": "", "2013-06-30": "", "2013-03-31": "", "2012-12-31": "", "2012-09-30": "", "2012-06-30": "", "2012-03-31": "", "2011-12-31": "", "2011-09-30": "", "2011-06-30": "", "2011-03-31": "", "2010-12-31": "", "2010-09-30": "", "2010-06-30": "", "2010-03-31": "", "2009-12-31": "", "2009-09-30": "", "2009-06-30": "", "2009-03-31": "", "2008-12-31": "", "2008-09-30": "", "2008-06-30": "", "2008-03-31": "", "2007-12-31": "", "2007-09-30": "", "2007-06-30": "935.30000", "2007-03-31": "", "2006-12-31": "1631.50000", "2006-09-30": "", "2006-06-30": "", "2006-03-31": "", "2005-12-31": "", "2005-09-30": "", "2005-06-30": "", "2005-03-31": ""}, "Total Current Assets": {"2020-12-31": "6243.20000", "2020-09-30": "6736.10000", "2020-06-30": "6609.40000", "2020-03-31": "7556.90000", "2019-12-31": "3557.90000", "2019-09-30": "3604.90000", "2019-06-30": "3915.40000", "2019-03-31": "4964.40000", "2018-12-31": "4053.20000", "2018-09-30": "5553.10000", "2018-06-30": "4355.60000", "2018-03-31": "4909.30000", "2017-12-31": "5327.20000", "2017-09-30": "4790.30000", "2017-06-30": "5892.50000", "2017-03-31": "5907.20000", "2016-12-31": "4848.60000", "2016-09-30": "4302.10000", "2016-06-30": "5046.60000", "2016-03-31": "5051.60000", "2015-12-31": "9643.00000", "2015-09-30": "4492.60000", "2015-06-30": "5972.20000", "2015-03-31": "3592.80000", "2014-12-31": "4185.50000", "2014-09-30": "5210.40000", "2014-06-30": "5913.70000", "2014-03-31": "4836.30000", "2013-12-31": "5050.10000", "2013-09-30": "4734.10000", "2013-06-30": "4632.10000", "2013-03-31": "4191.20000", "2012-12-31": "4922.10000", "2012-09-30": "4207.90000", "2012-06-30": "4500.10000", "2012-03-31": "4254.80000", "2011-12-31": "4403.00000", "2011-09-30": "4421.90000", "2011-06-30": "4025.40000", "2011-03-31": "3824.20000", "2010-12-31": "4368.50000", "2010-09-30": "4176.50000", "2010-06-30": "3166.50000", "2010-03-31": "3472.30000", "2009-12-31": "3416.30000", "2009-09-30": "3602.80000", "2009-06-30": "3597.00000", "2009-03-31": "3450.40000", "2008-12-31": "3517.60000", "2008-09-30": "2811.60000", "2008-06-30": "3883.30000", "2008-03-31": "4325.60000", "2007-12-31": "3581.90000", "2007-09-30": "4444.50000", "2007-06-30": "4361.40000", "2007-03-31": "3879.40000", "2006-12-31": "5192.20000", "2006-09-30": "5835.70000", "2006-06-30": "4861.00000", "2006-03-31": "5268.30000", "2005-12-31": "6219.00000", "2005-09-30": "3801.80000", "2005-06-30": "3041.60000", "2005-03-31": "2797.50000"}, "Property, Plant, And Equipment": {"2020-12-31": "24958.20000", "2020-09-30": "24218.30000", "2020-06-30": "23830.00000", "2020-03-31": "23595.90000", "2019-12-31": "24160.00000", "2019-09-30": "23325.30000", "2019-06-30": "23504.20000", "2019-03-31": "23283.50000", "2018-12-31": "22842.70000", "2018-09-30": "22613.60000", "2018-06-30": "22361.20000", "2018-03-31": "22704.00000", "2017-12-31": "22448.30000", "2017-09-30": "21978.60000", "2017-06-30": "21689.30000", "2017-03-31": "21214.10000", "2016-12-31": "21257.60000", "2016-09-30": "22985.70000", "2016-06-30": "22849.90000", "2016-03-31": "23421.80000", "2015-12-31": "23117.60000", "2015-09-30": "23239.40000", "2015-06-30": "23691.20000", "2015-03-31": "23301.70000", "2014-12-31": "24557.50000", "2014-09-30": "24985.30000", "2014-06-30": "25877.30000", "2014-03-31": "25650.00000", "2013-12-31": "25747.30000", "2013-09-30": "25081.50000", "2013-06-30": "24280.40000", "2013-03-31": "24290.10000", "2012-12-31": "24677.20000", "2012-09-30": "23751.70000", "2012-06-30": "23067.80000", "2012-03-31": "23304.50000", "2011-12-31": "22834.50000", "2011-09-30": "22337.90000", "2011-06-30": "23015.80000", "2011-03-31": "22644.80000", "2010-12-31": "22060.60000", "2010-09-30": "21477.50000", "2010-06-30": "20293.00000", "2010-03-31": "21070.00000", "2009-12-31": "21531.50000", "2009-09-30": "21350.30000", "2009-06-30": "20754.10000", "2009-03-31": "19754.20000", "2008-12-31": "20254.50000", "2008-09-30": "20596.90000", "2008-06-30": "21741.20000", "2008-03-31": "21589.30000", "2007-12-31": "20984.70000", "2007-09-30": "20490.30000", "2007-06-30": "20106.60000", "2007-03-31": "20975.20000", "2006-12-31": "19438.10000", "2006-09-30": "20526.20000", "2006-06-30": "20539.30000", "2006-03-31": "20064.00000", "2005-12-31": "19573.30000", "2005-09-30": "19751.90000", "2005-06-30": "19728.50000", "2005-03-31": "20182.90000"}, "Long-Term Investments": {"2020-12-31": "", "2020-09-30": "1283.30000", "2020-06-30": "1278.10000", "2020-03-31": "1276.80000", "2019-12-31": "1270.30000", "2019-09-30": "1245.40000", "2019-06-30": "1227.30000", "2019-03-31": "1190.20000", "2018-12-31": "1202.80000", "2018-09-30": "1135.50000", "2018-06-30": "1127.60000", "2018-03-31": "1147.40000", "2017-12-31": "1085.70000", "2017-09-30": "999.80000", "2017-06-30": "779.70000", "2017-03-31": "766.50000", "2016-12-31": "725.90000", "2016-09-30": "878.00000", "2016-06-30": "852.10000", "2016-03-31": "820.10000", "2015-12-31": "792.70000", "2015-09-30": "846.70000", "2015-06-30": "860.30000", "2015-03-31": "900.50000", "2014-12-31": "1004.50000", "2014-09-30": "1106.40000", "2014-06-30": "1231.60000", "2014-03-31": "1223.80000", "2013-12-31": "1209.10000", "2013-09-30": "1262.50000", "2013-06-30": "1239.80000", "2013-03-31": "1290.40000", "2012-12-31": "1380.50000", "2012-09-30": "1460.30000", "2012-06-30": "1411.10000", "2012-03-31": "1366.00000", "2011-12-31": "1427.00000", "2011-09-30": "1392.10000", "2011-06-30": "1355.60000", "2011-03-31": "1317.50000", "2010-12-31": "1335.30000", "2010-09-30": "1295.90000", "2010-06-30": "1212.50000", "2010-03-31": "1157.20000", "2009-12-31": "1212.70000", "2009-09-30": "1228.70000", "2009-06-30": "1129.20000", "2009-03-31": "1101.70000", "2008-12-31": "1222.30000", "2008-09-30": "1126.00000", "2008-06-30": "1128.80000", "2008-03-31": "1256.60000", "2007-12-31": "1156.40000", "2007-09-30": "1124.60000", "2007-06-30": "1060.10000", "2007-03-31": "1064.40000", "2006-12-31": "1035.40000", "2006-09-30": "1032.30000", "2006-06-30": "1040.40000", "2006-03-31": "1018.00000", "2005-12-31": "1035.40000", "2005-09-30": "1049.80000", "2005-06-30": "1073.60000", "2005-03-31": "1136.60000"}, "Goodwill And Intangible Assets": {"2020-12-31": "", "2020-09-30": "2715.80000", "2020-06-30": "2671.90000", "2020-03-31": "2627.40000", "2019-12-31": "2677.40000", "2019-09-30": "2541.80000", "2019-06-30": "2580.50000", "2019-03-31": "2317.80000", "2018-12-31": "2331.50000", "2018-09-30": "2345.00000", "2018-06-30": "2347.20000", "2018-03-31": "2404.80000", "2017-12-31": "2379.70000", "2017-09-30": "2373.30000", "2017-06-30": "2345.20000", "2017-03-31": "2299.20000", "2016-12-31": "2336.50000", "2016-09-30": "2504.70000", "2016-06-30": "2498.60000", "2016-03-31": "2569.80000", "2015-12-31": "2516.30000", "2015-09-30": "2581.60000", "2015-06-30": "2627.50000", "2015-03-31": "2593.50000", "2014-12-31": "2735.30000", "2014-09-30": "2811.20000", "2014-06-30": "2902.30000", "2014-03-31": "2891.50000", "2013-12-31": "2872.70000", "2013-09-30": "2853.80000", "2013-06-30": "2778.60000", "2013-03-31": "2789.50000", "2012-12-31": "2804.00000", "2012-09-30": "2744.20000", "2012-06-30": "2680.70000", "2012-03-31": "2719.10000", "2011-12-31": "2653.20000", "2011-09-30": "2638.40000", "2011-06-30": "2725.40000", "2011-03-31": "2669.60000", "2010-12-31": "2586.10000", "2010-09-30": "2521.50000", "2010-06-30": "2413.90000", "2010-03-31": "2471.10000", "2009-12-31": "2425.20000", "2009-09-30": "2408.20000", "2009-06-30": "2339.40000", "2009-03-31": "2198.00000", "2008-12-31": "2237.40000", "2008-09-30": "2272.00000", "2008-06-30": "2382.50000", "2008-03-31": "2371.50000", "2007-12-31": "2301.30000", "2007-09-30": "2290.50000", "2007-06-30": "2198.30000", "2007-03-31": "2254.30000", "2006-12-31": "2073.60000", "2006-09-30": "2156.10000", "2006-06-30": "2125.50000", "2006-03-31": "2043.20000", "2005-12-31": "1924.40000", "2005-09-30": "1934.60000", "2005-06-30": "1827.50000", "2005-03-31": "1815.80000"}, "Other Long-Term Assets": {"2020-12-31": "7597.70000", "2020-09-30": "2469.60000", "2020-06-30": "2547.20000", "2020-03-31": "2481.40000", "2019-12-31": "2584.00000", "2019-09-30": "2622.00000", "2019-06-30": "2449.60100", "2019-03-31": "2385.50000", "2018-12-31": "2381.00000", "2018-09-30": "2406.50000", "2018-06-30": "2516.80000", "2018-03-31": "2557.40000", "2017-12-31": "2562.80000", "2017-09-30": "2417.60000", "2017-06-30": "2078.50000", "2017-03-31": "1933.30000", "2016-12-31": "1855.30000", "2016-09-30": "1816.40000", "2016-06-30": "1899.30000", "2016-03-31": "1932.10000", "2015-12-31": "1869.10000", "2015-09-30": "1799.20000", "2015-06-30": "1796.70000", "2015-03-31": "1767.10000", "2014-12-31": "1744.60000", "2014-09-30": "1907.50000", "2014-06-30": "1855.70000", "2014-03-31": "1767.50000", "2013-12-31": "1747.10000", "2013-09-30": "1619.40000", "2013-06-30": "1522.50000", "2013-03-31": "1562.60000", "2012-12-31": "1602.70000", "2012-09-30": "1660.40000", "2012-06-30": "1672.70000", "2012-03-31": "1689.80000", "2011-12-31": "1672.20000", "2011-09-30": "1487.20000", "2011-06-30": "1710.80000", "2011-03-31": "1624.10000", "2010-12-31": "1624.70000", "2010-09-30": "1697.10000", "2010-06-30": "1589.50000", "2010-03-31": "1655.00000", "2009-12-31": "1639.20000", "2009-09-30": "1482.40000", "2009-06-30": "1387.40000", "2009-03-31": "1306.30000", "2008-12-31": "1229.70000", "2008-09-30": "1327.90000", "2008-06-30": "1385.50000", "2008-03-31": "1379.00000", "2007-12-31": "1367.40000", "2007-09-30": "1323.70000", "2007-06-30": "1268.50000", "2007-03-31": "1300.20000", "2006-12-31": "1235.20000", "2006-09-30": "1278.90000", "2006-06-30": "1206.80000", "2006-03-31": "1207.80000", "2005-12-31": "1236.70000", "2005-09-30": "1305.50000", "2005-06-30": "1309.10000", "2005-03-31": "1301.20000"}, "Total Long-Term Assets": {"2020-12-31": "46383.60000", "2020-09-30": "43963.20000", "2020-06-30": "43329.50000", "2020-03-31": "43011.10000", "2019-12-31": "43952.90000", "2019-09-30": "42200.10000", "2019-06-30": "42284.40000", "2019-03-31": "41502.20000", "2018-12-31": "28758.00000", "2018-09-30": "28500.60000", "2018-06-30": "28352.80000", "2018-03-31": "28813.60000", "2017-12-31": "28476.50000", "2017-09-30": "27769.30000", "2017-06-30": "26892.70000", "2017-03-31": "26213.10000", "2016-12-31": "26175.30000", "2016-09-30": "28184.80000", "2016-06-30": "28099.90000", "2016-03-31": "28743.80000", "2015-12-31": "28295.70000", "2015-09-30": "28466.90000", "2015-06-30": "28975.70000", "2015-03-31": "28562.80000", "2014-12-31": "30041.90000", "2014-09-30": "30810.40000", "2014-06-30": "31866.90000", "2014-03-31": "31532.80000", "2013-12-31": "31576.20000", "2013-09-30": "30817.20000", "2013-06-30": "29821.30000", "2013-03-31": "29932.60000", "2012-12-31": "30464.40000", "2012-09-30": "29616.60000", "2012-06-30": "28832.30000", "2012-03-31": "29079.40000", "2011-12-31": "28586.90000", "2011-09-30": "27855.60000", "2011-06-30": "28807.60000", "2011-03-31": "28256.00000", "2010-12-31": "27606.70000", "2010-09-30": "26992.00000", "2010-06-30": "25508.90000", "2010-03-31": "26353.30000", "2009-12-31": "26808.60000", "2009-09-30": "26469.60000", "2009-06-30": "25610.10000", "2009-03-31": "24360.20000", "2008-12-31": "24943.90000", "2008-09-30": "25322.80000", "2008-06-30": "26638.00000", "2008-03-31": "26596.40000", "2007-12-31": "25809.80000", "2007-09-30": "25229.10000", "2007-06-30": "24633.50000", "2007-03-31": "25594.10000", "2006-12-31": "23782.30000", "2006-09-30": "24993.50000", "2006-06-30": "24912.00000", "2006-03-31": "24333.00000", "2005-12-31": "23769.80000", "2005-09-30": "24041.80000", "2005-06-30": "23938.70000", "2005-03-31": "24436.50000"}, "Total Assets": {"2020-12-31": "52626.80000", "2020-09-30": "50699.30000", "2020-06-30": "49938.90000", "2020-03-31": "50568.00000", "2019-12-31": "47510.80000", "2019-09-30": "45805.00000", "2019-06-30": "46199.80000", "2019-03-31": "46466.60000", "2018-12-31": "32811.20000", "2018-09-30": "34053.70000", "2018-06-30": "32708.40000", "2018-03-31": "33722.90000", "2017-12-31": "33803.70000", "2017-09-30": "32559.60000", "2017-06-30": "32785.20000", "2017-03-31": "32120.30000", "2016-12-31": "31023.90000", "2016-09-30": "32486.90000", "2016-06-30": "33146.50000", "2016-03-31": "33795.40000", "2015-12-31": "37938.70000", "2015-09-30": "32959.50000", "2015-06-30": "34947.90000", "2015-03-31": "32155.60000", "2014-12-31": "34227.40000", "2014-09-30": "36020.80000", "2014-06-30": "37780.60000", "2014-03-31": "36369.10000", "2013-12-31": "36626.30000", "2013-09-30": "35551.30000", "2013-06-30": "34453.40000", "2013-03-31": "34123.80000", "2012-12-31": "35386.50000", "2012-09-30": "33824.50000", "2012-06-30": "33332.40000", "2012-03-31": "33334.20000", "2011-12-31": "32989.90000", "2011-09-30": "32277.50000", "2011-06-30": "32833.00000", "2011-03-31": "32080.20000", "2010-12-31": "31975.20000", "2010-09-30": "31168.50000", "2010-06-30": "28675.40000", "2010-03-31": "29825.60000", "2009-12-31": "30224.90000", "2009-09-30": "30072.40000", "2009-06-30": "29207.10000", "2009-03-31": "27810.60000", "2008-12-31": "28461.50000", "2008-09-30": "28134.40000", "2008-06-30": "30521.30000", "2008-03-31": "30922.00000", "2007-12-31": "29391.70000", "2007-09-30": "29673.60000", "2007-06-30": "28994.90000", "2007-03-31": "29473.50000", "2006-12-31": "28974.50000", "2006-09-30": "30829.20000", "2006-06-30": "29773.00000", "2006-03-31": "29601.30000", "2005-12-31": "29988.80000", "2005-09-30": "27843.60000", "2005-06-30": "26980.30000", "2005-03-31": "27234.00000"}, "Total Current Liabilities": {"2020-12-31": "6181.20000", "2020-09-30": "6280.20000", "2020-06-30": "7246.10000", "2020-03-31": "3987.80000", "2019-12-31": "3621.00000", "2019-09-30": "4275.60000", "2019-06-30": "3240.00000", "2019-03-31": "3379.60000", "2018-12-31": "2973.50000", "2018-09-30": "3626.70000", "2018-06-30": "2970.30000", "2018-03-31": "2821.40000", "2017-12-31": "2890.60000", "2017-09-30": "3740.20000", "2017-06-30": "2743.30000", "2017-03-31": "3220.70000", "2016-12-31": "3468.30000", "2016-09-30": "4476.70000", "2016-06-30": "2667.20000", "2016-03-31": "2858.70000", "2015-12-31": "2950.40000", "2015-09-30": "2956.50000", "2015-06-30": "2760.80000", "2015-03-31": "2751.90000", "2014-12-31": "2747.90000", "2014-09-30": "4179.60000", "2014-06-30": "3391.70000", "2014-03-31": "3101.20000", "2013-12-31": "3170.00000", "2013-09-30": "3822.30000", "2013-06-30": "2805.00000", "2013-03-31": "3017.10000", "2012-12-31": "3403.10000", "2012-09-30": "4151.30000", "2012-06-30": "3622.30000", "2012-03-31": "3646.40000", "2011-12-31": "3509.20000", "2011-09-30": "5078.20000", "2011-06-30": "3948.80000", "2011-03-31": "4254.10000", "2010-12-31": "2924.70000", "2010-09-30": "3266.30000", "2010-06-30": "2582.80000", "2010-03-31": "2569.30000", "2009-12-31": "2988.70000", "2009-09-30": "3540.40000", "2009-06-30": "2843.50000", "2009-03-31": "2212.90000", "2008-12-31": "2537.90000", "2008-09-30": "2868.50000", "2008-06-30": "3025.20000", "2008-03-31": "3683.30000", "2007-12-31": "4498.50000", "2007-09-30": "4209.30000", "2007-06-30": "3429.60000", "2007-03-31": "3064.50000", "2006-12-31": "2951.60000", "2006-09-30": "4576.30000", "2006-06-30": "3591.80000", "2006-03-31": "3696.80000", "2005-12-31": "4107.70000", "2005-09-30": "4134.70000", "2005-06-30": "3075.20000", "2005-03-31": "2669.20000"}, "Long Term Debt": {"2020-12-31": "35196.80000", "2020-09-30": "35143.40000", "2020-06-30": "34675.60000", "2020-03-31": "38046.60000", "2019-12-31": "34118.10000", "2019-09-30": "32850.10000", "2019-06-30": "32654.30000", "2019-03-31": "32892.00000", "2018-12-31": "31075.30000", "2018-09-30": "31895.20000", "2018-06-30": "30687.70000", "2018-03-31": "30869.50000", "2017-12-31": "29536.40000", "2017-09-30": "28402.60000", "2017-06-30": "28150.90000", "2017-03-31": "26984.20000", "2016-12-31": "25878.50000", "2016-09-30": "26007.00000", "2016-06-30": "26010.00000", "2016-03-31": "23352.60000", "2015-12-31": "24122.10000", "2015-09-30": "17990.50000", "2015-06-30": "17901.60000", "2015-03-31": "14291.80000", "2014-12-31": "14935.70000", "2014-09-30": "14516.90000", "2014-06-30": "14891.40000", "2014-03-31": "13825.40000", "2013-12-31": "14129.80000", "2013-09-30": "13487.80000", "2013-06-30": "13369.80000", "2013-03-31": "12797.90000", "2012-12-31": "13632.50000", "2012-09-30": "12752.00000", "2012-06-30": "12720.40000", "2012-03-31": "12055.70000", "2011-12-31": "12133.80000", "2011-09-30": "10988.10000", "2011-06-30": "11062.80000", "2011-03-31": "10524.30000", "2010-12-31": "11497.00000", "2010-09-30": "11357.10000", "2010-06-30": "10291.30000", "2010-03-31": "10482.60000", "2009-12-31": "10560.30000", "2009-09-30": "10657.90000", "2009-06-30": "10492.90000", "2009-03-31": "10420.10000", "2008-12-31": "10186.00000", "2008-09-30": "9860.60000", "2008-06-30": "10439.10000", "2008-03-31": "10443.60000", "2007-12-31": "7310.00000", "2007-09-30": "7685.90000", "2007-06-30": "7885.50000", "2007-03-31": "8199.90000", "2006-12-31": "8389.90000", "2006-09-30": "8569.40000", "2006-06-30": "8351.40000", "2006-03-31": "8708.90000", "2005-12-31": "8934.30000", "2005-09-30": "7350.20000", "2005-06-30": "7763.70000", "2005-03-31": "8155.20000"}, "Other Non-Current Liabilities": {"2020-12-31": "3726.80000", "2020-09-30": "2908.80000", "2020-06-30": "2788.00000", "2020-03-31": "3052.00000", "2019-12-31": "3245.50000", "2019-09-30": "3196.10000", "2019-06-30": "3221.00000", "2019-03-31": "3155.60000", "2018-12-31": "3177.50000", "2018-09-30": "3505.60000", "2018-06-30": "3121.60000", "2018-03-31": "3163.50000", "2017-12-31": "3525.30000", "2017-09-30": "2292.30000", "2017-06-30": "2229.90000", "2017-03-31": "2139.00000", "2016-12-31": "2064.30000", "2016-09-30": "2248.50000", "2016-06-30": "2208.00000", "2016-03-31": "2060.80000", "2015-12-31": "2074.00000", "2015-09-30": "2071.70000", "2015-06-30": "2112.40000", "2015-03-31": "1997.60000", "2014-12-31": "2065.90000", "2014-09-30": "2175.20000", "2014-06-30": "1768.30000", "2014-03-31": "1706.60000", "2013-12-31": "1669.10000", "2013-09-30": "1556.00000", "2013-06-30": "1497.10000", "2013-03-31": "1442.20000", "2012-12-31": "1526.20000", "2012-09-30": "1557.10000", "2012-06-30": "1548.10000", "2012-03-31": "1575.40000", "2011-12-31": "1612.60000", "2011-09-30": "1520.80000", "2011-06-30": "1548.20000", "2011-03-31": "1544.50000", "2010-12-31": "1586.90000", "2010-09-30": "1570.40000", "2010-06-30": "1424.80000", "2010-03-31": "1408.60000", "2009-12-31": "1363.10000", "2009-09-30": "1548.50000", "2009-06-30": "1539.90000", "2009-03-31": "1482.00000", "2008-12-31": "1410.10000", "2008-09-30": "1363.10000", "2008-06-30": "1390.20000", "2008-03-31": "1363.40000", "2007-12-31": "1342.50000", "2007-09-30": "1856.90000", "2007-06-30": "1652.50000", "2007-03-31": "1471.00000", "2006-12-31": "1098.40000", "2006-09-30": "1154.30000", "2006-06-30": "1166.80000", "2006-03-31": "1063.60000", "2005-12-31": "851.50000", "2005-09-30": "903.50000", "2005-06-30": "853.70000", "2005-03-31": "926.30000"}, "Total Long Term Liabilities": {"2020-12-31": "54270.50000", "2020-09-30": "52891.20000", "2020-06-30": "52155.90000", "2020-03-31": "55873.60000", "2019-12-31": "52100.11000", "2019-09-30": "50128.61000", "2019-06-30": "49768.60000", "2019-03-31": "49637.90000", "2018-12-31": "36096.10000", "2018-09-30": "37219.60000", "2018-06-30": "35589.10000", "2018-03-31": "35620.30000", "2017-12-31": "34181.10000", "2017-09-30": "32297.00000", "2017-06-30": "32042.50000", "2017-03-31": "30930.40000", "2016-12-31": "29759.90000", "2016-09-30": "29634.30000", "2016-06-30": "29839.30000", "2016-03-31": "27073.70000", "2015-12-31": "27900.40000", "2015-09-30": "21693.20000", "2015-06-30": "21626.20000", "2015-03-31": "18000.40000", "2014-12-31": "18626.10000", "2014-09-30": "18215.30000", "2014-06-30": "18234.00000", "2014-03-31": "17120.20000", "2013-12-31": "17446.60000", "2013-09-30": "16564.10000", "2013-06-30": "16477.70000", "2013-03-31": "15878.50000", "2012-12-31": "16689.80000", "2012-09-30": "15789.10000", "2012-06-30": "15675.00000", "2012-03-31": "15027.30000", "2011-12-31": "15090.50000", "2011-09-30": "13861.10000", "2011-06-30": "13931.40000", "2011-03-31": "13372.50000", "2010-12-31": "14416.30000", "2010-09-30": "14264.40000", "2010-06-30": "12960.80000", "2010-03-31": "13139.50000", "2009-12-31": "13202.30000", "2009-09-30": "13342.40000", "2009-06-30": "13119.00000", "2009-03-31": "12914.60000", "2008-12-31": "12541.00000", "2008-09-30": "12214.30000", "2008-06-30": "12874.50000", "2008-03-31": "12824.50000", "2007-12-31": "9613.40000", "2007-09-30": "10496.40000", "2007-06-30": "10479.60000", "2007-03-31": "10642.00000", "2006-12-31": "10564.60000", "2006-09-30": "10726.60000", "2006-06-30": "10542.50000", "2006-03-31": "10737.50000", "2005-12-31": "10735.00000", "2005-09-30": "9192.70000", "2005-06-30": "9544.50000", "2005-03-31": "9927.20000"}, "Total Liabilities": {"2020-12-31": "60451.70000", "2020-09-30": "59171.40000", "2020-06-30": "59402.00000", "2020-03-31": "59861.40000", "2019-12-31": "55721.10000", "2019-09-30": "54404.20000", "2019-06-30": "53008.60000", "2019-03-31": "53017.50000", "2018-12-31": "39069.60000", "2018-09-30": "40846.30000", "2018-06-30": "38559.40000", "2018-03-31": "38441.70000", "2017-12-31": "37071.70000", "2017-09-30": "36037.20000", "2017-06-30": "34785.80000", "2017-03-31": "34151.10000", "2016-12-31": "33228.20000", "2016-09-30": "34111.00000", "2016-06-30": "32506.50000", "2016-03-31": "29932.40000", "2015-12-31": "30850.80000", "2015-09-30": "24649.70000", "2015-06-30": "24387.00000", "2015-03-31": "20752.30000", "2014-12-31": "21374.00000", "2014-09-30": "22394.90000", "2014-06-30": "21625.70000", "2014-03-31": "20221.40000", "2013-12-31": "20616.60000", "2013-09-30": "20386.40000", "2013-06-30": "19282.70000", "2013-03-31": "18895.60000", "2012-12-31": "20092.90000", "2012-09-30": "19940.40000", "2012-06-30": "19297.30000", "2012-03-31": "18673.70000", "2011-12-31": "18599.70000", "2011-09-30": "18939.30000", "2011-06-30": "17880.20000", "2011-03-31": "17626.60000", "2010-12-31": "17341.00000", "2010-09-30": "17530.70000", "2010-06-30": "15543.60000", "2010-03-31": "15708.80000", "2009-12-31": "16191.00000", "2009-09-30": "16882.80000", "2009-06-30": "15962.50000", "2009-03-31": "15127.50000", "2008-12-31": "15078.90000", "2008-09-30": "15082.80000", "2008-06-30": "15899.70000", "2008-03-31": "16507.80000", "2007-12-31": "14111.90000", "2007-09-30": "14705.70000", "2007-06-30": "13909.20000", "2007-03-31": "13706.50000", "2006-12-31": "13516.20000", "2006-09-30": "15302.90000", "2006-06-30": "14134.30000", "2006-03-31": "14434.30000", "2005-12-31": "14842.70000", "2005-09-30": "13327.40000", "2005-06-30": "12619.70000", "2005-03-31": "12596.40000"}, "Common Stock Net": {"2020-12-31": "", "2020-09-30": "16.60000", "2020-06-30": "16.60000", "2020-03-31": "16.60000", "2019-12-31": "16.60000", "2019-09-30": "16.60000", "2019-06-30": "16.60000", "2019-03-31": "16.60000", "2018-12-31": "16.60000", "2018-09-30": "16.60000", "2018-06-30": "16.60000", "2018-03-31": "16.60000", "2017-12-31": "16.60000", "2017-09-30": "16.60000", "2017-06-30": "16.60000", "2017-03-31": "16.60000", "2016-12-31": "16.60000", "2016-09-30": "16.60000", "2016-06-30": "16.60000", "2016-03-31": "16.60000", "2015-12-31": "16.60000", "2015-09-30": "16.60000", "2015-06-30": "16.60000", "2015-03-31": "16.60000", "2014-12-31": "16.60000", "2014-09-30": "16.60000", "2014-06-30": "16.60000", "2014-03-31": "16.60000", "2013-12-31": "16.60000", "2013-09-30": "16.60000", "2013-06-30": "16.60000", "2013-03-31": "16.60000", "2012-12-31": "16.60000", "2012-09-30": "16.60000", "2012-06-30": "16.60000", "2012-03-31": "16.60000", "2011-12-31": "16.60000", "2011-09-30": "16.60000", "2011-06-30": "16.60000", "2011-03-31": "16.60000", "2010-12-31": "16.60000", "2010-09-30": "16.60000", "2010-06-30": "16.60000", "2010-03-31": "16.60000", "2009-12-31": "16.60000", "2009-09-30": "16.60000", "2009-06-30": "16.60000", "2009-03-31": "16.60000", "2008-12-31": "16.60000", "2008-09-30": "16.60000", "2008-06-30": "16.60000", "2008-03-31": "16.60000", "2007-12-31": "16.60000", "2007-09-30": "16.60000", "2007-06-30": "16.60000", "2007-03-31": "16.60000", "2006-12-31": "16.60000", "2006-09-30": "16.60000", "2006-06-30": "16.60000", "2006-03-31": "16.60000", "2005-12-31": "16.60000", "2005-09-30": "16.60000", "2005-06-30": "16.60000", "2005-03-31": "16.60000"}, "Retained Earnings (Accumulated Deficit)": {"2020-12-31": "", "2020-09-30": "53492.50000", "2020-06-30": "52660.80000", "2020-03-31": "53106.70000", "2019-12-31": "52930.50000", "2019-09-30": "51359.50000", "2019-06-30": "51562.50000", "2019-03-31": "50928.60000", "2018-12-31": "50487.00000", "2018-09-30": "49076.20000", "2018-06-30": "49106.70000", "2018-03-31": "48396.50000", "2017-12-31": "48325.80000", "2017-09-30": "47631.50000", "2017-06-30": "47300.60000", "2017-03-31": "46666.90000", "2016-12-31": "46222.70000", "2016-09-30": "45030.00000", "2016-06-30": "45272.50000", "2016-03-31": "44912.40000", "2015-12-31": "44594.50000", "2015-09-30": "44202.00000", "2015-06-30": "43681.60000", "2015-03-31": "43290.00000", "2014-12-31": "43294.50000", "2014-09-30": "42201.80000", "2014-06-30": "42741.50000", "2014-03-31": "42154.70000", "2013-12-31": "41751.20000", "2013-09-30": "40354.60000", "2013-06-30": "40402.40000", "2013-03-31": "39776.40000", "2012-12-31": "39278.00000", "2012-09-30": "37882.50000", "2012-06-30": "37900.80000", "2012-03-31": "37262.50000", "2011-12-31": "36707.50000", "2011-09-30": "35329.80000", "2011-06-30": "35165.00000", "2011-03-31": "34386.20000", "2010-12-31": "33811.70000", "2010-09-30": "32568.90000", "2010-06-30": "32406.70000", "2010-03-31": "31769.30000", "2009-12-31": "31270.80000", "2009-09-30": "30056.00000", "2009-06-30": "29927.30000", "2009-03-31": "29380.70000", "2008-12-31": "28953.90000", "2008-09-30": "27968.30000", "2008-06-30": "27751.30000", "2008-03-31": "26981.80000", "2007-12-31": "26461.50000", "2007-09-30": "25172.90000", "2007-06-30": "25881.20000", "2007-03-31": "26592.50000", "2006-12-31": "25845.60000", "2006-09-30": "24585.70000", "2006-06-30": "24976.10000", "2006-03-31": "24141.60000", "2005-12-31": "23516.00000", "2005-09-30": "22907.50000", "2005-06-30": "23014.80000", "2005-03-31": "22484.00000"}, "Comprehensive Income": {"2020-12-31": "", "2020-09-30": "-2758.80000", "2020-06-30": "-2806.30000", "2020-03-31": "-2996.40000", "2019-12-31": "-2482.70000", "2019-09-30": "-2663.10000", "2019-06-30": "-2496.60000", "2019-03-31": "-2520.10000", "2018-12-31": "-2609.50000", "2018-09-30": "-2508.30000", "2018-06-30": "-2435.00000", "2018-03-31": "-2146.50000", "2017-12-31": "-2178.40000", "2017-09-30": "-2236.70000", "2017-06-30": "-2486.40000", "2017-03-31": "-2705.00000", "2016-12-31": "-3092.90000", "2016-09-30": "-2622.60000", "2016-06-30": "-2674.80000", "2016-03-31": "-2402.60000", "2015-12-31": "-2879.80000", "2015-09-30": "-2607.50000", "2015-06-30": "-2110.00000", "2015-03-31": "-2482.00000", "2014-12-31": "-1519.70000", "2014-09-30": "-596.30000", "2014-06-30": "551.90000", "2014-03-31": "444.30000", "2013-12-31": "427.60000", "2013-09-30": "516.60000", "2013-06-30": "29.20000", "2013-03-31": "393.80000", "2012-12-31": "796.40000", "2012-09-30": "609.50000", "2012-06-30": "284.80000", "2012-03-31": "799.20000", "2011-12-31": "449.70000", "2011-09-30": "548.50000", "2011-06-30": "1544.40000", "2011-03-31": "1254.20000", "2010-12-31": "752.90000", "2010-09-30": "703.80000", "2010-06-30": "-278.90000", "2010-03-31": "512.90000", "2009-12-31": "747.40000", "2009-09-30": "892.10000", "2009-06-30": "395.20000", "2009-03-31": "-303.60000", "2008-12-31": "101.30000", "2008-09-30": "763.60000", "2008-06-30": "1813.00000", "2008-03-31": "1775.80000", "2007-12-31": "1337.40000", "2007-09-30": "1226.30000", "2007-06-30": "63.60000", "2007-03-31": "-201.50000", "2006-12-31": "-296.70000", "2006-09-30": "-374.90000", "2006-06-30": "-366.20000", "2006-03-31": "-636.90000", "2005-12-31": "-733.10000", "2005-09-30": "-591.50000", "2005-06-30": "-623.60000", "2005-03-31": "-301.90000"}, "Other Share Holders Equity": {"2020-12-31": "", "2020-09-30": "", "2020-06-30": "", "2020-03-31": "", "2019-12-31": "", "2019-09-30": "", "2019-06-30": "", "2019-03-31": "", "2018-12-31": "", "2018-09-30": "", "2018-06-30": "", "2018-03-31": "", "2017-12-31": "", "2017-09-30": "", "2017-06-30": "", "2017-03-31": "", "2016-12-31": "", "2016-09-30": "", "2016-06-30": "", "2016-03-31": "", "2015-12-31": "", "2015-09-30": "", "2015-06-30": "", "2015-03-31": "", "2014-12-31": "", "2014-09-30": "", "2014-06-30": "", "2014-03-31": "", "2013-12-31": "", "2013-09-30": "", "2013-06-30": "", "2013-03-31": "", "2012-12-31": "", "2012-09-30": "", "2012-06-30": "", "2012-03-31": "", "2011-12-31": "", "2011-09-30": "", "2011-06-30": "", "2011-03-31": "", "2010-12-31": "", "2010-09-30": "", "2010-06-30": "", "2010-03-31": "", "2009-12-31": "", "2009-09-30": "", "2009-06-30": "", "2009-03-31": "", "2008-12-31": "", "2008-09-30": "", "2008-06-30": "", "2008-03-31": "", "2007-12-31": "", "2007-09-30": "", "2007-06-30": "", "2007-03-31": "", "2006-12-31": "", "2006-09-30": "", "2006-06-30": "", "2006-03-31": "", "2005-12-31": "", "2005-09-30": "", "2005-06-30": "", "2005-03-31": ""}, "Share Holder Equity": {"2020-12-31": "-7824.90000", "2020-09-30": "-8472.10000", "2020-06-30": "-9463.10000", "2020-03-31": "-9293.40000", "2019-12-31": "-8210.30000", "2019-09-30": "-8599.20000", "2019-06-30": "-6808.80000", "2019-03-31": "-6550.90000", "2018-12-31": "-6258.40000", "2018-09-30": "-6792.60000", "2018-06-30": "-5851.00000", "2018-03-31": "-4718.80000", "2017-12-31": "-3268.00000", "2017-09-30": "-3477.60000", "2017-06-30": "-2000.60000", "2017-03-31": "-2030.80000", "2016-12-31": "-2204.30000", "2016-09-30": "-1624.10000", "2016-06-30": "640.00000", "2016-03-31": "3863.00000", "2015-12-31": "7087.90000", "2015-09-30": "8309.80000", "2015-06-30": "10560.90000", "2015-03-31": "11403.30000", "2014-12-31": "12853.40000", "2014-09-30": "13625.90000", "2014-06-30": "16154.90000", "2014-03-31": "16147.70000", "2013-12-31": "16009.70000", "2013-09-30": "15164.90000", "2013-06-30": "15170.70000", "2013-03-31": "15228.20000", "2012-12-31": "15293.60000", "2012-09-30": "13884.10000", "2012-06-30": "14035.10000", "2012-03-31": "14660.50000", "2011-12-31": "14390.20000", "2011-09-30": "13338.20000", "2011-06-30": "14952.80000", "2011-03-31": "14453.60000", "2010-12-31": "14634.20000", "2010-09-30": "13637.80000", "2010-06-30": "13131.80000", "2010-03-31": "14116.80000", "2009-12-31": "14033.90000", "2009-09-30": "13189.60000", "2009-06-30": "13244.60000", "2009-03-31": "12683.10000", "2008-12-31": "13382.60000", "2008-09-30": "13051.60000", "2008-06-30": "14621.60000", "2008-03-31": "14414.20000", "2007-12-31": "15279.80000", "2007-09-30": "14967.90000", "2007-06-30": "15085.70000", "2007-03-31": "15767.00000", "2006-12-31": "15458.30000", "2006-09-30": "15526.30000", "2006-06-30": "15638.70000", "2006-03-31": "15167.00000", "2005-12-31": "15146.10000", "2005-09-30": "14516.20000", "2005-06-30": "14360.60000", "2005-03-31": "14637.60000"}, "Total Liabilities And Share Holders Equity": {"2020-12-31": "52626.80000", "2020-09-30": "50699.30000", "2020-06-30": "49938.90000", "2020-03-31": "50568.00000", "2019-12-31": "47510.80000", "2019-09-30": "45805.00000", "2019-06-30": "46199.80000", "2019-03-31": "46466.60000", "2018-12-31": "32811.20000", "2018-09-30": "34053.70000", "2018-06-30": "32708.40000", "2018-03-31": "33722.90000", "2017-12-31": "33803.70000", "2017-09-30": "32559.60000", "2017-06-30": "32785.20000", "2017-03-31": "32120.30000", "2016-12-31": "31023.90000", "2016-09-30": "32486.90000", "2016-06-30": "33146.50000", "2016-03-31": "33795.40000", "2015-12-31": "37938.70000", "2015-09-30": "32959.50000", "2015-06-30": "34947.90000", "2015-03-31": "32155.60000", "2014-12-31": "34227.40000", "2014-09-30": "36020.80000", "2014-06-30": "37780.60000", "2014-03-31": "36369.10000", "2013-12-31": "36626.30000", "2013-09-30": "35551.30000", "2013-06-30": "34453.40000", "2013-03-31": "34123.80000", "2012-12-31": "35386.50000", "2012-09-30": "33824.50000", "2012-06-30": "33332.40000", "2012-03-31": "33334.20000", "2011-12-31": "32989.90000", "2011-09-30": "32277.50000", "2011-06-30": "32833.00000", "2011-03-31": "32080.20000", "2010-12-31": "31975.20000", "2010-09-30": "31168.50000", "2010-06-30": "28675.40000", "2010-03-31": "29825.60000", "2009-12-31": "30224.90000", "2009-09-30": "30072.40000", "2009-06-30": "29207.10000", "2009-03-31": "27810.60000", "2008-12-31": "28461.50000", "2008-09-30": "28134.40000", "2008-06-30": "30521.30000", "2008-03-31": "30922.00000", "2007-12-31": "29391.70000", "2007-09-30": "29673.60000", "2007-06-30": "28994.90000", "2007-03-31": "29473.50000", "2006-12-31": "28974.50000", "2006-09-30": "30829.20000", "2006-06-30": "29773.00000", "2006-03-31": "29601.30000", "2005-12-31": "29988.80000", "2005-09-30": "27843.60000", "2005-06-30": "26980.30000", "2005-03-31": "27234.00000"}}, "cash flow statement": {"Net Income/Loss": {"2020-12-31": "4730.50000", "2019-12-31": "6025.40000", "2018-12-31": "5924.30000", "2017-12-31": "5192.30000", "2016-12-31": "4686.50000", "2015-12-31": "4529.30000", "2014-12-31": "4757.80000", "2013-12-31": "5585.90000", "2012-12-31": "5464.80000", "2011-12-31": "5503.10000", "2010-12-31": "4946.30000", "2009-12-31": "4551.00000", "2008-12-31": "4313.20000", "2007-12-31": "2395.10000", "2006-12-31": "3544.20000", "2005-12-31": "2602.20000"}, "Total Depreciation And Amortization - Cash Flow": {"2020-12-31": "", "2019-12-31": "1617.90000", "2018-12-31": "1482.00000", "2017-12-31": "1363.40000", "2016-12-31": "1516.50000", "2015-12-31": "1555.70000", "2014-12-31": "1644.50000", "2013-12-31": "1585.10000", "2012-12-31": "1488.50000", "2011-12-31": "1415.00000", "2010-12-31": "1276.20000", "2009-12-31": "1216.20000", "2008-12-31": "1207.80000", "2007-12-31": "1214.10000", "2006-12-31": "1249.90000", "2005-12-31": "1249.50000"}, "Other Non-Cash Items": {"2020-12-31": "1746.80000", "2019-12-31": "180.30000", "2018-12-31": "33.10000", "2017-12-31": "-24.00010", "2016-12-31": "-310.40000", "2015-12-31": "286.20000", "2014-12-31": "391.60000", "2013-12-31": "141.10000", "2012-12-31": "135.90000", "2011-12-31": "192.00000", "2010-12-31": "248.10000", "2009-12-31": "-187.20000", "2008-12-31": "150.40000", "2007-12-31": "1619.70000", "2006-12-31": "-289.40000", "2005-12-31": "251.60000"}, "Total Non-Cash Items": {"2020-12-31": "1746.80000", "2019-12-31": "1798.20000", "2018-12-31": "1515.10000", "2017-12-31": "1339.40000", "2016-12-31": "1206.10000", "2015-12-31": "1841.90000", "2014-12-31": "2036.10000", "2013-12-31": "1726.20000", "2012-12-31": "1624.40000", "2011-12-31": "1607.00000", "2010-12-31": "1524.30000", "2009-12-31": "1029.00000", "2008-12-31": "1358.20000", "2007-12-31": "2833.80000", "2006-12-31": "960.50000", "2005-12-31": "1501.10000"}, "Change In Accounts Receivable": {"2020-12-31": "", "2019-12-31": "27.00000", "2018-12-31": "-479.40000", "2017-12-31": "-340.70000", "2016-12-31": "-159.00000", "2015-12-31": "-180.60000", "2014-12-31": "27.00000", "2013-12-31": "56.20000", "2012-12-31": "-29.40000", "2011-12-31": "-160.80000", "2010-12-31": "-50.10000", "2009-12-31": "-42.00000", "2008-12-31": "16.10000", "2007-12-31": "-100.20000", "2006-12-31": "-90.80000", "2005-12-31": "-56.50000"}, "Change In Inventories": {"2020-12-31": "", "2019-12-31": "128.80000", "2018-12-31": "-1.90000", "2017-12-31": "-37.30000", "2016-12-31": "28.10000", "2015-12-31": "44.90000", "2014-12-31": "-4.90000", "2013-12-31": "-44.40000", "2012-12-31": "-27.20000", "2011-12-31": "-52.20000", "2010-12-31": "-50.80000", "2009-12-31": "1.00000", "2008-12-31": "-11.00000", "2007-12-31": "-29.60000", "2006-12-31": "-1.60000", "2005-12-31": "-29.40000"}, "Change In Accounts Payable": {"2020-12-31": "", "2019-12-31": "-26.80000", "2018-12-31": "129.40000", "2017-12-31": "-59.70000", "2016-12-31": "89.80000", "2015-12-31": "-15.00000", "2014-12-31": "-74.70000", "2013-12-31": "-60.70000", "2012-12-31": "124.10000", "2011-12-31": "35.80000", "2010-12-31": "-39.80000", "2009-12-31": "-2.20000", "2008-12-31": "-40.10000", "2007-12-31": "-36.70000", "2006-12-31": "82.80000", "2005-12-31": "35.80000"}, "Change In Assets/Liabilities": {"2020-12-31": "-212.10000", "2019-12-31": "", "2018-12-31": "", "2017-12-31": "", "2016-12-31": "", "2015-12-31": "", "2014-12-31": "", "2013-12-31": "", "2012-12-31": "", "2011-12-31": "", "2010-12-31": "", "2009-12-31": "", "2008-12-31": "", "2007-12-31": "", "2006-12-31": "", "2005-12-31": ""}, "Total Change In Assets/Liabilities": {"2020-12-31": "-212.10000", "2019-12-31": "298.50000", "2018-12-31": "-472.70000", "2017-12-31": "-980.50000", "2016-12-31": "167.00000", "2015-12-31": "167.90000", "2014-12-31": "-63.60000", "2013-12-31": "-191.40000", "2012-12-31": "-123.10000", "2011-12-31": "40.00000", "2010-12-31": "-129.00000", "2009-12-31": "171.00000", "2008-12-31": "245.80000", "2007-12-31": "-352.60000", "2006-12-31": "-163.20000", "2005-12-31": "233.50000"}, "Cash Flow From Operating Activities": {"2020-12-31": "6265.20000", "2019-12-31": "8122.10000", "2018-12-31": "6966.70000", "2017-12-31": "5551.20000", "2016-12-31": "6059.60000", "2015-12-31": "6539.10000", "2014-12-31": "6730.30000", "2013-12-31": "7120.70000", "2012-12-31": "6966.10000", "2011-12-31": "7150.10000", "2010-12-31": "6341.60000", "2009-12-31": "5751.00000", "2008-12-31": "5917.20000", "2007-12-31": "4876.30000", "2006-12-31": "4341.50000", "2005-12-31": "4336.80000"}, "Net Change In Property, Plant, And Equipment": {"2020-12-31": "-1640.80000", "2019-12-31": "-2242.50000", "2018-12-31": "-2581.30000", "2017-12-31": "-1686.90000", "2016-12-31": "-1738.20000", "2015-12-31": "-1600.80000", "2014-12-31": "-2496.60000", "2013-12-31": "-2824.70000", "2012-12-31": "-3049.20000", "2011-12-31": "-2729.80000", "2010-12-31": "-2135.50000", "2009-12-31": "-1952.10000", "2008-12-31": "-2135.70000", "2007-12-31": "-1946.60000", "2006-12-31": "-1741.90000", "2005-12-31": "-1606.80000"}, "Net Change In Intangible Assets": {"2020-12-31": "", "2019-12-31": "", "2018-12-31": "", "2017-12-31": "", "2016-12-31": "", "2015-12-31": "", "2014-12-31": "", "2013-12-31": "", "2012-12-31": "", "2011-12-31": "", "2010-12-31": "", "2009-12-31": "", "2008-12-31": "", "2007-12-31": "", "2006-12-31": "", "2005-12-31": ""}, "Net Acquisitions/Divestitures": {"2020-12-31": "37.60000", "2019-12-31": "-200.10000", "2018-12-31": "429.10000", "2017-12-31": "2494.80000", "2016-12-31": "866.10000", "2015-12-31": "200.50000", "2014-12-31": "232.60000", "2013-12-31": "259.10000", "2012-12-31": "236.20000", "2011-12-31": "325.00000", "2010-12-31": "194.50000", "2009-12-31": "260.30000", "2008-12-31": "331.80000", "2007-12-31": "330.00000", "2006-12-31": "358.10000", "2005-12-31": "-84.40000"}, "Net Change In Short-term Investments": {"2020-12-31": "", "2019-12-31": "", "2018-12-31": "", "2017-12-31": "", "2016-12-31": "", "2015-12-31": "", "2014-12-31": "", "2013-12-31": "", "2012-12-31": "", "2011-12-31": "", "2010-12-31": "", "2009-12-31": "", "2008-12-31": "", "2007-12-31": "", "2006-12-31": "", "2005-12-31": ""}, "Net Change In Long-Term Investments": {"2020-12-31": "", "2019-12-31": "", "2018-12-31": "", "2017-12-31": "", "2016-12-31": "", "2015-12-31": "", "2014-12-31": "", "2013-12-31": "", "2012-12-31": "", "2011-12-31": "", "2010-12-31": "", "2009-12-31": "144.90000", "2008-12-31": "229.40000", "2007-12-31": "", "2006-12-31": "", "2005-12-31": ""}, "Net Change In Investments - Total": {"2020-12-31": "", "2019-12-31": "", "2018-12-31": "", "2017-12-31": "", "2016-12-31": "", "2015-12-31": "", "2014-12-31": "", "2013-12-31": "", "2012-12-31": "", "2011-12-31": "", "2010-12-31": "", "2009-12-31": "144.90000", "2008-12-31": "229.40000", "2007-12-31": "", "2006-12-31": "", "2005-12-31": ""}, "Investing Activities - Other": {"2020-12-31": "57.40000", "2019-12-31": "-628.50000", "2018-12-31": "-302.90000", "2017-12-31": "-245.90000", "2016-12-31": "-109.50000", "2015-12-31": "-19.70000", "2014-12-31": "-40.90000", "2013-12-31": "-108.20000", "2012-12-31": "-354.30000", "2011-12-31": "-166.10000", "2010-12-31": "-115.00000", "2009-12-31": "-108.40000", "2008-12-31": "-50.20000", "2007-12-31": "466.50000", "2006-12-31": "109.70000", "2005-12-31": "-126.60000"}, "Cash Flow From Investing Activities": {"2020-12-31": "-1545.80000", "2019-12-31": "-3071.10000", "2018-12-31": "-2455.10000", "2017-12-31": "562.00000", "2016-12-31": "-981.60000", "2015-12-31": "-1420.00000", "2014-12-31": "-2304.90000", "2013-12-31": "-2673.80000", "2012-12-31": "-3167.30000", "2011-12-31": "-2570.90000", "2010-12-31": "-2056.00000", "2009-12-31": "-1655.30000", "2008-12-31": "-1624.70000", "2007-12-31": "-1150.10000", "2006-12-31": "-1274.10000", "2005-12-31": "-1817.80000"}, "Net Long-Term Debt": {"2020-12-31": "", "2019-12-31": "2437.10000", "2018-12-31": "2034.90000", "2017-12-31": "3078.10000", "2016-12-31": "2956.60000", "2015-12-31": "9165.50000", "2014-12-31": "992.50000", "2013-12-31": "721.79990", "2012-12-31": "1322.10000", "2011-12-31": "743.30000", "2010-12-31": "784.30000", "2009-12-31": "504.70010", "2008-12-31": "779.00000", "2007-12-31": "471.30000", "2006-12-31": "-2299.20000", "2005-12-31": "1589.60000"}, "Net Current Debt": {"2020-12-31": "2238.20000", "2019-12-31": "799.20000", "2018-12-31": "95.90000", "2017-12-31": "-1050.30000", "2016-12-31": "-286.20000", "2015-12-31": "589.70000", "2014-12-31": "510.40000", "2013-12-31": "-186.50000", "2012-12-31": "-117.50000", "2011-12-31": "260.60000", "2010-12-31": "3.10000", "2009-12-31": "-285.40000", "2008-12-31": "266.70000", "2007-12-31": "101.30000", "2006-12-31": "34.50000", "2005-12-31": "22.70000"}, "Debt Issuance/Retirement Net - Total": {"2020-12-31": "2238.20000", "2019-12-31": "3236.30000", "2018-12-31": "2130.80000", "2017-12-31": "2027.80000", "2016-12-31": "2670.40000", "2015-12-31": "9755.20000", "2014-12-31": "1502.90000", "2013-12-31": "535.29990", "2012-12-31": "1204.60000", "2011-12-31": "1003.90000", "2010-12-31": "787.40000", "2009-12-31": "219.30010", "2008-12-31": "1045.70000", "2007-12-31": "572.60000", "2006-12-31": "-2264.70000", "2005-12-31": "1612.30000"}, "Net Common Equity Issued/Repurchased": {"2020-12-31": "-734.30000", "2019-12-31": "-4625.70000", "2018-12-31": "-4804.50000", "2017-12-31": "-4228.90000", "2016-12-31": "-10871.60000", "2015-12-31": "-5782.00000", "2014-12-31": "-2963.20000", "2013-12-31": "-1544.50000", "2012-12-31": "-2286.50000", "2011-12-31": "-3029.10000", "2010-12-31": "-2235.40000", "2009-12-31": "-2465.30000", "2008-12-31": "-3371.10000", "2007-12-31": "-2805.40000", "2006-12-31": "-1983.70000", "2005-12-31": "-433.90000"}, "Net Total Equity Issued/Repurchased": {"2020-12-31": "-734.30000", "2019-12-31": "-4625.70000", "2018-12-31": "-4804.50000", "2017-12-31": "-4228.90000", "2016-12-31": "-10871.60000", "2015-12-31": "-5782.00000", "2014-12-31": "-2963.20000", "2013-12-31": "-1544.50000", "2012-12-31": "-2286.50000", "2011-12-31": "-3029.10000", "2010-12-31": "-2235.40000", "2009-12-31": "-2465.30000", "2008-12-31": "-3371.10000", "2007-12-31": "-2805.40000", "2006-12-31": "-1983.70000", "2005-12-31": "-433.90000"}, "Total Common And Preferred Stock Dividends Paid": {"2020-12-31": "-3752.90000", "2019-12-31": "-3581.90000", "2018-12-31": "-3255.90000", "2017-12-31": "-3089.20000", "2016-12-31": "-3058.20000", "2015-12-31": "-3230.30000", "2014-12-31": "-3216.10000", "2013-12-31": "-3114.60000", "2012-12-31": "-2896.60000", "2011-12-31": "-2609.70000", "2010-12-31": "-2408.10000", "2009-12-31": "-2235.50000", "2008-12-31": "-1823.40000", "2007-12-31": "-1765.60000", "2006-12-31": "-1216.50000", "2005-12-31": "-842.00000"}, "Financial Activities - Other": {"2020-12-31": "", "2019-12-31": "-23.50000", "2018-12-31": "-20.00000", "2017-12-31": "-20.50000", "2016-12-31": "-3.00000", "2015-12-31": "-7.60000", "2014-12-31": "58.10000", "2013-12-31": "80.80000", "2012-12-31": "128.70000", "2011-12-31": "101.90000", "2010-12-31": "127.40000", "2009-12-31": "60.50000", "2008-12-31": "34.30000", "2007-12-31": "2.10000", "2006-12-31": "5.00000", "2005-12-31": "105.40000"}, "Cash Flow From Financial Activities": {"2020-12-31": "-2249.00000", "2019-12-31": "-4994.80000", "2018-12-31": "-5949.60000", "2017-12-31": "-5310.80000", "2016-12-31": "-11262.40000", "2015-12-31": "735.30000", "2014-12-31": "-4618.30000", "2013-12-31": "-4043.00000", "2012-12-31": "-3849.80000", "2011-12-31": "-4533.00000", "2010-12-31": "-3728.70000", "2009-12-31": "-4421.00000", "2008-12-31": "-4114.50000", "2007-12-31": "-3996.30000", "2006-12-31": "-5459.90000", "2005-12-31": "441.80000"}, "Net Cash Flow": {"2020-12-31": "2550.60000", "2019-12-31": "32.50000", "2018-12-31": "-1597.80000", "2017-12-31": "1240.40000", "2016-12-31": "-6462.10000", "2015-12-31": "5607.60000", "2014-12-31": "-720.80000", "2013-12-31": "462.60000", "2012-12-31": "0.40000", "2011-12-31": "-51.30000", "2010-12-31": "591.00000", "2009-12-31": "-267.40000", "2008-12-31": "82.10000", "2007-12-31": "-146.80000", "2006-12-31": "-2124.90000", "2005-12-31": "2880.60000"}, "Stock-Based Compensation": {"2020-12-31": "", "2019-12-31": "109.60000", "2018-12-31": "125.10000", "2017-12-31": "117.50000", "2016-12-31": "131.30000", "2015-12-31": "110.00000", "2014-12-31": "112.80000", "2013-12-31": "89.10000", "2012-12-31": "93.40000", "2011-12-31": "86.20000", "2010-12-31": "83.10000", "2009-12-31": "112.90000", "2008-12-31": "112.50000", "2007-12-31": "142.40000", "2006-12-31": "122.50000", "2005-12-31": "152.00000"}, "Common Stock Dividends Paid": {"2020-12-31": "-3752.90000", "2019-12-31": "-3581.90000", "2018-12-31": "-3255.90000", "2017-12-31": "-3089.20000", "2016-12-31": "-3058.20000", "2015-12-31": "-3230.30000", "2014-12-31": "-3216.10000", "2013-12-31": "-3114.60000", "2012-12-31": "-2896.60000", "2011-12-31": "-2609.70000", "2010-12-31": "-2408.10000", "2009-12-31": "-2235.50000", "2008-12-31": "-1823.40000", "2007-12-31": "-1765.60000", "2006-12-31": "-1216.50000", "2005-12-31": "-842.00000"}}, "cash flow statement, quarterly": {"Net Income/Loss": {"2020-12-31": 1377.2, "2020-09-30": 1762.6, "2020-06-30": 483.8, "2020-03-31": "1106.90000", "2019-12-31": 1572.2, "2019-09-30": 1607.9, "2019-06-30": 1516.9, "2019-03-31": "1328.40000", "2018-12-31": 1415.3, "2018-09-30": 1637.3, "2018-06-30": 1496.3, "2018-03-31": "1375.40000", "2017-12-31": 698.7, "2017-09-30": 1883.7, "2017-06-30": 1395.1, "2017-03-31": "1214.80000", "2016-12-31": 1193.4, "2016-09-30": 1275.4, "2016-06-30": 1092.9, "2016-03-31": "1124.80000", "2015-12-31": 1206.2, "2015-09-30": 1309.2, "2015-06-30": 1202.4, "2015-03-31": "811.50000", "2014-12-31": 1097.5, "2014-09-30": 1068.4, "2014-06-30": 1387.1, "2014-03-31": "1204.80000", "2013-12-31": 1397, "2013-09-30": 1522.2, "2013-06-30": 1396.5, "2013-03-31": "1270.20000", "2012-12-31": 1396.1, "2012-09-30": 1455, "2012-06-30": 1347, "2012-03-31": "1266.70000", "2011-12-31": 1376.6, "2011-09-30": 1507.3, "2011-06-30": 1410.2, "2011-03-31": "1209.00000", "2010-12-31": 1242.3, "2010-09-30": 1388.4, "2010-06-30": 1225.8, "2010-03-31": "1089.80000", "2009-12-31": 1216.8, "2009-09-30": 1261, "2009-06-30": 1093.7, "2009-03-31": "979.50000", "2008-12-31": 985.3, "2008-09-30": 1191.3, "2008-06-30": 1190.5, "2008-03-31": "946.10000", "2007-12-31": 1273.2, "2007-09-30": 1071.2, "2007-06-30": -711.7, "2007-03-31": "762.40000", "2006-12-31": 1241.5, "2006-09-30": 843.3, "2006-06-30": 834.1, "2006-03-31": "625.30000", "2005-12-31": 608.5, "2005-09-30": 735.4, "2005-06-30": 530.4, "2005-03-31": "727.90000"}, "Total Depreciation And Amortization - Cash Flow": {"2020-12-31": -1287.1, "2020-09-30": 440.1, "2020-06-30": 425.7, "2020-03-31": "421.30000", "2019-12-31": 413.6, "2019-09-30": 413.4, "2019-06-30": 398.3, "2019-03-31": "392.60000", "2018-12-31": 379, "2018-09-30": 375.1, "2018-06-30": 365, "2018-03-31": "362.90000", "2017-12-31": 342.8, "2017-09-30": 355.8, "2017-06-30": 339.5, "2017-03-31": "325.30000", "2016-12-31": 378.9, "2016-09-30": 370.6, "2016-06-30": 383.3, "2016-03-31": "383.70000", "2015-12-31": 389.7, "2015-09-30": 387.7, "2015-06-30": 392.2, "2015-03-31": "386.10000", "2014-12-31": 407.5, "2014-09-30": 413.4, "2014-06-30": 413.2, "2014-03-31": "410.40000", "2013-12-31": 408.6, "2013-09-30": 394.5, "2013-06-30": 390.9, "2013-03-31": "391.10000", "2012-12-31": 386, "2012-09-30": 371.9, "2012-06-30": 365.9, "2012-03-31": "364.70000", "2011-12-31": 367.5, "2011-09-30": 358.3, "2011-06-30": 350.1, "2011-03-31": "339.10000", "2010-12-31": 334.1, "2010-09-30": 312.7, "2010-06-30": 311.5, "2010-03-31": "317.90000", "2009-12-31": 317.7, "2009-09-30": 311.9, "2009-06-30": 304.4, "2009-03-31": "282.20000", "2008-12-31": 277.8, "2008-09-30": 311, "2008-06-30": 314.3, "2008-03-31": "304.70000", "2007-12-31": 302.5, "2007-09-30": 297, "2007-06-30": 303.1, "2007-03-31": "311.50000", "2006-12-31": 315.5, "2006-09-30": 314, "2006-06-30": 315, "2006-03-31": "305.40000", "2005-12-31": 317, "2005-09-30": 309.5, "2005-06-30": 306.5, "2005-03-31": "316.50000"}, "Other Non-Cash Items": {"2020-12-31": 1512, "2020-09-30": -87.5, "2020-06-30": 107.9, "2020-03-31": "214.40000", "2019-12-31": -102.8, "2019-09-30": 43.9, "2019-06-30": 101.8, "2019-03-31": "137.40000", "2018-12-31": 17, "2018-09-30": 14.4, "2018-06-30": -12.4, "2018-03-31": "14.10000", "2017-12-31": 649.8999, "2017-09-30": -679.7, "2017-06-30": 9.9, "2017-03-31": "-4.10000", "2016-12-31": -226.9, "2016-09-30": -178.8, "2016-06-30": 75.7, "2016-03-31": "19.60000", "2015-12-31": -95, "2015-09-30": 56.1, "2015-06-30": 49.7, "2015-03-31": "275.40000", "2014-12-31": 105.6, "2014-09-30": 209.3, "2014-06-30": 20.7, "2014-03-31": "56.00000", "2013-12-31": -19.7, "2013-09-30": 33.4, "2013-06-30": 14.8, "2013-03-31": "112.60000", "2012-12-31": -58.3, "2012-09-30": 138.8, "2012-06-30": 55.2, "2012-03-31": "0.20000", "2011-12-31": -7.7, "2011-09-30": 179.5, "2011-06-30": 18.9, "2011-03-31": "1.30000", "2010-12-31": -39, "2010-09-30": 119, "2010-06-30": 81.5, "2010-03-31": "86.60000", "2009-12-31": -369, "2009-09-30": 54, "2009-06-30": 42.6, "2009-03-31": "85.20000", "2008-12-31": 159.3, "2008-09-30": 58.7, "2008-06-30": -155, "2008-03-31": "87.40000", "2007-12-31": 28.4, "2007-09-30": 35.1, "2007-06-30": 1615.3, "2007-03-31": "-59.10000", "2006-12-31": -373.2, "2006-09-30": 113.3, "2006-06-30": -127.5, "2006-03-31": "98.00000", "2005-12-31": 116.8, "2005-09-30": 31.1, "2005-06-30": 52.9, "2005-03-31": "50.80000"}, "Total Non-Cash Items": {"2020-12-31": 224.9, "2020-09-30": 352.6, "2020-06-30": 533.6, "2020-03-31": "635.70000", "2019-12-31": 310.8, "2019-09-30": 457.3, "2019-06-30": 500.1, "2019-03-31": "530.00000", "2018-12-31": 396, "2018-09-30": 389.5, "2018-06-30": 352.6, "2018-03-31": "377.00000", "2017-12-31": 992.7, "2017-09-30": -323.9, "2017-06-30": 349.4, "2017-03-31": "321.20000", "2016-12-31": 152, "2016-09-30": 191.8, "2016-06-30": 459, "2016-03-31": "403.30000", "2015-12-31": 294.7, "2015-09-30": 443.8, "2015-06-30": 441.9, "2015-03-31": "661.50000", "2014-12-31": 513.1, "2014-09-30": 622.7, "2014-06-30": 433.9, "2014-03-31": "466.40000", "2013-12-31": 388.9, "2013-09-30": 427.9, "2013-06-30": 405.7, "2013-03-31": "503.70000", "2012-12-31": 327.7, "2012-09-30": 510.7, "2012-06-30": 421.1, "2012-03-31": "364.90000", "2011-12-31": 359.8, "2011-09-30": 537.8, "2011-06-30": 369, "2011-03-31": "340.40000", "2010-12-31": 295.1, "2010-09-30": 431.6999, "2010-06-30": 393.0001, "2010-03-31": "404.50000", "2009-12-31": -51.3, "2009-09-30": 365.9, "2009-06-30": 347, "2009-03-31": "367.40000", "2008-12-31": 437.1, "2008-09-30": 369.7, "2008-06-30": 159.3, "2008-03-31": "392.10000", "2007-12-31": 330.9, "2007-09-30": 332.1, "2007-06-30": 1918.4, "2007-03-31": "252.40000", "2006-12-31": -57.7, "2006-09-30": 427.3, "2006-06-30": 187.5, "2006-03-31": "403.40000", "2005-12-31": 433.8, "2005-09-30": 340.6, "2005-06-30": 359.4, "2005-03-31": "367.30000"}, "Change In Accounts Receivable": {"2020-12-31": 0, "2020-09-30": 0, "2020-06-30": 0, "2020-03-31": "", "2019-12-31": 27, "2019-09-30": 0, "2019-06-30": 0, "2019-03-31": "", "2018-12-31": -479.4, "2018-09-30": 0, "2018-06-30": 0, "2018-03-31": "", "2017-12-31": -340.7, "2017-09-30": 0, "2017-06-30": 0, "2017-03-31": "", "2016-12-31": -159, "2016-09-30": 0, "2016-06-30": 0, "2016-03-31": "", "2015-12-31": -180.6, "2015-09-30": 0, "2015-06-30": 0, "2015-03-31": "", "2014-12-31": 27, "2014-09-30": 0, "2014-06-30": 0, "2014-03-31": "", "2013-12-31": 56.2, "2013-09-30": 0, "2013-06-30": 0, "2013-03-31": "", "2012-12-31": -29.4, "2012-09-30": 0, "2012-06-30": 0, "2012-03-31": "", "2011-12-31": -160.8, "2011-09-30": 0, "2011-06-30": 0, "2011-03-31": "", "2010-12-31": -50.1, "2010-09-30": 0, "2010-06-30": 0, "2010-03-31": "", "2009-12-31": -42, "2009-09-30": 0, "2009-06-30": 0, "2009-03-31": "", "2008-12-31": 16.1, "2008-09-30": 0, "2008-06-30": 0, "2008-03-31": "", "2007-12-31": -100.2, "2007-09-30": 0, "2007-06-30": 0, "2007-03-31": "", "2006-12-31": -90.8, "2006-09-30": 0, "2006-06-30": 0, "2006-03-31": "", "2005-12-31": -56.5, "2005-09-30": 0, "2005-06-30": 0, "2005-03-31": ""}, "Change In Inventories": {"2020-12-31": 0, "2020-09-30": 0, "2020-06-30": 0, "2020-03-31": "", "2019-12-31": 128.8, "2019-09-30": 0, "2019-06-30": 0, "2019-03-31": "", "2018-12-31": -1.9, "2018-09-30": 0, "2018-06-30": 0, "2018-03-31": "", "2017-12-31": -37.3, "2017-09-30": 0, "2017-06-30": 0, "2017-03-31": "", "2016-12-31": 28.1, "2016-09-30": 0, "2016-06-30": 0, "2016-03-31": "", "2015-12-31": 44.9, "2015-09-30": 0, "2015-06-30": 0, "2015-03-31": "", "2014-12-31": -4.9, "2014-09-30": 0, "2014-06-30": 0, "2014-03-31": "", "2013-12-31": -44.4, "2013-09-30": 0, "2013-06-30": 0, "2013-03-31": "", "2012-12-31": -27.2, "2012-09-30": 0, "2012-06-30": 0, "2012-03-31": "", "2011-12-31": -52.2, "2011-09-30": 0, "2011-06-30": 0, "2011-03-31": "", "2010-12-31": -50.8, "2010-09-30": 0, "2010-06-30": 0, "2010-03-31": "", "2009-12-31": 1, "2009-09-30": 0, "2009-06-30": 0, "2009-03-31": "", "2008-12-31": -11, "2008-09-30": 0, "2008-06-30": 0, "2008-03-31": "", "2007-12-31": -29.6, "2007-09-30": 0, "2007-06-30": 0, "2007-03-31": "", "2006-12-31": -1.6, "2006-09-30": 0, "2006-06-30": 0, "2006-03-31": "", "2005-12-31": -29.4, "2005-09-30": 0, "2005-06-30": 0, "2005-03-31": ""}, "Change In Accounts Payable": {"2020-12-31": 0, "2020-09-30": 0, "2020-06-30": 0, "2020-03-31": "", "2019-12-31": -26.8, "2019-09-30": 0, "2019-06-30": 0, "2019-03-31": "", "2018-12-31": 129.4, "2018-09-30": 0, "2018-06-30": 0, "2018-03-31": "", "2017-12-31": -59.7, "2017-09-30": 0, "2017-06-30": 0, "2017-03-31": "", "2016-12-31": 89.8, "2016-09-30": 0, "2016-06-30": 0, "2016-03-31": "", "2015-12-31": -15, "2015-09-30": 0, "2015-06-30": 0, "2015-03-31": "", "2014-12-31": -74.7, "2014-09-30": 0, "2014-06-30": 0, "2014-03-31": "", "2013-12-31": -60.7, "2013-09-30": 0, "2013-06-30": 0, "2013-03-31": "", "2012-12-31": 124.1, "2012-09-30": 0, "2012-06-30": 0, "2012-03-31": "", "2011-12-31": 35.8, "2011-09-30": 0, "2011-06-30": 0, "2011-03-31": "", "2010-12-31": -39.8, "2010-09-30": 0, "2010-06-30": 0, "2010-03-31": "", "2009-12-31": -2.2, "2009-09-30": 0, "2009-06-30": 0, "2009-03-31": "", "2008-12-31": -40.1, "2008-09-30": 0, "2008-06-30": 0, "2008-03-31": "", "2007-12-31": -36.7, "2007-09-30": 0, "2007-06-30": 0, "2007-03-31": "", "2006-12-31": 82.8, "2006-09-30": 0, "2006-06-30": 0, "2006-03-31": "", "2005-12-31": 35.8, "2005-09-30": 0, "2005-06-30": 0, "2005-03-31": ""}, "Change In Assets/Liabilities": {"2020-12-31": 390.7, "2020-09-30": 824.3, "2020-06-30": -1230.5, "2020-03-31": "-196.60000", "2019-12-31": -292.2, "2019-09-30": 221.5, "2019-06-30": -91.5, "2019-03-31": "162.20000", "2018-12-31": 173, "2018-09-30": 444.3, "2018-06-30": -510.1, "2018-03-31": "-107.20000", "2017-12-31": 398.4, "2017-09-30": 124.7, "2017-06-30": -531.1, "2017-03-31": "8.00000", "2016-12-31": -697.5, "2016-09-30": 783.9, "2016-06-30": -303.5, "2016-03-31": "217.10000", "2015-12-31": -290.1, "2015-09-30": 194.4, "2015-06-30": -130.8, "2015-03-31": "226.50000", "2014-12-31": -43.9, "2014-09-30": 141.8, "2014-06-30": -334, "2014-03-31": "236.10000", "2013-12-31": 279, "2013-09-30": 100.4, "2013-06-30": -292.4, "2013-03-31": "-87.00000", "2012-12-31": 249.4, "2012-09-30": 33.7, "2012-06-30": -285, "2012-03-31": "1.90000", "2011-12-31": 8.2, "2011-09-30": 124.5, "2011-06-30": -136.4, "2011-03-31": "3.70000", "2010-12-31": 317.4, "2010-09-30": 124.3, "2010-06-30": -370.1, "2010-03-31": "-71.60000", "2009-12-31": 41.5, "2009-09-30": 195.3, "2009-06-30": -20.6, "2009-03-31": "-216.20000", "2008-12-31": -197.9, "2008-09-30": 145.4, "2008-06-30": -87.8, "2008-03-31": "140.30000", "2007-12-31": 33.2, "2007-09-30": 177.6, "2007-06-30": -124.4, "2007-03-31": "-86.40000", "2006-12-31": 316, "2006-09-30": 240, "2006-06-30": -142.1, "2006-03-31": "-413.90000", "2005-12-31": -326.6, "2005-09-30": 387.3, "2005-06-30": 62.7, "2005-03-31": "-123.40000"}, "Total Change In Assets/Liabilities": {"2020-12-31": 390.7, "2020-09-30": 824.3, "2020-06-30": -1230.5, "2020-03-31": "-196.60000", "2019-12-31": 6.3, "2019-09-30": 221.5, "2019-06-30": -91.5, "2019-03-31": "162.20000", "2018-12-31": -299.7, "2018-09-30": 444.3, "2018-06-30": -510.1, "2018-03-31": "-107.20000", "2017-12-31": -582.1, "2017-09-30": 124.7, "2017-06-30": -531.1, "2017-03-31": "8.00000", "2016-12-31": -530.5, "2016-09-30": 783.9, "2016-06-30": -303.5, "2016-03-31": "217.10000", "2015-12-31": -122.2, "2015-09-30": 194.4, "2015-06-30": -130.8, "2015-03-31": "226.50000", "2014-12-31": -107.5, "2014-09-30": 141.8, "2014-06-30": -334, "2014-03-31": "236.10000", "2013-12-31": 87.6, "2013-09-30": 100.4, "2013-06-30": -292.4, "2013-03-31": "-87.00000", "2012-12-31": 126.3, "2012-09-30": 33.7, "2012-06-30": -285, "2012-03-31": "1.90000", "2011-12-31": 48.2, "2011-09-30": 124.5, "2011-06-30": -136.4, "2011-03-31": "3.70000", "2010-12-31": 188.4, "2010-09-30": 124.3, "2010-06-30": -370.1, "2010-03-31": "-71.60000", "2009-12-31": 212.5, "2009-09-30": 195.3, "2009-06-30": -20.6, "2009-03-31": "-216.20000", "2008-12-31": 47.9, "2008-09-30": 145.4, "2008-06-30": -87.8, "2008-03-31": "140.30000", "2007-12-31": -319.4, "2007-09-30": 177.6, "2007-06-30": -124.4, "2007-03-31": "-86.40000", "2006-12-31": 152.8, "2006-09-30": 240, "2006-06-30": -142.1, "2006-03-31": "-413.90000", "2005-12-31": 85.7, "2005-09-30": 387.3, "2005-06-30": 62.7, "2005-03-31": "-302.20000"}, "Cash Flow From Operating Activities": {"2020-12-31": 1992.8, "2020-09-30": 2939.5, "2020-06-30": -213.1, "2020-03-31": "1546.00000", "2019-12-31": 1889.3, "2019-09-30": 2286.7, "2019-06-30": 1925.5, "2019-03-31": "2020.60000", "2018-12-31": 1511.6, "2018-09-30": 2471.1, "2018-06-30": 1338.8, "2018-03-31": "1645.20000", "2017-12-31": 1109.3, "2017-09-30": 1684.5, "2017-06-30": 1213.4, "2017-03-31": "1544.00000", "2016-12-31": 814.9, "2016-09-30": 2251.1, "2016-06-30": 1248.4, "2016-03-31": "1745.20000", "2015-12-31": 1378.7, "2015-09-30": 1947.4, "2015-06-30": 1513.5, "2015-03-31": "1699.50000", "2014-12-31": 1503.1, "2014-09-30": 1832.9, "2014-06-30": 1487, "2014-03-31": "1907.30000", "2013-12-31": 1873.5, "2013-09-30": 2050.5, "2013-06-30": 1509.8, "2013-03-31": "1686.90000", "2012-12-31": 1850.1, "2012-09-30": 1999.4, "2012-06-30": 1483.1, "2012-03-31": "1633.50000", "2011-12-31": 1784.6, "2011-09-30": 2169.6, "2011-06-30": 1642.8, "2011-03-31": "1553.10000", "2010-12-31": 1725.8, "2010-09-30": 1944.4, "2010-06-30": 1248.7, "2010-03-31": "1422.70000", "2009-12-31": 1378, "2009-09-30": 1822.2, "2009-06-30": 1420.1, "2009-03-31": "1130.70000", "2008-12-31": 1470.3, "2008-09-30": 1706.4, "2008-06-30": 1262, "2008-03-31": "1478.50000", "2007-12-31": 1284.7, "2007-09-30": 1580.9, "2007-06-30": 1082.3, "2007-03-31": "928.40000", "2006-12-31": 1336.6, "2006-09-30": 1510.6, "2006-06-30": 879.5, "2006-03-31": "614.80000", "2005-12-31": 1128, "2005-09-30": 1463.3, "2005-06-30": 952.5, "2005-03-31": "793.00000"}, "Net Change In Property, Plant, And Equipment": {"2020-12-31": -480.9, "2020-09-30": -390, "2020-06-30": -303.2, "2020-03-31": "-466.70000", "2019-12-31": -693, "2019-09-30": -527.6, "2019-06-30": -528.9, "2019-03-31": "-493.00000", "2018-12-31": -849.2, "2018-09-30": -692.5, "2018-06-30": -558.5, "2018-03-31": "-481.10000", "2017-12-31": -626.9, "2017-09-30": -357.7, "2017-06-30": -339.9, "2017-03-31": "-362.40000", "2016-12-31": -643.8, "2016-09-30": -388.5, "2016-06-30": -327.2, "2016-03-31": "-378.70000", "2015-12-31": -379.6, "2015-09-30": -412.7, "2015-06-30": -415.9, "2015-03-31": "-392.60000", "2014-12-31": -679.3, "2014-09-30": -658.9, "2014-06-30": -589.6, "2014-03-31": "-568.80000", "2013-12-31": -904, "2013-09-30": -687.1, "2013-06-30": -599.4, "2013-03-31": "-634.20000", "2012-12-31": -995.6, "2012-09-30": -753.2, "2012-06-30": -712, "2012-03-31": "-588.40000", "2011-12-31": -938.4, "2011-09-30": -692.3, "2011-06-30": -590.4, "2011-03-31": "-508.70000", "2010-12-31": -816.1, "2010-09-30": -523.1, "2010-06-30": -394.5, "2010-03-31": "-401.80000", "2009-12-31": -633.2, "2009-09-30": -470.8, "2009-06-30": -434.4, "2009-03-31": "-413.70000", "2008-12-31": -713.7, "2008-09-30": -534.9, "2008-06-30": -482, "2008-03-31": "-405.10000", "2007-12-31": -724.5, "2007-09-30": -399.8, "2007-06-30": -413.4, "2007-03-31": "-408.90000", "2006-12-31": -655.1, "2006-09-30": -415.4, "2006-06-30": -382.2, "2006-03-31": "-289.20000", "2005-12-31": -631.9, "2005-09-30": -372.4, "2005-06-30": -360.1, "2005-03-31": "-242.40000"}, "Net Change In Intangible Assets": {"2020-12-31": 0, "2020-09-30": 0, "2020-06-30": 0, "2020-03-31": "", "2019-12-31": 0, "2019-09-30": 0, "2019-06-30": 0, "2019-03-31": "", "2018-12-31": 0, "2018-09-30": 0, "2018-06-30": 0, "2018-03-31": "", "2017-12-31": 0, "2017-09-30": 0, "2017-06-30": 0, "2017-03-31": "", "2016-12-31": 0, "2016-09-30": 0, "2016-06-30": 0, "2016-03-31": "", "2015-12-31": 0, "2015-09-30": 0, "2015-06-30": 0, "2015-03-31": "", "2014-12-31": 0, "2014-09-30": 0, "2014-06-30": 0, "2014-03-31": "", "2013-12-31": 0, "2013-09-30": 0, "2013-06-30": 0, "2013-03-31": "", "2012-12-31": 0, "2012-09-30": 0, "2012-06-30": 0, "2012-03-31": "", "2011-12-31": 0, "2011-09-30": 0, "2011-06-30": 0, "2011-03-31": "", "2010-12-31": 0, "2010-09-30": 0, "2010-06-30": 0, "2010-03-31": "", "2009-12-31": 0, "2009-09-30": 0, "2009-06-30": 0, "2009-03-31": "", "2008-12-31": 0, "2008-09-30": 0, "2008-06-30": 0, "2008-03-31": "", "2007-12-31": 0, "2007-09-30": 0, "2007-06-30": 0, "2007-03-31": "", "2006-12-31": 0, "2006-09-30": 0, "2006-06-30": 0, "2006-03-31": "", "2005-12-31": 0, "2005-09-30": 0, "2005-06-30": 0, "2005-03-31": ""}, "Net Acquisitions/Divestitures": {"2020-12-31": 52.1, "2020-09-30": 1.3, "2020-06-30": -21.9, "2020-03-31": "6.10000", "2019-12-31": -15.2, "2019-09-30": 8.4, "2019-06-30": -316.2, "2019-03-31": "122.90000", "2018-12-31": 65.2, "2018-09-30": 69.3, "2018-06-30": 131.6, "2018-03-31": "163.00000", "2017-12-31": 84.9, "2017-09-30": 1578.1, "2017-06-30": 289.1, "2017-03-31": "542.70000", "2016-12-31": 500, "2016-09-30": 87.1, "2016-06-30": 144.4, "2016-03-31": "134.60000", "2015-12-31": 63.7, "2015-09-30": 38.2, "2015-06-30": 51, "2015-03-31": "47.60000", "2014-12-31": 2.8, "2014-09-30": 71.9, "2014-06-30": 79.2, "2014-03-31": "78.70000", "2013-12-31": 132.4, "2013-09-30": 77.1, "2013-06-30": 4.1, "2013-03-31": "45.50000", "2012-12-31": 125.5, "2012-09-30": 47.8, "2012-06-30": 53.2, "2012-03-31": "9.70000", "2011-12-31": 72.2, "2011-09-30": 54.1, "2011-06-30": 207.5, "2011-03-31": "-8.80000", "2010-12-31": 37.5, "2010-09-30": 86.3, "2010-06-30": 35.9, "2010-03-31": "34.80000", "2009-12-31": 139.9, "2009-09-30": 42.1, "2009-06-30": 24.2, "2009-03-31": "54.10000", "2008-12-31": 105.4, "2008-09-30": 45, "2008-06-30": 109, "2008-03-31": "72.40000", "2007-12-31": 122.4, "2007-09-30": 206.2, "2007-06-30": -0.5, "2007-03-31": "1.90000", "2006-12-31": 95.3, "2006-09-30": -30.6, "2006-06-30": 265.2, "2006-03-31": "28.20000", "2005-12-31": -14.7, "2005-09-30": -81.5, "2005-06-30": 20.6, "2005-03-31": "-8.80000"}, "Net Change In Short-term Investments": {"2020-12-31": 0, "2020-09-30": 0, "2020-06-30": 0, "2020-03-31": "", "2019-12-31": 0, "2019-09-30": 0, "2019-06-30": 0, "2019-03-31": "", "2018-12-31": 0, "2018-09-30": 0, "2018-06-30": 0, "2018-03-31": "", "2017-12-31": 0, "2017-09-30": 0, "2017-06-30": 0, "2017-03-31": "", "2016-12-31": 0, "2016-09-30": 0, "2016-06-30": 0, "2016-03-31": "", "2015-12-31": 0, "2015-09-30": 0, "2015-06-30": 0, "2015-03-31": "", "2014-12-31": 0, "2014-09-30": 0, "2014-06-30": 0, "2014-03-31": "", "2013-12-31": 0, "2013-09-30": 0, "2013-06-30": 0, "2013-03-31": "", "2012-12-31": 0, "2012-09-30": 0, "2012-06-30": 0, "2012-03-31": "", "2011-12-31": 0, "2011-09-30": 0, "2011-06-30": 0, "2011-03-31": "", "2010-12-31": 0, "2010-09-30": 0, "2010-06-30": 0, "2010-03-31": "", "2009-12-31": 0, "2009-09-30": 0, "2009-06-30": 0, "2009-03-31": "", "2008-12-31": 0, "2008-09-30": 0, "2008-06-30": 0, "2008-03-31": "", "2007-12-31": 0, "2007-09-30": 0, "2007-06-30": 0, "2007-03-31": "", "2006-12-31": 0, "2006-09-30": 0, "2006-06-30": 0, "2006-03-31": "", "2005-12-31": 0, "2005-09-30": 0, "2005-06-30": 0, "2005-03-31": ""}, "Net Change In Long-Term Investments": {"2020-12-31": 0, "2020-09-30": 0, "2020-06-30": 0, "2020-03-31": "", "2019-12-31": 0, "2019-09-30": 0, "2019-06-30": 0, "2019-03-31": "", "2018-12-31": 0, "2018-09-30": 0, "2018-06-30": 0, "2018-03-31": "", "2017-12-31": 0, "2017-09-30": 0, "2017-06-30": 0, "2017-03-31": "", "2016-12-31": 0, "2016-09-30": 0, "2016-06-30": 0, "2016-03-31": "", "2015-12-31": 0, "2015-09-30": 0, "2015-06-30": 0, "2015-03-31": "", "2014-12-31": 0, "2014-09-30": 0, "2014-06-30": 0, "2014-03-31": "", "2013-12-31": 0, "2013-09-30": 0, "2013-06-30": 0, "2013-03-31": "", "2012-12-31": 0, "2012-09-30": 0, "2012-06-30": 0, "2012-03-31": "", "2011-12-31": 0, "2011-09-30": 0, "2011-06-30": 0, "2011-03-31": "", "2010-12-31": 0, "2010-09-30": 0, "2010-06-30": 0, "2010-03-31": "", "2009-12-31": 0, "2009-09-30": 9.8, "2009-06-30": 125.3, "2009-03-31": "9.80000", "2008-12-31": 0, "2008-09-30": 0, "2008-06-30": 229.4, "2008-03-31": "", "2007-12-31": 0, "2007-09-30": 0, "2007-06-30": 0, "2007-03-31": "", "2006-12-31": 0, "2006-09-30": 0, "2006-06-30": 0, "2006-03-31": "", "2005-12-31": 0, "2005-09-30": 0, "2005-06-30": 0, "2005-03-31": ""}, "Net Change In Investments - Total": {"2020-12-31": 0, "2020-09-30": 0, "2020-06-30": 0, "2020-03-31": "", "2019-12-31": 0, "2019-09-30": 0, "2019-06-30": 0, "2019-03-31": "", "2018-12-31": 0, "2018-09-30": 0, "2018-06-30": 0, "2018-03-31": "", "2017-12-31": 0, "2017-09-30": 0, "2017-06-30": 0, "2017-03-31": "", "2016-12-31": 0, "2016-09-30": 0, "2016-06-30": 0, "2016-03-31": "", "2015-12-31": 0, "2015-09-30": 0, "2015-06-30": 0, "2015-03-31": "", "2014-12-31": 0, "2014-09-30": 0, "2014-06-30": 0, "2014-03-31": "", "2013-12-31": 0, "2013-09-30": 0, "2013-06-30": 0, "2013-03-31": "", "2012-12-31": 0, "2012-09-30": 0, "2012-06-30": 0, "2012-03-31": "", "2011-12-31": 0, "2011-09-30": 0, "2011-06-30": 0, "2011-03-31": "", "2010-12-31": 0, "2010-09-30": 0, "2010-06-30": 0, "2010-03-31": "", "2009-12-31": 0, "2009-09-30": 9.8, "2009-06-30": 125.3, "2009-03-31": "9.80000", "2008-12-31": 0, "2008-09-30": 0, "2008-06-30": 229.4, "2008-03-31": "", "2007-12-31": 0, "2007-09-30": 0, "2007-06-30": 0, "2007-03-31": "", "2006-12-31": 0, "2006-09-30": 0, "2006-06-30": 0, "2006-03-31": "", "2005-12-31": 0, "2005-09-30": 0, "2005-06-30": 0, "2005-03-31": ""}, "Investing Activities - Other": {"2020-12-31": 65.9, "2020-09-30": 120.8, "2020-06-30": -71.5, "2020-03-31": "-57.80000", "2019-12-31": -98.8, "2019-09-30": -73.6, "2019-06-30": -54.9, "2019-03-31": "-401.20000", "2018-12-31": -99.9, "2018-09-30": -98.1, "2018-06-30": -63.9, "2018-03-31": "-41.00000", "2017-12-31": -62, "2017-09-30": -45.7, "2017-06-30": -96, "2017-03-31": "-42.20000", "2016-12-31": -27.1, "2016-09-30": -49.7, "2016-06-30": -20.9, "2016-03-31": "-11.80000", "2015-12-31": 10.1, "2015-09-30": -44, "2015-06-30": 18.4, "2015-03-31": "-4.20000", "2014-12-31": 377.5, "2014-09-30": -195.6, "2014-06-30": -104.7, "2014-03-31": "-118.10000", "2013-12-31": -236, "2013-09-30": 24.4, "2013-06-30": 39.2, "2013-03-31": "64.20000", "2012-12-31": -290.5, "2012-09-30": -18.3, "2012-06-30": -26.8, "2012-03-31": "-18.70000", "2011-12-31": -32.6, "2011-09-30": -61.6, "2011-06-30": -70.2, "2011-03-31": "-1.70000", "2010-12-31": -50.3, "2010-09-30": -9.2, "2010-06-30": -32.1, "2010-03-31": "-23.40000", "2009-12-31": -49.2, "2009-09-30": -22.4, "2009-06-30": -18, "2009-03-31": "-18.80000", "2008-12-31": -27.4, "2008-09-30": -7.2, "2008-06-30": -30.8, "2008-03-31": "15.20000", "2007-12-31": -156.7, "2007-09-30": 653.3, "2007-06-30": -31.6, "2007-03-31": "1.50000", "2006-12-31": 35.8, "2006-09-30": 3.9, "2006-06-30": 12.7, "2006-03-31": "57.30000", "2005-12-31": -40.3, "2005-09-30": -28, "2005-06-30": -24.3, "2005-03-31": "-34.00000"}, "Cash Flow From Investing Activities": {"2020-12-31": -362.9, "2020-09-30": -267.9, "2020-06-30": -396.6, "2020-03-31": "-518.40000", "2019-12-31": -807, "2019-09-30": -592.8, "2019-06-30": -900, "2019-03-31": "-771.30000", "2018-12-31": -883.9, "2018-09-30": -721.3, "2018-06-30": -490.8, "2018-03-31": "-359.10000", "2017-12-31": -604, "2017-09-30": 1174.7, "2017-06-30": -146.8, "2017-03-31": "138.10000", "2016-12-31": -170.9, "2016-09-30": -351.1, "2016-06-30": -203.7, "2016-03-31": "-255.90000", "2015-12-31": -305.8, "2015-09-30": -418.5, "2015-06-30": -346.5, "2015-03-31": "-349.20000", "2014-12-31": -299, "2014-09-30": -782.6, "2014-06-30": -615.1, "2014-03-31": "-608.20000", "2013-12-31": -1007.6, "2013-09-30": -585.6, "2013-06-30": -556.1, "2013-03-31": "-524.50000", "2012-12-31": -1160.6, "2012-09-30": -723.7, "2012-06-30": -685.6, "2012-03-31": "-597.40000", "2011-12-31": -898.8, "2011-09-30": -699.8, "2011-06-30": -453.1, "2011-03-31": "-519.20000", "2010-12-31": -828.9, "2010-09-30": -446, "2010-06-30": -390.7, "2010-03-31": "-390.40000", "2009-12-31": -542.5, "2009-09-30": -441.3, "2009-06-30": -302.9, "2009-03-31": "-368.60000", "2008-12-31": -635.7, "2008-09-30": -497.1, "2008-06-30": -174.4, "2008-03-31": "-317.50000", "2007-12-31": -758.8, "2007-09-30": 459.7, "2007-06-30": -445.5, "2007-03-31": "-405.50000", "2006-12-31": -524, "2006-09-30": -442.1, "2006-06-30": -104.3, "2006-03-31": "-203.70000", "2005-12-31": -686.9, "2005-09-30": -481.9, "2005-06-30": -363.8, "2005-03-31": "-285.20000"}, "Net Long-Term Debt": {"2020-12-31": -4128.9, "2020-09-30": -448.7, "2020-06-30": -699.1, "2020-03-31": "5276.70000", "2019-12-31": 6.4, "2019-09-30": 1307.1, "2019-06-30": -974.7, "2019-03-31": "2098.30000", "2018-12-31": -752.5, "2018-09-30": 1790, "2018-06-30": 499.3, "2018-03-31": "498.10000", "2017-12-31": 954.7, "2017-09-30": -3.2, "2017-06-30": 535.7, "2017-03-31": "1590.90000", "2016-12-31": 403.5, "2016-09-30": -5.1, "2016-06-30": 2771, "2016-03-31": "-212.80000", "2015-12-31": 5989.2, "2015-09-30": -4.8, "2015-06-30": 3725.9, "2015-03-31": "-544.80000", "2014-12-31": 3.2, "2014-09-30": -6, "2014-06-30": 995.3, "2014-03-31": "", "2013-12-31": 721.7999, "2013-09-30": 0, "2013-06-30": 0, "2013-03-31": "", "2012-12-31": 1322.1, "2012-09-30": 0, "2012-06-30": 0, "2012-03-31": "", "2011-12-31": 743.3, "2011-09-30": 0, "2011-06-30": 0, "2011-03-31": "", "2010-12-31": 784.3, "2010-09-30": 0, "2010-06-30": 0, "2010-03-31": "", "2009-12-31": 504.7001, "2009-09-30": 0, "2009-06-30": 0, "2009-03-31": "", "2008-12-31": 779, "2008-09-30": 0, "2008-06-30": 0, "2008-03-31": "", "2007-12-31": 471.3, "2007-09-30": 0, "2007-06-30": 0, "2007-03-31": "", "2006-12-31": -2299.2, "2006-09-30": 0, "2006-06-30": 0, "2006-03-31": "", "2005-12-31": 1589.6, "2005-09-30": 0, "2005-06-30": 0, "2005-03-31": ""}, "Net Current Debt": {"2020-12-31": 3123.9, "2020-09-30": -993.4, "2020-06-30": -4.1, "2020-03-31": "111.80000", "2019-12-31": 904.8, "2019-09-30": -600.7, "2019-06-30": 589.1, "2019-03-31": "-94.00000", "2018-12-31": 101.6, "2018-09-30": -801.4, "2018-06-30": 239.7, "2018-03-31": "556.00000", "2017-12-31": -216, "2017-09-30": -55.8, "2017-06-30": -9.3, "2017-03-31": "-769.20000", "2016-12-31": 456.7, "2016-09-30": -80, "2016-06-30": 146.7, "2016-03-31": "-809.60000", "2015-12-31": 458.3, "2015-09-30": 170.2, "2015-06-30": -293.8, "2015-03-31": "255.00000", "2014-12-31": 120.4, "2014-09-30": 153.6, "2014-06-30": 471.5, "2014-03-31": "-235.10000", "2013-12-31": -95.4, "2013-09-30": -67.8, "2013-06-30": 599.1, "2013-03-31": "-622.40000", "2012-12-31": -908.6, "2012-09-30": -379.3, "2012-06-30": 903.2, "2012-03-31": "267.20000", "2011-12-31": -674.9, "2011-09-30": 420.2, "2011-06-30": 86, "2011-03-31": "429.30000", "2010-12-31": -749, "2010-09-30": 478.9, "2010-06-30": 224, "2010-03-31": "49.20000", "2009-12-31": -930.4, "2009-09-30": -99, "2009-06-30": 276.9, "2009-03-31": "467.10000", "2008-12-31": -470.9, "2008-09-30": -782.3, "2008-06-30": -575.6, "2008-03-31": "2095.50000", "2007-12-31": 1052.9, "2007-09-30": -654.9, "2007-06-30": -626.9, "2007-03-31": "330.20000", "2006-12-31": 1372.4, "2006-09-30": -312.8, "2006-06-30": -701.4, "2006-03-31": "-323.70000", "2005-12-31": 629.7, "2005-09-30": -406.8, "2005-06-30": 158, "2005-03-31": "-358.20000"}, "Debt Issuance/Retirement Net - Total": {"2020-12-31": -1005, "2020-09-30": -1442.1, "2020-06-30": -703.2, "2020-03-31": "5388.50000", "2019-12-31": 911.2, "2019-09-30": 706.4, "2019-06-30": -385.6, "2019-03-31": "2004.30000", "2018-12-31": -650.9, "2018-09-30": 988.6, "2018-06-30": 739, "2018-03-31": "1054.10000", "2017-12-31": 738.7, "2017-09-30": -59, "2017-06-30": 526.4, "2017-03-31": "821.70000", "2016-12-31": 860.2, "2016-09-30": -85.1, "2016-06-30": 2917.7, "2016-03-31": "-1022.40000", "2015-12-31": 6447.5, "2015-09-30": 165.4, "2015-06-30": 3432.1, "2015-03-31": "-289.80000", "2014-12-31": 123.6, "2014-09-30": 147.6, "2014-06-30": 1466.8, "2014-03-31": "-235.10000", "2013-12-31": 626.3999, "2013-09-30": -67.8, "2013-06-30": 599.1, "2013-03-31": "-622.40000", "2012-12-31": 413.5, "2012-09-30": -379.3, "2012-06-30": 903.2, "2012-03-31": "267.20000", "2011-12-31": 68.4, "2011-09-30": 420.2, "2011-06-30": 86, "2011-03-31": "429.30000", "2010-12-31": 35.3, "2010-09-30": 478.9, "2010-06-30": 224, "2010-03-31": "49.20000", "2009-12-31": -425.6999, "2009-09-30": -99, "2009-06-30": 276.9, "2009-03-31": "467.10000", "2008-12-31": 308.1, "2008-09-30": -782.3, "2008-06-30": -575.6, "2008-03-31": "2095.50000", "2007-12-31": 1524.2, "2007-09-30": -654.9, "2007-06-30": -626.9, "2007-03-31": "330.20000", "2006-12-31": -926.8, "2006-09-30": -312.8, "2006-06-30": -701.4, "2006-03-31": "-323.70000", "2005-12-31": 2219.3, "2005-09-30": -406.8, "2005-06-30": 158, "2005-03-31": "-358.20000"}, "Net Common Equity Issued/Repurchased": {"2020-12-31": -91, "2020-09-30": 104.6, "2020-06-30": 55.4, "2020-03-31": "-803.30000", "2019-12-31": -1417.8, "2019-09-30": -1394.4, "2019-06-30": -928, "2019-03-31": "-885.50000", "2018-12-31": -759.9, "2018-09-30": -971.5, "2018-06-30": -1515.5, "2018-03-31": "-1557.60000", "2017-12-31": -664.6, "2017-09-30": -1999.2, "2017-06-30": -933.3, "2017-03-31": "-631.80000", "2016-12-31": -1459.3, "2016-09-30": -1933.7, "2016-06-30": -3298.2, "2016-03-31": "-4180.40000", "2015-12-31": -1398.8, "2015-09-30": -2356.6, "2015-06-30": -1518.8, "2015-03-31": "-507.80000", "2014-12-31": -1077.1, "2014-09-30": -904.8, "2014-06-30": -628.2, "2014-03-31": "-353.10000", "2013-12-31": -475, "2013-09-30": -475.9, "2013-06-30": -367.1, "2013-03-31": "-226.50000", "2012-12-31": -285.3, "2012-09-30": -567.7, "2012-06-30": -705.3, "2012-03-31": "-728.20000", "2011-12-31": -301.1, "2011-09-30": -795.3, "2011-06-30": -623.8, "2011-03-31": "-1308.90000", "2010-12-31": -441.9, "2010-09-30": -691, "2010-06-30": -786, "2010-03-31": "-316.50000", "2009-12-31": -249.2, "2009-09-30": -728.2, "2009-06-30": -712.9, "2009-03-31": "-775.00000", "2008-12-31": -3.1, "2008-09-30": -816.3, "2008-06-30": -649, "2008-03-31": "-1902.70000", "2007-12-31": -1226.3, "2007-09-30": -620.3, "2007-06-30": -360.8, "2007-03-31": "-598.00000", "2006-12-31": -753.5, "2006-09-30": 224.6, "2006-06-30": -723, "2006-03-31": "-731.80000", "2005-12-31": 112.7, "2005-09-30": 163, "2005-06-30": -524.6, "2005-03-31": "-185.00000"}, "Net Total Equity Issued/Repurchased": {"2020-12-31": -91, "2020-09-30": 104.6, "2020-06-30": 55.4, "2020-03-31": "-803.30000", "2019-12-31": -1417.8, "2019-09-30": -1394.4, "2019-06-30": -928, "2019-03-31": "-885.50000", "2018-12-31": -759.9, "2018-09-30": -971.5, "2018-06-30": -1515.5, "2018-03-31": "-1557.60000", "2017-12-31": -664.6, "2017-09-30": -1999.2, "2017-06-30": -933.3, "2017-03-31": "-631.80000", "2016-12-31": -1459.3, "2016-09-30": -1933.7, "2016-06-30": -3298.2, "2016-03-31": "-4180.40000", "2015-12-31": -1398.8, "2015-09-30": -2356.6, "2015-06-30": -1518.8, "2015-03-31": "-507.80000", "2014-12-31": -1077.1, "2014-09-30": -904.8, "2014-06-30": -628.2, "2014-03-31": "-353.10000", "2013-12-31": -475, "2013-09-30": -475.9, "2013-06-30": -367.1, "2013-03-31": "-226.50000", "2012-12-31": -285.3, "2012-09-30": -567.7, "2012-06-30": -705.3, "2012-03-31": "-728.20000", "2011-12-31": -301.1, "2011-09-30": -795.3, "2011-06-30": -623.8, "2011-03-31": "-1308.90000", "2010-12-31": -441.9, "2010-09-30": -691, "2010-06-30": -786, "2010-03-31": "-316.50000", "2009-12-31": -249.2, "2009-09-30": -728.2, "2009-06-30": -712.9, "2009-03-31": "-775.00000", "2008-12-31": -3.1, "2008-09-30": -816.3, "2008-06-30": -649, "2008-03-31": "-1902.70000", "2007-12-31": -1226.3, "2007-09-30": -620.3, "2007-06-30": -360.8, "2007-03-31": "-598.00000", "2006-12-31": -753.5, "2006-09-30": 224.6, "2006-06-30": -723, "2006-03-31": "-731.80000", "2005-12-31": 112.7, "2005-09-30": 163, "2005-06-30": -524.6, "2005-03-31": "-185.00000"}, "Total Common And Preferred Stock Dividends Paid": {"2020-12-31": -961.6, "2020-09-30": -930.9, "2020-06-30": -929.7, "2020-03-31": "-930.70000", "2019-12-31": -935.2, "2019-09-30": -876.9, "2019-06-30": -883, "2019-03-31": "-886.80000", "2018-12-31": -892.5, "2018-09-30": -779.8, "2018-06-30": -786.1, "2018-03-31": "-797.50000", "2017-12-31": -801.8, "2017-09-30": -755.3, "2017-06-30": -761.5, "2017-03-31": "-770.60000", "2016-12-31": -773, "2016-09-30": -745.1, "2016-06-30": -759.3, "2016-03-31": "-780.80000", "2015-12-31": -813.9, "2015-09-30": -789.1, "2015-06-30": -811, "2015-03-31": "-816.30000", "2014-12-31": -820.8, "2014-09-30": -793, "2014-06-30": -800.6, "2014-03-31": "-801.70000", "2013-12-31": -803.8, "2013-09-30": -767.5, "2013-06-30": -771.1, "2013-03-31": "-772.20000", "2012-12-31": -771.2, "2012-09-30": -703.8, "2012-06-30": -709.3, "2012-03-31": "-712.30000", "2011-12-31": -715.4, "2011-09-30": -627.2, "2011-06-30": -632, "2011-03-31": "-635.10000", "2010-12-31": -643.5, "2010-09-30": -583.5, "2010-06-30": -589.1, "2010-03-31": "-592.00000", "2009-12-31": -593.1, "2009-09-30": -541.2, "2009-06-30": -547.8, "2009-03-31": "-553.40000", "2008-12-31": -557.7, "2008-09-30": -417.7, "2008-06-30": -421.6, "2008-03-31": "-426.40000", "2007-12-31": -1765.6, "2007-09-30": 0, "2007-06-30": 0, "2007-03-31": "", "2006-12-31": -1216.5, "2006-09-30": 0, "2006-06-30": 0, "2006-03-31": "", "2005-12-31": -842, "2005-09-30": 0, "2005-06-30": 0, "2005-03-31": ""}, "Financial Activities - Other": {"2020-12-31": 122, "2020-09-30": -0.1, "2020-06-30": -0.4, "2020-03-31": "-121.50000", "2019-12-31": 0, "2019-09-30": -12.7, "2019-06-30": 0.5, "2019-03-31": "-11.30000", "2018-12-31": -7.9, "2018-09-30": -5.3, "2018-06-30": -1.6, "2018-03-31": "-5.20000", "2017-12-31": -19.4, "2017-09-30": 3.5, "2017-06-30": 1.9, "2017-03-31": "-6.50000", "2016-12-31": 0.9, "2016-09-30": -11.8, "2016-06-30": 3, "2016-03-31": "4.90000", "2015-12-31": -15.2, "2015-09-30": 1.7, "2015-06-30": -14.7, "2015-03-31": "20.60000", "2014-12-31": 2.5, "2014-09-30": 7.8, "2014-06-30": 13, "2014-03-31": "34.80000", "2013-12-31": 4.9, "2013-09-30": 9.6, "2013-06-30": 14.1, "2013-03-31": "52.20000", "2012-12-31": 36.4, "2012-09-30": 32.7, "2012-06-30": 17.7, "2012-03-31": "41.90000", "2011-12-31": 31.1, "2011-09-30": 24, "2011-06-30": 44.4, "2011-03-31": "2.40000", "2010-12-31": 40, "2010-09-30": 7.7, "2010-06-30": 28.8, "2010-03-31": "50.90000", "2009-12-31": 60.7, "2009-09-30": -19.7, "2009-06-30": -22.1, "2009-03-31": "41.60000", "2008-12-31": 60.5, "2008-09-30": 48.1, "2008-06-30": -26.5, "2008-03-31": "-47.80000", "2007-12-31": -82.3, "2007-09-30": 25.3, "2007-06-30": 28.7, "2007-03-31": "30.40000", "2006-12-31": 23.4, "2006-09-30": -6.8, "2006-06-30": -20.2, "2006-03-31": "8.60000", "2005-12-31": 112.4, "2005-09-30": -1.1, "2005-06-30": -18, "2005-03-31": "12.10000"}, "Cash Flow From Financial Activities": {"2020-12-31": -1935.6, "2020-09-30": -2268.5, "2020-06-30": -1577.9, "2020-03-31": "3533.00000", "2019-12-31": -1441.8, "2019-09-30": -1577.6, "2019-06-30": -2196.1, "2019-03-31": "220.70000", "2018-12-31": -2311.2, "2018-09-30": -768, "2018-06-30": -1564.2, "2018-03-31": "-1306.20000", "2017-12-31": -747.1, "2017-09-30": -2810, "2017-06-30": -1166.5, "2017-03-31": "-587.20000", "2016-12-31": -1371.2, "2016-09-30": -2775.7, "2016-06-30": -1136.8, "2016-03-31": "-5978.70000", "2015-12-31": 4219.6, "2015-09-30": -2978.6, "2015-06-30": 1087.6, "2015-03-31": "-1593.30000", "2014-12-31": -1771.8, "2014-09-30": -1542.4, "2014-06-30": 51, "2014-03-31": "-1355.10000", "2013-12-31": -647.5, "2013-09-30": -1301.6, "2013-06-30": -525, "2013-03-31": "-1568.90000", "2012-12-31": -606.6, "2012-09-30": -1618.1, "2012-06-30": -493.7, "2012-03-31": "-1131.40000", "2011-12-31": -917, "2011-09-30": -978.3, "2011-06-30": -1125.4, "2011-03-31": "-1512.30000", "2010-12-31": -1010.1, "2010-09-30": -787.9, "2010-06-30": -1122.3, "2010-03-31": "-808.40000", "2009-12-31": -1207.3, "2009-09-30": -1388.1, "2009-06-30": -1005.9, "2009-03-31": "-819.70000", "2008-12-31": -192.2, "2008-09-30": -1968.2, "2008-06-30": -1672.7, "2008-03-31": "-281.40000", "2007-12-31": -1550, "2007-09-30": -1249.9, "2007-06-30": -959, "2007-03-31": "-237.40000", "2006-12-31": -2873.4, "2006-09-30": -95, "2006-06-30": -1444.6, "2006-03-31": "-1046.90000", "2005-12-31": 1602.4, "2005-09-30": -244.9, "2005-06-30": -384.6, "2005-03-31": "-531.10000"}, "Net Cash Flow": {"2020-12-31": -234.7, "2020-09-30": 428.1, "2020-06-30": -2124.1, "2020-03-31": "4481.30000", "2019-12-31": -278.8, "2019-09-30": 42.8, "2019-06-30": -1154.6, "2019-03-31": "1423.10000", "2018-12-31": -1708.5, "2018-09-30": 951, "2018-06-30": -844.5, "2018-03-31": "4.20000", "2017-12-31": -207.4, "2017-09-30": 278.8, "2017-06-30": -19.8, "2017-03-31": "1188.80000", "2016-12-31": -1043.3, "2016-09-30": -861.3, "2016-06-30": -182.1, "2016-03-31": "-4375.40000", "2015-12-31": 5233, "2015-09-30": -1546, "2015-06-30": 2363.7, "2015-03-31": "-443.10000", "2014-12-31": -747.9, "2014-09-30": -844.8, "2014-06-30": 926.8, "2014-03-31": "-54.90000", "2013-12-31": 254.4, "2013-09-30": 265.9, "2013-06-30": 409.1, "2013-03-31": "-466.80000", "2012-12-31": 157.6, "2012-09-30": -306.1, "2012-06-30": 195.5, "2012-03-31": "-46.60000", "2011-12-31": -53.1, "2011-09-30": 318.8, "2011-06-30": 130.1, "2011-03-31": "-447.10000", "2010-12-31": -108, "2010-09-30": 829.5, "2010-06-30": -341.8, "2010-03-31": "211.30000", "2009-12-31": -405, "2009-09-30": 40.4, "2009-06-30": 181.9, "2009-03-31": "-84.70000", "2008-12-31": 576.2, "2008-09-30": -855.3, "2008-06-30": -579.7, "2008-03-31": "940.90000", "2007-12-31": -1011.2, "2007-09-30": 859.6, "2007-06-30": -295.7, "2007-03-31": "300.50000", "2006-12-31": -1986.9, "2006-09-30": 974.3, "2006-06-30": -521.3, "2006-03-31": "-591.00000", "2005-12-31": 1963.3, "2005-09-30": 736.5, "2005-06-30": 204.1, "2005-03-31": "-23.30000"}, "Stock-Based Compensation": {"2020-12-31": -64, "2020-09-30": 7.3, "2020-06-30": 30.8, "2020-03-31": "25.90000", "2019-12-31": 19.5, "2019-09-30": 29.6, "2019-06-30": 28.9, "2019-03-31": "31.60000", "2018-12-31": 25.4, "2018-09-30": 36, "2018-06-30": 23.9, "2018-03-31": "39.80000", "2017-12-31": 34, "2017-09-30": 39.5, "2017-06-30": 21.3, "2017-03-31": "22.70000", "2016-12-31": 29.2, "2016-09-30": 34.3, "2016-06-30": 27.3, "2016-03-31": "40.50000", "2015-12-31": 33.3, "2015-09-30": 29, "2015-06-30": 27.7, "2015-03-31": "20.00000", "2014-12-31": 37.7, "2014-09-30": 23.3, "2014-06-30": 26.5, "2014-03-31": "25.30000", "2013-12-31": 20.2, "2013-09-30": 22.7, "2013-06-30": 23.4, "2013-03-31": "22.80000", "2012-12-31": 23.2, "2012-09-30": 22.5, "2012-06-30": 21.2, "2012-03-31": "26.50000", "2011-12-31": 20.9, "2011-09-30": 21.2, "2011-06-30": 20.1, "2011-03-31": "24.00000", "2010-12-31": 18.4, "2010-09-30": 20, "2010-06-30": 18.8, "2010-03-31": "25.90000", "2009-12-31": 27, "2009-09-30": 25.9, "2009-06-30": 29.6, "2009-03-31": "30.40000", "2008-12-31": 25.3, "2008-09-30": 26.4, "2008-06-30": 25.7, "2008-03-31": "35.10000", "2007-12-31": 34.8, "2007-09-30": 35.5, "2007-06-30": 35.1, "2007-03-31": "37.00000", "2006-12-31": 29.7, "2006-09-30": 26.4, "2006-06-30": 27.5, "2006-03-31": "38.90000", "2005-12-31": 33, "2005-09-30": 35.1, "2005-06-30": 35.8, "2005-03-31": "48.10000"}, "Common Stock Dividends Paid": {"2020-12-31": -961.6, "2020-09-30": -930.9, "2020-06-30": -929.7, "2020-03-31": "-930.70000", "2019-12-31": -935.2, "2019-09-30": -876.9, "2019-06-30": -883, "2019-03-31": "-886.80000", "2018-12-31": -892.5, "2018-09-30": -779.8, "2018-06-30": -786.1, "2018-03-31": "-797.50000", "2017-12-31": -801.8, "2017-09-30": -755.3, "2017-06-30": -761.5, "2017-03-31": "-770.60000", "2016-12-31": -773, "2016-09-30": -745.1, "2016-06-30": -759.3, "2016-03-31": "-780.80000", "2015-12-31": -813.9, "2015-09-30": -789.1, "2015-06-30": -811, "2015-03-31": "-816.30000", "2014-12-31": -820.8, "2014-09-30": -793, "2014-06-30": -800.6, "2014-03-31": "-801.70000", "2013-12-31": -803.8, "2013-09-30": -767.5, "2013-06-30": -771.1, "2013-03-31": "-772.20000", "2012-12-31": -771.2, "2012-09-30": -703.8, "2012-06-30": -709.3, "2012-03-31": "-712.30000", "2011-12-31": -715.4, "2011-09-30": -627.2, "2011-06-30": -632, "2011-03-31": "-635.10000", "2010-12-31": -643.5, "2010-09-30": -583.5, "2010-06-30": -589.1, "2010-03-31": "-592.00000", "2009-12-31": -593.1, "2009-09-30": -541.2, "2009-06-30": -547.8, "2009-03-31": "-553.40000", "2008-12-31": -557.7, "2008-09-30": -417.7, "2008-06-30": -421.6, "2008-03-31": "-426.40000", "2007-12-31": -1765.6, "2007-09-30": 0, "2007-06-30": 0, "2007-03-31": "", "2006-12-31": -1216.5, "2006-09-30": 0, "2006-06-30": 0, "2006-03-31": "", "2005-12-31": -842, "2005-09-30": 0, "2005-06-30": 0, "2005-03-31": ""}}, "financial ratios": {"Current Ratio": {"2019-12-31": "0.98260", "2018-12-31": "1.36310", "2017-12-31": "1.84290", "2016-12-31": "1.39800", "2015-12-31": "3.26840", "2014-12-31": "1.52320", "2013-12-31": "1.59310", "2012-12-31": "1.44640", "2011-12-31": "1.25470", "2010-12-31": "1.49370", "2009-12-31": "1.14310", "2008-12-31": "1.38600", "2007-12-31": "0.79620", "2006-12-31": "1.75910", "2005-12-31": "1.51400"}, "Long-term Debt / Capital": {"2019-12-31": "1.31690", "2018-12-31": "1.25220", "2017-12-31": "1.12440", "2016-12-31": "1.09310", "2015-12-31": "0.77290", "2014-12-31": "0.53750", "2013-12-31": "0.46880", "2012-12-31": "0.47130", "2011-12-31": "0.45750", "2010-12-31": "0.44000", "2009-12-31": "0.42940", "2008-12-31": "0.43220", "2007-12-31": "0.32360", "2006-12-31": "0.35180", "2005-12-31": "0.37100"}, "Debt/Equity Ratio": {"2019-12-31": "-4.16270", "2018-12-31": "-4.96540", "2017-12-31": "-9.03810", "2016-12-31": "-11.77500", "2015-12-31": "3.40330", "2014-12-31": "1.16200", "2013-12-31": "0.88260", "2012-12-31": "0.89140", "2011-12-31": "0.86870", "2010-12-31": "0.78620", "2009-12-31": "0.75380", "2008-12-31": "0.76350", "2007-12-31": "0.60870", "2006-12-31": "0.54390", "2005-12-31": "0.66930"}, "Gross Margin": {"2019-12-31": "52.73790", "2018-12-31": "51.30030", "2017-12-31": "46.54080", "2016-12-31": "41.44560", "2015-12-31": "38.52040", "2014-12-31": "38.10210", "2013-12-31": "38.79180", "2012-12-31": "39.23640", "2011-12-31": "39.57120", "2010-12-31": "40.03100", "2009-12-31": "38.65430", "2008-12-31": "36.72750", "2007-12-31": "34.69230", "2006-12-31": "33.17510", "2005-12-31": "32.31260"}, "Operating Margin": {"2019-12-31": "43.03280", "2018-12-31": "41.96200", "2017-12-31": "41.86040", "2016-12-31": "31.45370", "2015-12-31": "28.11750", "2014-12-31": "28.96800", "2013-12-31": "31.18340", "2012-12-31": "31.21340", "2011-12-31": "31.58450", "2010-12-31": "31.04140", "2009-12-31": "30.07730", "2008-12-31": "27.39050", "2007-12-31": "17.02320", "2006-12-31": "21.21540", "2005-12-31": "20.83980"}, "EBIT Margin": {"2019-12-31": "43.03280", "2018-12-31": "41.96200", "2017-12-31": "41.86040", "2016-12-31": "31.45370", "2015-12-31": "28.11750", "2014-12-31": "28.96800", "2013-12-31": "31.18340", "2012-12-31": "31.21340", "2011-12-31": "31.58450", "2010-12-31": "31.04140", "2009-12-31": "30.07730", "2008-12-31": "27.39050", "2007-12-31": "17.02320", "2006-12-31": "21.21540", "2005-12-31": "20.83980"}, "EBITDA Margin": {"2019-12-31": "50.70910", "2018-12-31": "49.01070", "2017-12-31": "47.83480", "2016-12-31": "37.61290", "2015-12-31": "34.23920", "2014-12-31": "34.96080", "2013-12-31": "36.82310", "2012-12-31": "36.61300", "2011-12-31": "36.82400", "2010-12-31": "36.34250", "2009-12-31": "35.42450", "2008-12-31": "32.52520", "2007-12-31": "22.35130", "2006-12-31": "27.19720", "2005-12-31": "27.37570"}, "Pre-Tax Profit Margin": {"2019-12-31": "38.04280", "2018-12-31": "37.17490", "2017-12-31": "37.56950", "2016-12-31": "27.88570", "2015-12-31": "25.79660", "2014-12-31": "26.86460", "2013-12-31": "29.19160", "2012-12-31": "29.30680", "2011-12-31": "29.66820", "2010-12-31": "29.07750", "2009-12-31": "28.52090", "2008-12-31": "26.17930", "2007-12-31": "15.67630", "2006-12-31": "19.88210", "2005-12-31": "19.14600"}, "Net Profit Margin": {"2019-12-31": "28.58820", "2018-12-31": "28.17710", "2017-12-31": "22.75290", "2016-12-31": "19.03390", "2015-12-31": "17.82280", "2014-12-31": "17.33810", "2013-12-31": "19.87460", "2012-12-31": "19.82370", "2011-12-31": "20.37730", "2010-12-31": "20.54570", "2009-12-31": "20.00910", "2008-12-31": "18.33660", "2007-12-31": "10.51100", "2006-12-31": "16.96180", "2005-12-31": "13.61180"}, "Asset Turnover": {"2019-12-31": "0.44360", "2018-12-31": "0.64080", "2017-12-31": "0.67510", "2016-12-31": "0.79360", "2015-12-31": "0.66980", "2014-12-31": "0.80170", "2013-12-31": "0.76740", "2012-12-31": "0.77900", "2011-12-31": "0.81860", "2010-12-31": "0.75290", "2009-12-31": "0.75250", "2008-12-31": "0.82650", "2007-12-31": "0.77530", "2006-12-31": "0.72120", "2005-12-31": "0.63750"}, "Inventory Turnover Ratio": {"2019-12-31": "198.43030", "2018-12-31": "200.37570", "2017-12-31": "207.47620", "2016-12-31": "244.77420", "2015-12-31": "156.08190", "2014-12-31": "154.41450", "2013-12-31": "139.07030", "2012-12-31": "137.63930", "2011-12-31": "139.72090", "2010-12-31": "131.36760", "2009-12-31": "131.38320", "2008-12-31": "133.48160", "2007-12-31": "118.76620", "2006-12-31": "124.22780", "2005-12-31": "89.67430"}, "Receiveable Turnover": {"2019-12-31": "9.47600", "2018-12-31": "8.61160", "2017-12-31": "11.54760", "2016-12-31": "16.70300", "2015-12-31": "19.56800", "2014-12-31": "22.59660", "2013-12-31": "21.29540", "2012-12-31": "20.04440", "2011-12-31": "20.23380", "2010-12-31": "20.41780", "2009-12-31": "21.44920", "2008-12-31": "25.26030", "2007-12-31": "21.62330", "2006-12-31": "25.89570", "2005-12-31": "24.08020"}, "Days Sales In Receivables": {"2019-12-31": "38.51840", "2018-12-31": "42.38470", "2017-12-31": "31.60830", "2016-12-31": "21.85240", "2015-12-31": "18.65290", "2014-12-31": "16.15290", "2013-12-31": "17.13980", "2012-12-31": "18.20960", "2011-12-31": "18.03920", "2010-12-31": "17.87660", "2009-12-31": "17.01700", "2008-12-31": "14.44960", "2007-12-31": "16.88000", "2006-12-31": "14.09500", "2005-12-31": "15.15770"}, "ROE - Return On Equity": {"2019-12-31": "-73.38830", "2018-12-31": "-94.66160", "2017-12-31": "-158.88320", "2016-12-31": "-212.60690", "2015-12-31": "63.90190", "2014-12-31": "37.01590", "2013-12-31": "34.89070", "2012-12-31": "35.73260", "2011-12-31": "38.24200", "2010-12-31": "33.79960", "2009-12-31": "32.42860", "2008-12-31": "32.22990", "2007-12-31": "15.28160", "2006-12-31": "18.54090", "2005-12-31": "17.01820"}, "Return On Tangible Equity": {"2019-12-31": "-55.34140", "2018-12-31": "-68.96820", "2017-12-31": "-91.93650", "2016-12-31": "-103.20870", "2015-12-31": "99.07480", "2014-12-31": "47.02270", "2013-12-31": "42.52040", "2012-12-31": "43.75480", "2011-12-31": "46.88680", "2010-12-31": "41.05460", "2009-12-31": "39.20340", "2008-12-31": "38.70010", "2007-12-31": "17.99130", "2006-12-31": "21.41330", "2005-12-31": "19.49520"}, "ROA - Return On Assets": {"2019-12-31": "12.68220", "2018-12-31": "18.05570", "2017-12-31": "15.36020", "2016-12-31": "15.10610", "2015-12-31": "11.93850", "2014-12-31": "13.90060", "2013-12-31": "15.25110", "2012-12-31": "15.44320", "2011-12-31": "16.68120", "2010-12-31": "15.46920", "2009-12-31": "15.05710", "2008-12-31": "15.15450", "2007-12-31": "7.94440", "2006-12-31": "9.89180", "2005-12-31": "8.59520"}, "ROI - Return On Investment": {"2019-12-31": "23.25710", "2018-12-31": "23.87200", "2017-12-31": "19.76630", "2016-12-31": "19.79580", "2015-12-31": "14.51230", "2014-12-31": "17.12110", "2013-12-31": "18.53350", "2012-12-31": "18.89230", "2011-12-31": "20.74760", "2010-12-31": "18.92870", "2009-12-31": "18.50440", "2008-12-31": "18.30060", "2007-12-31": "10.33650", "2006-12-31": "12.01810", "2005-12-31": "10.70410"}, "Book Value Per Share": {"2019-12-31": "-11.00130", "2018-12-31": "-8.15850", "2017-12-31": "-4.45170", "2016-12-31": "-2.69050", "2015-12-31": "7.81640", "2014-12-31": "13.34860", "2013-12-31": "16.16490", "2012-12-31": "15.25240", "2011-12-31": "14.08870", "2010-12-31": "13.88970", "2009-12-31": "13.03420", "2008-12-31": "11.99910", "2007-12-31": "13.11230", "2006-12-31": "12.84230", "2005-12-31": "11.99030"}, "Operating Cash Flow Per Share": {"2019-12-31": 1.7505, "2018-12-31": 2.0609, "2017-12-31": -0.2291, "2016-12-31": 0.1136, "2015-12-31": 0.0988, "2014-12-31": -0.2544, "2013-12-31": 0.25, "2012-12-31": -0.0147, "2011-12-31": 0.9727, "2010-12-31": 0.677, "2009-12-31": 0.0298, "2008-12-31": 1.1394, "2007-12-31": 0.5555, "2006-12-31": 0.065, "2005-12-31": 3.4035}, "Free Cash Flow Per Share": {"2019-12-31": 2.1046, "2018-12-31": 0.8436, "2017-12-31": -0.2793, "2016-12-31": -0.21, "2015-12-31": 0.9354, "2014-12-31": 0.0221, "2013-12-31": 0.4311, "2012-12-31": -0.3911, "2011-12-31": 0.3369, "2010-12-31": 0.463, "2009-12-31": 0.1308, "2008-12-31": 0.8821, "2007-12-31": 0.3407, "2006-12-31": -0.0656, "2005-12-31": 2.1425}}, "financial ratios, quarterly": {"Current Ratio": {"2020-09-30": "1.07260", "2020-06-30": "0.91210", "2020-03-31": "1.89500", "2019-12-31": "0.98260", "2019-09-30": "0.84310", "2019-06-30": "1.20850", "2019-03-31": "1.46890", "2018-12-31": "1.36310", "2018-09-30": "1.53120", "2018-06-30": "1.46640", "2018-03-31": "1.74000", "2017-12-31": "1.84290", "2017-09-30": "1.28080", "2017-06-30": "2.14800", "2017-03-31": "1.83410", "2016-12-31": "1.39800", "2016-09-30": "0.96100", "2016-06-30": "1.89210", "2016-03-31": "1.76710", "2015-12-31": "3.26840", "2015-09-30": "1.51960", "2015-06-30": "2.16320", "2015-03-31": "1.30560", "2014-12-31": "1.52320", "2014-09-30": "1.24660", "2014-06-30": "1.74360", "2014-03-31": "1.55950", "2013-12-31": "1.59310", "2013-09-30": "1.23850", "2013-06-30": "1.65140", "2013-03-31": "1.38910", "2012-12-31": "1.44640", "2012-09-30": "1.01360", "2012-06-30": "1.24230", "2012-03-31": "1.16680", "2011-12-31": "1.25470", "2011-09-30": "0.87080", "2011-06-30": "1.01940", "2011-03-31": "0.89890", "2010-12-31": "1.49370", "2010-09-30": "1.27870", "2010-06-30": "1.22600", "2010-03-31": "1.35150", "2009-12-31": "1.14310", "2009-09-30": "1.01760", "2009-06-30": "1.26500", "2009-03-31": "1.55920", "2008-12-31": "1.38600", "2008-09-30": "0.98020", "2008-06-30": "1.28370", "2008-03-31": "1.17440", "2007-12-31": "0.79620", "2007-09-30": "1.05590", "2007-06-30": "1.27170", "2007-03-31": "1.26590", "2006-12-31": "1.75910", "2006-09-30": "1.27520", "2006-06-30": "1.35340", "2006-03-31": "1.42510", "2005-12-31": "1.51400", "2005-09-30": "0.91950", "2005-06-30": "0.98910", "2005-03-31": "1.04810"}, "Long-term Debt / Capital": {"2020-09-30": "1.31760", "2020-06-30": "1.37530", "2020-03-31": "1.32320", "2019-12-31": "1.31690", "2019-09-30": "1.35460", "2019-06-30": "1.26340", "2019-03-31": "1.24870", "2018-12-31": "1.25220", "2018-09-30": "1.27060", "2018-06-30": "1.23560", "2018-03-31": "1.18040", "2017-12-31": "1.12440", "2017-09-30": "1.13950", "2017-06-30": "1.07650", "2017-03-31": "1.08140", "2016-12-31": "1.09310", "2016-09-30": "1.06660", "2016-06-30": "0.97600", "2016-03-31": "0.85810", "2015-12-31": "0.77290", "2015-09-30": "0.68400", "2015-06-30": "0.62900", "2015-03-31": "0.55620", "2014-12-31": "0.53750", "2014-09-30": "0.51580", "2014-06-30": "0.47970", "2014-03-31": "0.46130", "2013-12-31": "0.46880", "2013-09-30": "0.47070", "2013-06-30": "0.46850", "2013-03-31": "0.45660", "2012-12-31": "0.47130", "2012-09-30": "0.47870", "2012-06-30": "0.47540", "2012-03-31": "0.45130", "2011-12-31": "0.45750", "2011-09-30": "0.45170", "2011-06-30": "0.42520", "2011-03-31": "0.42130", "2010-12-31": "0.44000", "2010-09-30": "0.45440", "2010-06-30": "0.43940", "2010-03-31": "0.42610", "2009-12-31": "0.42940", "2009-09-30": "0.44690", "2009-06-30": "0.44200", "2009-03-31": "0.45100", "2008-12-31": "0.43220", "2008-09-30": "0.43040", "2008-06-30": "0.41660", "2008-03-31": "0.42010", "2007-12-31": "0.32360", "2007-09-30": "0.33930", "2007-06-30": "0.34330", "2007-03-31": "0.34210", "2006-12-31": "0.35180", "2006-09-30": "0.35560", "2006-06-30": "0.34810", "2006-03-31": "0.36480", "2005-12-31": "0.37100", "2005-09-30": "0.33610", "2005-06-30": "0.35090", "2005-03-31": "0.35780"}, "Debt/Equity Ratio": {"2020-09-30": "-4.46550", "2020-06-30": "-4.09610", "2020-03-31": "-4.21290", "2019-12-31": "-4.16270", "2019-09-30": "-3.82010", "2019-06-30": "-4.79590", "2019-03-31": "-5.02100", "2018-12-31": "-4.96540", "2018-09-30": "-4.69560", "2018-06-30": "-5.29480", "2018-03-31": "-6.54180", "2017-12-31": "-9.03810", "2017-09-30": "-8.22940", "2017-06-30": "-14.17620", "2017-03-31": "-13.39720", "2016-12-31": "-11.77500", "2016-09-30": "-16.01320", "2016-06-30": "40.64060", "2016-03-31": "6.04520", "2015-12-31": "3.40330", "2015-09-30": "2.16500", "2015-06-30": "1.69510", "2015-03-31": "1.25330", "2014-12-31": "1.16200", "2014-09-30": "1.11040", "2014-06-30": "0.95520", "2014-03-31": "0.86250", "2013-12-31": "0.88260", "2013-09-30": "0.88940", "2013-06-30": "0.88130", "2013-03-31": "0.84040", "2012-12-31": "0.89140", "2012-09-30": "0.95530", "2012-06-30": "0.96710", "2012-03-31": "0.87170", "2011-12-31": "0.86870", "2011-09-30": "0.93940", "2011-06-30": "0.82140", "2011-03-31": "0.83310", "2010-12-31": "0.78620", "2010-09-30": "0.83860", "2010-06-30": "0.80920", "2010-03-31": "0.74380", "2009-12-31": "0.75380", "2009-09-30": "0.84020", "2009-06-30": "0.83060", "2009-03-31": "0.82310", "2008-12-31": "0.76350", "2008-09-30": "0.75690", "2008-06-30": "0.75640", "2008-03-31": "0.81410", "2007-12-31": "0.60870", "2007-09-30": "0.51760", "2007-06-30": "0.54180", "2007-03-31": "0.55900", "2006-12-31": "0.54390", "2006-09-30": "0.59180", "2006-06-30": "0.60790", "2006-03-31": "0.65350", "2005-12-31": "0.66930", "2005-09-30": "0.55560", "2005-06-30": "0.59590", "2005-03-31": "0.59150"}, "Gross Margin": {"2020-09-30": "53.61110", "2020-06-30": "45.86730", "2020-03-31": "49.67550", "2019-12-31": "54.54160", "2019-09-30": "53.02510", "2019-06-30": "52.54540", "2019-03-31": "50.78520", "2018-12-31": "52.23130", "2018-09-30": "52.55890", "2018-06-30": "51.16830", "2018-03-31": "49.18760", "2017-12-31": "49.91390", "2017-09-30": "48.96080", "2017-06-30": "44.76920", "2017-03-31": "42.80200", "2016-12-31": "42.43230", "2016-09-30": "42.76090", "2016-06-30": "41.27690", "2016-03-31": "39.18600", "2015-12-31": "39.52660", "2015-09-30": "39.17250", "2015-06-30": "38.32740", "2015-03-31": "36.93640", "2014-12-31": "37.64490", "2014-09-30": "38.37360", "2014-06-30": "38.76940", "2014-03-31": "37.55200", "2013-12-31": "38.66800", "2013-09-30": "39.74380", "2013-06-30": "39.03560", "2013-03-31": "37.60770", "2012-12-31": "39.24430", "2012-09-30": "39.91110", "2012-06-30": "39.27040", "2012-03-31": "38.45510", "2011-12-31": "39.77310", "2011-09-30": "40.56210", "2011-06-30": "39.47060", "2011-03-31": "38.29770", "2010-12-31": "39.82070", "2010-09-30": "41.34090", "2010-06-30": "40.30610", "2010-03-31": "38.50020", "2009-12-31": "39.39800", "2009-09-30": "39.82830", "2009-06-30": "38.42440", "2009-03-31": "36.63690", "2008-12-31": "37.30100", "2008-09-30": "37.70680", "2008-06-30": "36.62040", "2008-03-31": "35.18200", "2007-12-31": "35.81410", "2007-09-30": "35.94710", "2007-06-30": "34.24500", "2007-03-31": "32.56750", "2006-12-31": "35.23200", "2006-09-30": "34.07470", "2006-06-30": "32.39370", "2006-03-31": "30.88180", "2005-12-31": "31.09310", "2005-09-30": "31.54810", "2005-06-30": "30.99280", "2005-03-31": "29.91380"}, "Operating Margin": {"2020-09-30": "46.62890", "2020-06-30": "25.55100", "2020-03-31": "35.92400", "2019-12-31": "44.60050", "2019-09-30": "43.78720", "2019-06-30": "42.03300", "2019-03-31": "41.67910", "2018-12-31": "38.72750", "2018-09-30": "45.02740", "2018-06-30": "42.25520", "2018-03-31": "41.70350", "2017-12-31": "40.15210", "2017-09-30": "53.51200", "2017-06-30": "37.93740", "2017-03-31": "35.83570", "2016-12-31": "32.65940", "2016-09-30": "33.27000", "2016-06-30": "29.65520", "2016-03-31": "30.15460", "2015-12-31": "29.65320", "2015-09-30": "30.69190", "2015-06-30": "28.46080", "2015-03-31": "23.25090", "2014-12-31": "26.65320", "2014-09-30": "29.66180", "2014-06-30": "30.48030", "2014-03-31": "28.89420", "2013-12-31": "31.02120", "2013-09-30": "32.99970", "2013-06-30": "31.02430", "2013-03-31": "29.51420", "2012-12-31": "31.61350", "2012-09-30": "31.97810", "2012-06-30": "31.16010", "2012-03-31": "30.00950", "2011-12-31": "31.07270", "2011-09-30": "33.41610", "2011-06-30": "31.70130", "2011-03-31": "29.87600", "2010-12-31": "29.88690", "2010-09-30": "33.25190", "2010-06-30": "31.03690", "2010-03-31": "29.84080", "2009-12-31": "30.57390", "2009-09-30": "31.96460", "2009-06-30": "29.77580", "2009-03-31": "27.58110", "2008-12-31": "26.99370", "2008-09-30": "29.09870", "2008-06-30": "27.22830", "2008-03-31": "26.05260", "2007-12-31": "23.54350", "2007-09-30": "25.84010", "2007-06-30": "-3.11160", "2007-03-31": "22.31940", "2006-12-31": "21.71320", "2006-09-30": "23.41000", "2006-06-30": "20.93380", "2006-03-31": "18.54740", "2005-12-31": "17.87150", "2005-09-30": "21.77170", "2005-06-30": "19.95210", "2005-03-31": "18.93900"}, "EBIT Margin": {"2020-09-30": "46.62890", "2020-06-30": "25.55100", "2020-03-31": "35.92400", "2019-12-31": "44.60050", "2019-09-30": "43.78720", "2019-06-30": "42.03300", "2019-03-31": "41.67910", "2018-12-31": "38.72750", "2018-09-30": "45.02740", "2018-06-30": "42.25520", "2018-03-31": "41.70350", "2017-12-31": "40.15210", "2017-09-30": "53.51200", "2017-06-30": "37.93740", "2017-03-31": "35.83570", "2016-12-31": "32.65940", "2016-09-30": "33.27000", "2016-06-30": "29.65520", "2016-03-31": "30.15460", "2015-12-31": "29.65320", "2015-09-30": "30.69190", "2015-06-30": "28.46080", "2015-03-31": "23.25090", "2014-12-31": "26.65320", "2014-09-30": "29.66180", "2014-06-30": "30.48030", "2014-03-31": "28.89420", "2013-12-31": "31.02130", "2013-09-30": "32.99970", "2013-06-30": "31.02430", "2013-03-31": "29.51420", "2012-12-31": "31.61350", "2012-09-30": "31.97810", "2012-06-30": "31.16010", "2012-03-31": "30.00950", "2011-12-31": "31.07280", "2011-09-30": "33.41610", "2011-06-30": "31.70130", "2011-03-31": "29.87600", "2010-12-31": "29.88690", "2010-09-30": "33.25190", "2010-06-30": "31.03690", "2010-03-31": "29.84080", "2009-12-31": "30.57390", "2009-09-30": "31.96460", "2009-06-30": "29.77580", "2009-03-31": "27.58110", "2008-12-31": "26.99370", "2008-09-30": "29.09870", "2008-06-30": "27.22830", "2008-03-31": "26.05260", "2007-12-31": "23.54350", "2007-09-30": "25.84010", "2007-06-30": "-3.11160", "2007-03-31": "22.31940", "2006-12-31": "21.71320", "2006-09-30": "23.41000", "2006-06-30": "20.93380", "2006-03-31": "18.54740", "2005-12-31": "17.87150", "2005-09-30": "21.77170", "2005-06-30": "19.95210", "2005-03-31": "18.93900"}, "EBITDA Margin": {"2020-09-30": "", "2020-06-30": "", "2020-03-31": "", "2019-12-31": "", "2019-09-30": "", "2019-06-30": "", "2019-03-31": "", "2018-12-31": "", "2018-09-30": "", "2018-06-30": "", "2018-03-31": "", "2017-12-31": "", "2017-09-30": "", "2017-06-30": "", "2017-03-31": "", "2016-12-31": "", "2016-09-30": "", "2016-06-30": "", "2016-03-31": "", "2015-12-31": "", "2015-09-30": "", "2015-06-30": "", "2015-03-31": "", "2014-12-31": "", "2014-09-30": "", "2014-06-30": "", "2014-03-31": "", "2013-12-31": "", "2013-09-30": "", "2013-06-30": "", "2013-03-31": "", "2012-12-31": "", "2012-09-30": "", "2012-06-30": "", "2012-03-31": "", "2011-12-31": "", "2011-09-30": "", "2011-06-30": "", "2011-03-31": "", "2010-12-31": "", "2010-09-30": "", "2010-06-30": "", "2010-03-31": "", "2009-12-31": "", "2009-09-30": "", "2009-06-30": "", "2009-03-31": "", "2008-12-31": "", "2008-09-30": "", "2008-06-30": "", "2008-03-31": "", "2007-12-31": "", "2007-09-30": "", "2007-06-30": "", "2007-03-31": "", "2006-12-31": "", "2006-09-30": "", "2006-06-30": "", "2006-03-31": "", "2005-12-31": "", "2005-09-30": "", "2005-06-30": "", "2005-03-31": ""}, "Pre-Tax Profit Margin": {"2020-09-30": "40.92030", "2020-06-30": "17.24580", "2020-03-31": "30.64870", "2019-12-31": "39.42960", "2019-09-30": "39.11460", "2019-06-30": "37.11410", "2019-03-31": "36.45030", "2018-12-31": "33.92220", "2018-09-30": "40.20380", "2018-06-30": "37.69400", "2018-03-31": "36.73740", "2017-12-31": "35.30020", "2017-09-30": "48.99560", "2017-06-30": "34.07440", "2017-03-31": "31.84520", "2016-12-31": "28.77640", "2016-09-30": "29.64620", "2016-06-30": "26.34000", "2016-03-31": "26.70100", "2015-12-31": "26.97870", "2015-09-30": "28.39560", "2015-06-30": "26.35390", "2015-03-31": "21.04580", "2014-12-31": "24.28560", "2014-09-30": "27.49500", "2014-06-30": "28.84410", "2014-03-31": "26.61520", "2013-12-31": "28.97420", "2013-09-30": "31.03200", "2013-06-30": "29.07900", "2013-03-31": "27.50520", "2012-12-31": "29.74640", "2012-09-30": "30.11020", "2012-06-30": "29.06200", "2012-03-31": "28.22080", "2011-12-31": "29.07500", "2011-09-30": "31.58120", "2011-06-30": "29.92440", "2011-03-31": "27.79800", "2010-12-31": "27.89780", "2010-09-30": "31.31690", "2010-06-30": "29.18680", "2010-03-31": "27.75170", "2009-12-31": "28.47620", "2009-09-30": "30.12550", "2009-06-30": "28.19100", "2009-03-31": "27.02960", "2008-12-31": "25.10510", "2008-09-30": "27.10740", "2008-06-30": "27.96240", "2008-03-31": "24.27870", "2007-12-31": "22.32170", "2007-09-30": "24.63350", "2007-06-30": "-4.56550", "2007-03-31": "20.79850", "2006-12-31": "20.39060", "2006-09-30": "22.11440", "2006-06-30": "19.58490", "2006-03-31": "17.17780", "2005-12-31": "16.24380", "2005-09-30": "20.38260", "2005-06-30": "18.35470", "2005-03-31": "17.28580"}, "Net Profit Margin": {"2020-09-30": "32.53170", "2020-06-30": "12.86190", "2020-03-31": "23.47910", "2019-12-31": "30.58580", "2019-09-30": "29.22230", "2019-06-30": "28.03990", "2019-03-31": "26.44060", "2018-12-31": "27.41240", "2018-09-30": "30.49320", "2018-06-30": "27.94790", "2018-03-31": "26.76450", "2017-12-31": "13.08380", "2017-09-30": "32.73380", "2017-06-30": "23.06070", "2017-03-31": "21.40280", "2016-12-31": "19.79470", "2016-09-30": "19.85340", "2016-06-30": "17.44450", "2016-03-31": "19.05180", "2015-12-31": "19.02130", "2015-09-30": "19.79110", "2015-06-30": "18.50500", "2015-03-31": "13.61830", "2014-12-31": "16.69910", "2014-09-30": "15.29100", "2014-06-30": "19.31440", "2014-03-31": "17.98130", "2013-12-31": "19.69490", "2013-09-30": "20.78540", "2013-06-30": "19.71400", "2013-03-31": "19.23000", "2012-12-31": "20.08170", "2012-09-30": "20.34280", "2012-06-30": "19.47690", "2012-03-31": "19.34900", "2011-12-31": "20.17680", "2011-09-30": "21.03320", "2011-06-30": "20.42170", "2011-03-31": "19.78210", "2010-12-31": "19.99160", "2010-09-30": "22.02100", "2010-06-30": "20.61730", "2010-03-31": "19.42570", "2009-12-31": "20.37030", "2009-09-30": "20.85440", "2009-06-30": "19.36710", "2009-03-31": "19.29140", "2008-12-31": "17.70530", "2008-09-30": "19.00820", "2008-06-30": "19.59570", "2008-03-31": "16.85010", "2007-12-31": "22.12880", "2007-09-30": "18.15320", "2007-06-30": "-12.18790", "2007-03-31": "14.40480", "2006-12-31": "24.29220", "2006-09-30": "15.32380", "2006-06-30": "15.54010", "2006-03-31": "12.72510", "2005-12-31": "11.62460", "2005-09-30": "13.80490", "2005-06-30": "10.40880", "2005-03-31": "15.15570"}, "Asset Turnover": {"2020-09-30": "0.10690", "2020-06-30": "0.07530", "2020-03-31": "0.09320", "2019-12-31": "0.10820", "2019-09-30": "0.12010", "2019-06-30": "0.11710", "2019-03-31": "0.10810", "2018-12-31": "0.15740", "2018-09-30": "0.15770", "2018-06-30": "0.16370", "2018-03-31": "0.15240", "2017-12-31": "0.15800", "2017-09-30": "0.17670", "2017-06-30": "0.18450", "2017-03-31": "0.17670", "2016-12-31": "0.19430", "2016-09-30": "0.19770", "2016-06-30": "0.18900", "2016-03-31": "0.17470", "2015-12-31": "0.16710", "2015-09-30": "0.20070", "2015-06-30": "0.18590", "2015-03-31": "0.18530", "2014-12-31": "0.19200", "2014-09-30": "0.19400", "2014-06-30": "0.19010", "2014-03-31": "0.18420", "2013-12-31": "0.19370", "2013-09-30": "0.20600", "2013-06-30": "0.20560", "2013-03-31": "0.19360", "2012-12-31": "0.19650", "2012-09-30": "0.21150", "2012-06-30": "0.20750", "2012-03-31": "0.19640", "2011-12-31": "0.20680", "2011-09-30": "0.22200", "2011-06-30": "0.21030", "2011-03-31": "0.19050", "2010-12-31": "0.19430", "2010-09-30": "0.20230", "2010-06-30": "0.20730", "2010-03-31": "0.18810", "2009-12-31": "0.19760", "2009-09-30": "0.20110", "2009-06-30": "0.19340", "2009-03-31": "0.18260", "2008-12-31": "0.19550", "2008-09-30": "0.22280", "2008-06-30": "0.19910", "2008-03-31": "0.18160", "2007-12-31": "0.19580", "2007-09-30": "0.19890", "2007-06-30": "0.20140", "2007-03-31": "0.17960", "2006-12-31": "0.17640", "2006-09-30": "0.17850", "2006-06-30": "0.18030", "2006-03-31": "0.16600", "2005-12-31": "0.17460", "2005-09-30": "0.19130", "2005-06-30": "0.18890", "2005-03-31": "0.17640"}, "Inventory Turnover Ratio": {"2020-09-30": "56.86430", "2020-06-30": "47.79810", "2020-03-31": "60.67780", "2019-12-31": "46.54780", "2019-09-30": "60.67370", "2019-06-30": "58.08150", "2019-03-31": "60.60290", "2018-12-31": "48.26420", "2018-09-30": "60.79480", "2018-06-30": "52.70970", "2018-03-31": "48.53530", "2017-12-31": "45.48810", "2017-09-30": "54.19000", "2017-06-30": "58.92950", "2017-03-31": "57.15670", "2016-12-31": "58.92530", "2016-09-30": "40.63090", "2016-06-30": "42.09380", "2016-03-31": "38.31800", "2015-12-31": "38.30970", "2015-09-30": "40.52170", "2015-06-30": "39.17200", "2015-03-31": "38.03540", "2014-12-31": "37.25540", "2014-09-30": "41.00860", "2014-06-30": "39.72360", "2014-03-31": "39.39930", "2013-12-31": "35.16900", "2013-09-30": "39.01680", "2013-06-30": "40.06120", "2013-03-31": "39.17490", "2012-12-31": "34.70670", "2012-09-30": "39.39320", "2012-06-30": "37.60070", "2012-03-31": "36.07070", "2011-12-31": "35.18070", "2011-09-30": "37.03910", "2011-06-30": "36.34610", "2011-03-31": "33.82060", "2010-12-31": "34.02730", "2010-09-30": "35.69880", "2010-06-30": "37.59640", "2010-03-31": "34.74520", "2009-12-31": "34.08660", "2009-09-30": "34.06740", "2009-06-30": "33.89180", "2009-03-31": "32.43150", "2008-12-31": "31.29330", "2008-09-30": "34.03750", "2008-06-30": "33.45350", "2008-03-31": "31.78520", "2007-12-31": "29.47330", "2007-09-30": "32.30510", "2007-06-30": "31.94430", "2007-03-31": "24.83650", "2006-12-31": "29.44930", "2006-09-30": "25.10730", "2006-06-30": "25.57220", "2006-03-31": "24.52270", "2005-12-31": "24.99650", "2005-09-30": "25.73400", "2005-06-30": "25.27970", "2005-03-31": "24.44520"}, "Receiveable Turnover": {"2020-09-30": "2.26530", "2020-06-30": "1.31860", "2020-03-31": "2.78090", "2019-12-31": "2.31110", "2019-09-30": "2.74390", "2019-06-30": "2.63250", "2019-03-31": "2.52130", "2018-12-31": "2.11470", "2018-09-30": "2.36870", "2018-06-30": "2.41470", "2018-03-31": "2.63320", "2017-12-31": "2.70230", "2017-09-30": "3.66770", "2017-06-30": "4.15130", "2017-03-31": "4.24620", "2016-12-31": "4.08990", "2016-09-30": "4.75930", "2016-06-30": "4.94440", "2016-03-31": "5.08040", "2015-12-31": "4.88280", "2015-09-30": "5.82210", "2015-06-30": "5.51310", "2015-03-31": "5.45790", "2014-12-31": "5.41190", "2014-09-30": "5.69590", "2014-06-30": "5.54790", "2014-03-31": "5.44870", "2013-12-31": "5.37450", "2013-09-30": "5.69780", "2013-06-30": "5.44110", "2013-03-31": "5.37020", "2012-12-31": "5.05500", "2012-09-30": "5.59960", "2012-06-30": "5.35870", "2012-03-31": "5.30350", "2011-12-31": "5.11180", "2011-09-30": "5.95260", "2011-06-30": "5.52830", "2011-03-31": "5.26730", "2010-12-31": "5.27020", "2010-09-30": "6.22030", "2010-06-30": "6.16690", "2010-03-31": "6.03240", "2009-12-31": "5.63320", "2009-09-30": "6.87590", "2009-06-30": "6.06900", "2009-03-31": "5.62030", "2008-12-31": "5.97620", "2008-09-30": "7.31480", "2008-06-30": "5.89490", "2008-03-31": "6.26720", "2007-12-31": "5.45990", "2007-09-30": "7.48850", "2007-06-30": "7.44250", "2007-03-31": "6.24140", "2006-12-31": "6.33370", "2006-09-30": "6.77320", "2006-06-30": "6.25570", "2006-03-31": "6.61890", "2005-12-31": "6.59350", "2005-09-30": "7.05200", "2005-06-30": "6.73590", "2005-03-31": "6.99810"}, "Days Sales In Receivables": {"2020-09-30": "39.73020", "2020-06-30": "68.25310", "2020-03-31": "32.36400", "2019-12-31": "38.94290", "2019-09-30": "32.80030", "2019-06-30": "34.18800", "2019-03-31": "35.69650", "2018-12-31": "42.55960", "2018-09-30": "37.99530", "2018-06-30": "37.27150", "2018-03-31": "34.17930", "2017-12-31": "33.30550", "2017-09-30": "24.53860", "2017-06-30": "21.67990", "2017-03-31": "21.19540", "2016-12-31": "22.00550", "2016-09-30": "18.91040", "2016-06-30": "18.20260", "2016-03-31": "17.71520", "2015-12-31": "18.43200", "2015-09-30": "15.45830", "2015-06-30": "16.32490", "2015-03-31": "16.49000", "2014-12-31": "16.63000", "2014-09-30": "15.80100", "2014-06-30": "16.22250", "2014-03-31": "16.51760", "2013-12-31": "16.74590", "2013-09-30": "15.79550", "2013-06-30": "16.54070", "2013-03-31": "16.75930", "2012-12-31": "17.80430", "2012-09-30": "16.07250", "2012-06-30": "16.79520", "2012-03-31": "16.97000", "2011-12-31": "17.60640", "2011-09-30": "15.11950", "2011-06-30": "16.27990", "2011-03-31": "17.08670", "2010-12-31": "17.07710", "2010-09-30": "14.46880", "2010-06-30": "14.59410", "2010-03-31": "14.91950", "2009-12-31": "15.97680", "2009-09-30": "13.08910", "2009-06-30": "14.82950", "2009-03-31": "16.01330", "2008-12-31": "15.05980", "2008-09-30": "12.30390", "2008-06-30": "15.26740", "2008-03-31": "14.36040", "2007-12-31": "16.48400", "2007-09-30": "12.01850", "2007-06-30": "12.09270", "2007-03-31": "14.41990", "2006-12-31": "14.20960", "2006-09-30": "13.28770", "2006-06-30": "14.38690", "2006-03-31": "13.59740", "2005-12-31": "13.64980", "2005-09-30": "12.76230", "2005-06-30": "13.36130", "2005-03-31": "12.86060"}, "ROE - Return On Equity": {"2020-09-30": "-20.80480", "2020-06-30": "-5.11250", "2020-03-31": "-11.91060", "2019-12-31": "-19.14910", "2019-09-30": "-18.69830", "2019-06-30": "-22.27850", "2019-03-31": "-20.27810", "2018-12-31": "-22.61440", "2018-09-30": "-24.10420", "2018-06-30": "-25.57340", "2018-03-31": "-29.14720", "2017-12-31": "-21.38010", "2017-09-30": "-54.16660", "2017-06-30": "-69.73410", "2017-03-31": "-59.81880", "2016-12-31": "-54.13960", "2016-09-30": "-78.52970", "2016-06-30": "170.76540", "2016-03-31": "29.11730", "2015-12-31": "17.01770", "2015-09-30": "15.75490", "2015-06-30": "11.38540", "2015-03-31": "7.11640", "2014-12-31": "8.53860", "2014-09-30": "7.84090", "2014-06-30": "8.58620", "2014-03-31": "7.46110", "2013-12-31": "8.72600", "2013-09-30": "10.03770", "2013-06-30": "9.20520", "2013-03-31": "8.34110", "2012-12-31": "9.12870", "2012-09-30": "10.47960", "2012-06-30": "9.59740", "2012-03-31": "8.64020", "2011-12-31": "9.56620", "2011-09-30": "11.30060", "2011-06-30": "9.43100", "2011-03-31": "8.36470", "2010-12-31": "8.48900", "2010-09-30": "10.18050", "2010-06-30": "9.33460", "2010-03-31": "7.71990", "2009-12-31": "8.67040", "2009-09-30": "9.56060", "2009-06-30": "8.25770", "2009-03-31": "7.72290", "2008-12-31": "7.36250", "2008-09-30": "9.12760", "2008-06-30": "8.14210", "2008-03-31": "6.56370", "2007-12-31": "8.33260", "2007-09-30": "6.70570", "2007-06-30": "-4.69580", "2007-03-31": "4.86140", "2006-12-31": "4.86920", "2006-09-30": "5.42110", "2006-06-30": "4.46520", "2006-03-31": "3.78060", "2005-12-31": "4.01750", "2005-09-30": "5.06610", "2005-06-30": "3.69340", "2005-03-31": "4.97280"}, "Return On Tangible Equity": {"2020-09-30": "-15.75450", "2020-06-30": "-3.98680", "2020-03-31": "-9.28550", "2019-12-31": "-14.44020", "2019-09-30": "-14.43230", "2019-06-30": "-16.15560", "2019-03-31": "-14.97850", "2018-12-31": "-16.47630", "2018-09-30": "-17.91830", "2018-06-30": "-18.25160", "2018-03-31": "-19.30770", "2017-12-31": "-12.37140", "2017-09-30": "-32.19510", "2017-06-30": "-32.10220", "2017-03-31": "-28.05540", "2016-12-31": "-26.28170", "2016-09-30": "-30.89030", "2016-06-30": "-58.80230", "2016-03-31": "86.97820", "2015-12-31": "26.38470", "2015-09-30": "22.85530", "2015-06-30": "15.15620", "2015-03-31": "9.21130", "2014-12-31": "10.84690", "2014-09-30": "9.87910", "2014-06-30": "10.46660", "2014-03-31": "9.08860", "2013-12-31": "10.63410", "2013-09-30": "12.36450", "2013-06-30": "11.26930", "2013-03-31": "10.21170", "2012-12-31": "11.17810", "2012-09-30": "13.06120", "2012-06-30": "11.86330", "2012-03-31": "10.60760", "2011-12-31": "11.72870", "2011-09-30": "14.08720", "2011-06-30": "11.53310", "2011-03-31": "10.25970", "2010-12-31": "10.31120", "2010-09-30": "12.48980", "2010-06-30": "11.43690", "2010-03-31": "9.35800", "2009-12-31": "10.48180", "2009-09-30": "11.69610", "2009-06-30": "10.02920", "2009-03-31": "9.34180", "2008-12-31": "8.84060", "2008-09-30": "11.05140", "2008-06-30": "9.72700", "2008-03-31": "7.85620", "2007-12-31": "9.81010", "2007-09-30": "7.91720", "2007-06-30": "-5.49680", "2007-03-31": "5.67240", "2006-12-31": "5.62360", "2006-09-30": "6.29530", "2006-06-30": "5.16750", "2006-03-31": "4.36920", "2005-12-31": "4.60230", "2005-09-30": "5.84500", "2005-06-30": "4.23200", "2005-03-31": "5.67710"}, "ROA - Return On Assets": {"2020-09-30": "3.47660", "2020-06-30": "0.96880", "2020-03-31": "2.18890", "2019-12-31": "3.30910", "2019-09-30": "3.51030", "2019-06-30": "3.28330", "2019-03-31": "2.85880", "2018-12-31": "4.31350", "2018-09-30": "4.80800", "2018-06-30": "4.57470", "2018-03-31": "4.07850", "2017-12-31": "2.06690", "2017-09-30": "5.78540", "2017-06-30": "4.25530", "2017-03-31": "3.78200", "2016-12-31": "3.84670", "2016-09-30": "3.92590", "2016-06-30": "3.29720", "2016-03-31": "3.32830", "2015-12-31": "3.17930", "2015-09-30": "3.97210", "2015-06-30": "3.44060", "2015-03-31": "2.52370", "2014-12-31": "3.20650", "2014-09-30": "2.96610", "2014-06-30": "3.67150", "2014-03-31": "3.31270", "2013-12-31": "3.81420", "2013-09-30": "4.28170", "2013-06-30": "4.05330", "2013-03-31": "3.72230", "2012-12-31": "3.94530", "2012-09-30": "4.30160", "2012-06-30": "4.04110", "2012-03-31": "3.80000", "2011-12-31": "4.17280", "2011-09-30": "4.66980", "2011-06-30": "4.29510", "2011-03-31": "3.76870", "2010-12-31": "3.88520", "2010-09-30": "4.45450", "2010-06-30": "4.27470", "2010-03-31": "3.65390", "2009-12-31": "4.02580", "2009-09-30": "4.19320", "2009-06-30": "3.74460", "2009-03-31": "3.52200", "2008-12-31": "3.46190", "2008-09-30": "4.23430", "2008-06-30": "3.90060", "2008-03-31": "3.05960", "2007-12-31": "4.33180", "2007-09-30": "3.38250", "2007-06-30": "-2.44320", "2007-03-31": "2.60060", "2006-12-31": "2.59780", "2006-09-30": "2.73020", "2006-06-30": "2.34540", "2006-03-31": "1.93710", "2005-12-31": "2.02910", "2005-09-30": "2.64120", "2005-06-30": "1.96590", "2005-03-31": "2.67280"}, "ROI - Return On Investment": {"2020-09-30": "6.60860", "2020-06-30": "1.91890", "2020-03-31": "3.84970", "2019-12-31": "6.06840", "2019-09-30": "6.63030", "2019-06-30": "5.86910", "2019-03-31": "5.04310", "2018-12-31": "5.70300", "2018-09-30": "6.52240", "2018-06-30": "6.02460", "2018-03-31": "5.25950", "2017-12-31": "2.65990", "2017-09-30": "7.55750", "2017-06-30": "5.33490", "2017-03-31": "4.86830", "2016-12-31": "5.04090", "2016-09-30": "5.23070", "2016-06-30": "4.10090", "2016-03-31": "4.13290", "2015-12-31": "3.86480", "2015-09-30": "4.97790", "2015-06-30": "4.22450", "2015-03-31": "3.15820", "2014-12-31": "3.94940", "2014-09-30": "3.79640", "2014-06-30": "4.46780", "2014-03-31": "4.01960", "2013-12-31": "4.63510", "2013-09-30": "5.31260", "2013-06-30": "4.89300", "2013-03-31": "4.53220", "2012-12-31": "4.82640", "2012-09-30": "5.46250", "2012-06-30": "5.03450", "2012-03-31": "4.74130", "2011-12-31": "5.19000", "2011-09-30": "6.19620", "2011-06-30": "5.42060", "2011-03-31": "4.84030", "2010-12-31": "4.75410", "2010-09-30": "5.55470", "2010-06-30": "5.23330", "2010-03-31": "4.43020", "2009-12-31": "4.94750", "2009-09-30": "5.28780", "2009-06-30": "4.60750", "2009-03-31": "4.23970", "2008-12-31": "4.18060", "2008-09-30": "5.19940", "2008-06-30": "4.75050", "2008-03-31": "3.80600", "2007-12-31": "5.63620", "2007-09-30": "4.43060", "2007-06-30": "-3.08390", "2007-03-31": "3.19820", "2006-12-31": "3.15620", "2006-09-30": "3.49320", "2006-06-30": "2.91080", "2006-03-31": "2.40160", "2005-12-31": "2.52700", "2005-09-30": "3.36320", "2005-06-30": "2.39740", "2005-03-31": "3.19360"}, "Book Value Per Share": {"2020-09-30": "-11.37040", "2020-06-30": "-12.71750", "2020-03-31": "-12.49950", "2019-12-31": "-11.00130", "2019-09-30": "-11.41840", "2019-06-30": "-8.96600", "2019-03-31": "-8.58010", "2018-12-31": "-8.15850", "2018-09-30": "-8.81130", "2018-06-30": "-7.54190", "2018-03-31": "-6.00970", "2017-12-31": "-4.45170", "2017-09-30": "-4.36230", "2017-06-30": "-2.46990", "2017-03-31": "-2.49180", "2016-12-31": "-2.69050", "2016-09-30": "-1.95580", "2016-06-30": "0.75000", "2016-03-31": "4.40080", "2015-12-31": "7.81640", "2015-09-30": "9.05010", "2015-06-30": "11.21350", "2015-03-31": "11.89700", "2014-12-31": "13.34860", "2014-09-30": "14.00110", "2014-06-30": "16.45270", "2014-03-31": "16.33720", "2013-12-31": "16.16490", "2013-09-30": "15.24110", "2013-06-30": "15.17680", "2013-03-31": "15.19020", "2012-12-31": "15.25240", "2012-09-30": "13.82880", "2012-06-30": "13.91820", "2012-03-31": "14.42680", "2011-12-31": "14.08870", "2011-09-30": "13.03580", "2011-06-30": "14.49340", "2011-03-31": "13.92980", "2010-12-31": "13.88970", "2010-09-30": "12.90850", "2010-06-30": "12.33840", "2010-03-31": "13.12210", "2009-12-31": "13.03420", "2009-09-30": "12.22170", "2009-06-30": "12.13990", "2009-03-31": "11.49670", "2008-12-31": "11.99910", "2008-09-30": "11.71070", "2008-06-30": "13.00040", "2008-03-31": "12.71650", "2007-12-31": "13.11230", "2007-09-30": "12.65570", "2007-06-30": "12.65900", "2007-03-31": "13.20630", "2006-12-31": "12.84230", "2006-09-30": "12.55460", "2006-06-30": "12.75280", "2006-03-31": "12.17160", "2005-12-31": "11.99030", "2005-09-30": "11.53450", "2005-06-30": "11.48850", "2005-03-31": "11.54840"}, "Operating Cash Flow Per Share": {"2020-09-30": 3.916, "2020-06-30": -0.2789, "2020-03-31": "2.05940", "2019-12-31": 2.4593, "2019-09-30": 3.0257, "2019-06-30": 2.5148, "2019-03-31": "2.61870", "2018-12-31": 1.8707, "2018-09-30": 3.2062, "2018-06-30": 1.7313, "2018-03-31": "2.05980", "2017-12-31": 1.3469, "2017-09-30": 2.0942, "2017-06-30": 1.4949, "2017-03-31": "1.87110", "2016-12-31": 0.8492, "2016-09-30": 2.7508, "2016-06-30": 1.4891, "2016-03-31": "1.94710", "2015-12-31": 1.4023, "2015-09-30": 2.165, "2015-06-30": 1.5951, "2015-03-31": "1.76020", "2014-12-31": 1.5105, "2014-09-30": 1.8958, "2014-06-30": 1.5023, "2014-03-31": "1.91520", "2013-12-31": 1.8529, "2013-09-30": 2.0562, "2013-06-30": 1.5002, "2013-03-31": "1.66890", "2012-12-31": 1.7898, "2012-09-30": 1.9945, "2012-06-30": 1.458, "2012-03-31": "1.58590", "2011-12-31": 1.6902, "2011-09-30": 2.1023, "2011-06-30": 1.5777, "2011-03-31": "1.47270", "2010-12-31": 1.576, "2010-09-30": 1.8341, "2010-06-30": 1.155, "2010-03-31": "1.30510", "2009-12-31": 1.2112, "2009-09-30": 1.6869, "2009-06-30": 1.2895, "2009-03-31": "1.00560", "2008-12-31": 1.2489, "2008-09-30": 1.529, "2008-06-30": 1.1167, "2008-03-31": "1.26880", "2007-12-31": 1.0486, "2007-09-30": 1.291, "2007-06-30": 0.9248, "2007-03-31": "0.75960", "2006-12-31": 1.0563, "2006-09-30": 1.2148, "2006-06-30": 0.7138, "2006-03-31": "0.48360", "2005-12-31": 0.8761, "2005-09-30": 1.1487, "2005-06-30": 0.7595, "2005-03-31": "0.61520"}, "Free Cash Flow Per Share": {"2020-09-30": 3.3979, "2020-06-30": -0.6856, "2020-03-31": "1.43770", "2019-12-31": 1.556, "2019-09-30": 2.3267, "2019-06-30": 1.8243, "2019-03-31": "1.97980", "2018-12-31": 0.8067, "2018-09-30": 2.3052, "2018-06-30": 1.0128, "2018-03-31": "1.45750", "2017-12-31": 0.5814, "2017-09-30": 1.6485, "2017-06-30": 1.0768, "2017-03-31": "1.43190", "2016-12-31": 0.1219, "2016-09-30": 2.2701, "2016-06-30": 1.1013, "2016-03-31": "1.52460", "2015-12-31": 1.0139, "2015-09-30": 1.703, "2015-06-30": 1.1574, "2015-03-31": "1.35360", "2014-12-31": 0.8264, "2014-09-30": 1.2149, "2014-06-30": 0.9072, "2014-03-31": "1.34400", "2013-12-31": 0.9578, "2013-09-30": 1.3664, "2013-06-30": 0.9047, "2013-03-31": "1.04150", "2012-12-31": 0.8233, "2012-09-30": 1.2422, "2012-06-30": 0.7591, "2012-03-31": "1.01470", "2011-12-31": 0.7981, "2011-09-30": 1.431, "2011-06-30": 1.011, "2011-03-31": "0.99030", "2010-12-31": 0.8268, "2010-09-30": 1.3399, "2010-06-30": 0.7903, "2010-03-31": "0.93650", "2009-12-31": 0.6495, "2009-09-30": 1.249, "2009-06-30": 0.8943, "2009-03-31": "0.63770", "2008-12-31": 0.6369, "2008-09-30": 1.0495, "2008-06-30": 0.6922, "2008-03-31": "0.92110", "2007-12-31": 0.4546, "2007-09-30": 0.9674, "2007-06-30": 0.5706, "2007-03-31": "0.42500", "2006-12-31": 0.5371, "2006-09-30": 0.8804, "2006-06-30": 0.4033, "2006-03-31": "0.25610", "2005-12-31": 0.3832, "2005-09-30": 0.8566, "2005-06-30": 0.473, "2005-03-31": "0.42720"}}, "revenue": {"McDonald's Annual Revenue (Millions of US $)": {"2020": "$19,208", "2019": "$21,077", "2018": "$21,025", "2017": "$22,820", "2016": "$24,622", "2015": "$25,413", "2014": "$27,441", "2013": "$28,106", "2012": "$27,567", "2011": "$27,006", "2010": "$24,075", "2009": "$22,745", "2008": "$23,522", "2007": "$22,787", "2006": "$20,895", "2005": "$19,117"}, "McDonald's Quarterly Revenue (Millions of US $)": {"2020-12-31": "$5,314", "2020-09-30": "$5,418", "2020-06-30": "$3,762", "2020-03-31": "$4,714", "2019-12-31": "$5,140", "2019-09-30": "$5,502", "2019-06-30": "$5,410", "2019-03-31": "$5,024", "2018-12-31": "$5,163", "2018-09-30": "$5,369", "2018-06-30": "$5,354", "2018-03-31": "$5,139", "2017-12-31": "$5,340", "2017-09-30": "$5,755", "2017-06-30": "$6,050", "2017-03-31": "$5,676", "2016-12-31": "$6,029", "2016-09-30": "$6,424", "2016-06-30": "$6,265", "2016-03-31": "$5,904", "2015-12-31": "$6,341", "2015-09-30": "$6,615", "2015-06-30": "$6,498", "2015-03-31": "$5,959", "2014-12-31": "$6,572", "2014-09-30": "$6,987", "2014-06-30": "$7,182", "2014-03-31": "$6,700", "2013-12-31": "$7,093", "2013-09-30": "$7,323", "2013-06-30": "$7,084", "2013-03-31": "$6,605", "2012-12-31": "$6,952", "2012-09-30": "$7,152", "2012-06-30": "$6,916", "2012-03-31": "$6,547", "2011-12-31": "$6,823", "2011-09-30": "$7,166", "2011-06-30": "$6,905", "2011-03-31": "$6,112", "2010-12-31": "$6,214", "2010-09-30": "$6,305", "2010-06-30": "$5,946", "2010-03-31": "$5,610", "2009-12-31": "$5,973", "2009-09-30": "$6,047", "2009-06-30": "$5,647", "2009-03-31": "$5,077", "2008-12-31": "$5,565", "2008-09-30": "$6,267", "2008-06-30": "$6,075", "2008-03-31": "$5,615", "2007-12-31": "$5,754", "2007-09-30": "$5,901", "2007-06-30": "$5,839", "2007-03-31": "$5,293", "2006-12-31": "$5,111", "2006-09-30": "$5,503", "2006-06-30": "$5,367", "2006-03-31": "$4,914", "2005-12-31": "$5,235", "2005-09-30": "$5,327", "2005-06-30": "$5,096", "2005-03-31": "$4,803"}}, "gross-profit": {"McDonald's Annual Gross Profit (Millions of US $)": {"2020": "$9,752", "2019": "$11,115", "2018": "$10,786", "2017": "$10,621", "2016": "$10,205", "2015": "$9,789", "2014": "$10,456", "2013": "$10,903", "2012": "$10,816", "2011": "$10,687", "2010": "$9,637", "2009": "$8,792", "2008": "$8,639", "2007": "$7,905", "2006": "$6,932", "2005": "$6,177"}, "McDonald's Quarterly Gross Profit (Millions of US $)": {"2020-12-31": "$2,780", "2020-09-30": "$2,905", "2020-06-30": "$1,725", "2020-03-31": "$2,342", "2019-12-31": "$2,804", "2019-09-30": "$2,918", "2019-06-30": "$2,843", "2019-03-31": "$2,552", "2018-12-31": "$2,697", "2018-09-30": "$2,822", "2018-06-30": "$2,740", "2018-03-31": "$2,528", "2017-12-31": "$2,666", "2017-09-30": "$2,818", "2017-06-30": "$2,708", "2017-03-31": "$2,429", "2016-12-31": "$2,558", "2016-09-30": "$2,747", "2016-06-30": "$2,586", "2016-03-31": "$2,314", "2015-12-31": "$2,507", "2015-09-30": "$2,591", "2015-06-30": "$2,490", "2015-03-31": "$2,201", "2014-12-31": "$2,474", "2014-09-30": "$2,681", "2014-06-30": "$2,784", "2014-03-31": "$2,516", "2013-12-31": "$2,743", "2013-09-30": "$2,911", "2013-06-30": "$2,765", "2013-03-31": "$2,484", "2012-12-31": "$2,728", "2012-09-30": "$2,855", "2012-06-30": "$2,716", "2012-03-31": "$2,518", "2011-12-31": "$2,714", "2011-09-30": "$2,907", "2011-06-30": "$2,726", "2011-03-31": "$2,341", "2010-12-31": "$2,474", "2010-09-30": "$2,607", "2010-06-30": "$2,396", "2010-03-31": "$2,160", "2009-12-31": "$2,353", "2009-09-30": "$2,408", "2009-06-30": "$2,170", "2009-03-31": "$1,860", "2008-12-31": "$2,076", "2008-09-30": "$2,363", "2008-06-30": "$2,225", "2008-03-31": "$1,975", "2007-12-31": "$2,061", "2007-09-30": "$2,121", "2007-06-30": "$2,000", "2007-03-31": "$1,724", "2006-12-31": "$1,801", "2006-09-30": "$1,875", "2006-06-30": "$1,739", "2006-03-31": "$1,518", "2005-12-31": "$1,628", "2005-09-30": "$1,681", "2005-06-30": "$1,579", "2005-03-31": "$1,437"}}, "operating-income": {"McDonald's Annual Operating Income (Millions of US $)": {"2020": "$7,324", "2019": "$9,070", "2018": "$8,823", "2017": "$9,553", "2016": "$7,745", "2015": "$7,146", "2014": "$7,949", "2013": "$8,764", "2012": "$8,605", "2011": "$8,530", "2010": "$7,473", "2009": "$6,841", "2008": "$6,443", "2007": "$3,879", "2006": "$4,433", "2005": "$3,984"}, "McDonald's Quarterly Operating Income (Millions of US $)": {"2020-12-31": "$2,143", "2020-09-30": "$2,526", "2020-06-30": "$961", "2020-03-31": "$1,694", "2019-12-31": "$2,293", "2019-09-30": "$2,409", "2019-06-30": "$2,274", "2019-03-31": "$2,094", "2018-12-31": "$1,999", "2018-09-30": "$2,418", "2018-06-30": "$2,262", "2018-03-31": "$2,143", "2017-12-31": "$2,144", "2017-09-30": "$3,079", "2017-06-30": "$2,295", "2017-03-31": "$2,034", "2016-12-31": "$1,969", "2016-09-30": "$2,137", "2016-06-30": "$1,858", "2016-03-31": "$1,780", "2015-12-31": "$1,880", "2015-09-30": "$2,030", "2015-06-30": "$1,849", "2015-03-31": "$1,386", "2014-12-31": "$1,752", "2014-09-30": "$2,073", "2014-06-30": "$2,189", "2014-03-31": "$1,936", "2013-12-31": "$2,200", "2013-09-30": "$2,417", "2013-06-30": "$2,198", "2013-03-31": "$1,950", "2012-12-31": "$2,198", "2012-09-30": "$2,287", "2012-06-30": "$2,155", "2012-03-31": "$1,965", "2011-12-31": "$2,120", "2011-09-30": "$2,395", "2011-06-30": "$2,189", "2011-03-31": "$1,826", "2010-12-31": "$1,857", "2010-09-30": "$2,097", "2010-06-30": "$1,845", "2010-03-31": "$1,674", "2009-12-31": "$1,826", "2009-09-30": "$1,933", "2009-06-30": "$1,682", "2009-03-31": "$1,400", "2008-12-31": "$1,502", "2008-09-30": "$1,824", "2008-06-30": "$1,654", "2008-03-31": "$1,463", "2007-12-31": "$1,355", "2007-09-30": "$1,525", "2007-06-30": "$-182", "2007-03-31": "$1,181", "2006-12-31": "$1,110", "2006-09-30": "$1,288", "2006-06-30": "$1,124", "2006-03-31": "$911", "2005-12-31": "$936", "2005-09-30": "$1,160", "2005-06-30": "$1,017", "2005-03-31": "$910"}}, "ebitda": {"McDonald's Annual EBITDA (Millions of US $)": {"2019": "$10,688", "2018": "$10,305", "2017": "$10,916", "2016": "$9,261", "2015": "$8,701", "2014": "$9,594", "2013": "$10,349", "2012": "$10,093", "2011": "$9,945", "2010": "$8,749", "2009": "$8,057", "2008": "$7,651", "2007": "$5,093", "2006": "$5,683", "2005": "$5,234"}, "McDonald's Quarterly EBITDA (Millions of US $)": {"2020-09-30": "$2,967", "2020-06-30": "$1,387", "2020-03-31": "$2,115", "2019-12-31": "$2,706", "2019-09-30": "$2,823", "2019-06-30": "$2,672", "2019-03-31": "$2,487", "2018-12-31": "$2,378", "2018-09-30": "$2,793", "2018-06-30": "$2,627", "2018-03-31": "$2,506", "2017-12-31": "$2,487", "2017-09-30": "$3,435", "2017-06-30": "$2,635", "2017-03-31": "$2,359", "2016-12-31": "$2,348", "2016-09-30": "$2,508", "2016-06-30": "$2,241", "2016-03-31": "$2,164", "2015-12-31": "$2,270", "2015-09-30": "$2,418", "2015-06-30": "$2,242", "2015-03-31": "$1,772", "2014-12-31": "$2,159", "2014-09-30": "$2,486", "2014-06-30": "$2,602", "2014-03-31": "$2,346", "2013-12-31": "$2,609", "2013-09-30": "$2,811", "2013-06-30": "$2,589", "2013-03-31": "$2,341", "2012-12-31": "$2,584", "2012-09-30": "$2,659", "2012-06-30": "$2,521", "2012-03-31": "$2,329", "2011-12-31": "$2,488", "2011-09-30": "$2,753", "2011-06-30": "$2,539", "2011-03-31": "$2,165", "2010-12-31": "$2,191", "2010-09-30": "$2,409", "2010-06-30": "$2,157", "2010-03-31": "$1,992", "2009-12-31": "$2,144", "2009-09-30": "$2,245", "2009-06-30": "$1,986", "2009-03-31": "$1,683", "2008-12-31": "$1,780", "2008-09-30": "$2,135", "2008-06-30": "$1,969", "2008-03-31": "$1,767", "2007-12-31": "$1,657", "2007-09-30": "$1,822", "2007-06-30": "$121", "2007-03-31": "$1,493", "2006-12-31": "$1,425", "2006-09-30": "$1,602", "2006-06-30": "$1,439", "2006-03-31": "$1,217", "2005-12-31": "$1,253", "2005-09-30": "$1,469", "2005-06-30": "$1,323", "2005-03-31": "$1,226"}}, "net-income": {"McDonald's Annual Net Income (Millions of US $)": {"2020": "$4,731", "2019": "$6,025", "2018": "$5,924", "2017": "$5,192", "2016": "$4,687", "2015": "$4,529", "2014": "$4,758", "2013": "$5,586", "2012": "$5,465", "2011": "$5,503", "2010": "$4,946", "2009": "$4,551", "2008": "$4,313", "2007": "$2,395", "2006": "$3,544", "2005": "$2,602"}, "McDonald's Quarterly Net Income (Millions of US $)": {"2020-12-31": "$1,377", "2020-09-30": "$1,763", "2020-06-30": "$484", "2020-03-31": "$1,107", "2019-12-31": "$1,572", "2019-09-30": "$1,608", "2019-06-30": "$1,517", "2019-03-31": "$1,328", "2018-12-31": "$1,415", "2018-09-30": "$1,637", "2018-06-30": "$1,496", "2018-03-31": "$1,375", "2017-12-31": "$699", "2017-09-30": "$1,884", "2017-06-30": "$1,395", "2017-03-31": "$1,215", "2016-12-31": "$1,193", "2016-09-30": "$1,275", "2016-06-30": "$1,093", "2016-03-31": "$1,125", "2015-12-31": "$1,206", "2015-09-30": "$1,309", "2015-06-30": "$1,202", "2015-03-31": "$812", "2014-12-31": "$1,098", "2014-09-30": "$1,068", "2014-06-30": "$1,387", "2014-03-31": "$1,205", "2013-12-31": "$1,397", "2013-09-30": "$1,522", "2013-06-30": "$1,397", "2013-03-31": "$1,270", "2012-12-31": "$1,396", "2012-09-30": "$1,455", "2012-06-30": "$1,347", "2012-03-31": "$1,267", "2011-12-31": "$1,377", "2011-09-30": "$1,507", "2011-06-30": "$1,410", "2011-03-31": "$1,209", "2010-12-31": "$1,242", "2010-09-30": "$1,388", "2010-06-30": "$1,226", "2010-03-31": "$1,090", "2009-12-31": "$1,217", "2009-09-30": "$1,261", "2009-06-30": "$1,094", "2009-03-31": "$980", "2008-12-31": "$985", "2008-09-30": "$1,191", "2008-06-30": "$1,191", "2008-03-31": "$946", "2007-12-31": "$1,273", "2007-09-30": "$1,071", "2007-06-30": "$-712", "2007-03-31": "$762", "2006-12-31": "$1,242", "2006-09-30": "$843", "2006-06-30": "$834", "2006-03-31": "$625", "2005-12-31": "$609", "2005-09-30": "$735", "2005-06-30": "$530", "2005-03-31": "$728"}}, "eps-earnings-per-share-diluted": {"McDonald's Annual EPS": {"2020": "$6.31", "2019": "$7.88", "2018": "$7.54", "2017": "$6.37", "2016": "$5.44", "2015": "$4.80", "2014": "$4.82", "2013": "$5.55", "2012": "$5.36", "2011": "$5.27", "2010": "$4.58", "2009": "$4.11", "2008": "$3.76", "2007": "$1.98", "2006": "$2.83", "2005": "$2.04"}, "McDonald's Quarterly EPS": {"2020-12-31": "$1.84", "2020-09-30": "$2.35", "2020-06-30": "$0.65", "2020-03-31": "$1.47", "2019-12-31": "$2.08", "2019-09-30": "$2.11", "2019-06-30": "$1.97", "2019-03-31": "$1.72", "2018-12-31": "$1.82", "2018-09-30": "$2.10", "2018-06-30": "$1.90", "2018-03-31": "$1.72", "2017-12-31": "$0.88", "2017-09-30": "$2.32", "2017-06-30": "$1.70", "2017-03-31": "$1.47", "2016-12-31": "$1.44", "2016-09-30": "$1.50", "2016-06-30": "$1.25", "2016-03-31": "$1.25", "2015-12-31": "$1.30", "2015-09-30": "$1.40", "2015-06-30": "$1.26", "2015-03-31": "$0.84", "2014-12-31": "$1.12", "2014-09-30": "$1.09", "2014-06-30": "$1.40", "2014-03-31": "$1.21", "2013-12-31": "$1.39", "2013-09-30": "$1.52", "2013-06-30": "$1.38", "2013-03-31": "$1.26", "2012-12-31": "$1.38", "2012-09-30": "$1.43", "2012-06-30": "$1.32", "2012-03-31": "$1.23", "2011-12-31": "$1.32", "2011-09-30": "$1.45", "2011-06-30": "$1.35", "2011-03-31": "$1.15", "2010-12-31": "$1.16", "2010-09-30": "$1.29", "2010-06-30": "$1.13", "2010-03-31": "$1.00", "2009-12-31": "$1.11", "2009-09-30": "$1.15", "2009-06-30": "$0.98", "2009-03-31": "$0.87", "2008-12-31": "$0.86", "2008-09-30": "$1.05", "2008-06-30": "$1.04", "2008-03-31": "$0.81", "2007-12-31": "$1.07", "2007-09-30": "$0.89", "2007-06-30": "$-0.60", "2007-03-31": "$0.62", "2006-12-31": "$0.99", "2006-09-30": "$0.68", "2006-06-30": "$0.67", "2006-03-31": "$0.49", "2005-12-31": "$0.48", "2005-09-30": "$0.58", "2005-06-30": "$0.42", "2005-03-31": "$0.56"}}, "shares-outstanding": {"McDonald's Annual Shares Outstanding (Millions of Shares)": {"2020": "750", "2019": "765", "2018": "786", "2017": "816", "2016": "861", "2015": "945", "2014": "986", "2013": "1,006", "2012": "1,020", "2011": "1,045", "2010": "1,080", "2009": "1,107", "2008": "1,146", "2007": "1,212", "2006": "1,252", "2005": "1,274"}, "McDonald's Quarterly Shares Outstanding (Millions of Shares)": {"2020-12-31": "751", "2020-09-30": "750", "2020-06-30": "749", "2020-03-31": "751", "2019-12-31": "765", "2019-09-30": "764", "2019-06-30": "769", "2019-03-31": "772", "2018-12-31": "786", "2018-09-30": "780", "2018-06-30": "787", "2018-03-31": "799", "2017-12-31": "816", "2017-09-30": "814", "2017-06-30": "819", "2017-03-31": "825", "2016-12-31": "861", "2016-09-30": "848", "2016-06-30": "871", "2016-03-31": "896", "2015-12-31": "945", "2015-09-30": "935", "2015-06-30": "958", "2015-03-31": "966", "2014-12-31": "986", "2014-09-30": "984", "2014-06-30": "993", "2014-03-31": "996", "2013-12-31": "1,006", "2013-09-30": "1,004", "2013-06-30": "1,009", "2013-03-31": "1,011", "2012-12-31": "1,020", "2012-09-30": "1,015", "2012-06-30": "1,024", "2012-03-31": "1,030", "2011-12-31": "1,045", "2011-09-30": "1,041", "2011-06-30": "1,048", "2011-03-31": "1,055", "2010-12-31": "1,080", "2010-09-30": "1,075", "2010-06-30": "1,086", "2010-03-31": "1,090", "2009-12-31": "1,107", "2009-09-30": "1,098", "2009-06-30": "1,111", "2009-03-31": "1,124", "2008-12-31": "1,146", "2008-09-30": "1,136", "2008-06-30": "1,149", "2008-03-31": "1,165", "2007-12-31": "1,212", "2007-09-30": "1,207", "2007-06-30": "1,194", "2007-03-31": "1,222", "2006-12-31": "1,252", "2006-09-30": "1,246", "2006-06-30": "1,248", "2006-03-31": "1,271", "2005-12-31": "1,276", "2005-09-30": "1,272", "2005-06-30": "1,270", "2005-03-31": "1,289"}}, "total-assets": {"McDonald's Annual Total Assets (Millions of US $)": {"2019": "$47,511", "2018": "$32,811", "2017": "$33,804", "2016": "$31,024", "2015": "$37,939", "2014": "$34,227", "2013": "$36,626", "2012": "$35,387", "2011": "$32,990", "2010": "$31,975", "2009": "$30,225", "2008": "$28,462", "2007": "$29,392", "2006": "$28,975", "2005": "$29,989"}, "McDonald's Quarterly Total Assets (Millions of US $)": {"2020-09-30": "$50,699", "2020-06-30": "$49,939", "2020-03-31": "$50,568", "2019-12-31": "$47,511", "2019-09-30": "$45,805", "2019-06-30": "$46,200", "2019-03-31": "$46,467", "2018-12-31": "$32,811", "2018-09-30": "$34,054", "2018-06-30": "$32,708", "2018-03-31": "$33,723", "2017-12-31": "$33,804", "2017-09-30": "$32,560", "2017-06-30": "$32,785", "2017-03-31": "$32,120", "2016-12-31": "$31,024", "2016-09-30": "$32,487", "2016-06-30": "$33,147", "2016-03-31": "$33,795", "2015-12-31": "$37,939", "2015-09-30": "$32,960", "2015-06-30": "$34,948", "2015-03-31": "$32,156", "2014-12-31": "$34,227", "2014-09-30": "$36,021", "2014-06-30": "$37,781", "2014-03-31": "$36,369", "2013-12-31": "$36,626", "2013-09-30": "$35,551", "2013-06-30": "$34,453", "2013-03-31": "$34,124", "2012-12-31": "$35,387", "2012-09-30": "$33,825", "2012-06-30": "$33,332", "2012-03-31": "$33,334", "2011-12-31": "$32,990", "2011-09-30": "$32,278", "2011-06-30": "$32,833", "2011-03-31": "$32,080", "2010-12-31": "$31,975", "2010-09-30": "$31,169", "2010-06-30": "$28,675", "2010-03-31": "$29,826", "2009-12-31": "$30,225", "2009-09-30": "$30,072", "2009-06-30": "$29,207", "2009-03-31": "$27,811", "2008-12-31": "$28,462", "2008-09-30": "$28,134", "2008-06-30": "$30,521", "2008-03-31": "$30,922", "2007-12-31": "$29,392", "2007-09-30": "$29,674", "2007-06-30": "$28,995", "2007-03-31": "$29,474", "2006-12-31": "$28,975", "2006-09-30": "$30,829", "2006-06-30": "$29,773", "2006-03-31": "$29,601", "2005-12-31": "$29,989", "2005-09-30": "$27,844", "2005-06-30": "$26,980", "2005-03-31": "$27,234"}}, "cash-on-hand": {"McDonald's Annual Cash on Hand (Millions of US $)": {"2019": "$899", "2018": "$866", "2017": "$2,464", "2016": "$1,223", "2015": "$7,686", "2014": "$2,078", "2013": "$2,799", "2012": "$2,336", "2011": "$2,336", "2010": "$2,387", "2009": "$1,796", "2008": "$2,063", "2007": "$1,981", "2006": "$2,128", "2005": "$4,261"}, "McDonald's Quarterly Cash on Hand (Millions of US $)": {"2020-09-30": "$3,684", "2020-06-30": "$3,256", "2020-03-31": "$5,380", "2019-12-31": "$899", "2019-09-30": "$1,177", "2019-06-30": "$1,135", "2019-03-31": "$2,289", "2018-12-31": "$866", "2018-09-30": "$2,575", "2018-06-30": "$1,624", "2018-03-31": "$2,468", "2017-12-31": "$2,464", "2017-09-30": "$2,671", "2017-06-30": "$2,392", "2017-03-31": "$2,412", "2016-12-31": "$1,223", "2016-09-30": "$2,267", "2016-06-30": "$3,128", "2016-03-31": "$3,310", "2015-12-31": "$7,686", "2015-09-30": "$2,453", "2015-06-30": "$3,999", "2015-03-31": "$1,635", "2014-12-31": "$2,078", "2014-09-30": "$3,233", "2014-06-30": "$3,671", "2014-03-31": "$2,744", "2013-12-31": "$2,799", "2013-09-30": "$2,544", "2013-06-30": "$2,278", "2013-03-31": "$1,869", "2012-12-31": "$2,336", "2012-09-30": "$2,179", "2012-06-30": "$2,485", "2012-03-31": "$2,289", "2011-12-31": "$2,336", "2011-09-30": "$2,389", "2011-06-30": "$2,070", "2011-03-31": "$1,940", "2010-12-31": "$2,387", "2010-09-30": "$2,495", "2010-06-30": "$1,666", "2010-03-31": "$2,007", "2009-12-31": "$1,796", "2009-09-30": "$2,201", "2009-06-30": "$2,161", "2009-03-31": "$1,979", "2008-12-31": "$2,063", "2008-09-30": "$1,487", "2008-06-30": "$2,343", "2008-03-31": "$2,922", "2007-12-31": "$1,981", "2007-09-30": "$2,993", "2007-06-30": "$2,142", "2007-03-31": "$2,438", "2006-12-31": "$2,128", "2006-09-30": "$4,283", "2006-06-30": "$3,290", "2006-03-31": "$3,803", "2005-12-31": "$4,261", "2005-09-30": "$2,297", "2005-06-30": "$1,561", "2005-03-31": "$1,357"}}, "long-term-debt": {"McDonald's Annual Long Term Debt (Millions of US $)": {"2019": "$34,118", "2018": "$31,075", "2017": "$29,536", "2016": "$25,879", "2015": "$24,122", "2014": "$14,936", "2013": "$14,130", "2012": "$13,633", "2011": "$12,134", "2010": "$11,497", "2009": "$10,560", "2008": "$10,186", "2007": "$7,310", "2006": "$8,390", "2005": "$8,934"}, "McDonald's Quarterly Long Term Debt (Millions of US $)": {"2020-09-30": "$35,143", "2020-06-30": "$34,676", "2020-03-31": "$38,047", "2019-12-31": "$34,118", "2019-09-30": "$32,850", "2019-06-30": "$32,654", "2019-03-31": "$32,892", "2018-12-31": "$31,075", "2018-09-30": "$31,895", "2018-06-30": "$30,688", "2018-03-31": "$30,870", "2017-12-31": "$29,536", "2017-09-30": "$28,403", "2017-06-30": "$28,151", "2017-03-31": "$26,984", "2016-12-31": "$25,879", "2016-09-30": "$26,007", "2016-06-30": "$26,010", "2016-03-31": "$23,353", "2015-12-31": "$24,122", "2015-09-30": "$17,991", "2015-06-30": "$17,902", "2015-03-31": "$14,292", "2014-12-31": "$14,936", "2014-09-30": "$14,517", "2014-06-30": "$14,891", "2014-03-31": "$13,825", "2013-12-31": "$14,130", "2013-09-30": "$13,488", "2013-06-30": "$13,370", "2013-03-31": "$12,798", "2012-12-31": "$13,633", "2012-09-30": "$12,752", "2012-06-30": "$12,720", "2012-03-31": "$12,056", "2011-12-31": "$12,134", "2011-09-30": "$10,988", "2011-06-30": "$11,063", "2011-03-31": "$10,524", "2010-12-31": "$11,497", "2010-09-30": "$11,357", "2010-06-30": "$10,291", "2010-03-31": "$10,483", "2009-12-31": "$10,560", "2009-09-30": "$10,658", "2009-06-30": "$10,493", "2009-03-31": "$10,420", "2008-12-31": "$10,186", "2008-09-30": "$9,861", "2008-06-30": "$10,439", "2008-03-31": "$10,444", "2007-12-31": "$7,310", "2007-09-30": "$7,686", "2007-06-30": "$7,886", "2007-03-31": "$8,200", "2006-12-31": "$8,390", "2006-09-30": "$8,569", "2006-06-30": "$8,351", "2006-03-31": "$8,709", "2005-12-31": "$8,934", "2005-09-30": "$7,350", "2005-06-30": "$7,764", "2005-03-31": "$8,155"}}, "total-liabilities": {"McDonald's Annual Total Liabilities (Millions of US $)": {"2019": "$55,721", "2018": "$39,070", "2017": "$37,072", "2016": "$33,228", "2015": "$30,851", "2014": "$21,374", "2013": "$20,617", "2012": "$20,093", "2011": "$18,600", "2010": "$17,341", "2009": "$16,191", "2008": "$15,079", "2007": "$14,112", "2006": "$13,516", "2005": "$14,843"}, "McDonald's Quarterly Total Liabilities (Millions of US $)": {"2020-09-30": "$59,171", "2020-06-30": "$59,402", "2020-03-31": "$59,861", "2019-12-31": "$55,721", "2019-09-30": "$54,404", "2019-06-30": "$53,009", "2019-03-31": "$53,018", "2018-12-31": "$39,070", "2018-09-30": "$40,846", "2018-06-30": "$38,559", "2018-03-31": "$38,442", "2017-12-31": "$37,072", "2017-09-30": "$36,037", "2017-06-30": "$34,786", "2017-03-31": "$34,151", "2016-12-31": "$33,228", "2016-09-30": "$34,111", "2016-06-30": "$32,507", "2016-03-31": "$29,932", "2015-12-31": "$30,851", "2015-09-30": "$24,650", "2015-06-30": "$24,387", "2015-03-31": "$20,752", "2014-12-31": "$21,374", "2014-09-30": "$22,395", "2014-06-30": "$21,626", "2014-03-31": "$20,221", "2013-12-31": "$20,617", "2013-09-30": "$20,386", "2013-06-30": "$19,283", "2013-03-31": "$18,896", "2012-12-31": "$20,093", "2012-09-30": "$19,940", "2012-06-30": "$19,297", "2012-03-31": "$18,674", "2011-12-31": "$18,600", "2011-09-30": "$18,939", "2011-06-30": "$17,880", "2011-03-31": "$17,627", "2010-12-31": "$17,341", "2010-09-30": "$17,531", "2010-06-30": "$15,544", "2010-03-31": "$15,709", "2009-12-31": "$16,191", "2009-09-30": "$16,883", "2009-06-30": "$15,963", "2009-03-31": "$15,128", "2008-12-31": "$15,079", "2008-09-30": "$15,083", "2008-06-30": "$15,900", "2008-03-31": "$16,508", "2007-12-31": "$14,112", "2007-09-30": "$14,706", "2007-06-30": "$13,909", "2007-03-31": "$13,707", "2006-12-31": "$13,516", "2006-09-30": "$15,303", "2006-06-30": "$14,134", "2006-03-31": "$14,434", "2005-12-31": "$14,843", "2005-09-30": "$13,327", "2005-06-30": "$12,620", "2005-03-31": "$12,596"}}, "total-share-holder-equity": {"McDonald's Annual Share Holder Equity (Millions of US $)": {"2019": "$-8,210", "2018": "$-6,258", "2017": "$-3,268", "2016": "$-2,204", "2015": "$7,088", "2014": "$12,853", "2013": "$16,010", "2012": "$15,294", "2011": "$14,390", "2010": "$14,634", "2009": "$14,034", "2008": "$13,383", "2007": "$15,280", "2006": "$15,458", "2005": "$15,146"}, "McDonald's Quarterly Share Holder Equity (Millions of US $)": {"2020-09-30": "$-8,472", "2020-06-30": "$-9,463", "2020-03-31": "$-9,293", "2019-12-31": "$-8,210", "2019-09-30": "$-8,599", "2019-06-30": "$-6,809", "2019-03-31": "$-6,551", "2018-12-31": "$-6,258", "2018-09-30": "$-6,793", "2018-06-30": "$-5,851", "2018-03-31": "$-4,719", "2017-12-31": "$-3,268", "2017-09-30": "$-3,478", "2017-06-30": "$-2,001", "2017-03-31": "$-2,031", "2016-12-31": "$-2,204", "2016-09-30": "$-1,624", "2016-06-30": "$640", "2016-03-31": "$3,863", "2015-12-31": "$7,088", "2015-09-30": "$8,310", "2015-06-30": "$10,561", "2015-03-31": "$11,403", "2014-12-31": "$12,853", "2014-09-30": "$13,626", "2014-06-30": "$16,155", "2014-03-31": "$16,148", "2013-12-31": "$16,010", "2013-09-30": "$15,165", "2013-06-30": "$15,171", "2013-03-31": "$15,228", "2012-12-31": "$15,294", "2012-09-30": "$13,884", "2012-06-30": "$14,035", "2012-03-31": "$14,661", "2011-12-31": "$14,390", "2011-09-30": "$13,338", "2011-06-30": "$14,953", "2011-03-31": "$14,454", "2010-12-31": "$14,634", "2010-09-30": "$13,638", "2010-06-30": "$13,132", "2010-03-31": "$14,117", "2009-12-31": "$14,034", "2009-09-30": "$13,190", "2009-06-30": "$13,245", "2009-03-31": "$12,683", "2008-12-31": "$13,383", "2008-09-30": "$13,052", "2008-06-30": "$14,622", "2008-03-31": "$14,414", "2007-12-31": "$15,280", "2007-09-30": "$14,968", "2007-06-30": "$15,086", "2007-03-31": "$15,767", "2006-12-31": "$15,458", "2006-09-30": "$15,526", "2006-06-30": "$15,639", "2006-03-31": "$15,167", "2005-12-31": "$15,146", "2005-09-30": "$14,516", "2005-06-30": "$14,361", "2005-03-31": "$14,638"}}, "profit-margins": {"current": "24.63%"}, "gross margin": {"2020-12-31": "50.77%", "2020-09-30": "51.36%", "2020-06-30": "51.20%", "2020-03-31": "52.52%", "2019-12-31": "52.75%", "2019-09-30": "52.18%", "2019-06-30": "52.06%", "2019-03-31": "51.70%", "2018-12-31": "51.31%", "2018-09-30": "50.73%", "2018-06-30": "49.81%", "2018-03-31": "48.11%", "2017-12-31": "46.54%", "2017-09-30": "44.72%", "2017-06-30": "43.19%", "2017-03-31": "42.31%", "2016-12-31": "41.45%", "2016-09-30": "40.72%", "2016-06-30": "39.79%", "2016-03-31": "39.05%", "2015-12-31": "38.52%", "2015-09-30": "38.04%", "2015-06-30": "37.85%", "2015-03-31": "37.98%", "2014-12-31": "38.10%", "2014-09-30": "38.35%", "2014-06-30": "38.71%", "2014-03-31": "38.78%", "2013-12-31": "38.79%", "2013-09-30": "38.94%", "2013-06-30": "38.97%", "2013-03-31": "39.03%", "2012-12-31": "39.24%", "2012-09-30": "39.37%", "2012-06-30": "39.54%", "2012-03-31": "39.59%", "2011-12-31": "39.58%", "2011-09-30": "39.58%", "2011-06-30": "39.74%", "2011-03-31": "39.95%", "2010-12-31": "40.03%", "2010-09-30": "39.93%", "2010-06-30": "39.52%", "2010-03-31": "39.06%", "2009-12-31": "38.65%", "2009-09-30": "38.12%", "2009-06-30": "37.55%", "2009-03-31": "37.09%", "2008-12-31": "36.73%", "2008-09-30": "36.37%", "2008-06-30": "35.90%", "2008-03-31": "35.30%", "2007-12-31": "34.70%", "2007-09-30": "34.53%", "2007-06-30": "34.03%", "2007-03-31": "33.56%", "2006-12-31": "33.18%", "2006-09-30": "32.16%", "2006-06-30": "31.50%", "2006-03-31": "31.14%", "2005-12-31": "30.91%"}, "operating margin": {"2020-12-31": "38.13%", "2020-09-30": "39.27%", "2020-06-30": "38.48%", "2020-03-31": "41.75%", "2019-12-31": "43.03%", "2019-09-30": "41.59%", "2019-06-30": "41.90%", "2019-03-31": "41.96%", "2018-12-31": "41.96%", "2018-09-30": "42.29%", "2018-06-30": "44.60%", "2018-03-31": "43.35%", "2017-12-31": "41.86%", "2017-09-30": "39.89%", "2017-06-30": "34.89%", "2017-03-31": "32.79%", "2016-12-31": "31.45%", "2016-09-30": "30.70%", "2016-06-30": "30.04%", "2016-03-31": "29.73%", "2015-12-31": "28.12%", "2015-09-30": "27.36%", "2015-06-30": "27.14%", "2015-03-31": "27.72%", "2014-12-31": "28.97%", "2014-09-30": "30.03%", "2014-06-30": "30.89%", "2014-03-31": "31.03%", "2013-12-31": "31.19%", "2013-09-30": "31.34%", "2013-06-30": "31.06%", "2013-03-31": "31.10%", "2012-12-31": "31.21%", "2012-09-30": "31.08%", "2012-06-30": "31.45%", "2012-03-31": "31.59%", "2011-12-31": "31.59%", "2011-09-30": "31.32%", "2011-06-30": "31.21%", "2011-03-31": "31.02%", "2010-12-31": "31.04%", "2010-09-30": "31.22%", "2010-06-30": "30.87%", "2010-03-31": "30.57%", "2009-12-31": "30.08%", "2009-09-30": "29.18%", "2009-06-30": "28.41%", "2009-03-31": "27.76%", "2008-12-31": "27.39%", "2008-09-30": "26.55%", "2008-06-30": "25.69%", "2008-03-31": "18.01%", "2007-12-31": "17.02%", "2007-09-30": "16.41%", "2007-06-30": "15.62%", "2007-03-31": "22.11%", "2006-12-31": "21.22%", "2006-09-30": "20.26%", "2006-06-30": "19.82%", "2006-03-31": "19.56%", "2005-12-31": "19.66%"}, "ebitda margin": {"2020-09-30": "48.20%", "2020-06-30": "47.24%", "2020-03-31": "49.68%", "2019-12-31": "50.71%", "2019-09-30": "49.10%", "2019-06-30": "49.27%", "2019-03-31": "49.19%", "2018-12-31": "49.01%", "2018-09-30": "49.11%", "2018-06-30": "51.21%", "2018-03-31": "49.65%", "2017-12-31": "47.83%", "2017-09-30": "45.84%", "2017-06-30": "40.74%", "2017-03-31": "38.76%", "2016-12-31": "37.61%", "2016-09-30": "36.83%", "2016-06-30": "36.19%", "2016-03-31": "35.86%", "2015-12-31": "34.24%", "2015-09-30": "33.50%", "2015-06-30": "33.28%", "2015-03-31": "33.78%", "2014-12-31": "34.96%", "2014-09-30": "35.92%", "2014-06-30": "36.64%", "2014-03-31": "36.72%", "2013-12-31": "36.83%", "2013-09-30": "36.92%", "2013-06-30": "36.60%", "2013-03-31": "36.58%", "2012-12-31": "36.61%", "2012-09-30": "36.43%", "2012-06-30": "36.76%", "2012-03-31": "36.84%", "2011-12-31": "36.83%", "2011-09-30": "36.55%", "2011-06-30": "36.43%", "2011-03-31": "36.30%", "2010-12-31": "36.34%", "2010-09-30": "36.51%", "2010-06-30": "36.21%", "2010-03-31": "35.95%", "2009-12-31": "35.43%", "2009-09-30": "34.45%", "2009-06-30": "33.62%", "2009-03-31": "32.92%", "2008-12-31": "32.53%", "2008-09-30": "31.75%", "2008-06-30": "30.91%", "2008-03-31": "23.22%", "2007-12-31": "22.35%", "2007-09-30": "21.95%", "2007-06-30": "21.34%", "2007-03-31": "28.01%", "2006-12-31": "27.20%", "2006-09-30": "26.22%", "2006-06-30": "25.80%", "2006-03-31": "25.58%", "2005-12-31": "25.76%"}, "pre tax profit margin": {"2020-12-31": "31.97%", "2020-09-30": "33.30%", "2020-06-30": "32.81%", "2020-03-31": "36.75%", "2019-12-31": "38.04%", "2019-09-30": "36.69%", "2019-06-30": "36.96%", "2019-03-31": "37.11%", "2018-12-31": "37.17%", "2018-09-30": "37.50%", "2018-06-30": "39.89%", "2018-03-31": "38.84%", "2017-12-31": "37.57%", "2017-09-30": "35.83%", "2017-06-30": "31.06%", "2017-03-31": "29.10%", "2016-12-31": "27.89%", "2016-09-30": "27.44%", "2016-06-30": "27.12%", "2016-03-31": "27.12%", "2015-12-31": "25.79%", "2015-09-30": "25.11%", "2015-06-30": "24.92%", "2015-03-31": "25.63%", "2014-12-31": "26.86%", "2014-09-30": "28.01%", "2014-06-30": "28.92%", "2014-03-31": "28.98%", "2013-12-31": "29.19%", "2013-09-30": "29.39%", "2013-06-30": "29.14%", "2013-03-31": "29.14%", "2012-12-31": "29.31%", "2012-09-30": "29.14%", "2012-06-30": "29.52%", "2012-03-31": "29.74%", "2011-12-31": "29.67%", "2011-09-30": "29.40%", "2011-06-30": "29.27%", "2011-03-31": "29.06%", "2010-12-31": "29.08%", "2010-09-30": "29.24%", "2010-06-30": "28.91%", "2010-03-31": "28.66%", "2009-12-31": "28.52%", "2009-09-30": "27.68%", "2009-06-30": "26.87%", "2009-03-31": "26.83%", "2008-12-31": "26.18%", "2008-09-30": "25.49%", "2008-06-30": "24.84%", "2008-03-31": "16.59%", "2007-12-31": "15.68%", "2007-09-30": "15.04%", "2007-06-30": "14.22%", "2007-03-31": "20.73%", "2006-12-31": "19.88%", "2006-09-30": "18.85%", "2006-06-30": "18.38%", "2006-03-31": "18.06%", "2005-12-31": "18.09%"}, "net profit margin": {"2020-12-31": "24.63%", "2020-09-30": "25.88%", "2020-06-30": "24.96%", "2020-03-31": "27.95%", "2019-12-31": "28.59%", "2019-09-30": "27.81%", "2019-06-30": "28.13%", "2019-03-31": "28.10%", "2018-12-31": "28.17%", "2018-09-30": "24.56%", "2018-06-30": "25.26%", "2018-03-31": "24.02%", "2017-12-31": "22.76%", "2017-09-30": "24.19%", "2017-06-30": "21.00%", "2017-03-31": "19.58%", "2016-12-31": "19.03%", "2016-09-30": "18.85%", "2016-06-30": "18.84%", "2016-03-31": "19.09%", "2015-12-31": "17.82%", "2015-09-30": "17.24%", "2015-06-30": "16.07%", "2015-03-31": "16.35%", "2014-12-31": "17.34%", "2014-09-30": "18.09%", "2014-06-30": "19.47%", "2014-03-31": "19.58%", "2013-12-31": "19.88%", "2013-09-30": "19.97%", "2013-06-30": "19.85%", "2013-03-31": "19.79%", "2012-12-31": "19.82%", "2012-09-30": "19.85%", "2012-06-30": "20.03%", "2012-03-31": "20.27%", "2011-12-31": "20.38%", "2011-09-30": "20.34%", "2011-06-30": "20.56%", "2011-03-31": "20.61%", "2010-12-31": "20.54%", "2010-09-30": "20.65%", "2010-06-30": "20.33%", "2010-03-31": "20.03%", "2009-12-31": "20.01%", "2009-09-30": "19.34%", "2009-06-30": "18.84%", "2009-03-31": "18.91%", "2008-12-31": "18.34%", "2008-09-30": "19.40%", "2008-06-30": "19.19%", "2008-03-31": "11.16%", "2007-12-31": "10.51%", "2007-09-30": "10.67%", "2007-06-30": "9.82%", "2007-03-31": "17.30%", "2006-12-31": "16.96%", "2006-09-30": "13.85%", "2006-06-30": "13.45%", "2006-03-31": "12.15%", "2005-12-31": "12.72%"}, "pe ratio": {"current": "35.14", "2021-02-05": "47.56", "2020-12-31": "48.00", "2020-09-30": "33.31", "2020-06-30": "28.89", "2020-03-31": "21.28", "2019-12-31": "24.46", "2019-09-30": "27.31", "2019-06-30": "26.31", "2019-03-31": "24.14", "2018-12-31": "22.43", "2018-09-30": "24.03", "2018-06-30": "21.65", "2018-03-31": "22.12", "2017-12-31": "25.14", "2017-09-30": "20.88", "2017-06-30": "23.01", "2017-03-31": "20.89", "2016-12-31": "20.34", "2016-09-30": "19.60", "2016-06-30": "20.68", "2016-03-31": "21.40", "2015-12-31": "21.58", "2015-09-30": "18.55", "2015-06-30": "19.02", "2015-03-31": "18.72", "2014-12-31": "16.48", "2014-09-30": "15.65", "2014-06-30": "15.21", "2014-03-31": "14.73", "2013-12-31": "14.33", "2013-09-30": "14.14", "2013-06-30": "14.67", "2013-03-31": "14.82", "2012-12-31": "13.09", "2012-09-30": "13.62", "2012-06-30": "12.99", "2012-03-31": "14.20", "2011-12-31": "14.64", "2011-09-30": "13.14", "2011-06-30": "12.94", "2011-03-31": "12.13", "2010-12-31": "12.53", "2010-09-30": "12.21", "2010-06-30": "11.05", "2010-03-31": "11.50", "2009-12-31": "11.00", "2009-09-30": "10.59", "2009-06-30": "10.85", "2009-03-31": "10.06", "2008-12-31": "11.53", "2008-09-30": "10.80", "2008-06-30": "10.20", "2008-03-31": "17.68", "2007-12-31": "20.34", "2007-09-30": "18.90", "2007-06-30": "19.78", "2007-03-31": "10.05", "2006-12-31": "10.34"}, "price sales": {"2021-02-05": "8.30", "2020-12-31": "8.38", "2020-09-30": "8.64", "2020-06-30": "7.23", "2020-03-31": "5.96", "2019-12-31": "7.02", "2019-09-30": "7.62", "2019-06-30": "7.41", "2019-03-31": "6.80", "2018-12-31": "6.34", "2018-09-30": "5.94", "2018-06-30": "5.49", "2018-03-31": "5.33", "2017-12-31": "5.73", "2017-09-30": "5.11", "2017-06-30": "4.88", "2017-03-31": "4.13", "2016-12-31": "3.89", "2016-09-30": "3.69", "2016-06-30": "3.89", "2016-03-31": "4.10", "2015-12-31": "3.88", "2015-09-30": "3.22", "2015-06-30": "3.07", "2015-03-31": "3.07", "2014-12-31": "2.87", "2014-09-30": "2.84", "2014-06-30": "2.97", "2014-03-31": "2.89", "2013-12-31": "2.86", "2013-09-30": "2.83", "2013-06-30": "2.92", "2013-03-31": "2.94", "2012-12-31": "2.60", "2012-09-30": "2.71", "2012-06-30": "2.61", "2012-03-31": "2.89", "2011-12-31": "3.00", "2011-09-30": "2.68", "2011-06-30": "2.67", "2011-03-31": "2.51", "2010-12-31": "2.58", "2010-09-30": "2.53", "2010-06-30": "2.25", "2010-03-31": "2.31", "2009-12-31": "2.21", "2009-09-30": "2.05", "2009-06-30": "2.05", "2009-03-31": "1.91", "2008-12-31": "2.12", "2008-09-30": "2.10", "2008-06-30": "1.96", "2008-03-31": "1.97", "2007-12-31": "2.12", "2007-09-30": "1.98", "2007-06-30": "1.90", "2007-03-31": "1.74", "2006-12-31": "1.76"}, "price book": {"current": "0.00", "2021-02-05": "0.00", "2020-09-30": "-19.19", "2020-06-30": "-14.34", "2020-03-31": "-12.99", "2019-12-31": "-17.52", "2019-09-30": "-18.23", "2019-06-30": "-22.33", "2019-03-31": "-21.21", "2018-12-31": "-20.73", "2018-09-30": "-17.97", "2018-06-30": "-19.55", "2018-03-31": "-24.33", "2017-12-31": "-35.92", "2017-09-30": "-33.17", "2017-06-30": "-56.93", "2017-03-31": "-47.46", "2016-12-31": "-40.98", "2016-09-30": "-53.01", "2016-06-30": "143.10", "2016-03-31": "25.28", "2015-12-31": "13.28", "2015-09-30": "9.49", "2015-06-30": "7.33", "2015-03-31": "7.02", "2014-12-31": "5.96", "2014-09-30": "5.70", "2014-06-30": "5.11", "2014-03-31": "4.97", "2013-12-31": "4.93", "2013-09-30": "5.14", "2013-06-30": "5.27", "2013-03-31": "5.26", "2012-12-31": "4.60", "2012-09-30": "5.23", "2012-06-30": "4.97", "2012-03-31": "5.28", "2011-12-31": "5.49", "2011-09-30": "5.15", "2011-06-30": "4.42", "2011-03-31": "4.12", "2010-12-31": "4.13", "2010-09-30": "4.28", "2010-06-30": "3.93", "2010-03-31": "3.71", "2009-12-31": "3.47", "2009-09-30": "3.35", "2009-06-30": "3.37", "2009-03-31": "3.35", "2008-12-31": "3.62", "2008-09-30": "3.65", "2008-06-30": "2.98", "2008-03-31": "3.00", "2007-12-31": "3.06", "2007-09-30": "2.85", "2007-06-30": "2.66", "2007-03-31": "2.26", "2006-12-31": "2.29", "2006-09-30": "2.02", "2006-06-30": "1.70", "2006-03-31": "1.83"}, "price fcf": {"2021-02-05": "", "2020-09-30": "$5.71", "2020-06-30": "$4.63", "2020-03-31": "$7.14", "2019-12-31": "$7.69", "2019-09-30": "$6.94", "2019-06-30": "$6.92", "2019-03-31": "$6.10", "2018-12-31": "$5.58", "2018-09-30": "$5.36", "2018-06-30": "$4.70", "2018-03-31": "$4.76", "2017-12-31": "$4.74", "2017-09-30": "$4.28", "2017-06-30": "$4.90", "2017-03-31": "$4.93", "2016-12-31": "$5.02", "2016-09-30": "$5.91", "2016-06-30": "$5.34", "2016-03-31": "$5.40", "2015-12-31": "$5.23", "2015-09-30": "$5.04", "2015-06-30": "$4.55", "2015-03-31": "$4.30", "2014-12-31": "$4.29", "2014-09-30": "$4.42", "2014-06-30": "$4.58", "2014-03-31": "$4.57", "2013-12-31": "$4.27", "2013-09-30": "$4.14", "2013-06-30": "$4.01", "2013-03-31": "$3.87", "2012-12-31": "$3.84", "2012-09-30": "$3.81", "2012-06-30": "$4.00", "2012-03-31": "$4.25", "2011-12-31": "$4.23", "2011-09-30": "$4.26", "2011-06-30": "$4.17", "2011-03-31": "$3.95", "2010-12-31": "$3.89", "2010-09-30": "$3.72", "2010-06-30": "$3.63", "2010-03-31": "$3.73", "2009-12-31": "$3.43", "2009-09-30": "$3.42", "2009-06-30": "$3.22", "2009-03-31": "$3.02", "2008-12-31": "$3.30", "2008-09-30": "$3.12", "2008-06-30": "$3.04", "2008-03-31": "$2.91", "2007-12-31": "$2.42", "2007-09-30": "$2.50", "2007-06-30": "$2.41", "2007-03-31": "$2.25", "2006-12-31": "$2.08"}, "net worth": {"value": "$158.4B"}, "current ratio": {"2020-12-31": "1.01", "2020-09-30": "1.07", "2020-06-30": "0.91", "2020-03-31": "1.90", "2019-12-31": "0.98", "2019-09-30": "0.84", "2019-06-30": "1.21", "2019-03-31": "1.47", "2018-12-31": "1.36", "2018-09-30": "1.53", "2018-06-30": "1.47", "2018-03-31": "1.74", "2017-12-31": "1.84", "2017-09-30": "1.28", "2017-06-30": "2.15", "2017-03-31": "1.83", "2016-12-31": "1.40", "2016-09-30": "0.96", "2016-06-30": "1.89", "2016-03-31": "1.77", "2015-12-31": "3.27", "2015-09-30": "1.52", "2015-06-30": "2.16", "2015-03-31": "1.31", "2014-12-31": "1.52", "2014-09-30": "1.25", "2014-06-30": "1.74", "2014-03-31": "1.56", "2013-12-31": "1.59", "2013-09-30": "1.24", "2013-06-30": "1.65", "2013-03-31": "1.39", "2012-12-31": "1.45", "2012-09-30": "1.01", "2012-06-30": "1.24", "2012-03-31": "1.17", "2011-12-31": "1.26", "2011-09-30": "0.87", "2011-06-30": "1.02", "2011-03-31": "0.90", "2010-12-31": "1.49", "2010-09-30": "1.28", "2010-06-30": "1.23", "2010-03-31": "1.35", "2009-12-31": "1.14", "2009-09-30": "1.02", "2009-06-30": "1.27", "2009-03-31": "1.56", "2008-12-31": "1.39", "2008-09-30": "0.98", "2008-06-30": "1.28", "2008-03-31": "1.17", "2007-12-31": "0.80", "2007-09-30": "1.06", "2007-06-30": "1.27", "2007-03-31": "1.27", "2006-12-31": "1.76", "2006-09-30": "1.28", "2006-06-30": "1.35", "2006-03-31": "1.43", "2005-12-31": "1.51", "2005-09-30": "0.92", "2005-06-30": "0.99", "2005-03-31": "1.05"}, "quick ratio": {"2020-12-31": "0.00", "2020-09-30": "1.07", "2020-06-30": "0.91", "2020-03-31": "1.89", "2019-12-31": "0.97", "2019-09-30": "0.83", "2019-06-30": "1.20", "2019-03-31": "1.46", "2018-12-31": "1.35", "2018-09-30": "1.52", "2018-06-30": "1.45", "2018-03-31": "1.72", "2017-12-31": "1.82", "2017-09-30": "1.27", "2017-06-30": "2.13", "2017-03-31": "1.82", "2016-12-31": "1.38", "2016-09-30": "0.94", "2016-06-30": "1.86", "2016-03-31": "1.73", "2015-12-31": "3.23", "2015-09-30": "1.49", "2015-06-30": "2.13", "2015-03-31": "1.27", "2014-12-31": "1.48", "2014-09-30": "1.22", "2014-06-30": "1.71", "2014-03-31": "1.53", "2013-12-31": "1.55", "2013-09-30": "1.21", "2013-06-30": "1.61", "2013-03-31": "1.35", "2012-12-31": "1.41", "2012-09-30": "0.99", "2012-06-30": "1.21", "2012-03-31": "1.14", "2011-12-31": "1.22", "2011-09-30": "0.85", "2011-06-30": "0.99", "2011-03-31": "0.87", "2010-12-31": "1.46", "2010-09-30": "1.25", "2010-06-30": "1.19", "2010-03-31": "1.31", "2009-12-31": "1.11", "2009-09-30": "0.99", "2009-06-30": "1.23", "2009-03-31": "1.51", "2008-12-31": "1.34", "2008-09-30": "0.94", "2008-06-30": "1.25", "2008-03-31": "1.14", "2007-12-31": "0.77", "2007-09-30": "1.03", "2007-06-30": "1.24", "2007-03-31": "1.22", "2006-12-31": "1.72", "2006-09-30": "1.24", "2006-06-30": "1.31", "2006-03-31": "1.39", "2005-12-31": "1.48", "2005-09-30": "0.89", "2005-06-30": "0.94", "2005-03-31": "1.00"}, "debt equity ratio": {"current": "0.00", "2020-12-31": "-7.73", "2020-09-30": "-6.98", "2020-06-30": "-6.28", "2020-03-31": "-6.44", "2019-12-31": "-6.79", "2019-09-30": "-6.33", "2019-06-30": "-7.79", "2019-03-31": "-8.09", "2018-12-31": "-6.24", "2018-09-30": "-6.01", "2018-06-30": "-6.59", "2018-03-31": "-8.15", "2017-12-31": "-11.34", "2017-09-30": "-10.36", "2017-06-30": "-17.39", "2017-03-31": "-16.82", "2016-12-31": "-15.07", "2016-09-30": "-21.00", "2016-06-30": "50.79", "2016-03-31": "7.75", "2015-12-31": "4.35", "2015-09-30": "2.97", "2015-06-30": "2.31", "2015-03-31": "1.82", "2014-12-31": "1.66", "2014-09-30": "1.64", "2014-06-30": "1.34", "2014-03-31": "1.25", "2013-12-31": "1.29", "2013-09-30": "1.34", "2013-06-30": "1.27", "2013-03-31": "1.24", "2012-12-31": "1.31", "2012-09-30": "1.44", "2012-06-30": "1.38", "2012-03-31": "1.27", "2011-12-31": "1.29", "2011-09-30": "1.42", "2011-06-30": "1.20", "2011-03-31": "1.22", "2010-12-31": "1.19", "2010-09-30": "1.29", "2010-06-30": "1.18", "2010-03-31": "1.11", "2009-12-31": "1.15", "2009-09-30": "1.28", "2009-06-30": "1.21", "2009-03-31": "1.19", "2008-12-31": "1.13", "2008-09-30": "1.16", "2008-06-30": "1.09", "2008-03-31": "1.15", "2007-12-31": "0.92", "2007-09-30": "0.98", "2007-06-30": "0.92", "2007-03-31": "0.87", "2006-12-31": "0.87", "2006-09-30": "0.99", "2006-06-30": "0.90", "2006-03-31": "0.95", "2005-12-31": "0.98", "2005-09-30": "0.92", "2005-06-30": "0.88", "2005-03-31": "0.86"}, "return on equity": {"2020-12-31": "-53.99%", "2020-09-30": "-55.60%", "2020-06-30": "-53.66%", "2020-03-31": "-70.54%", "2019-12-31": "-79.88%", "2019-09-30": "-83.18%", "2019-06-30": "-89.31%", "2019-03-31": "-92.34%", "2018-12-31": "-100.30%", "2018-09-30": "-100.95%", "2018-06-30": "-125.99%", "2018-03-31": "-159.01%", "2017-12-31": "-192.73%", "2017-09-30": "-234.18%", "2017-06-30": "-258.42%", "2017-03-31": "-366.05%", "2016-12-31": "2776.89%", "2016-09-30": "188.58%", "2016-06-30": "95.13%", "2016-03-31": "64.95%", "2015-12-31": "48.49%", "2015-09-30": "41.00%", "2015-06-30": "34.51%", "2015-03-31": "32.31%", "2014-12-31": "32.38%", "2014-09-30": "32.66%", "2014-06-30": "34.73%", "2014-03-31": "35.34%", "2013-12-31": "36.29%", "2013-09-30": "36.71%", "2013-06-30": "37.05%", "2013-03-31": "37.43%", "2012-12-31": "37.77%", "2012-09-30": "38.24%", "2012-06-30": "38.98%", "2012-03-31": "38.79%", "2011-12-31": "38.53%", "2011-09-30": "37.42%", "2011-06-30": "36.40%", "2011-03-31": "36.27%", "2010-12-31": "35.63%", "2010-09-30": "35.84%", "2010-06-30": "35.20%", "2010-03-31": "34.16%", "2009-12-31": "34.26%", "2009-09-30": "32.91%", "2009-06-30": "32.47%", "2009-03-31": "32.36%", "2008-12-31": "31.10%", "2008-09-30": "32.08%", "2008-06-30": "30.23%", "2008-03-31": "17.26%", "2007-12-31": "15.67%", "2007-09-30": "15.42%", "2007-06-30": "13.81%", "2007-03-31": "23.60%", "2006-12-31": "22.94%", "2006-09-30": "18.94%", "2006-06-30": "18.54%", "2006-03-31": "16.89%", "2005-12-31": "17.74%"}, "return on assets": {"2020-12-31": "9.28%", "2020-09-30": "9.92%", "2020-06-30": "9.85%", "2020-03-31": "12.21%", "2019-12-31": "12.96%", "2019-09-30": "13.70%", "2019-06-30": "14.79%", "2019-03-31": "16.09%", "2018-12-31": "17.77%", "2018-09-30": "15.51%", "2018-06-30": "16.43%", "2018-03-31": "16.11%", "2017-12-31": "15.82%", "2017-09-30": "17.70%", "2017-06-30": "15.82%", "2017-03-31": "14.83%", "2016-12-31": "14.37%", "2016-09-30": "13.68%", "2016-06-30": "13.73%", "2016-03-31": "13.87%", "2015-12-31": "13.13%", "2015-09-30": "13.17%", "2015-06-30": "12.17%", "2015-03-31": "12.45%", "2014-12-31": "13.18%", "2014-09-30": "13.78%", "2014-06-30": "15.06%", "2014-03-31": "15.44%", "2013-12-31": "15.87%", "2013-09-30": "16.01%", "2013-06-30": "16.02%", "2013-03-31": "16.00%", "2012-12-31": "16.09%", "2012-09-30": "16.32%", "2012-06-30": "16.67%", "2012-03-31": "16.92%", "2011-12-31": "16.91%", "2011-09-30": "16.62%", "2011-06-30": "16.40%", "2011-03-31": "16.35%", "2010-12-31": "16.26%", "2010-09-30": "16.42%", "2010-06-30": "16.14%", "2010-03-31": "15.63%", "2009-12-31": "15.52%", "2009-09-30": "14.95%", "2009-06-30": "14.96%", "2009-03-31": "15.13%", "2008-12-31": "14.62%", "2008-09-30": "15.47%", "2008-06-30": "14.87%", "2008-03-31": "8.67%", "2007-12-31": "8.15%", "2007-09-30": "8.07%", "2007-06-30": "7.22%", "2007-03-31": "12.37%", "2006-12-31": "11.89%", "2006-09-30": "9.69%", "2006-06-30": "9.57%", "2006-03-31": "8.74%", "2005-12-31": "9.29%"}, "return on investments": {"2020-12-31": "27.12%", "2020-09-30": "28.06%", "2020-06-30": "28.26%", "2020-03-31": "33.10%", "2019-12-31": "35.45%", "2019-09-30": "34.67%", "2019-06-30": "34.41%", "2019-03-31": "34.71%", "2018-12-31": "34.97%", "2018-09-30": "35.04%", "2018-06-30": "37.69%", "2018-03-31": "37.34%", "2017-12-31": "37.35%", "2017-09-30": "37.62%", "2017-06-30": "34.03%", "2017-03-31": "32.10%", "2016-12-31": "30.39%", "2016-09-30": "27.97%", "2016-06-30": "27.11%", "2016-03-31": "26.64%", "2015-12-31": "25.59%", "2015-09-30": "25.93%", "2015-06-30": "25.65%", "2015-03-31": "26.27%", "2014-12-31": "27.19%", "2014-09-30": "28.16%", "2014-06-30": "29.19%", "2014-03-31": "29.84%", "2013-12-31": "30.39%", "2013-09-30": "30.71%", "2013-06-30": "30.80%", "2013-03-31": "31.14%", "2012-12-31": "31.57%", "2012-09-30": "31.99%", "2012-06-30": "33.11%", "2012-03-31": "33.48%", "2011-12-31": "33.50%", "2011-09-30": "32.60%", "2011-06-30": "31.21%", "2011-03-31": "30.64%", "2010-12-31": "30.15%", "2010-09-30": "30.50%", "2010-06-30": "30.18%", "2010-03-31": "29.41%", "2009-12-31": "28.72%", "2009-09-30": "27.66%", "2009-06-30": "27.47%", "2009-03-31": "26.96%", "2008-12-31": "26.73%", "2008-09-30": "26.39%", "2008-06-30": "25.21%", "2008-03-31": "17.88%", "2007-12-31": "16.83%", "2007-09-30": "15.56%", "2007-06-30": "14.32%", "2007-03-31": "19.62%", "2006-12-31": "18.51%", "2006-09-30": "17.74%", "2006-06-30": "17.61%", "2006-03-31": "17.51%", "2005-12-31": "17.71%"}, "return on tangible equity": {"2020-09-30": "-42.71%", "2020-06-30": "-41.41%", "2020-03-31": "-53.57%", "2019-12-31": "-59.82%", "2019-09-30": "-61.79%", "2019-06-30": "-65.55%", "2019-03-31": "-67.55%", "2018-12-31": "-71.69%", "2018-09-30": "-69.18%", "2018-06-30": "-81.34%", "2018-03-31": "-93.22%", "2017-12-31": "-102.96%", "2017-09-30": "-119.30%", "2017-06-30": "-117.10%", "2017-03-31": "-128.57%", "2016-12-31": "-202.94%", "2016-09-30": "-15281.30%", "2016-06-30": "194.49%", "2016-03-31": "99.19%", "2015-12-31": "66.99%", "2015-09-30": "54.26%", "2015-06-30": "44.38%", "2015-03-31": "40.61%", "2014-12-31": "40.12%", "2014-09-30": "40.09%", "2014-06-30": "42.43%", "2014-03-31": "43.22%", "2013-12-31": "44.44%", "2013-09-30": "45.01%", "2013-06-30": "45.55%", "2013-03-31": "46.12%", "2012-12-31": "46.58%", "2012-09-30": "47.18%", "2012-06-30": "48.09%", "2012-03-31": "47.73%", "2011-12-31": "47.39%", "2011-09-30": "45.92%", "2011-06-30": "44.51%", "2011-03-31": "44.37%", "2010-12-31": "43.45%", "2010-09-30": "43.66%", "2010-06-30": "42.85%", "2010-03-31": "41.49%", "2009-12-31": "41.59%", "2009-09-30": "39.89%", "2009-06-30": "39.25%", "2009-03-31": "38.94%", "2008-12-31": "37.34%", "2008-09-30": "38.31%", "2008-06-30": "35.89%", "2008-03-31": "20.39%", "2007-12-31": "18.40%", "2007-09-30": "18.02%", "2007-06-30": "16.07%", "2007-03-31": "27.38%", "2006-12-31": "26.55%", "2006-09-30": "21.88%", "2006-06-30": "21.38%", "2006-03-31": "19.42%", "2005-12-31": "20.34%"}, "dividend yield history": {"last payout": "$5.16", "last yield": "2.43%"}}