{"ticker": "MCO", "price": {"title": "Moody's Historical Annual Stock Price Data", "value": 278.66, "historical": {"2021": {"Average Stock Price": "274.7361", "Year Open": "292.0000", "Year High": "292.0000", "Year Low": "263.0400", "Year Close": "278.6600", "Annual % Change": "-3.99%"}, "2020": {"Average Stock Price": "265.7749", "Year Open": "241.7200", "Year High": "304.4900", "Year Low": "165.0900", "Year Close": "290.2400", "Annual % Change": "22.25%"}, "2019": {"Average Stock Price": "196.8962", "Year Open": "140.8500", "Year High": "239.3000", "Year Low": "136.1800", "Year Close": "237.4100", "Annual % Change": "69.53%"}, "2018": {"Average Stock Price": "164.5032", "Year Open": "146.1300", "Year High": "187.0200", "Year Low": "129.3500", "Year Close": "140.0400", "Annual % Change": "-5.13%"}, "2017": {"Average Stock Price": "125.6322", "Year Open": "95.4700", "Year High": "152.5700", "Year Low": "94.6700", "Year Close": "147.6100", "Annual % Change": "56.58%"}, "2016": {"Average Stock Price": "98.2340", "Year Open": "97.2200", "Year High": "110.1600", "Year Low": "78.4500", "Year Close": "94.2700", "Annual % Change": "-6.05%"}, "2015": {"Average Stock Price": "102.7754", "Year Open": "95.8900", "Year High": "112.9000", "Year Low": "89.3200", "Year Close": "100.3400", "Annual % Change": "4.73%"}, "2014": {"Average Stock Price": "87.4528", "Year Open": "77.3200", "Year High": "101.8400", "Year Low": "72.6500", "Year Close": "95.8100", "Annual % Change": "22.10%"}, "2013": {"Average Stock Price": "62.7668", "Year Open": "51.7700", "Year High": "78.4700", "Year Low": "43.3700", "Year Close": "78.4700", "Annual % Change": "55.94%"}, "2012": {"Average Stock Price": "41.0032", "Year Open": "35.1600", "Year High": "51.5400", "Year Low": "34.0900", "Year Close": "50.3200", "Annual % Change": "49.41%"}, "2011": {"Average Stock Price": "33.6557", "Year Open": "26.8900", "Year High": "41.7500", "Year Low": "26.6400", "Year Close": "33.6800", "Annual % Change": "26.90%"}, "2010": {"Average Stock Price": "25.2061", "Year Open": "27.2700", "Year High": "30.5400", "Year Low": "18.7500", "Year Close": "26.5400", "Annual % Change": "-0.97%"}, "2009": {"Average Stock Price": "24.4655", "Year Open": "22.1600", "Year High": "31.2300", "Year Low": "16.0400", "Year Close": "26.8000", "Annual % Change": "33.40%"}, "2008": {"Average Stock Price": "33.2212", "Year Open": "35.0600", "Year High": "45.7700", "Year Low": "15.6300", "Year Close": "20.0900", "Annual % Change": "-43.73%"}, "2007": {"Average Stock Price": "56.9888", "Year Open": "70.3200", "Year High": "74.8400", "Year Low": "35.3900", "Year Close": "35.7000", "Annual % Change": "-48.31%"}, "2006": {"Average Stock Price": "62.5952", "Year Open": "62.9600", "Year High": "72.4500", "Year Low": "50.3000", "Year Close": "69.0600", "Annual % Change": "12.44%"}, "2005": {"Average Stock Price": "47.4084", "Year Open": "42.4450", "Year High": "62.3000", "Year Low": "40.0050", "Year Close": "61.4200", "Annual % Change": "41.44%"}, "2004": {"Average Stock Price": "34.8757", "Year Open": "30.2500", "Year High": "43.6000", "Year Low": "29.9450", "Year Close": "43.4250", "Annual % Change": "43.44%"}, "2003": {"Average Stock Price": "25.6031", "Year Open": "21.8500", "Year High": "30.2800", "Year Low": "20.1250", "Year Close": "30.2750", "Annual % Change": "46.65%"}, "2002": {"Average Stock Price": "22.3134", "Year Open": "19.9900", "Year High": "25.7900", "Year Low": "18.3250", "Year Close": "20.6450", "Annual % Change": "3.59%"}, "2001": {"Average Stock Price": "16.0806", "Year Open": "13.1900", "Year High": "20.4450", "Year Low": "13.1250", "Year Close": "19.9300", "Annual % Change": "55.16%"}, "2000": {"Average Stock Price": "11.5276", "Year Open": "10.8100", "Year High": "13.7800", "Year Low": "9.4400", "Year Close": "12.8450", "Annual % Change": "16.14%"}, "1999": {"Average Stock Price": "12.0303", "Year Open": "11.3100", "Year High": "14.5000", "Year Low": "8.8750", "Year Close": "11.0600", "Annual % Change": "-6.86%"}, "1998": {"Average Stock Price": "11.5043", "Year Open": "11.6250", "Year High": "13.6250", "Year Low": "8.5000", "Year Close": "11.8750", "Annual % Change": "2.15%"}, "1997": {"Average Stock Price": "10.0287", "Year Open": "8.7500", "Year High": "11.6250", "Year Low": "8.7500", "Year Close": "11.6250", "Annual % Change": "30.03%"}, "1996": {"Average Stock Price": "8.6298", "Year Open": "9.1250", "Year High": "9.4400", "Year Low": "8.0000", "Year Close": "8.9400", "Annual % Change": "-2.72%"}, "1995": {"Average Stock Price": "7.9042", "Year Open": "7.7500", "Year High": "9.2500", "Year Low": "6.9400", "Year Close": "9.1900", "Annual % Change": "17.67%"}}}, "market cap": {"value": "$53.02B"}, "income statement": {"Revenue": {"2019-12-31": "4829.00000", "2018-12-31": "4443.00000", "2017-12-31": "4204.00000", "2016-12-31": "3604.20000", "2015-12-31": "3484.50000", "2014-12-31": "3334.30000", "2013-12-31": "2972.50000", "2012-12-31": "2730.30000", "2011-12-31": "2280.70000", "2010-12-31": "2032.00000", "2009-12-31": "1797.20000", "2008-12-31": "1755.40000", "2007-12-31": "2259.00000", "2006-12-31": "2037.10000", "2005-12-31": "1731.60000"}, "Cost Of Goods Sold": {"2019-12-31": "1387.00000", "2018-12-31": "1246.00000", "2017-12-31": "1216.00000", "2016-12-31": "1019.60000", "2015-12-31": "976.30000", "2014-12-31": "930.30000", "2013-12-31": "822.40000", "2012-12-31": "795.00000", "2011-12-31": "683.50000", "2010-12-31": "604.80000", "2009-12-31": "532.40000", "2008-12-31": "493.30000", "2007-12-31": "584.00000", "2006-12-31": "539.40000", "2005-12-31": "452.90000"}, "Gross Profit": {"2019-12-31": "3442.00000", "2018-12-31": "3197.00000", "2017-12-31": "2988.00000", "2016-12-31": "2584.60000", "2015-12-31": "2508.20000", "2014-12-31": "2404.00000", "2013-12-31": "2150.10000", "2012-12-31": "1935.30000", "2011-12-31": "1597.20000", "2010-12-31": "1427.20000", "2009-12-31": "1264.80000", "2008-12-31": "1262.10000", "2007-12-31": "1675.00000", "2006-12-31": "1497.70000", "2005-12-31": "1278.70000"}, "Research And Development Expenses": {"2019-12-31": "", "2018-12-31": "", "2017-12-31": "", "2016-12-31": "", "2015-12-31": "", "2014-12-31": "", "2013-12-31": "", "2012-12-31": "", "2011-12-31": "", "2010-12-31": "", "2009-12-31": "", "2008-12-31": "", "2007-12-31": "", "2006-12-31": "", "2005-12-31": ""}, "SG&A Expenses": {"2019-12-31": "1167.00000", "2018-12-31": "1080.00000", "2017-12-31": "986.00000", "2016-12-31": "931.20000", "2015-12-31": "921.30000", "2014-12-31": "869.30000", "2013-12-31": "822.10000", "2012-12-31": "752.20000", "2011-12-31": "629.60000", "2010-12-31": "588.00000", "2009-12-31": "495.70000", "2008-12-31": "441.30000", "2007-12-31": "451.10000", "2006-12-31": "359.30000", "2005-12-31": "303.90000"}, "Other Operating Income Or Expenses": {"2019-12-31": "-14.00000", "2018-12-31": "", "2017-12-31": "", "2016-12-31": "-863.80000", "2015-12-31": "", "2014-12-31": "", "2013-12-31": "", "2012-12-31": "-12.20000", "2011-12-31": "", "2010-12-31": "", "2009-12-31": "", "2008-12-31": "", "2007-12-31": "", "2006-12-31": "160.60000", "2005-12-31": ""}, "Operating Expenses": {"2019-12-31": "2831.00000", "2018-12-31": "2575.00000", "2017-12-31": "2383.00000", "2016-12-31": "2953.30000", "2015-12-31": "2011.10000", "2014-12-31": "1895.20000", "2013-12-31": "1737.90000", "2012-12-31": "1652.90000", "2011-12-31": "1392.30000", "2010-12-31": "1259.20000", "2009-12-31": "1109.70000", "2008-12-31": "1007.20000", "2007-12-31": "1128.00000", "2006-12-31": "777.60000", "2005-12-31": "792.00000"}, "Operating Income": {"2019-12-31": "1998.00000", "2018-12-31": "1868.00000", "2017-12-31": "1821.00000", "2016-12-31": "650.89990", "2015-12-31": "1473.40000", "2014-12-31": "1439.10000", "2013-12-31": "1234.60000", "2012-12-31": "1077.40000", "2011-12-31": "888.39990", "2010-12-31": "772.80000", "2009-12-31": "687.50000", "2008-12-31": "748.20010", "2007-12-31": "1131.00000", "2006-12-31": "1259.50000", "2005-12-31": "939.60000"}, "Total Non-Operating Income/Expense": {"2019-12-31": "-188.00000", "2018-12-31": "-196.00000", "2017-12-31": "-34.00000", "2016-12-31": "-92.90000", "2015-12-31": "-93.80000", "2014-12-31": "21.90000", "2013-12-31": "-65.30000", "2012-12-31": "-53.40000", "2011-12-31": "-48.60000", "2010-12-31": "-58.40000", "2009-12-31": "-41.30000", "2008-12-31": "-18.40000", "2007-12-31": "-9.00000", "2006-12-31": "1.00000", "2005-12-31": "-4.90000"}, "Pre-Tax Income": {"2019-12-31": "1810.00000", "2018-12-31": "1672.00000", "2017-12-31": "1787.00000", "2016-12-31": "558.00000", "2015-12-31": "1379.60000", "2014-12-31": "1461.00000", "2013-12-31": "1169.30000", "2012-12-31": "1024.00000", "2011-12-31": "839.80000", "2010-12-31": "714.40000", "2009-12-31": "646.20000", "2008-12-31": "729.80000", "2007-12-31": "1122.00000", "2006-12-31": "1260.50000", "2005-12-31": "934.70000"}, "Income Taxes": {"2019-12-31": "381.00000", "2018-12-31": "352.00000", "2017-12-31": "779.00000", "2016-12-31": "282.20000", "2015-12-31": "430.00000", "2014-12-31": "455.00000", "2013-12-31": "353.40000", "2012-12-31": "324.30000", "2011-12-31": "261.80000", "2010-12-31": "201.00000", "2009-12-31": "239.10000", "2008-12-31": "268.20000", "2007-12-31": "415.20000", "2006-12-31": "506.60000", "2005-12-31": "373.90000"}, "Income After Taxes": {"2019-12-31": "1429.00000", "2018-12-31": "1320.00000", "2017-12-31": "1008.00000", "2016-12-31": "275.80000", "2015-12-31": "949.60000", "2014-12-31": "1006.00000", "2013-12-31": "815.90000", "2012-12-31": "699.70000", "2011-12-31": "578.00000", "2010-12-31": "513.40000", "2009-12-31": "407.10000", "2008-12-31": "461.60000", "2007-12-31": "706.80000", "2006-12-31": "753.90000", "2005-12-31": "560.80000"}, "Other Income": {"2019-12-31": "", "2018-12-31": "", "2017-12-31": "", "2016-12-31": "", "2015-12-31": "", "2014-12-31": "", "2013-12-31": "", "2012-12-31": "", "2011-12-31": "", "2010-12-31": "", "2009-12-31": "", "2008-12-31": "", "2007-12-31": "", "2006-12-31": "", "2005-12-31": ""}, "Income From Continuous Operations": {"2019-12-31": "1429.00000", "2018-12-31": "1320.00000", "2017-12-31": "1008.00000", "2016-12-31": "275.80000", "2015-12-31": "949.60000", "2014-12-31": "1006.00000", "2013-12-31": "815.90000", "2012-12-31": "699.70000", "2011-12-31": "578.00000", "2010-12-31": "513.40000", "2009-12-31": "407.10000", "2008-12-31": "461.60000", "2007-12-31": "706.80000", "2006-12-31": "753.90000", "2005-12-31": "560.80000"}, "Income From Discontinued Operations": {"2019-12-31": "", "2018-12-31": "", "2017-12-31": "", "2016-12-31": "", "2015-12-31": "", "2014-12-31": "", "2013-12-31": "", "2012-12-31": "", "2011-12-31": "", "2010-12-31": "", "2009-12-31": "", "2008-12-31": "", "2007-12-31": "", "2006-12-31": "", "2005-12-31": ""}, "Net Income": {"2019-12-31": "1422.00000", "2018-12-31": "1310.00000", "2017-12-31": "1001.00000", "2016-12-31": "266.60000", "2015-12-31": "941.30000", "2014-12-31": "988.70000", "2013-12-31": "804.50000", "2012-12-31": "690.00000", "2011-12-31": "571.40000", "2010-12-31": "507.80000", "2009-12-31": "402.00000", "2008-12-31": "457.60000", "2007-12-31": "701.50000", "2006-12-31": "753.90000", "2005-12-31": "560.80000"}, "EBITDA": {"2019-12-31": "2198.00000", "2018-12-31": "2060.00000", "2017-12-31": "1979.00000", "2016-12-31": "777.59990", "2015-12-31": "1586.90000", "2014-12-31": "1534.70000", "2013-12-31": "1328.00000", "2012-12-31": "1170.90000", "2011-12-31": "967.59990", "2010-12-31": "839.10000", "2009-12-31": "751.60000", "2008-12-31": "823.30000", "2007-12-31": "1173.90000", "2006-12-31": "1299.00000", "2005-12-31": "974.80000"}, "EBIT": {"2019-12-31": "1998.00000", "2018-12-31": "1868.00000", "2017-12-31": "1821.00000", "2016-12-31": "650.89990", "2015-12-31": "1473.40000", "2014-12-31": "1439.10000", "2013-12-31": "1234.60000", "2012-12-31": "1077.40000", "2011-12-31": "888.39990", "2010-12-31": "772.80000", "2009-12-31": "687.50000", "2008-12-31": "748.20010", "2007-12-31": "1131.00000", "2006-12-31": "1259.50000", "2005-12-31": "939.60000"}, "Basic Shares Outstanding": {"2019-12-31": "189.30000", "2018-12-31": "191.60000", "2017-12-31": "191.10000", "2016-12-31": "192.70000", "2015-12-31": "200.10000", "2014-12-31": "210.70000", "2013-12-31": "219.40000", "2012-12-31": "223.20000", "2011-12-31": "226.30000", "2010-12-31": "235.00000", "2009-12-31": "236.10000", "2008-12-31": "242.40000", "2007-12-31": "266.40000", "2006-12-31": "284.20000", "2005-12-31": "297.70000"}, "Shares Outstanding": {"2019-12-31": "191.60000", "2018-12-31": "194.40000", "2017-12-31": "194.20000", "2016-12-31": "195.40000", "2015-12-31": "203.40000", "2014-12-31": "214.70000", "2013-12-31": "223.50000", "2012-12-31": "226.60000", "2011-12-31": "229.40000", "2010-12-31": "236.60000", "2009-12-31": "237.80000", "2008-12-31": "245.30000", "2007-12-31": "272.20000", "2006-12-31": "291.90000", "2005-12-31": "305.60000"}, "Basic EPS": {"2019-12-31": "7.51000", "2018-12-31": "6.84000", "2017-12-31": "5.24000", "2016-12-31": "1.38000", "2015-12-31": "4.70000", "2014-12-31": "4.69000", "2013-12-31": "3.67000", "2012-12-31": "3.09000", "2011-12-31": "2.52000", "2010-12-31": "2.16000", "2009-12-31": "1.70000", "2008-12-31": "1.89000", "2007-12-31": "2.63000", "2006-12-31": "2.65000", "2005-12-31": "1.88000"}, "EPS - Earnings Per Share": {"2019-12-31": "7.42000", "2018-12-31": "6.74000", "2017-12-31": "5.15000", "2016-12-31": "1.36000", "2015-12-31": "4.63000", "2014-12-31": "4.61000", "2013-12-31": "3.60000", "2012-12-31": "3.05000", "2011-12-31": "2.49000", "2010-12-31": "2.15000", "2009-12-31": "1.69000", "2008-12-31": "1.87000", "2007-12-31": "2.58000", "2006-12-31": "2.58000", "2005-12-31": "1.84000"}}, "income statement, quarterly": {"Revenue": {"2020-09-30": "1356.00000", "2020-06-30": "1435.00000", "2020-03-31": "1290.00000", "2019-12-31": "1233.00000", "2019-09-30": "1240.00000", "2019-06-30": "1214.00000", "2019-03-31": "1142.00000", "2018-12-31": "1060.40000", "2018-09-30": "1080.80000", "2018-06-30": "1175.10000", "2018-03-31": "1126.70000", "2017-12-31": "1165.40000", "2017-09-30": "1062.90000", "2017-06-30": "1000.50000", "2017-03-31": "975.20000", "2016-12-31": "942.10010", "2016-09-30": "917.10000", "2016-06-30": "928.90000", "2016-03-31": "816.10000", "2015-12-31": "865.90010", "2015-09-30": "834.90000", "2015-06-30": "918.10000", "2015-03-31": "865.60000", "2014-12-31": "877.50020", "2014-09-30": "816.10000", "2014-06-30": "873.50000", "2014-03-31": "767.20000", "2013-12-31": "779.20000", "2013-09-30": "705.50000", "2013-06-30": "756.00000", "2013-03-31": "731.80000", "2012-12-31": "754.20000", "2012-09-30": "688.50000", "2012-06-30": "640.80000", "2012-03-31": "646.80000", "2011-12-31": "567.10000", "2011-09-30": "531.30000", "2011-06-30": "605.20000", "2011-03-31": "577.10000", "2010-12-31": "564.29990", "2010-09-30": "513.30000", "2010-06-30": "477.80000", "2010-03-31": "476.60000", "2009-12-31": "485.79990", "2009-09-30": "451.80000", "2009-06-30": "450.70000", "2009-03-31": "408.90000", "2008-12-31": "403.70000", "2008-09-30": "433.40000", "2008-06-30": "487.60000", "2008-03-31": "430.70000", "2007-12-31": "504.90000", "2007-09-30": "525.00000", "2007-06-30": "646.10000", "2007-03-31": "583.00000", "2006-12-31": "589.99990", "2006-09-30": "495.50000", "2006-06-30": "511.40000", "2006-03-31": "440.20000", "2005-12-31": "473.20000", "2005-09-30": "421.10000", "2005-06-30": "446.80000", "2005-03-31": "390.50000"}, "Cost Of Goods Sold": {"2020-09-30": "364.00000", "2020-06-30": "362.00000", "2020-03-31": "340.00000", "2019-12-31": "355.00000", "2019-09-30": "350.00000", "2019-06-30": "340.00000", "2019-03-31": "342.00000", "2018-12-31": "304.60000", "2018-09-30": "306.30000", "2018-06-30": "320.20000", "2018-03-31": "314.90000", "2017-12-31": "340.30000", "2017-09-30": "315.60000", "2017-06-30": "284.80000", "2017-03-31": "275.30000", "2016-12-31": "258.30000", "2016-09-30": "253.20000", "2016-06-30": "258.90000", "2016-03-31": "249.20000", "2015-12-31": "251.90000", "2015-09-30": "236.10000", "2015-06-30": "243.90000", "2015-03-31": "244.40000", "2014-12-31": "255.50000", "2014-09-30": "236.70000", "2014-06-30": "222.10000", "2014-03-31": "216.00000", "2013-12-31": "221.00000", "2013-09-30": "203.50000", "2013-06-30": "197.10000", "2013-03-31": "200.80000", "2012-12-31": "221.60000", "2012-09-30": "207.30000", "2012-06-30": "180.60000", "2012-03-31": "185.50000", "2011-12-31": "181.20000", "2011-09-30": "171.00000", "2011-06-30": "170.50000", "2011-03-31": "160.80000", "2010-12-31": "180.90000", "2010-09-30": "153.70000", "2010-06-30": "134.30000", "2010-03-31": "135.90000", "2009-12-31": "146.90000", "2009-09-30": "135.10000", "2009-06-30": "128.00000", "2009-03-31": "122.40000", "2008-12-31": "127.40000", "2008-09-30": "122.70000", "2008-06-30": "123.30000", "2008-03-31": "119.90000", "2007-12-31": "", "2007-09-30": "", "2007-06-30": "", "2007-03-31": "", "2006-12-31": "", "2006-09-30": "", "2006-06-30": "", "2006-03-31": "", "2005-12-31": "", "2005-09-30": "", "2005-06-30": "", "2005-03-31": ""}, "Gross Profit": {"2020-09-30": "992.00000", "2020-06-30": "1073.00000", "2020-03-31": "950.00000", "2019-12-31": "878.00000", "2019-09-30": "890.00000", "2019-06-30": "874.00000", "2019-03-31": "800.00000", "2018-12-31": "755.80020", "2018-09-30": "774.50010", "2018-06-30": "854.90000", "2018-03-31": "811.79990", "2017-12-31": "825.10010", "2017-09-30": "747.30000", "2017-06-30": "715.70000", "2017-03-31": "699.90000", "2016-12-31": "683.80010", "2016-09-30": "663.90000", "2016-06-30": "670.00000", "2016-03-31": "566.90000", "2015-12-31": "614.00020", "2015-09-30": "598.80000", "2015-06-30": "674.20000", "2015-03-31": "621.20000", "2014-12-31": "622.00020", "2014-09-30": "579.40000", "2014-06-30": "651.40000", "2014-03-31": "551.20000", "2013-12-31": "558.20000", "2013-09-30": "502.00000", "2013-06-30": "558.90000", "2013-03-31": "531.00000", "2012-12-31": "532.60000", "2012-09-30": "481.20000", "2012-06-30": "460.20000", "2012-03-31": "461.30000", "2011-12-31": "385.90000", "2011-09-30": "360.30000", "2011-06-30": "434.70000", "2011-03-31": "416.30000", "2010-12-31": "383.39990", "2010-09-30": "359.60000", "2010-06-30": "343.50000", "2010-03-31": "340.70000", "2009-12-31": "338.89990", "2009-09-30": "316.70000", "2009-06-30": "322.70000", "2009-03-31": "286.50000", "2008-12-31": "276.30000", "2008-09-30": "310.70000", "2008-06-30": "364.30000", "2008-03-31": "310.80000", "2007-12-31": "504.90000", "2007-09-30": "525.00000", "2007-06-30": "646.10000", "2007-03-31": "583.00000", "2006-12-31": "589.99990", "2006-09-30": "495.50000", "2006-06-30": "511.40000", "2006-03-31": "440.20000", "2005-12-31": "473.20000", "2005-09-30": "421.10000", "2005-06-30": "446.80000", "2005-03-31": "390.50000"}, "Research And Development Expenses": {"2020-09-30": "", "2020-06-30": "", "2020-03-31": "", "2019-12-31": "", "2019-09-30": "", "2019-06-30": "", "2019-03-31": "", "2018-12-31": "", "2018-09-30": "", "2018-06-30": "", "2018-03-31": "", "2017-12-31": "", "2017-09-30": "", "2017-06-30": "", "2017-03-31": "", "2016-12-31": "", "2016-09-30": "", "2016-06-30": "", "2016-03-31": "", "2015-12-31": "", "2015-09-30": "", "2015-06-30": "", "2015-03-31": "", "2014-12-31": "", "2014-09-30": "", "2014-06-30": "", "2014-03-31": "", "2013-12-31": "", "2013-09-30": "", "2013-06-30": "", "2013-03-31": "", "2012-12-31": "", "2012-09-30": "", "2012-06-30": "", "2012-03-31": "", "2011-12-31": "", "2011-09-30": "", "2011-06-30": "", "2011-03-31": "", "2010-12-31": "", "2010-09-30": "", "2010-06-30": "", "2010-03-31": "", "2009-12-31": "", "2009-09-30": "", "2009-06-30": "", "2009-03-31": "", "2008-12-31": "", "2008-09-30": "", "2008-06-30": "", "2008-03-31": "", "2007-12-31": "", "2007-09-30": "", "2007-06-30": "", "2007-03-31": "", "2006-12-31": "", "2006-09-30": "", "2006-06-30": "", "2006-03-31": "", "2005-12-31": "", "2005-09-30": "", "2005-06-30": "", "2005-03-31": ""}, "SG&A Expenses": {"2020-09-30": "271.00000", "2020-06-30": "307.00000", "2020-03-31": "301.00000", "2019-12-31": "319.00000", "2019-09-30": "292.00000", "2019-06-30": "275.00000", "2019-03-31": "281.00000", "2018-12-31": "278.10000", "2018-09-30": "260.30000", "2018-06-30": "270.50000", "2018-03-31": "271.10000", "2017-12-31": "303.49990", "2017-09-30": "245.70000", "2017-06-30": "216.10000", "2017-03-31": "220.70000", "2016-12-31": "244.40000", "2016-09-30": "225.30000", "2016-06-30": "228.60000", "2016-03-31": "232.90000", "2015-12-31": "252.20000", "2015-09-30": "220.80000", "2015-06-30": "227.00000", "2015-03-31": "221.30000", "2014-12-31": "250.30000", "2014-09-30": "206.50000", "2014-06-30": "217.40000", "2014-03-31": "195.10000", "2013-12-31": "223.00000", "2013-09-30": "187.10000", "2013-06-30": "185.00000", "2013-03-31": "227.00000", "2012-12-31": "236.40000", "2012-09-30": "187.40000", "2012-06-30": "159.60000", "2012-03-31": "168.80000", "2011-12-31": "193.20000", "2011-09-30": "145.00000", "2011-06-30": "142.90000", "2011-03-31": "148.50000", "2010-12-31": "169.50000", "2010-09-30": "152.20000", "2010-06-30": "137.50000", "2010-03-31": "128.80000", "2009-12-31": "144.50000", "2009-09-30": "124.30000", "2009-06-30": "116.70000", "2009-03-31": "110.20000", "2008-12-31": "119.50000", "2008-09-30": "108.10000", "2008-06-30": "114.00000", "2008-03-31": "99.70000", "2007-12-31": "-353.10000", "2007-09-30": "262.90000", "2007-06-30": "273.30000", "2007-03-31": "268.00000", "2006-12-31": "-263.10000", "2006-09-30": "216.90000", "2006-06-30": "213.00000", "2006-03-31": "192.50000", "2005-12-31": "-231.20000", "2005-09-30": "180.40000", "2005-06-30": "185.30000", "2005-03-31": "169.40000"}, "Other Operating Income Or Expenses": {"2020-09-30": "", "2020-06-30": "", "2020-03-31": "-9.00000", "2019-12-31": "-3.00000", "2019-09-30": "-2.00000", "2019-06-30": "-9.00000", "2019-03-31": "", "2018-12-31": "", "2018-09-30": "", "2018-06-30": "", "2018-03-31": "", "2017-12-31": "", "2017-09-30": "", "2017-06-30": "", "2017-03-31": "", "2016-12-31": "", "2016-09-30": "", "2016-06-30": "", "2016-03-31": "", "2015-12-31": "", "2015-09-30": "", "2015-06-30": "", "2015-03-31": "", "2014-12-31": "", "2014-09-30": "", "2014-06-30": "", "2014-03-31": "", "2013-12-31": "", "2013-09-30": "", "2013-06-30": "", "2013-03-31": "", "2012-12-31": "", "2012-09-30": "", "2012-06-30": "", "2012-03-31": "", "2011-12-31": "", "2011-09-30": "", "2011-06-30": "", "2011-03-31": "", "2010-12-31": "", "2010-09-30": "", "2010-06-30": "", "2010-03-31": "", "2009-12-31": "", "2009-09-30": "", "2009-06-30": "", "2009-03-31": "", "2008-12-31": "", "2008-09-30": "", "2008-06-30": "", "2008-03-31": "", "2007-12-31": "", "2007-09-30": "", "2007-06-30": "", "2007-03-31": "", "2006-12-31": "", "2006-09-30": "", "2006-06-30": "", "2006-03-31": "", "2005-12-31": "", "2005-09-30": "", "2005-06-30": "", "2005-03-31": ""}, "Operating Expenses": {"2020-09-30": "714.00000", "2020-06-30": "725.00000", "2020-03-31": "698.00000", "2019-12-31": "729.00000", "2019-09-30": "691.00000", "2019-06-30": "731.00000", "2019-03-31": "680.00000", "2018-12-31": "684.00010", "2018-09-30": "613.99990", "2018-06-30": "641.10000", "2018-03-31": "635.90000", "2017-12-31": "699.70020", "2017-09-30": "614.40000", "2017-06-30": "540.40000", "2017-03-31": "528.50000", "2016-12-31": "1403.00000", "2016-09-30": "519.60000", "2016-06-30": "518.70000", "2016-03-31": "512.00000", "2015-12-31": "532.80010", "2015-09-30": "485.20000", "2015-06-30": "498.80000", "2015-03-31": "494.30000", "2014-12-31": "532.79990", "2014-09-30": "466.40000", "2014-06-30": "461.80000", "2014-03-31": "434.20000", "2013-12-31": "467.30000", "2013-09-30": "414.00000", "2013-06-30": "405.20000", "2013-03-31": "451.40000", "2012-12-31": "493.99980", "2012-09-30": "418.80000", "2012-06-30": "362.30000", "2012-03-31": "377.80000", "2011-12-31": "395.00010", "2011-09-30": "335.20000", "2011-06-30": "335.10000", "2011-03-31": "327.00000", "2010-12-31": "367.70000", "2010-09-30": "324.40000", "2010-06-30": "287.30000", "2010-03-31": "279.80000", "2009-12-31": "306.89990", "2009-09-30": "279.30000", "2009-06-30": "263.50000", "2009-03-31": "260.00000", "2008-12-31": "278.30000", "2008-09-30": "243.60000", "2008-06-30": "253.90000", "2008-03-31": "231.40000", "2007-12-31": "292.80000", "2007-09-30": "274.50000", "2007-06-30": "282.40000", "2007-03-31": "278.30000", "2006-12-31": "126.70000", "2006-09-30": "226.70000", "2006-06-30": "222.30000", "2006-03-31": "201.90000", "2005-12-31": "230.80000", "2005-09-30": "189.20000", "2005-06-30": "194.00000", "2005-03-31": "178.00000"}, "Operating Income": {"2020-09-30": "642.00000", "2020-06-30": "710.00000", "2020-03-31": "592.00000", "2019-12-31": "504.00000", "2019-09-30": "549.00000", "2019-06-30": "483.00000", "2019-03-31": "462.00000", "2018-12-31": "376.40010", "2018-09-30": "466.80010", "2018-06-30": "534.00000", "2018-03-31": "490.80000", "2017-12-31": "465.70000", "2017-09-30": "448.50010", "2017-06-30": "460.10000", "2017-03-31": "446.70000", "2016-12-31": "-460.89990", "2016-09-30": "397.49990", "2016-06-30": "410.20000", "2016-03-31": "304.10000", "2015-12-31": "333.10000", "2015-09-30": "349.70000", "2015-06-30": "419.30000", "2015-03-31": "371.30000", "2014-12-31": "344.70030", "2014-09-30": "349.70000", "2014-06-30": "411.70000", "2014-03-31": "333.00000", "2013-12-31": "311.90000", "2013-09-30": "291.50000", "2013-06-30": "350.80000", "2013-03-31": "280.40000", "2012-12-31": "260.20020", "2012-09-30": "269.70000", "2012-06-30": "278.50000", "2012-03-31": "269.00000", "2011-12-31": "172.09990", "2011-09-30": "196.10000", "2011-06-30": "270.10000", "2011-03-31": "250.10000", "2010-12-31": "196.60000", "2010-09-30": "188.90000", "2010-06-30": "190.50000", "2010-03-31": "196.80000", "2009-12-31": "178.90000", "2009-09-30": "172.50000", "2009-06-30": "187.20000", "2009-03-31": "148.90000", "2008-12-31": "125.40010", "2008-09-30": "189.80000", "2008-06-30": "233.70000", "2008-03-31": "199.30000", "2007-12-31": "212.10000", "2007-09-30": "250.50000", "2007-06-30": "363.70000", "2007-03-31": "304.70000", "2006-12-31": "463.30000", "2006-09-30": "268.80000", "2006-06-30": "289.10000", "2006-03-31": "238.30000", "2005-12-31": "242.40000", "2005-09-30": "231.90000", "2005-06-30": "252.80000", "2005-03-31": "212.50000"}, "Total Non-Operating Income/Expense": {"2020-09-30": "-43.00000", "2020-06-30": "-44.00000", "2020-03-31": "-28.00000", "2019-12-31": "-51.00000", "2019-09-30": "-36.00000", "2019-06-30": "-51.00000", "2019-03-31": "-50.00000", "2018-12-31": "-53.80000", "2018-09-30": "-54.00000", "2018-06-30": "-38.50000", "2018-03-31": "-49.70000", "2017-12-31": "-57.80000", "2017-09-30": "17.30000", "2017-06-30": "1.90000", "2017-03-31": "4.60000", "2016-12-31": "-4.60000", "2016-09-30": "-28.50000", "2016-06-30": "-31.30000", "2016-03-31": "-28.50000", "2015-12-31": "-20.80000", "2015-09-30": "-6.10000", "2015-06-30": "-40.10000", "2015-03-31": "-26.80000", "2014-12-31": "-8.90000", "2014-09-30": "-21.30000", "2014-06-30": "73.50000", "2014-03-31": "-21.40000", "2013-12-31": "-10.10000", "2013-09-30": "-28.00000", "2013-06-30": "-14.00000", "2013-03-31": "-13.20000", "2012-12-31": "-23.80000", "2012-09-30": "-5.30000", "2012-06-30": "-13.90000", "2012-03-31": "-10.40000", "2011-12-31": "-16.50000", "2011-09-30": "-11.30000", "2011-06-30": "-5.90000", "2011-03-31": "-14.90000", "2010-12-31": "-24.00000", "2010-09-30": "-7.50000", "2010-06-30": "-12.60000", "2010-03-31": "-14.30000", "2009-12-31": "-11.60000", "2009-09-30": "-9.80000", "2009-06-30": "-12.60000", "2009-03-31": "-7.30000", "2008-12-31": "-0.80000", "2008-09-30": "-5.10000", "2008-06-30": "-9.90000", "2008-03-31": "-2.60000", "2007-12-31": "-14.50000", "2007-09-30": "-9.00000", "2007-06-30": "17.80000", "2007-03-31": "-3.30000", "2006-12-31": "0.00000", "2006-09-30": "-3.10000", "2006-06-30": "0.70000", "2006-03-31": "3.40000", "2005-12-31": "1.50000", "2005-09-30": "2.70000", "2005-06-30": "-3.90000", "2005-03-31": "-5.20000"}, "Pre-Tax Income": {"2020-09-30": "599.00000", "2020-06-30": "666.00000", "2020-03-31": "564.00000", "2019-12-31": "453.00000", "2019-09-30": "513.00000", "2019-06-30": "432.00000", "2019-03-31": "412.00000", "2018-12-31": "322.59990", "2018-09-30": "412.80000", "2018-06-30": "495.50000", "2018-03-31": "441.10000", "2017-12-31": "407.90000", "2017-09-30": "465.80000", "2017-06-30": "462.00000", "2017-03-31": "451.30000", "2016-12-31": "-465.50000", "2016-09-30": "369.00000", "2016-06-30": "378.90000", "2016-03-31": "275.60000", "2015-12-31": "312.30000", "2015-09-30": "343.60000", "2015-06-30": "379.20000", "2015-03-31": "344.50000", "2014-12-31": "335.80000", "2014-09-30": "328.40000", "2014-06-30": "485.20000", "2014-03-31": "311.60000", "2013-12-31": "301.80000", "2013-09-30": "263.50000", "2013-06-30": "336.80000", "2013-03-31": "267.20000", "2012-12-31": "236.40000", "2012-09-30": "264.40000", "2012-06-30": "264.60000", "2012-03-31": "258.60000", "2011-12-31": "155.60000", "2011-09-30": "184.80000", "2011-06-30": "264.20000", "2011-03-31": "235.20000", "2010-12-31": "172.60000", "2010-09-30": "181.40000", "2010-06-30": "177.90000", "2010-03-31": "182.50000", "2009-12-31": "167.30000", "2009-09-30": "162.70000", "2009-06-30": "174.60000", "2009-03-31": "141.60000", "2008-12-31": "124.60000", "2008-09-30": "184.70000", "2008-06-30": "223.80000", "2008-03-31": "196.70000", "2007-12-31": "197.60000", "2007-09-30": "241.50000", "2007-06-30": "381.50000", "2007-03-31": "301.40000", "2006-12-31": "463.30000", "2006-09-30": "265.70000", "2006-06-30": "289.80000", "2006-03-31": "241.70000", "2005-12-31": "243.90000", "2005-09-30": "234.60000", "2005-06-30": "248.90000", "2005-03-31": "207.30000"}, "Income Taxes": {"2020-09-30": "132.00000", "2020-06-30": "157.00000", "2020-03-31": "77.00000", "2019-12-31": "92.00000", "2019-09-30": "130.00000", "2019-06-30": "121.00000", "2019-03-31": "38.00000", "2018-12-31": "69.30000", "2018-09-30": "100.80000", "2018-06-30": "117.60000", "2018-03-31": "64.30000", "2017-12-31": "379.10000", "2017-09-30": "146.10000", "2017-06-30": "148.40000", "2017-03-31": "105.40000", "2016-12-31": "-40.00000", "2016-09-30": "112.40000", "2016-06-30": "120.80000", "2016-03-31": "89.00000", "2015-12-31": "91.90000", "2015-09-30": "109.80000", "2015-06-30": "115.10000", "2015-03-31": "113.20000", "2014-12-31": "94.40000", "2014-09-30": "109.90000", "2014-06-30": "160.80000", "2014-03-31": "89.90000", "2013-12-31": "92.20000", "2013-09-30": "76.70000", "2013-06-30": "108.40000", "2013-03-31": "76.10000", "2012-12-31": "74.40000", "2012-09-30": "77.90000", "2012-06-30": "88.90000", "2012-03-31": "83.10000", "2011-12-31": "57.50000", "2011-09-30": "52.70000", "2011-06-30": "73.50000", "2011-03-31": "78.10000", "2010-12-31": "33.70000", "2010-09-30": "44.20000", "2010-06-30": "55.30000", "2010-03-31": "67.80000", "2009-12-31": "64.00000", "2009-09-30": "61.00000", "2009-06-30": "63.60000", "2009-03-31": "50.50000", "2008-12-31": "35.60000", "2008-09-30": "70.90000", "2008-06-30": "86.20000", "2008-03-31": "75.50000", "2007-12-31": "65.00000", "2007-09-30": "104.60000", "2007-06-30": "119.60000", "2007-03-31": "126.00000", "2006-12-31": "184.70000", "2006-09-30": "108.70000", "2006-06-30": "117.70000", "2006-03-31": "95.50000", "2005-12-31": "93.80000", "2005-09-30": "88.00000", "2005-06-30": "103.50000", "2005-03-31": "88.60000"}, "Income After Taxes": {"2020-09-30": "467.00000", "2020-06-30": "509.00000", "2020-03-31": "487.00000", "2019-12-31": "361.00000", "2019-09-30": "383.00000", "2019-06-30": "311.00000", "2019-03-31": "374.00000", "2018-12-31": "253.30000", "2018-09-30": "312.00000", "2018-06-30": "377.90000", "2018-03-31": "376.80000", "2017-12-31": "28.80010", "2017-09-30": "319.70000", "2017-06-30": "313.60000", "2017-03-31": "345.90000", "2016-12-31": "-425.50000", "2016-09-30": "256.60000", "2016-06-30": "258.10000", "2016-03-31": "186.60000", "2015-12-31": "220.40000", "2015-09-30": "233.80000", "2015-06-30": "264.10000", "2015-03-31": "231.30000", "2014-12-31": "241.40000", "2014-09-30": "218.50000", "2014-06-30": "324.40000", "2014-03-31": "221.70000", "2013-12-31": "209.60000", "2013-09-30": "186.80000", "2013-06-30": "228.40000", "2013-03-31": "191.10000", "2012-12-31": "162.00000", "2012-09-30": "186.50000", "2012-06-30": "175.70000", "2012-03-31": "175.50000", "2011-12-31": "98.10000", "2011-09-30": "132.10000", "2011-06-30": "190.70000", "2011-03-31": "157.10000", "2010-12-31": "138.90000", "2010-09-30": "137.20000", "2010-06-30": "122.60000", "2010-03-31": "114.70000", "2009-12-31": "103.30000", "2009-09-30": "101.70000", "2009-06-30": "111.00000", "2009-03-31": "91.10000", "2008-12-31": "89.00000", "2008-09-30": "113.80000", "2008-06-30": "137.60000", "2008-03-31": "121.20000", "2007-12-31": "132.60000", "2007-09-30": "136.90000", "2007-06-30": "261.90000", "2007-03-31": "175.40000", "2006-12-31": "278.60000", "2006-09-30": "157.00000", "2006-06-30": "172.10000", "2006-03-31": "146.20000", "2005-12-31": "150.10000", "2005-09-30": "146.60000", "2005-06-30": "145.40000", "2005-03-31": "118.70000"}, "Other Income": {"2020-09-30": "", "2020-06-30": "", "2020-03-31": "", "2019-12-31": "", "2019-09-30": "", "2019-06-30": "", "2019-03-31": "", "2018-12-31": "", "2018-09-30": "", "2018-06-30": "", "2018-03-31": "", "2017-12-31": "", "2017-09-30": "", "2017-06-30": "", "2017-03-31": "", "2016-12-31": "", "2016-09-30": "", "2016-06-30": "", "2016-03-31": "", "2015-12-31": "", "2015-09-30": "", "2015-06-30": "", "2015-03-31": "", "2014-12-31": "", "2014-09-30": "", "2014-06-30": "", "2014-03-31": "", "2013-12-31": "", "2013-09-30": "", "2013-06-30": "", "2013-03-31": "", "2012-12-31": "", "2012-09-30": "", "2012-06-30": "", "2012-03-31": "", "2011-12-31": "", "2011-09-30": "", "2011-06-30": "", "2011-03-31": "", "2010-12-31": "", "2010-09-30": "", "2010-06-30": "", "2010-03-31": "", "2009-12-31": "", "2009-09-30": "", "2009-06-30": "", "2009-03-31": "", "2008-12-31": "", "2008-09-30": "", "2008-06-30": "", "2008-03-31": "", "2007-12-31": "", "2007-09-30": "", "2007-06-30": "", "2007-03-31": "", "2006-12-31": "", "2006-09-30": "", "2006-06-30": "", "2006-03-31": "", "2005-12-31": "", "2005-09-30": "", "2005-06-30": "", "2005-03-31": ""}, "Income From Continuous Operations": {"2020-09-30": "467.00000", "2020-06-30": "509.00000", "2020-03-31": "487.00000", "2019-12-31": "361.00000", "2019-09-30": "383.00000", "2019-06-30": "311.00000", "2019-03-31": "374.00000", "2018-12-31": "253.30000", "2018-09-30": "312.00000", "2018-06-30": "377.90000", "2018-03-31": "376.80000", "2017-12-31": "28.80010", "2017-09-30": "319.70000", "2017-06-30": "313.60000", "2017-03-31": "345.90000", "2016-12-31": "-425.50000", "2016-09-30": "256.60000", "2016-06-30": "258.10000", "2016-03-31": "186.60000", "2015-12-31": "220.40000", "2015-09-30": "233.80000", "2015-06-30": "264.10000", "2015-03-31": "231.30000", "2014-12-31": "241.40000", "2014-09-30": "218.50000", "2014-06-30": "324.40000", "2014-03-31": "221.70000", "2013-12-31": "209.60000", "2013-09-30": "186.80000", "2013-06-30": "228.40000", "2013-03-31": "191.10000", "2012-12-31": "162.00000", "2012-09-30": "186.50000", "2012-06-30": "175.70000", "2012-03-31": "175.50000", "2011-12-31": "98.10000", "2011-09-30": "132.10000", "2011-06-30": "190.70000", "2011-03-31": "157.10000", "2010-12-31": "138.90000", "2010-09-30": "137.20000", "2010-06-30": "122.60000", "2010-03-31": "114.70000", "2009-12-31": "103.30000", "2009-09-30": "101.70000", "2009-06-30": "111.00000", "2009-03-31": "91.10000", "2008-12-31": "89.00000", "2008-09-30": "113.80000", "2008-06-30": "137.60000", "2008-03-31": "121.20000", "2007-12-31": "132.60000", "2007-09-30": "136.90000", "2007-06-30": "261.90000", "2007-03-31": "175.40000", "2006-12-31": "278.60000", "2006-09-30": "157.00000", "2006-06-30": "172.10000", "2006-03-31": "146.20000", "2005-12-31": "150.10000", "2005-09-30": "146.60000", "2005-06-30": "145.40000", "2005-03-31": "118.70000"}, "Income From Discontinued Operations": {"2020-09-30": "", "2020-06-30": "", "2020-03-31": "", "2019-12-31": "", "2019-09-30": "", "2019-06-30": "", "2019-03-31": "", "2018-12-31": "", "2018-09-30": "", "2018-06-30": "", "2018-03-31": "", "2017-12-31": "", "2017-09-30": "", "2017-06-30": "", "2017-03-31": "", "2016-12-31": "", "2016-09-30": "", "2016-06-30": "", "2016-03-31": "", "2015-12-31": "", "2015-09-30": "", "2015-06-30": "", "2015-03-31": "", "2014-12-31": "", "2014-09-30": "", "2014-06-30": "", "2014-03-31": "", "2013-12-31": "", "2013-09-30": "", "2013-06-30": "", "2013-03-31": "", "2012-12-31": "", "2012-09-30": "", "2012-06-30": "", "2012-03-31": "", "2011-12-31": "", "2011-09-30": "", "2011-06-30": "", "2011-03-31": "", "2010-12-31": "", "2010-09-30": "", "2010-06-30": "", "2010-03-31": "", "2009-12-31": "", "2009-09-30": "", "2009-06-30": "", "2009-03-31": "", "2008-12-31": "", "2008-09-30": "", "2008-06-30": "", "2008-03-31": "", "2007-12-31": "", "2007-09-30": "", "2007-06-30": "", "2007-03-31": "", "2006-12-31": "", "2006-09-30": "", "2006-06-30": "", "2006-03-31": "", "2005-12-31": "", "2005-09-30": "", "2005-06-30": "", "2005-03-31": ""}, "Net Income": {"2020-09-30": "467.00000", "2020-06-30": "509.00000", "2020-03-31": "488.00000", "2019-12-31": "359.00000", "2019-09-30": "380.00000", "2019-06-30": "310.00000", "2019-03-31": "373.00000", "2018-12-31": "250.70000", "2018-09-30": "310.20000", "2018-06-30": "376.20000", "2018-03-31": "372.90000", "2017-12-31": "25.90000", "2017-09-30": "317.30000", "2017-06-30": "312.20000", "2017-03-31": "345.60000", "2016-12-31": "-428.60000", "2016-09-30": "255.30000", "2016-06-30": "255.50000", "2016-03-31": "184.40000", "2015-12-31": "217.89990", "2015-09-30": "231.60000", "2015-06-30": "261.70000", "2015-03-31": "230.10000", "2014-12-31": "236.30000", "2014-09-30": "215.20000", "2014-06-30": "319.20000", "2014-03-31": "218.00000", "2013-12-31": "206.70000", "2013-09-30": "183.90000", "2013-06-30": "225.50000", "2013-03-31": "188.40000", "2012-12-31": "160.10000", "2012-09-30": "183.90000", "2012-06-30": "172.50000", "2012-03-31": "173.50000", "2011-12-31": "96.20000", "2011-09-30": "130.70000", "2011-06-30": "189.00000", "2011-03-31": "155.50000", "2010-12-31": "137.40000", "2010-09-30": "136.00000", "2010-06-30": "121.00000", "2010-03-31": "113.40000", "2009-12-31": "101.90000", "2009-09-30": "100.60000", "2009-06-30": "109.30000", "2009-03-31": "90.20000", "2008-12-31": "88.70000", "2008-09-30": "113.00000", "2008-06-30": "135.20000", "2008-03-31": "120.70000", "2007-12-31": "127.30000", "2007-09-30": "136.90000", "2007-06-30": "261.90000", "2007-03-31": "175.40000", "2006-12-31": "278.60000", "2006-09-30": "157.00000", "2006-06-30": "172.10000", "2006-03-31": "146.20000", "2005-12-31": "150.10000", "2005-09-30": "146.60000", "2005-06-30": "145.40000", "2005-03-31": "118.70000"}, "EBITDA": {"2020-09-30": "698.00000", "2020-06-30": "768.00000", "2020-03-31": "641.00000", "2019-12-31": "554.00000", "2019-09-30": "597.00000", "2019-06-30": "535.00000", "2019-03-31": "512.00000", "2018-12-31": "424.80010", "2018-09-30": "512.90010", "2018-06-30": "582.40000", "2018-03-31": "539.90000", "2017-12-31": "515.29990", "2017-09-30": "491.50010", "2017-06-30": "493.00000", "2017-03-31": "479.20000", "2016-12-31": "-427.99990", "2016-09-30": "430.20000", "2016-06-30": "441.40000", "2016-03-31": "334.00000", "2015-12-31": "361.80000", "2015-09-30": "378.00000", "2015-06-30": "447.20000", "2015-03-31": "399.90000", "2014-12-31": "371.70030", "2014-09-30": "372.90000", "2014-06-30": "434.00000", "2014-03-31": "356.10000", "2013-12-31": "335.20000", "2013-09-30": "314.90000", "2013-06-30": "373.90000", "2013-03-31": "304.00000", "2012-12-31": "284.00020", "2012-09-30": "293.80000", "2012-06-30": "300.60000", "2012-03-31": "292.50000", "2011-12-31": "192.79990", "2011-09-30": "215.10000", "2011-06-30": "291.90000", "2011-03-31": "267.80000", "2010-12-31": "213.80000", "2010-09-30": "207.00000", "2010-06-30": "205.70000", "2010-03-31": "212.60000", "2009-12-31": "195.50000", "2009-09-30": "188.70000", "2009-06-30": "202.90000", "2009-03-31": "164.50000", "2008-12-31": "156.60010", "2008-09-30": "204.40000", "2008-06-30": "250.50000", "2008-03-31": "211.80000", "2007-12-31": "224.00000", "2007-09-30": "262.10000", "2007-06-30": "372.80000", "2007-03-31": "315.00000", "2006-12-31": "474.30000", "2006-09-30": "278.60000", "2006-06-30": "298.40000", "2006-03-31": "247.70000", "2005-12-31": "251.50000", "2005-09-30": "240.70000", "2005-06-30": "261.50000", "2005-03-31": "221.10000"}, "EBIT": {"2020-09-30": "642.00000", "2020-06-30": "710.00000", "2020-03-31": "592.00000", "2019-12-31": "504.00000", "2019-09-30": "549.00000", "2019-06-30": "483.00000", "2019-03-31": "462.00000", "2018-12-31": "376.40000", "2018-09-30": "466.80010", "2018-06-30": "534.00000", "2018-03-31": "490.80000", "2017-12-31": "465.70000", "2017-09-30": "448.50010", "2017-06-30": "460.10000", "2017-03-31": "446.70000", "2016-12-31": "-460.90000", "2016-09-30": "397.49990", "2016-06-30": "410.20000", "2016-03-31": "304.10000", "2015-12-31": "333.10000", "2015-09-30": "349.70000", "2015-06-30": "419.30000", "2015-03-31": "371.30000", "2014-12-31": "344.70010", "2014-09-30": "349.70000", "2014-06-30": "411.70000", "2014-03-31": "333.00000", "2013-12-31": "311.90000", "2013-09-30": "291.50000", "2013-06-30": "350.80000", "2013-03-31": "280.40000", "2012-12-31": "260.20020", "2012-09-30": "269.70000", "2012-06-30": "278.50000", "2012-03-31": "269.00000", "2011-12-31": "172.09990", "2011-09-30": "196.10000", "2011-06-30": "270.10000", "2011-03-31": "250.10000", "2010-12-31": "196.60000", "2010-09-30": "188.90000", "2010-06-30": "190.50000", "2010-03-31": "196.80000", "2009-12-31": "178.90000", "2009-09-30": "172.50000", "2009-06-30": "187.20000", "2009-03-31": "148.90000", "2008-12-31": "125.40010", "2008-09-30": "189.80000", "2008-06-30": "233.70000", "2008-03-31": "199.30000", "2007-12-31": "212.10000", "2007-09-30": "250.50000", "2007-06-30": "363.70000", "2007-03-31": "304.70000", "2006-12-31": "463.30000", "2006-09-30": "268.80000", "2006-06-30": "289.10000", "2006-03-31": "238.30000", "2005-12-31": "242.40000", "2005-09-30": "231.90000", "2005-06-30": "252.80000", "2005-03-31": "212.50000"}, "Basic Shares Outstanding": {"2020-09-30": "187.80000", "2020-06-30": "187.70000", "2020-03-31": "187.50000", "2019-12-31": "189.30000", "2019-09-30": "189.00000", "2019-06-30": "189.40000", "2019-03-31": "190.40000", "2018-12-31": "191.60000", "2018-09-30": "191.80000", "2018-06-30": "191.90000", "2018-03-31": "191.40000", "2017-12-31": "191.10000", "2017-09-30": "191.10000", "2017-06-30": "191.00000", "2017-03-31": "191.10000", "2016-12-31": "192.70000", "2016-09-30": "191.70000", "2016-06-30": "193.40000", "2016-03-31": "195.00000", "2015-12-31": "200.10000", "2015-09-30": "199.40000", "2015-06-30": "201.30000", "2015-03-31": "202.70000", "2014-12-31": "210.70000", "2014-09-30": "210.40000", "2014-06-30": "212.00000", "2014-03-31": "214.00000", "2013-12-31": "219.40000", "2013-09-30": "217.80000", "2013-06-30": "222.30000", "2013-03-31": "223.30000", "2012-12-31": "223.20000", "2012-09-30": "222.50000", "2012-06-30": "223.90000", "2012-03-31": "223.40000", "2011-12-31": "226.30000", "2011-09-30": "226.00000", "2011-06-30": "228.20000", "2011-03-31": "228.90000", "2010-12-31": "235.00000", "2010-09-30": "234.30000", "2010-06-30": "235.30000", "2010-03-31": "236.90000", "2009-12-31": "236.10000", "2009-09-30": "236.40000", "2009-06-30": "236.10000", "2009-03-31": "235.40000", "2008-12-31": "242.40000", "2008-09-30": "241.30000", "2008-06-30": "244.60000", "2008-03-31": "247.40000", "2007-12-31": "266.40000", "2007-09-30": "262.20000", "2007-06-30": "269.60000", "2007-03-31": "277.70000", "2006-12-31": "284.20000", "2006-09-30": "280.70000", "2006-06-30": "286.40000", "2006-03-31": "290.50000", "2005-12-31": "297.70000", "2005-09-30": "299.60000", "2005-06-30": "300.40000", "2005-03-31": "299.00000"}, "Shares Outstanding": {"2020-09-30": "189.30000", "2020-06-30": "189.00000", "2020-03-31": "189.60000", "2019-12-31": "191.60000", "2019-09-30": "191.10000", "2019-06-30": "191.30000", "2019-03-31": "192.80000", "2018-12-31": "194.40000", "2018-09-30": "194.50000", "2018-06-30": "194.40000", "2018-03-31": "194.50000", "2017-12-31": "194.20000", "2017-09-30": "194.10000", "2017-06-30": "193.80000", "2017-03-31": "194.30000", "2016-12-31": "195.40000", "2016-09-30": "194.30000", "2016-06-30": "195.80000", "2016-03-31": "197.90000", "2015-12-31": "203.40000", "2015-09-30": "202.50000", "2015-06-30": "204.40000", "2015-03-31": "206.50000", "2014-12-31": "214.70000", "2014-09-30": "214.20000", "2014-06-30": "215.70000", "2014-03-31": "218.50000", "2013-12-31": "223.50000", "2013-09-30": "222.00000", "2013-06-30": "226.20000", "2013-03-31": "227.20000", "2012-12-31": "226.60000", "2012-09-30": "226.10000", "2012-06-30": "227.20000", "2012-03-31": "227.40000", "2011-12-31": "229.40000", "2011-09-30": "229.00000", "2011-06-30": "231.50000", "2011-03-31": "231.40000", "2010-12-31": "236.60000", "2010-09-30": "235.70000", "2010-06-30": "236.50000", "2010-03-31": "239.10000", "2009-12-31": "237.80000", "2009-09-30": "238.20000", "2009-06-30": "238.10000", "2009-03-31": "236.50000", "2008-12-31": "245.30000", "2008-09-30": "244.60000", "2008-06-30": "248.10000", "2008-03-31": "251.00000", "2007-12-31": "272.20000", "2007-09-30": "267.60000", "2007-06-30": "276.00000", "2007-03-31": "284.90000", "2006-12-31": "291.90000", "2006-09-30": "287.90000", "2006-06-30": "293.70000", "2006-03-31": "299.50000", "2005-12-31": "305.60000", "2005-09-30": "307.70000", "2005-06-30": "307.70000", "2005-03-31": "306.10000"}, "Basic EPS": {"2020-09-30": "2.49000", "2020-06-30": "2.71000", "2020-03-31": "2.60000", "2019-12-31": "1.90000", "2019-09-30": "2.01000", "2019-06-30": "1.64000", "2019-03-31": "1.96000", "2018-12-31": "1.31000", "2018-09-30": "1.62000", "2018-06-30": "1.96000", "2018-03-31": "1.95000", "2017-12-31": "0.14000", "2017-09-30": "1.66000", "2017-06-30": "1.63000", "2017-03-31": "1.81000", "2016-12-31": "-2.22000", "2016-09-30": "1.33000", "2016-06-30": "1.32000", "2016-03-31": "0.95000", "2015-12-31": "1.10000", "2015-09-30": "1.16000", "2015-06-30": "1.30000", "2015-03-31": "1.14000", "2014-12-31": "1.14000", "2014-09-30": "1.02000", "2014-06-30": "1.51000", "2014-03-31": "1.02000", "2013-12-31": "0.98000", "2013-09-30": "0.84000", "2013-06-30": "1.01000", "2013-03-31": "0.84000", "2012-12-31": "0.71000", "2012-09-30": "0.83000", "2012-06-30": "0.77000", "2012-03-31": "0.78000", "2011-12-31": "0.43000", "2011-09-30": "0.58000", "2011-06-30": "0.83000", "2011-03-31": "0.68000", "2010-12-31": "0.59000", "2010-09-30": "0.58000", "2010-06-30": "0.51000", "2010-03-31": "0.48000", "2009-12-31": "0.43000", "2009-09-30": "0.43000", "2009-06-30": "0.46000", "2009-03-31": "0.38000", "2008-12-31": "0.38000", "2008-09-30": "0.47000", "2008-06-30": "0.55000", "2008-03-31": "0.49000", "2007-12-31": "0.51000", "2007-09-30": "0.52000", "2007-06-30": "0.97000", "2007-03-31": "0.63000", "2006-12-31": "0.99000", "2006-09-30": "0.56000", "2006-06-30": "0.60000", "2006-03-31": "0.50000", "2005-12-31": "0.51000", "2005-09-30": "0.49000", "2005-06-30": "0.48000", "2005-03-31": "0.40000"}, "EPS - Earnings Per Share": {"2020-09-30": "2.47000", "2020-06-30": "2.69000", "2020-03-31": "2.57000", "2019-12-31": "1.88000", "2019-09-30": "1.99000", "2019-06-30": "1.62000", "2019-03-31": "1.93000", "2018-12-31": "1.29000", "2018-09-30": "1.59000", "2018-06-30": "1.94000", "2018-03-31": "1.92000", "2017-12-31": "0.13000", "2017-09-30": "1.63000", "2017-06-30": "1.61000", "2017-03-31": "1.78000", "2016-12-31": "-2.18000", "2016-09-30": "1.31000", "2016-06-30": "1.30000", "2016-03-31": "0.93000", "2015-12-31": "1.10000", "2015-09-30": "1.14000", "2015-06-30": "1.28000", "2015-03-31": "1.11000", "2014-12-31": "1.13000", "2014-09-30": "1.00000", "2014-06-30": "1.48000", "2014-03-31": "1.00000", "2013-12-31": "0.94000", "2013-09-30": "0.83000", "2013-06-30": "1.00000", "2013-03-31": "0.83000", "2012-12-31": "0.72000", "2012-09-30": "0.81000", "2012-06-30": "0.76000", "2012-03-31": "0.76000", "2011-12-31": "0.43000", "2011-09-30": "0.57000", "2011-06-30": "0.82000", "2011-03-31": "0.67000", "2010-12-31": "0.59000", "2010-09-30": "0.58000", "2010-06-30": "0.51000", "2010-03-31": "0.47000", "2009-12-31": "0.43000", "2009-09-30": "0.42000", "2009-06-30": "0.46000", "2009-03-31": "0.38000", "2008-12-31": "0.39000", "2008-09-30": "0.46000", "2008-06-30": "0.54000", "2008-03-31": "0.48000", "2007-12-31": "0.50000", "2007-09-30": "0.51000", "2007-06-30": "0.95000", "2007-03-31": "0.62000", "2006-12-31": "0.95000", "2006-09-30": "0.55000", "2006-06-30": "0.59000", "2006-03-31": "0.49000", "2005-12-31": "0.50000", "2005-09-30": "0.48000", "2005-06-30": "0.47000", "2005-03-31": "0.39000"}}, "balance sheet": {"Cash On Hand": {"2019-12-31": "1930.00000", "2018-12-31": "1818.00000", "2017-12-31": "1183.30000", "2016-12-31": "2224.90000", "2015-12-31": "2232.20000", "2014-12-31": "1677.60000", "2013-12-31": "2106.30000", "2012-12-31": "1773.30000", "2011-12-31": "774.80000", "2010-12-31": "672.30000", "2009-12-31": "483.90000", "2008-12-31": "253.00000", "2007-12-31": "441.00000", "2006-12-31": "483.50000", "2005-12-31": "580.50000"}, "Receivables": {"2019-12-31": "1419.00000", "2018-12-31": "1287.00000", "2017-12-31": "1147.20000", "2016-12-31": "887.40000", "2015-12-31": "802.00000", "2014-12-31": "792.40000", "2013-12-31": "694.20000", "2012-12-31": "621.80000", "2011-12-31": "489.80000", "2010-12-31": "497.50000", "2009-12-31": "444.90000", "2008-12-31": "421.80000", "2007-12-31": "443.60000", "2006-12-31": "475.40000", "2005-12-31": "421.80000"}, "Inventory": {"2019-12-31": "", "2018-12-31": "", "2017-12-31": "", "2016-12-31": "", "2015-12-31": "", "2014-12-31": "", "2013-12-31": "", "2012-12-31": "", "2011-12-31": "", "2010-12-31": "", "2009-12-31": "", "2008-12-31": "", "2007-12-31": "", "2006-12-31": "", "2005-12-31": ""}, "Pre-Paid Expenses": {"2019-12-31": "", "2018-12-31": "", "2017-12-31": "", "2016-12-31": "", "2015-12-31": "", "2014-12-31": "", "2013-12-31": "", "2012-12-31": "", "2011-12-31": "", "2010-12-31": "", "2009-12-31": "", "2008-12-31": "", "2007-12-31": "", "2006-12-31": "", "2005-12-31": ""}, "Other Current Assets": {"2019-12-31": "330.00000", "2018-12-31": "282.00000", "2017-12-31": "250.10000", "2016-12-31": "140.80000", "2015-12-31": "179.60000", "2014-12-31": "172.50000", "2013-12-31": "114.40000", "2012-12-31": "91.90000", "2011-12-31": "77.60000", "2010-12-31": "127.90000", "2009-12-31": "51.80000", "2008-12-31": "107.80000", "2007-12-31": "91.40000", "2006-12-31": "43.00000", "2005-12-31": "49.50000"}, "Total Current Assets": {"2019-12-31": "3679.00000", "2018-12-31": "3387.00000", "2017-12-31": "2580.60000", "2016-12-31": "3253.10000", "2015-12-31": "3243.10000", "2014-12-31": "2686.40000", "2013-12-31": "2968.80000", "2012-12-31": "2525.70000", "2011-12-31": "1424.40000", "2010-12-31": "1343.00000", "2009-12-31": "1012.90000", "2008-12-31": "809.10000", "2007-12-31": "989.10000", "2006-12-31": "1001.90000", "2005-12-31": "1051.80000"}, "Property, Plant, And Equipment": {"2019-12-31": "292.00000", "2018-12-31": "320.00000", "2017-12-31": "325.10000", "2016-12-31": "325.90000", "2015-12-31": "306.40000", "2014-12-31": "302.30000", "2013-12-31": "278.70000", "2012-12-31": "307.10000", "2011-12-31": "326.80000", "2010-12-31": "319.30000", "2009-12-31": "293.00000", "2008-12-31": "247.70000", "2007-12-31": "214.60000", "2006-12-31": "62.00000", "2005-12-31": "55.40000"}, "Long-Term Investments": {"2019-12-31": "", "2018-12-31": "", "2017-12-31": "", "2016-12-31": "", "2015-12-31": "", "2014-12-31": "", "2013-12-31": "", "2012-12-31": "", "2011-12-31": "", "2010-12-31": "", "2009-12-31": "", "2008-12-31": "", "2007-12-31": "", "2006-12-31": "", "2005-12-31": ""}, "Goodwill And Intangible Assets": {"2019-12-31": "5220.00000", "2018-12-31": "5347.00000", "2017-12-31": "5384.80000", "2016-12-31": "1320.00000", "2015-12-31": "1275.40000", "2014-12-31": "1366.60000", "2013-12-31": "886.80000", "2012-12-31": "863.60000", "2011-12-31": "896.50000", "2010-12-31": "634.30000", "2009-12-31": "454.10000", "2008-12-31": "452.00000", "2007-12-31": "236.80000", "2006-12-31": "241.80000", "2005-12-31": "222.90000"}, "Other Long-Term Assets": {"2019-12-31": "389.00000", "2018-12-31": "275.00000", "2017-12-31": "159.90000", "2016-12-31": "112.20000", "2015-12-31": "140.40000", "2014-12-31": "145.90000", "2013-12-31": "112.10000", "2012-12-31": "96.00000", "2011-12-31": "82.00000", "2010-12-31": "55.80000", "2009-12-31": "50.70000", "2008-12-31": "44.50000", "2007-12-31": "107.80000", "2006-12-31": "192.00000", "2005-12-31": "70.70000"}, "Total Long-Term Assets": {"2019-12-31": "6586.00000", "2018-12-31": "6139.00000", "2017-12-31": "6013.60000", "2016-12-31": "2074.20000", "2015-12-31": "1859.90000", "2014-12-31": "1982.60000", "2013-12-31": "1426.30000", "2012-12-31": "1435.20000", "2011-12-31": "1451.70000", "2010-12-31": "1197.30000", "2009-12-31": "990.40000", "2008-12-31": "964.30000", "2007-12-31": "725.50000", "2006-12-31": "495.80000", "2005-12-31": "405.40000"}, "Total Assets": {"2019-12-31": "10265.00000", "2018-12-31": "9526.00000", "2017-12-31": "8594.20000", "2016-12-31": "5327.30000", "2015-12-31": "5103.00000", "2014-12-31": "4669.00000", "2013-12-31": "4395.10000", "2012-12-31": "3960.90000", "2011-12-31": "2876.10000", "2010-12-31": "2540.30000", "2009-12-31": "2003.30000", "2008-12-31": "1773.40000", "2007-12-31": "1714.60000", "2006-12-31": "1497.70000", "2005-12-31": "1457.20000"}, "Total Current Liabilities": {"2019-12-31": "1912.00000", "2018-12-31": "2099.00000", "2017-12-31": "2063.30000", "2016-12-31": "2428.20000", "2015-12-31": "1218.50000", "2014-12-31": "1199.70000", "2013-12-31": "1141.30000", "2012-12-31": "1164.90000", "2011-12-31": "1134.00000", "2010-12-31": "933.80000", "2009-12-31": "1236.00000", "2008-12-31": "1393.10000", "2007-12-31": "1349.20000", "2006-12-31": "700.00000", "2005-12-31": "578.90000"}, "Long Term Debt": {"2019-12-31": "5581.00000", "2018-12-31": "5226.00000", "2017-12-31": "5111.10000", "2016-12-31": "3063.00000", "2015-12-31": "3380.60000", "2014-12-31": "2547.30000", "2013-12-31": "2101.80000", "2012-12-31": "1607.40000", "2011-12-31": "1172.50000", "2010-12-31": "1228.30000", "2009-12-31": "746.20000", "2008-12-31": "750.00000", "2007-12-31": "600.00000", "2006-12-31": "300.00000", "2005-12-31": "300.00000"}, "Other Non-Current Liabilities": {"2019-12-31": "981.00000", "2018-12-31": "1071.00000", "2017-12-31": "1053.10000", "2016-12-31": "625.00000", "2015-12-31": "620.60000", "2014-12-31": "651.20000", "2013-12-31": "555.80000", "2012-12-31": "566.70000", "2011-12-31": "520.20000", "2010-12-31": "543.10000", "2009-12-31": "482.00000", "2008-12-31": "482.60000", "2007-12-31": "427.90000", "2006-12-31": "228.20000", "2005-12-31": "193.20000"}, "Total Long Term Liabilities": {"2019-12-31": "7522.00000", "2018-12-31": "6771.00000", "2017-12-31": "6645.80000", "2016-12-31": "3926.40000", "2015-12-31": "4217.50000", "2014-12-31": "3426.40000", "2013-12-31": "2905.90000", "2012-12-31": "2399.40000", "2011-12-31": "1900.50000", "2010-12-31": "1904.90000", "2009-12-31": "1363.40000", "2008-12-31": "1366.40000", "2007-12-31": "1149.00000", "2006-12-31": "630.30000", "2005-12-31": "568.90000"}, "Total Liabilities": {"2019-12-31": "9434.00000", "2018-12-31": "8870.00000", "2017-12-31": "8709.10000", "2016-12-31": "6354.60000", "2015-12-31": "5436.00000", "2014-12-31": "4626.10000", "2013-12-31": "4047.20000", "2012-12-31": "3564.30000", "2011-12-31": "3034.50000", "2010-12-31": "2838.70000", "2009-12-31": "2599.40000", "2008-12-31": "2759.50000", "2007-12-31": "2498.20000", "2006-12-31": "1330.30000", "2005-12-31": "1147.80000"}, "Common Stock Net": {"2019-12-31": "3.00000", "2018-12-31": "3.00000", "2017-12-31": "3.40000", "2016-12-31": "3.40000", "2015-12-31": "3.40000", "2014-12-31": "3.40000", "2013-12-31": "3.40000", "2012-12-31": "3.40000", "2011-12-31": "3.40000", "2010-12-31": "3.40000", "2009-12-31": "3.40000", "2008-12-31": "3.40000", "2007-12-31": "3.40000", "2006-12-31": "3.40000", "2005-12-31": "3.40000"}, "Retained Earnings (Accumulated Deficit)": {"2019-12-31": "9656.00000", "2018-12-31": "8594.00000", "2017-12-31": "7465.40000", "2016-12-31": "6688.90000", "2015-12-31": "6709.00000", "2014-12-31": "6044.30000", "2013-12-31": "5302.10000", "2012-12-31": "4713.30000", "2011-12-31": "4176.10000", "2010-12-31": "3736.20000", "2009-12-31": "3329.00000", "2008-12-31": "3023.20000", "2007-12-31": "2661.10000", "2006-12-31": "2091.40000", "2005-12-31": "1419.20000"}, "Comprehensive Income": {"2019-12-31": "-439.00000", "2018-12-31": "-426.00000", "2017-12-31": "-172.20000", "2016-12-31": "-364.90000", "2015-12-31": "-339.50000", "2014-12-31": "-235.20000", "2013-12-31": "-54.60000", "2012-12-31": "-82.10000", "2011-12-31": "-107.50000", "2010-12-31": "-33.40000", "2009-12-31": "-41.20000", "2008-12-31": "-52.10000", "2007-12-31": "15.60000", "2006-12-31": "-8.40000", "2005-12-31": "-0.90000"}, "Other Share Holders Equity": {"2019-12-31": "", "2018-12-31": "", "2017-12-31": "", "2016-12-31": "", "2015-12-31": "", "2014-12-31": "", "2013-12-31": "", "2012-12-31": "", "2011-12-31": "", "2010-12-31": "", "2009-12-31": "", "2008-12-31": "", "2007-12-31": "", "2006-12-31": "", "2005-12-31": ""}, "Share Holder Equity": {"2019-12-31": "831.00000", "2018-12-31": "656.00000", "2017-12-31": "-114.90000", "2016-12-31": "-1027.30000", "2015-12-31": "-333.00000", "2014-12-31": "42.90000", "2013-12-31": "347.90000", "2012-12-31": "396.60000", "2011-12-31": "-158.40000", "2010-12-31": "-298.40000", "2009-12-31": "-596.10000", "2008-12-31": "-986.10000", "2007-12-31": "-783.60000", "2006-12-31": "167.40000", "2005-12-31": "309.40000"}, "Total Liabilities And Share Holders Equity": {"2019-12-31": "10265.00000", "2018-12-31": "9526.00000", "2017-12-31": "8594.20000", "2016-12-31": "5327.30000", "2015-12-31": "5103.00000", "2014-12-31": "4669.00000", "2013-12-31": "4395.10000", "2012-12-31": "3960.90000", "2011-12-31": "2876.10000", "2010-12-31": "2540.30000", "2009-12-31": "2003.30000", "2008-12-31": "1773.40000", "2007-12-31": "1714.60000", "2006-12-31": "1497.70000", "2005-12-31": "1457.20000"}}, "balance sheet, quarterly": {"Cash On Hand": {"2020-09-30": "2588.00000", "2020-06-30": "2199.00000", "2020-03-31": "2231.00000", "2019-12-31": "1930.00000", "2019-09-30": "1273.80000", "2019-06-30": "1315.40000", "2019-03-31": "1310.60000", "2018-12-31": "1818.00000", "2018-09-30": "1145.50000", "2018-06-30": "1415.70000", "2018-03-31": "1377.80000", "2017-12-31": "1183.30000", "2017-09-30": "1071.10000", "2017-06-30": "3367.20000", "2017-03-31": "2262.40000", "2016-12-31": "2224.90000", "2016-09-30": "2057.90000", "2016-06-30": "2026.80000", "2016-03-31": "2066.70000", "2015-12-31": "2232.20000", "2015-09-30": "1941.30000", "2015-06-30": "2047.50000", "2015-03-31": "1995.40000", "2014-12-31": "1677.60000", "2014-09-30": "2105.60000", "2014-06-30": "1959.30000", "2014-03-31": "2044.90000", "2013-12-31": "2106.30000", "2013-09-30": "2044.70000", "2013-06-30": "1650.90000", "2013-03-31": "1769.60000", "2012-12-31": "1773.30000", "2012-09-30": "1541.20000", "2012-06-30": "839.50000", "2012-03-31": "828.00000", "2011-12-31": "774.80000", "2011-09-30": "867.50000", "2011-06-30": "949.50000", "2011-03-31": "726.20000", "2010-12-31": "672.30000", "2010-09-30": "804.50000", "2010-06-30": "493.60000", "2010-03-31": "503.90000", "2009-12-31": "483.90000", "2009-09-30": "429.50000", "2009-06-30": "397.70000", "2009-03-31": "348.50000", "2008-12-31": "253.00000", "2008-09-30": "445.80000", "2008-06-30": "392.80000", "2008-03-31": "349.60000", "2007-12-31": "441.00000", "2007-09-30": "425.70000", "2007-06-30": "375.00000", "2007-03-31": "299.80000", "2006-12-31": "483.50000", "2006-09-30": "294.60000", "2006-06-30": "230.30000", "2006-03-31": "605.00000", "2005-12-31": "580.50000", "2005-09-30": "818.40000", "2005-06-30": "930.80000", "2005-03-31": "777.00000"}, "Receivables": {"2020-09-30": "1360.00000", "2020-06-30": "1401.00000", "2020-03-31": "1413.00000", "2019-12-31": "1419.00000", "2019-09-30": "1228.40000", "2019-06-30": "1245.30000", "2019-03-31": "1301.20000", "2018-12-31": "1287.00000", "2018-09-30": "1131.80000", "2018-06-30": "1137.10000", "2018-03-31": "1207.40000", "2017-12-31": "1147.20000", "2017-09-30": "1007.30000", "2017-06-30": "916.50000", "2017-03-31": "953.50000", "2016-12-31": "887.40000", "2016-09-30": "831.40000", "2016-06-30": "843.70000", "2016-03-31": "852.10000", "2015-12-31": "802.00000", "2015-09-30": "720.50000", "2015-06-30": "801.30000", "2015-03-31": "842.70000", "2014-12-31": "792.40000", "2014-09-30": "712.20000", "2014-06-30": "758.30000", "2014-03-31": "737.90000", "2013-12-31": "694.20000", "2013-09-30": "592.00000", "2013-06-30": "607.70000", "2013-03-31": "637.20000", "2012-12-31": "621.80000", "2012-09-30": "549.60000", "2012-06-30": "530.50000", "2012-03-31": "589.20000", "2011-12-31": "489.80000", "2011-09-30": "400.50000", "2011-06-30": "492.60000", "2011-03-31": "503.40000", "2010-12-31": "497.50000", "2010-09-30": "410.60000", "2010-06-30": "389.10000", "2010-03-31": "427.00000", "2009-12-31": "444.90000", "2009-09-30": "378.90000", "2009-06-30": "407.60000", "2009-03-31": "403.60000", "2008-12-31": "421.80000", "2008-09-30": "348.70000", "2008-06-30": "415.20000", "2008-03-31": "405.40000", "2007-12-31": "443.60000", "2007-09-30": "393.10000", "2007-06-30": "484.00000", "2007-03-31": "499.30000", "2006-12-31": "475.40000", "2006-09-30": "359.60000", "2006-06-30": "424.60000", "2006-03-31": "422.80000", "2005-12-31": "421.80000", "2005-09-30": "336.80000", "2005-06-30": "379.40000", "2005-03-31": "364.60000"}, "Inventory": {"2020-09-30": "", "2020-06-30": "", "2020-03-31": "", "2019-12-31": "", "2019-09-30": "", "2019-06-30": "", "2019-03-31": "", "2018-12-31": "", "2018-09-30": "", "2018-06-30": "", "2018-03-31": "", "2017-12-31": "", "2017-09-30": "", "2017-06-30": "", "2017-03-31": "", "2016-12-31": "", "2016-09-30": "", "2016-06-30": "", "2016-03-31": "", "2015-12-31": "", "2015-09-30": "", "2015-06-30": "", "2015-03-31": "", "2014-12-31": "", "2014-09-30": "", "2014-06-30": "", "2014-03-31": "", "2013-12-31": "", "2013-09-30": "", "2013-06-30": "", "2013-03-31": "", "2012-12-31": "", "2012-09-30": "", "2012-06-30": "", "2012-03-31": "", "2011-12-31": "", "2011-09-30": "", "2011-06-30": "", "2011-03-31": "", "2010-12-31": "", "2010-09-30": "", "2010-06-30": "", "2010-03-31": "", "2009-12-31": "", "2009-09-30": "", "2009-06-30": "", "2009-03-31": "", "2008-12-31": "", "2008-09-30": "", "2008-06-30": "", "2008-03-31": "", "2007-12-31": "", "2007-09-30": "", "2007-06-30": "", "2007-03-31": "", "2006-12-31": "", "2006-09-30": "", "2006-06-30": "", "2006-03-31": "", "2005-12-31": "", "2005-09-30": "", "2005-06-30": "", "2005-03-31": ""}, "Pre-Paid Expenses": {"2020-09-30": "", "2020-06-30": "", "2020-03-31": "", "2019-12-31": "", "2019-09-30": "", "2019-06-30": "", "2019-03-31": "", "2018-12-31": "", "2018-09-30": "", "2018-06-30": "", "2018-03-31": "", "2017-12-31": "", "2017-09-30": "", "2017-06-30": "", "2017-03-31": "", "2016-12-31": "", "2016-09-30": "", "2016-06-30": "", "2016-03-31": "", "2015-12-31": "", "2015-09-30": "", "2015-06-30": "", "2015-03-31": "", "2014-12-31": "", "2014-09-30": "", "2014-06-30": "", "2014-03-31": "", "2013-12-31": "", "2013-09-30": "", "2013-06-30": "", "2013-03-31": "", "2012-12-31": "", "2012-09-30": "", "2012-06-30": "", "2012-03-31": "", "2011-12-31": "", "2011-09-30": "", "2011-06-30": "", "2011-03-31": "", "2010-12-31": "", "2010-09-30": "", "2010-06-30": "", "2010-03-31": "", "2009-12-31": "", "2009-09-30": "", "2009-06-30": "", "2009-03-31": "", "2008-12-31": "", "2008-09-30": "", "2008-06-30": "", "2008-03-31": "", "2007-12-31": "", "2007-09-30": "", "2007-06-30": "", "2007-03-31": "", "2006-12-31": "", "2006-09-30": "", "2006-06-30": "", "2006-03-31": "", "2005-12-31": "", "2005-09-30": "", "2005-06-30": "", "2005-03-31": ""}, "Other Current Assets": {"2020-09-30": "333.00000", "2020-06-30": "363.00000", "2020-03-31": "350.00000", "2019-12-31": "330.00000", "2019-09-30": "540.10000", "2019-06-30": "593.90000", "2019-03-31": "286.60000", "2018-12-31": "282.00000", "2018-09-30": "238.90000", "2018-06-30": "286.90000", "2018-03-31": "233.60000", "2017-12-31": "250.10000", "2017-09-30": "200.50000", "2017-06-30": "275.40000", "2017-03-31": "269.60000", "2016-12-31": "140.80000", "2016-09-30": "127.60000", "2016-06-30": "159.60000", "2016-03-31": "166.50000", "2015-12-31": "179.60000", "2015-09-30": "163.70000", "2015-06-30": "175.60000", "2015-03-31": "164.40000", "2014-12-31": "172.50000", "2014-09-30": "197.20000", "2014-06-30": "177.00000", "2014-03-31": "119.60000", "2013-12-31": "114.40000", "2013-09-30": "98.80000", "2013-06-30": "147.60000", "2013-03-31": "81.40000", "2012-12-31": "91.90000", "2012-09-30": "68.90000", "2012-06-30": "109.80000", "2012-03-31": "68.00000", "2011-12-31": "77.60000", "2011-09-30": "49.80000", "2011-06-30": "56.70000", "2011-03-31": "67.80000", "2010-12-31": "127.90000", "2010-09-30": "39.20000", "2010-06-30": "34.80000", "2010-03-31": "38.50000", "2009-12-31": "51.80000", "2009-09-30": "62.00000", "2009-06-30": "64.10000", "2009-03-31": "72.40000", "2008-12-31": "107.80000", "2008-09-30": "94.20000", "2008-06-30": "70.50000", "2008-03-31": "68.60000", "2007-12-31": "91.40000", "2007-09-30": "51.80000", "2007-06-30": "59.00000", "2007-03-31": "80.00000", "2006-12-31": "43.00000", "2006-09-30": "26.00000", "2006-06-30": "24.90000", "2006-03-31": "35.00000", "2005-12-31": "49.50000", "2005-09-30": "42.80000", "2005-06-30": "60.50000", "2005-03-31": "63.70000"}, "Total Current Assets": {"2020-09-30": "4281.00000", "2020-06-30": "3963.00000", "2020-03-31": "3994.00000", "2019-12-31": "3679.00000", "2019-09-30": "3042.30000", "2019-06-30": "3154.60000", "2019-03-31": "2898.40000", "2018-12-31": "3387.00000", "2018-09-30": "2516.20000", "2018-06-30": "2839.70000", "2018-03-31": "2818.80000", "2017-12-31": "2580.60000", "2017-09-30": "2278.90000", "2017-06-30": "4559.10000", "2017-03-31": "3485.50000", "2016-12-31": "3253.10000", "2016-09-30": "3016.90000", "2016-06-30": "3030.10000", "2016-03-31": "3085.30000", "2015-12-31": "3243.10000", "2015-09-30": "2862.10000", "2015-06-30": "3064.00000", "2015-03-31": "3039.30000", "2014-12-31": "2686.40000", "2014-09-30": "3061.90000", "2014-06-30": "2944.30000", "2014-03-31": "2945.80000", "2013-12-31": "2968.80000", "2013-09-30": "2782.20000", "2013-06-30": "2442.70000", "2013-03-31": "2520.30000", "2012-12-31": "2525.70000", "2012-09-30": "2205.80000", "2012-06-30": "1519.40000", "2012-03-31": "1526.60000", "2011-12-31": "1424.40000", "2011-09-30": "1360.00000", "2011-06-30": "1543.10000", "2011-03-31": "1339.60000", "2010-12-31": "1343.00000", "2010-09-30": "1301.40000", "2010-06-30": "960.00000", "2010-03-31": "1008.00000", "2009-12-31": "1012.90000", "2009-09-30": "896.50000", "2009-06-30": "900.60000", "2009-03-31": "856.10000", "2008-12-31": "809.10000", "2008-09-30": "917.80000", "2008-06-30": "912.80000", "2008-03-31": "852.50000", "2007-12-31": "989.10000", "2007-09-30": "870.60000", "2007-06-30": "918.00000", "2007-03-31": "879.10000", "2006-12-31": "1001.90000", "2006-09-30": "680.20000", "2006-06-30": "679.80000", "2006-03-31": "1062.80000", "2005-12-31": "1051.80000", "2005-09-30": "1198.00000", "2005-06-30": "1370.70000", "2005-03-31": "1205.30000"}, "Property, Plant, And Equipment": {"2020-09-30": "282.00000", "2020-06-30": "298.00000", "2020-03-31": "285.00000", "2019-12-31": "292.00000", "2019-09-30": "292.10000", "2019-06-30": "300.40000", "2019-03-31": "318.70000", "2018-12-31": "320.00000", "2018-09-30": "311.10000", "2018-06-30": "312.20000", "2018-03-31": "321.60000", "2017-12-31": "325.10000", "2017-09-30": "332.10000", "2017-06-30": "329.70000", "2017-03-31": "329.10000", "2016-12-31": "325.90000", "2016-09-30": "329.60000", "2016-06-30": "323.00000", "2016-03-31": "310.50000", "2015-12-31": "306.40000", "2015-09-30": "306.10000", "2015-06-30": "304.60000", "2015-03-31": "299.30000", "2014-12-31": "302.30000", "2014-09-30": "303.50000", "2014-06-30": "298.30000", "2014-03-31": "282.30000", "2013-12-31": "278.70000", "2013-09-30": "284.30000", "2013-06-30": "287.40000", "2013-03-31": "296.10000", "2012-12-31": "307.10000", "2012-09-30": "315.60000", "2012-06-30": "317.40000", "2012-03-31": "324.80000", "2011-12-31": "326.80000", "2011-09-30": "323.70000", "2011-06-30": "325.20000", "2011-03-31": "324.60000", "2010-12-31": "319.30000", "2010-09-30": "307.50000", "2010-06-30": "298.30000", "2010-03-31": "292.70000", "2009-12-31": "293.00000", "2009-09-30": "278.60000", "2009-06-30": "267.60000", "2009-03-31": "248.40000", "2008-12-31": "247.70000", "2008-09-30": "242.10000", "2008-06-30": "235.70000", "2008-03-31": "230.20000", "2007-12-31": "214.60000", "2007-09-30": "218.40000", "2007-06-30": "162.80000", "2007-03-31": "118.20000", "2006-12-31": "62.00000", "2006-09-30": "62.80000", "2006-06-30": "60.00000", "2006-03-31": "58.30000", "2005-12-31": "55.40000", "2005-09-30": "47.20000", "2005-06-30": "45.70000", "2005-03-31": "44.80000"}, "Long-Term Investments": {"2020-09-30": "", "2020-06-30": "", "2020-03-31": "", "2019-12-31": "", "2019-09-30": "", "2019-06-30": "", "2019-03-31": "", "2018-12-31": "", "2018-09-30": "", "2018-06-30": "", "2018-03-31": "", "2017-12-31": "", "2017-09-30": "", "2017-06-30": "", "2017-03-31": "", "2016-12-31": "", "2016-09-30": "", "2016-06-30": "", "2016-03-31": "", "2015-12-31": "", "2015-09-30": "", "2015-06-30": "", "2015-03-31": "", "2014-12-31": "", "2014-09-30": "", "2014-06-30": "", "2014-03-31": "", "2013-12-31": "", "2013-09-30": "", "2013-06-30": "", "2013-03-31": "", "2012-12-31": "", "2012-09-30": "", "2012-06-30": "", "2012-03-31": "", "2011-12-31": "", "2011-09-30": "", "2011-06-30": "", "2011-03-31": "", "2010-12-31": "", "2010-09-30": "", "2010-06-30": "", "2010-03-31": "", "2009-12-31": "", "2009-09-30": "", "2009-06-30": "", "2009-03-31": "", "2008-12-31": "", "2008-09-30": "", "2008-06-30": "", "2008-03-31": "", "2007-12-31": "", "2007-09-30": "", "2007-06-30": "", "2007-03-31": "", "2006-12-31": "", "2006-09-30": "", "2006-06-30": "", "2006-03-31": "", "2005-12-31": "", "2005-09-30": "", "2005-06-30": "", "2005-03-31": ""}, "Goodwill And Intangible Assets": {"2020-09-30": "5999.00000", "2020-06-30": "5859.00000", "2020-03-31": "5831.00000", "2019-12-31": "5220.00000", "2019-09-30": "5064.10000", "2019-06-30": "5150.90000", "2019-03-31": "5292.90000", "2018-12-31": "5347.00000", "2018-09-30": "5178.90000", "2018-06-30": "5204.10000", "2018-03-31": "5473.10000", "2017-12-31": "5384.80000", "2017-09-30": "5355.20000", "2017-06-30": "1341.60000", "2017-03-31": "1319.40000", "2016-12-31": "1320.00000", "2016-09-30": "1348.60000", "2016-06-30": "1366.40000", "2016-03-31": "1380.10000", "2015-12-31": "1275.40000", "2015-09-30": "1298.80000", "2015-06-30": "1329.40000", "2015-03-31": "1316.00000", "2014-12-31": "1366.60000", "2014-09-30": "1350.10000", "2014-06-30": "1265.70000", "2014-03-31": "869.40000", "2013-12-31": "886.80000", "2013-09-30": "829.00000", "2013-06-30": "821.80000", "2013-03-31": "836.50000", "2012-12-31": "863.60000", "2012-09-30": "879.60000", "2012-06-30": "876.10000", "2012-03-31": "905.60000", "2011-12-31": "896.50000", "2011-09-30": "604.10000", "2011-06-30": "637.20000", "2011-03-31": "631.00000", "2010-12-31": "634.30000", "2010-09-30": "448.50000", "2010-06-30": "438.20000", "2010-03-31": "447.40000", "2009-12-31": "454.10000", "2009-09-30": "454.60000", "2009-06-30": "451.30000", "2009-03-31": "440.90000", "2008-12-31": "452.00000", "2008-09-30": "266.50000", "2008-06-30": "271.30000", "2008-03-31": "274.10000", "2007-12-31": "236.80000", "2007-09-30": "239.30000", "2007-06-30": "241.40000", "2007-03-31": "241.80000", "2006-12-31": "241.80000", "2006-09-30": "218.10000", "2006-06-30": "220.60000", "2006-03-31": "222.80000", "2005-12-31": "222.90000", "2005-09-30": "197.50000", "2005-06-30": "199.10000", "2005-03-31": "200.90000"}, "Other Long-Term Assets": {"2020-09-30": "468.00000", "2020-06-30": "561.00000", "2020-03-31": "594.00000", "2019-12-31": "389.00000", "2019-09-30": "425.30000", "2019-06-30": "317.50000", "2019-03-31": "321.20000", "2018-12-31": "275.00000", "2018-09-30": "243.60000", "2018-06-30": "259.00000", "2018-03-31": "258.00000", "2017-12-31": "159.90000", "2017-09-30": "168.50000", "2017-06-30": "170.60000", "2017-03-31": "166.80000", "2016-12-31": "112.20000", "2016-09-30": "154.60000", "2016-06-30": "158.20000", "2016-03-31": "162.80000", "2015-12-31": "140.40000", "2015-09-30": "173.20000", "2015-06-30": "155.80000", "2015-03-31": "166.70000", "2014-12-31": "145.90000", "2014-09-30": "142.20000", "2014-06-30": "147.40000", "2014-03-31": "106.60000", "2013-12-31": "112.10000", "2013-09-30": "93.90000", "2013-06-30": "89.90000", "2013-03-31": "100.10000", "2012-12-31": "96.00000", "2012-09-30": "104.50000", "2012-06-30": "100.10000", "2012-03-31": "90.10000", "2011-12-31": "82.00000", "2011-09-30": "61.40000", "2011-06-30": "58.00000", "2011-03-31": "52.70000", "2010-12-31": "55.80000", "2010-09-30": "63.00000", "2010-06-30": "53.00000", "2010-03-31": "52.10000", "2009-12-31": "50.70000", "2009-09-30": "49.50000", "2009-06-30": "47.70000", "2009-03-31": "43.60000", "2008-12-31": "44.50000", "2008-09-30": "82.40000", "2008-06-30": "82.10000", "2008-03-31": "84.30000", "2007-12-31": "107.80000", "2007-09-30": "223.30000", "2007-06-30": "231.10000", "2007-03-31": "230.80000", "2006-12-31": "192.00000", "2006-09-30": "141.10000", "2006-06-30": "116.60000", "2006-03-31": "103.10000", "2005-12-31": "70.70000", "2005-09-30": "55.20000", "2005-06-30": "50.80000", "2005-03-31": "49.00000"}, "Total Long-Term Assets": {"2020-09-30": "7391.00000", "2020-06-30": "7335.00000", "2020-03-31": "7312.00000", "2019-12-31": "6586.00000", "2019-09-30": "6435.50000", "2019-06-30": "6437.00000", "2019-03-31": "6619.70000", "2018-12-31": "6139.00000", "2018-09-30": "5922.90000", "2018-06-30": "5911.90000", "2018-03-31": "6195.20000", "2017-12-31": "6013.60000", "2017-09-30": "6026.00000", "2017-06-30": "1977.20000", "2017-03-31": "1950.40000", "2016-12-31": "2074.20000", "2016-09-30": "2002.40000", "2016-06-30": "2014.80000", "2016-03-31": "2029.60000", "2015-12-31": "1859.90000", "2015-09-30": "1910.80000", "2015-06-30": "1935.50000", "2015-03-31": "1936.70000", "2014-12-31": "1982.60000", "2014-09-30": "1931.80000", "2014-06-30": "1842.30000", "2014-03-31": "1407.60000", "2013-12-31": "1426.30000", "2013-09-30": "1372.30000", "2013-06-30": "1351.60000", "2013-03-31": "1390.90000", "2012-12-31": "1435.20000", "2012-09-30": "1456.50000", "2012-06-30": "1444.50000", "2012-03-31": "1467.80000", "2011-12-31": "1451.70000", "2011-09-30": "1161.30000", "2011-06-30": "1201.50000", "2011-03-31": "1184.80000", "2010-12-31": "1197.30000", "2010-09-30": "1046.80000", "2010-06-30": "997.70000", "2010-03-31": "995.29990", "2009-12-31": "990.40000", "2009-09-30": "977.70000", "2009-06-30": "973.20000", "2009-03-31": "946.00000", "2008-12-31": "964.30000", "2008-09-30": "776.50000", "2008-06-30": "751.60000", "2008-03-31": "734.30000", "2007-12-31": "725.50000", "2007-09-30": "681.00000", "2007-06-30": "635.30000", "2007-03-31": "590.80000", "2006-12-31": "495.80000", "2006-09-30": "475.00000", "2006-06-30": "451.30000", "2006-03-31": "439.60000", "2005-12-31": "405.40000", "2005-09-30": "357.10000", "2005-06-30": "353.60000", "2005-03-31": "353.70000"}, "Total Assets": {"2020-09-30": "11672.00000", "2020-06-30": "11298.00000", "2020-03-31": "11306.00000", "2019-12-31": "10265.00000", "2019-09-30": "9477.80000", "2019-06-30": "9591.60000", "2019-03-31": "9518.10000", "2018-12-31": "9526.00000", "2018-09-30": "8439.10000", "2018-06-30": "8751.60000", "2018-03-31": "9014.00000", "2017-12-31": "8594.20000", "2017-09-30": "8304.90000", "2017-06-30": "6536.30000", "2017-03-31": "5435.90000", "2016-12-31": "5327.30000", "2016-09-30": "5019.30000", "2016-06-30": "5044.90000", "2016-03-31": "5114.90000", "2015-12-31": "5103.00000", "2015-09-30": "4772.90000", "2015-06-30": "4999.50000", "2015-03-31": "4976.00000", "2014-12-31": "4669.00000", "2014-09-30": "4993.70000", "2014-06-30": "4786.60000", "2014-03-31": "4353.40000", "2013-12-31": "4395.10000", "2013-09-30": "4154.50000", "2013-06-30": "3794.30000", "2013-03-31": "3911.20000", "2012-12-31": "3960.90000", "2012-09-30": "3662.30000", "2012-06-30": "2963.90000", "2012-03-31": "2994.40000", "2011-12-31": "2876.10000", "2011-09-30": "2521.30000", "2011-06-30": "2744.60000", "2011-03-31": "2524.40000", "2010-12-31": "2540.30000", "2010-09-30": "2348.20000", "2010-06-30": "1957.70000", "2010-03-31": "2003.30000", "2009-12-31": "2003.30000", "2009-09-30": "1874.20000", "2009-06-30": "1873.80000", "2009-03-31": "1802.10000", "2008-12-31": "1773.40000", "2008-09-30": "1694.30000", "2008-06-30": "1664.40000", "2008-03-31": "1586.80000", "2007-12-31": "1714.60000", "2007-09-30": "1551.60000", "2007-06-30": "1553.30000", "2007-03-31": "1469.90000", "2006-12-31": "1497.70000", "2006-09-30": "1155.20000", "2006-06-30": "1131.10000", "2006-03-31": "1502.40000", "2005-12-31": "1457.20000", "2005-09-30": "1555.10000", "2005-06-30": "1724.30000", "2005-03-31": "1559.00000"}, "Total Current Liabilities": {"2020-09-30": "1721.00000", "2020-06-30": "1886.00000", "2020-03-31": "2351.00000", "2019-12-31": "1912.00000", "2019-09-30": "2138.00000", "2019-06-30": "1839.90000", "2019-03-31": "2005.60000", "2018-12-31": "2099.00000", "2018-09-30": "1823.60000", "2018-06-30": "1843.90000", "2018-03-31": "1920.90000", "2017-12-31": "2063.30000", "2017-09-30": "1982.70000", "2017-06-30": "1237.20000", "2017-03-31": "1423.80000", "2016-12-31": "2428.20000", "2016-09-30": "1402.50000", "2016-06-30": "1146.40000", "2016-03-31": "1151.90000", "2015-12-31": "1218.50000", "2015-09-30": "1050.20000", "2015-06-30": "1124.80000", "2015-03-31": "1138.20000", "2014-12-31": "1199.70000", "2014-09-30": "1041.70000", "2014-06-30": "1093.40000", "2014-03-31": "1027.30000", "2013-12-31": "1141.30000", "2013-09-30": "897.20000", "2013-06-30": "897.10000", "2013-03-31": "1013.40000", "2012-12-31": "1164.90000", "2012-09-30": "982.90000", "2012-06-30": "995.20000", "2012-03-31": "1011.50000", "2011-12-31": "1134.00000", "2011-09-30": "834.90000", "2011-06-30": "852.00000", "2011-03-31": "841.00000", "2010-12-31": "933.80000", "2010-09-30": "792.60000", "2010-06-30": "1094.20000", "2010-03-31": "1146.90000", "2009-12-31": "1236.00000", "2009-09-30": "1202.30000", "2009-06-30": "1305.10000", "2009-03-31": "1338.80000", "2008-12-31": "1393.10000", "2008-09-30": "1248.80000", "2008-06-30": "1160.60000", "2008-03-31": "1318.20000", "2007-12-31": "1349.20000", "2007-09-30": "1085.80000", "2007-06-30": "1090.70000", "2007-03-31": "773.00000", "2006-12-31": "700.00000", "2006-09-30": "525.30000", "2006-06-30": "527.10000", "2006-03-31": "550.10000", "2005-12-31": "578.90000", "2005-09-30": "505.80000", "2005-06-30": "843.20000", "2005-03-31": "835.30000"}, "Long Term Debt": {"2020-09-30": "6363.00000", "2020-06-30": "6333.00000", "2020-03-31": "6303.00000", "2019-12-31": "5581.00000", "2019-09-30": "4736.50000", "2019-06-30": "5258.00000", "2019-03-31": "5228.60000", "2018-12-31": "5226.00000", "2018-09-30": "4484.00000", "2018-06-30": "4934.20000", "2018-03-31": "5118.00000", "2017-12-31": "5111.10000", "2017-09-30": "5107.30000", "2017-06-30": "4887.10000", "2017-03-31": "3861.90000", "2016-12-31": "3063.00000", "2016-09-30": "3118.20000", "2016-06-30": "3420.40000", "2016-03-31": "3428.60000", "2015-12-31": "3380.60000", "2015-09-30": "3124.50000", "2015-06-30": "3106.10000", "2015-03-31": "3095.10000", "2014-12-31": "2547.30000", "2014-09-30": "2536.50000", "2014-06-30": "2104.50000", "2014-03-31": "2097.50000", "2013-12-31": "2101.80000", "2013-09-30": "2098.60000", "2013-06-30": "1605.00000", "2013-03-31": "1610.20000", "2012-12-31": "1607.40000", "2012-09-30": "1611.90000", "2012-06-30": "1110.80000", "2012-03-31": "1137.40000", "2011-12-31": "1172.50000", "2011-09-30": "1200.90000", "2011-06-30": "1228.00000", "2011-03-31": "1221.10000", "2010-12-31": "1228.30000", "2010-09-30": "1235.60000", "2010-06-30": "742.50000", "2010-03-31": "744.40000", "2009-12-31": "746.20000", "2009-09-30": "748.10000", "2009-06-30": "750.00000", "2009-03-31": "750.00000", "2008-12-31": "750.00000", "2008-09-30": "750.00000", "2008-06-30": "750.00000", "2008-03-31": "600.00000", "2007-12-31": "600.00000", "2007-09-30": "600.00000", "2007-06-30": "300.00000", "2007-03-31": "300.00000", "2006-12-31": "300.00000", "2006-09-30": "300.00000", "2006-06-30": "300.00000", "2006-03-31": "300.00000", "2005-12-31": "300.00000", "2005-09-30": "300.00000", "2005-06-30": "", "2005-03-31": ""}, "Other Non-Current Liabilities": {"2020-09-30": "969.00000", "2020-06-30": "873.00000", "2020-03-31": "851.00000", "2019-12-31": "981.00000", "2019-09-30": "934.50000", "2019-06-30": "941.70000", "2019-03-31": "961.10000", "2018-12-31": "1071.00000", "2018-09-30": "1046.70000", "2018-06-30": "1024.20000", "2018-03-31": "1045.10000", "2017-12-31": "1053.10000", "2017-09-30": "783.60000", "2017-06-30": "639.70000", "2017-03-31": "636.90000", "2016-12-31": "625.00000", "2016-09-30": "614.00000", "2016-06-30": "602.10000", "2016-03-31": "632.20000", "2015-12-31": "620.60000", "2015-09-30": "625.70000", "2015-06-30": "649.50000", "2015-03-31": "666.60000", "2014-12-31": "651.20000", "2014-09-30": "559.60000", "2014-06-30": "559.20000", "2014-03-31": "545.80000", "2013-12-31": "555.80000", "2013-09-30": "625.60000", "2013-06-30": "597.50000", "2013-03-31": "588.70000", "2012-12-31": "566.70000", "2012-09-30": "530.80000", "2012-06-30": "525.40000", "2012-03-31": "528.20000", "2011-12-31": "520.20000", "2011-09-30": "532.20000", "2011-06-30": "550.20000", "2011-03-31": "555.20000", "2010-12-31": "543.10000", "2010-09-30": "504.80000", "2010-06-30": "492.40000", "2010-03-31": "492.60000", "2009-12-31": "482.00000", "2009-09-30": "441.40000", "2009-06-30": "444.10000", "2009-03-31": "505.50000", "2008-12-31": "482.60000", "2008-09-30": "468.50000", "2008-06-30": "452.10000", "2008-03-31": "447.40000", "2007-12-31": "427.90000", "2007-09-30": "354.80000", "2007-06-30": "314.20000", "2007-03-31": "359.20000", "2006-12-31": "228.20000", "2006-09-30": "197.00000", "2006-06-30": "194.50000", "2006-03-31": "189.10000", "2005-12-31": "193.20000", "2005-09-30": "183.60000", "2005-06-30": "176.40000", "2005-03-31": "171.20000"}, "Total Long Term Liabilities": {"2020-09-30": "8263.00000", "2020-06-30": "8180.00000", "2020-03-31": "8156.00000", "2019-12-31": "7522.00000", "2019-09-30": "6642.50000", "2019-06-30": "7177.00000", "2019-03-31": "7187.50000", "2018-12-31": "6771.00000", "2018-09-30": "6009.40000", "2018-06-30": "6447.60100", "2018-03-31": "6673.10000", "2017-12-31": "6645.80000", "2017-09-30": "6479.00000", "2017-06-30": "5766.60100", "2017-03-31": "4736.30000", "2016-12-31": "3926.40000", "2016-09-30": "3974.70000", "2016-06-30": "4268.00000", "2016-03-31": "4314.50000", "2015-12-31": "4217.50000", "2015-09-30": "3962.90000", "2015-06-30": "3978.10000", "2015-03-31": "3984.00000", "2014-12-31": "3426.40000", "2014-09-30": "3471.70000", "2014-06-30": "3019.30000", "2014-03-31": "2932.80000", "2013-12-31": "2905.90000", "2013-09-30": "2965.40000", "2013-06-30": "2440.40000", "2013-03-31": "2432.90000", "2012-12-31": "2399.40000", "2012-09-30": "2357.30000", "2012-06-30": "1860.40000", "2012-03-31": "1891.70000", "2011-12-31": "1900.50000", "2011-09-30": "1860.60000", "2011-06-30": "1909.20000", "2011-03-31": "1906.60000", "2010-12-31": "1904.90000", "2010-09-30": "1853.20000", "2010-06-30": "1355.40000", "2010-03-31": "1390.40000", "2009-12-31": "1363.40000", "2009-09-30": "1319.40000", "2009-06-30": "1318.20000", "2009-03-31": "1382.60000", "2008-12-31": "1366.40000", "2008-09-30": "1339.30000", "2008-06-30": "1325.60000", "2008-03-31": "1171.60000", "2007-12-31": "1149.00000", "2007-09-30": "1075.30000", "2007-06-30": "728.50000", "2007-03-31": "767.00000", "2006-12-31": "630.30000", "2006-09-30": "591.20000", "2006-06-30": "583.40000", "2006-03-31": "570.10000", "2005-12-31": "568.90000", "2005-09-30": "551.70000", "2005-06-30": "239.00000", "2005-03-31": "228.90000"}, "Total Liabilities": {"2020-09-30": "9984.00000", "2020-06-30": "10066.00000", "2020-03-31": "10507.00000", "2019-12-31": "9434.00000", "2019-09-30": "8780.50000", "2019-06-30": "9016.90000", "2019-03-31": "9193.10000", "2018-12-31": "8870.00000", "2018-09-30": "7833.00000", "2018-06-30": "8291.50000", "2018-03-31": "8594.00000", "2017-12-31": "8709.10000", "2017-09-30": "8461.70000", "2017-06-30": "7003.80000", "2017-03-31": "6160.10000", "2016-12-31": "6354.60000", "2016-09-30": "5377.20000", "2016-06-30": "5414.40000", "2016-03-31": "5466.40000", "2015-12-31": "5436.00000", "2015-09-30": "5013.10000", "2015-06-30": "5102.90000", "2015-03-31": "5122.20000", "2014-12-31": "4626.10000", "2014-09-30": "4513.40000", "2014-06-30": "4112.70000", "2014-03-31": "3960.10000", "2013-12-31": "4047.20000", "2013-09-30": "3862.60000", "2013-06-30": "3337.50000", "2013-03-31": "3446.30000", "2012-12-31": "3564.30000", "2012-09-30": "3340.20000", "2012-06-30": "2855.60000", "2012-03-31": "2903.20000", "2011-12-31": "3034.50000", "2011-09-30": "2695.50000", "2011-06-30": "2761.20000", "2011-03-31": "2747.60000", "2010-12-31": "2838.70000", "2010-09-30": "2645.80000", "2010-06-30": "2449.60000", "2010-03-31": "2537.30000", "2009-12-31": "2599.40000", "2009-09-30": "2521.70000", "2009-06-30": "2623.30000", "2009-03-31": "2721.40000", "2008-12-31": "2759.50000", "2008-09-30": "2588.10000", "2008-06-30": "2486.20000", "2008-03-31": "2489.80000", "2007-12-31": "2498.20000", "2007-09-30": "2161.10000", "2007-06-30": "1819.20000", "2007-03-31": "1540.00000", "2006-12-31": "1330.30000", "2006-09-30": "1116.50000", "2006-06-30": "1110.50000", "2006-03-31": "1120.20000", "2005-12-31": "1147.80000", "2005-09-30": "1057.50000", "2005-06-30": "1082.20000", "2005-03-31": "1064.20000"}, "Common Stock Net": {"2020-09-30": "3.00000", "2020-06-30": "3.00000", "2020-03-31": "3.00000", "2019-12-31": "3.00000", "2019-09-30": "3.40000", "2019-06-30": "3.40000", "2019-03-31": "3.40000", "2018-12-31": "3.00000", "2018-09-30": "3.40000", "2018-06-30": "3.40000", "2018-03-31": "3.40000", "2017-12-31": "3.40000", "2017-09-30": "3.40000", "2017-06-30": "3.40000", "2017-03-31": "3.40000", "2016-12-31": "3.40000", "2016-09-30": "3.40000", "2016-06-30": "3.40000", "2016-03-31": "3.40000", "2015-12-31": "3.40000", "2015-09-30": "3.40000", "2015-06-30": "3.40000", "2015-03-31": "3.40000", "2014-12-31": "3.40000", "2014-09-30": "3.40000", "2014-06-30": "3.40000", "2014-03-31": "3.40000", "2013-12-31": "3.40000", "2013-09-30": "3.40000", "2013-06-30": "3.40000", "2013-03-31": "3.40000", "2012-12-31": "3.40000", "2012-09-30": "3.40000", "2012-06-30": "3.40000", "2012-03-31": "3.40000", "2011-12-31": "3.40000", "2011-09-30": "3.40000", "2011-06-30": "3.40000", "2011-03-31": "3.40000", "2010-12-31": "3.40000", "2010-09-30": "3.40000", "2010-06-30": "3.40000", "2010-03-31": "3.40000", "2009-12-31": "3.40000", "2009-09-30": "3.40000", "2009-06-30": "3.40000", "2009-03-31": "3.40000", "2008-12-31": "3.40000", "2008-09-30": "3.40000", "2008-06-30": "3.40000", "2008-03-31": "3.40000", "2007-12-31": "3.40000", "2007-09-30": "3.40000", "2007-06-30": "3.40000", "2007-03-31": "3.40000", "2006-12-31": "3.40000", "2006-09-30": "3.40000", "2006-06-30": "3.40000", "2006-03-31": "3.40000", "2005-12-31": "3.40000", "2005-09-30": "3.40000", "2005-06-30": "3.40000", "2005-03-31": "1.70000"}, "Retained Earnings (Accumulated Deficit)": {"2020-09-30": "10804.00000", "2020-06-30": "10442.00000", "2020-03-31": "10041.00000", "2019-12-31": "9656.00000", "2019-09-30": "9391.60000", "2019-06-30": "9107.70000", "2019-03-31": "8893.60000", "2018-12-31": "8594.00000", "2018-09-30": "8429.10000", "2018-06-30": "8204.60000", "2018-03-31": "7913.00000", "2017-12-31": "7465.40000", "2017-09-30": "7513.40000", "2017-06-30": "7269.60000", "2017-03-31": "7031.00000", "2016-12-31": "6688.90000", "2016-09-30": "7261.20000", "2016-06-30": "7077.80000", "2016-03-31": "6895.10000", "2015-12-31": "6709.00000", "2015-09-30": "6631.70000", "2015-06-30": "6468.40000", "2015-03-31": "6276.40000", "2014-12-31": "6044.30000", "2014-09-30": "5936.20000", "2014-06-30": "5780.70000", "2014-03-31": "5521.90000", "2013-12-31": "5302.10000", "2013-09-30": "5210.60000", "2013-06-30": "5082.10000", "2013-03-31": "4902.20000", "2012-12-31": "4713.30000", "2012-09-30": "4634.10000", "2012-06-30": "4486.30000", "2012-03-31": "4350.00000", "2011-12-31": "4176.10000", "2011-09-30": "4147.40000", "2011-06-30": "4048.80000", "2011-03-31": "3892.10000", "2010-12-31": "3736.20000", "2010-09-30": "3650.10000", "2010-06-30": "3538.90000", "2010-03-31": "3442.60000", "2009-12-31": "3329.00000", "2009-09-30": "3275.80000", "2009-06-30": "3199.00000", "2009-03-31": "3113.50000", "2008-12-31": "3023.20000", "2008-09-30": "2981.70000", "2008-06-30": "2892.90000", "2008-03-31": "2782.20000", "2007-12-31": "2661.10000", "2007-09-30": "2579.50000", "2007-06-30": "2463.70000", "2007-03-31": "2223.40000", "2006-12-31": "2091.40000", "2006-09-30": "1854.80000", "2006-06-30": "1717.50000", "2006-03-31": "1565.40000", "2005-12-31": "1419.20000", "2005-09-30": "1305.60000", "2005-06-30": "1175.50000", "2005-03-31": "1046.80000"}, "Comprehensive Income": {"2020-09-30": "-504.00000", "2020-06-30": "-542.00000", "2020-03-31": "-554.00000", "2019-12-31": "-439.00000", "2019-09-30": "-537.30000", "2019-06-30": "-446.10000", "2019-03-31": "-455.50000", "2018-12-31": "-426.00000", "2018-09-30": "-342.00000", "2018-06-30": "-304.80000", "2018-03-31": "-51.90000", "2017-12-31": "-172.20000", "2017-09-30": "-257.80000", "2017-06-30": "-309.70000", "2017-03-31": "-357.30000", "2016-12-31": "-364.90000", "2016-09-30": "-305.70000", "2016-06-30": "-316.80000", "2016-03-31": "-301.50000", "2015-12-31": "-339.50000", "2015-09-30": "-320.30000", "2015-06-30": "-280.80000", "2015-03-31": "-322.40000", "2014-12-31": "-235.20000", "2014-09-30": "-133.60000", "2014-06-30": "-47.30000", "2014-03-31": "-61.30000", "2013-12-31": "-54.60000", "2013-09-30": "-100.20000", "2013-06-30": "-149.90000", "2013-03-31": "-138.80000", "2012-12-31": "-82.10000", "2012-09-30": "-85.80000", "2012-06-30": "-120.80000", "2012-03-31": "-78.70000", "2011-12-31": "-107.50000", "2011-09-30": "-70.50000", "2011-06-30": "1.50000", "2011-03-31": "-9.40000", "2010-12-31": "-33.40000", "2010-09-30": "-24.60000", "2010-06-30": "-83.30000", "2010-03-31": "-85.70000", "2009-12-31": "-41.20000", "2009-09-30": "-19.20000", "2009-06-30": "-30.10000", "2009-03-31": "-82.60000", "2008-12-31": "-52.10000", "2008-09-30": "-11.60000", "2008-06-30": "27.10000", "2008-03-31": "27.80000", "2007-12-31": "15.60000", "2007-09-30": "1.00000", "2007-06-30": "-3.60000", "2007-03-31": "-7.90000", "2006-12-31": "-8.40000", "2006-09-30": "9.80000", "2006-06-30": "7.50000", "2006-03-31": "0.30000", "2005-12-31": "-0.90000", "2005-09-30": "-1.20000", "2005-06-30": "2.20000", "2005-03-31": "8.00000"}, "Other Share Holders Equity": {"2020-09-30": "", "2020-06-30": "", "2020-03-31": "", "2019-12-31": "", "2019-09-30": "", "2019-06-30": "", "2019-03-31": "", "2018-12-31": "", "2018-09-30": "", "2018-06-30": "", "2018-03-31": "", "2017-12-31": "", "2017-09-30": "", "2017-06-30": "", "2017-03-31": "", "2016-12-31": "", "2016-09-30": "", "2016-06-30": "", "2016-03-31": "", "2015-12-31": "", "2015-09-30": "", "2015-06-30": "", "2015-03-31": "", "2014-12-31": "", "2014-09-30": "", "2014-06-30": "", "2014-03-31": "", "2013-12-31": "", "2013-09-30": "", "2013-06-30": "", "2013-03-31": "", "2012-12-31": "", "2012-09-30": "", "2012-06-30": "", "2012-03-31": "", "2011-12-31": "", "2011-09-30": "", "2011-06-30": "", "2011-03-31": "", "2010-12-31": "", "2010-09-30": "", "2010-06-30": "", "2010-03-31": "", "2009-12-31": "", "2009-09-30": "", "2009-06-30": "", "2009-03-31": "", "2008-12-31": "", "2008-09-30": "", "2008-06-30": "", "2008-03-31": "", "2007-12-31": "", "2007-09-30": "", "2007-06-30": "", "2007-03-31": "", "2006-12-31": "", "2006-09-30": "", "2006-06-30": "", "2006-03-31": "", "2005-12-31": "", "2005-09-30": "", "2005-06-30": "", "2005-03-31": ""}, "Share Holder Equity": {"2020-09-30": "1688.00000", "2020-06-30": "1232.00000", "2020-03-31": "799.00000", "2019-12-31": "831.00000", "2019-09-30": "697.30000", "2019-06-30": "574.70000", "2019-03-31": "325.00000", "2018-12-31": "656.00000", "2018-09-30": "606.10000", "2018-06-30": "460.10000", "2018-03-31": "420.00000", "2017-12-31": "-114.90000", "2017-09-30": "-156.80000", "2017-06-30": "-467.50000", "2017-03-31": "-724.20000", "2016-12-31": "-1027.30000", "2016-09-30": "-357.90000", "2016-06-30": "-369.50000", "2016-03-31": "-351.50000", "2015-12-31": "-333.00000", "2015-09-30": "-240.20000", "2015-06-30": "-103.40000", "2015-03-31": "-146.20000", "2014-12-31": "42.90000", "2014-09-30": "480.30000", "2014-06-30": "673.90000", "2014-03-31": "393.30000", "2013-12-31": "347.90000", "2013-09-30": "291.90000", "2013-06-30": "456.80000", "2013-03-31": "464.90000", "2012-12-31": "396.60000", "2012-09-30": "322.10000", "2012-06-30": "108.30000", "2012-03-31": "91.20000", "2011-12-31": "-158.40000", "2011-09-30": "-174.20000", "2011-06-30": "-16.60000", "2011-03-31": "-223.20000", "2010-12-31": "-298.40000", "2010-09-30": "-297.60000", "2010-06-30": "-491.90000", "2010-03-31": "-534.00000", "2009-12-31": "-596.10000", "2009-09-30": "-647.50000", "2009-06-30": "-749.50000", "2009-03-31": "-919.30000", "2008-12-31": "-986.10000", "2008-09-30": "-893.80000", "2008-06-30": "-821.80000", "2008-03-31": "-903.00000", "2007-12-31": "-783.60000", "2007-09-30": "-609.50000", "2007-06-30": "-265.90000", "2007-03-31": "-70.10000", "2006-12-31": "167.40000", "2006-09-30": "38.70000", "2006-06-30": "20.60000", "2006-03-31": "382.20000", "2005-12-31": "309.40000", "2005-09-30": "497.60000", "2005-06-30": "642.10000", "2005-03-31": "494.80000"}, "Total Liabilities And Share Holders Equity": {"2020-09-30": "11672.00000", "2020-06-30": "11298.00000", "2020-03-31": "11306.00000", "2019-12-31": "10265.00000", "2019-09-30": "9477.80000", "2019-06-30": "9591.60000", "2019-03-31": "9518.10000", "2018-12-31": "9526.00000", "2018-09-30": "8439.10000", "2018-06-30": "8751.60000", "2018-03-31": "9014.00000", "2017-12-31": "8594.20000", "2017-09-30": "8304.90000", "2017-06-30": "6536.30000", "2017-03-31": "5435.90000", "2016-12-31": "5327.30000", "2016-09-30": "5019.30000", "2016-06-30": "5044.90000", "2016-03-31": "5114.90000", "2015-12-31": "5103.00000", "2015-09-30": "4772.90000", "2015-06-30": "4999.50000", "2015-03-31": "4976.00000", "2014-12-31": "4669.00000", "2014-09-30": "4993.70000", "2014-06-30": "4786.60000", "2014-03-31": "4353.40000", "2013-12-31": "4395.10000", "2013-09-30": "4154.50000", "2013-06-30": "3794.30000", "2013-03-31": "3911.20000", "2012-12-31": "3960.90000", "2012-09-30": "3662.30000", "2012-06-30": "2963.90000", "2012-03-31": "2994.40000", "2011-12-31": "2876.10000", "2011-09-30": "2521.30000", "2011-06-30": "2744.60000", "2011-03-31": "2524.40000", "2010-12-31": "2540.30000", "2010-09-30": "2348.20000", "2010-06-30": "1957.70000", "2010-03-31": "2003.30000", "2009-12-31": "2003.30000", "2009-09-30": "1874.20000", "2009-06-30": "1873.80000", "2009-03-31": "1802.10000", "2008-12-31": "1773.40000", "2008-09-30": "1694.30000", "2008-06-30": "1664.40000", "2008-03-31": "1586.80000", "2007-12-31": "1714.60000", "2007-09-30": "1551.60000", "2007-06-30": "1553.30000", "2007-03-31": "1469.90000", "2006-12-31": "1497.70000", "2006-09-30": "1155.20000", "2006-06-30": "1131.10000", "2006-03-31": "1502.40000", "2005-12-31": "1457.20000", "2005-09-30": "1555.10000", "2005-06-30": "1724.30000", "2005-03-31": "1559.00000"}}, "cash flow statement": {"Net Income/Loss": {"2019-12-31": "1429.00000", "2018-12-31": "1320.00000", "2017-12-31": "1008.00000", "2016-12-31": "275.80000", "2015-12-31": "949.60000", "2014-12-31": "1006.00000", "2013-12-31": "815.90000", "2012-12-31": "699.70000", "2011-12-31": "578.00000", "2010-12-31": "513.40000", "2009-12-31": "407.10000", "2008-12-31": "461.60000", "2007-12-31": "706.80000", "2006-12-31": "753.90000", "2005-12-31": "560.80000"}, "Total Depreciation And Amortization - Cash Flow": {"2019-12-31": "200.00000", "2018-12-31": "192.00000", "2017-12-31": "158.00000", "2016-12-31": "126.70000", "2015-12-31": "113.50000", "2014-12-31": "95.60000", "2013-12-31": "93.40000", "2012-12-31": "93.50000", "2011-12-31": "79.20000", "2010-12-31": "66.30000", "2009-12-31": "64.10000", "2008-12-31": "75.10000", "2007-12-31": "42.90000", "2006-12-31": "39.50000", "2005-12-31": "35.20000"}, "Other Non-Cash Items": {"2019-12-31": "150.00000", "2018-12-31": "73.00000", "2017-12-31": "34.00000", "2016-12-31": "-86.90000", "2015-12-31": "98.90000", "2014-12-31": "-57.60000", "2013-12-31": "-18.10000", "2012-12-31": "84.30000", "2011-12-31": "53.20000", "2010-12-31": "33.80000", "2009-12-31": "71.50000", "2008-12-31": "0.80000", "2007-12-31": "-50.60000", "2006-12-31": "-213.90000", "2005-12-31": "104.80000"}, "Total Non-Cash Items": {"2019-12-31": "350.00000", "2018-12-31": "265.00000", "2017-12-31": "192.00000", "2016-12-31": "39.80000", "2015-12-31": "212.40000", "2014-12-31": "38.00000", "2013-12-31": "75.30000", "2012-12-31": "177.80000", "2011-12-31": "132.40000", "2010-12-31": "100.10000", "2009-12-31": "135.60000", "2008-12-31": "75.90000", "2007-12-31": "-7.70000", "2006-12-31": "-174.40000", "2005-12-31": "140.00000"}, "Change In Accounts Receivable": {"2019-12-31": "-134.00000", "2018-12-31": "-136.00000", "2017-12-31": "-148.00000", "2016-12-31": "-104.80000", "2015-12-31": "-25.40000", "2014-12-31": "-98.30000", "2013-12-31": "-67.00000", "2012-12-31": "-128.20000", "2011-12-31": "17.10000", "2010-12-31": "-54.40000", "2009-12-31": "-14.90000", "2008-12-31": "26.20000", "2007-12-31": "36.70000", "2006-12-31": "-42.40000", "2005-12-31": "-53.10000"}, "Change In Inventories": {"2019-12-31": "", "2018-12-31": "", "2017-12-31": "", "2016-12-31": "", "2015-12-31": "", "2014-12-31": "", "2013-12-31": "", "2012-12-31": "", "2011-12-31": "", "2010-12-31": "", "2009-12-31": "", "2008-12-31": "", "2007-12-31": "", "2006-12-31": "", "2005-12-31": ""}, "Change In Accounts Payable": {"2019-12-31": "", "2018-12-31": "", "2017-12-31": "", "2016-12-31": "", "2015-12-31": "", "2014-12-31": "", "2013-12-31": "", "2012-12-31": "", "2011-12-31": "", "2010-12-31": "", "2009-12-31": "", "2008-12-31": "", "2007-12-31": "", "2006-12-31": "", "2005-12-31": ""}, "Change In Assets/Liabilities": {"2019-12-31": "-55.00000", "2018-12-31": "87.00000", "2017-12-31": "278.00000", "2016-12-31": "143.80000", "2015-12-31": "21.00000", "2014-12-31": "-16.90000", "2013-12-31": "74.60000", "2012-12-31": "21.30000", "2011-12-31": "48.00000", "2010-12-31": "-20.10000", "2009-12-31": "86.60000", "2008-12-31": "63.60000", "2007-12-31": "198.50000", "2006-12-31": "72.80000", "2005-12-31": "74.00000"}, "Total Change In Assets/Liabilities": {"2019-12-31": "-104.00000", "2018-12-31": "-124.00000", "2017-12-31": "-445.00000", "2016-12-31": "943.60000", "2015-12-31": "36.10000", "2014-12-31": "-25.40000", "2013-12-31": "35.60000", "2012-12-31": "-54.40000", "2011-12-31": "92.90000", "2010-12-31": "39.80000", "2009-12-31": "101.10000", "2008-12-31": "2.20000", "2007-12-31": "289.10000", "2006-12-31": "171.80000", "2005-12-31": "4.90000"}, "Cash Flow From Operating Activities": {"2019-12-31": "1675.00000", "2018-12-31": "1461.00000", "2017-12-31": "755.00000", "2016-12-31": "1259.20000", "2015-12-31": "1198.10000", "2014-12-31": "1018.60000", "2013-12-31": "926.80000", "2012-12-31": "823.10000", "2011-12-31": "803.30000", "2010-12-31": "653.30000", "2009-12-31": "643.80000", "2008-12-31": "539.70000", "2007-12-31": "988.20000", "2006-12-31": "752.50000", "2005-12-31": "707.90000"}, "Net Change In Property, Plant, And Equipment": {"2019-12-31": "-69.00000", "2018-12-31": "-91.00000", "2017-12-31": "-91.00000", "2016-12-31": "-115.20000", "2015-12-31": "-89.00000", "2014-12-31": "-74.60000", "2013-12-31": "-42.30000", "2012-12-31": "-45.00000", "2011-12-31": "-67.70000", "2010-12-31": "-79.00000", "2009-12-31": "-90.70000", "2008-12-31": "-84.40000", "2007-12-31": "-181.80000", "2006-12-31": "132.80000", "2005-12-31": "-31.30000"}, "Net Change In Intangible Assets": {"2019-12-31": "", "2018-12-31": "", "2017-12-31": "", "2016-12-31": "", "2015-12-31": "", "2014-12-31": "", "2013-12-31": "", "2012-12-31": "", "2011-12-31": "", "2010-12-31": "", "2009-12-31": "", "2008-12-31": "", "2007-12-31": "", "2006-12-31": "", "2005-12-31": ""}, "Net Acquisitions/Divestitures": {"2019-12-31": "64.00000", "2018-12-31": "-283.00000", "2017-12-31": "-3511.00000", "2016-12-31": "-79.30000", "2015-12-31": "-7.60000", "2014-12-31": "-239.70000", "2013-12-31": "-50.70000", "2012-12-31": "-3.50000", "2011-12-31": "-197.50000", "2010-12-31": "-148.60000", "2009-12-31": "-0.90000", "2008-12-31": "-241.40000", "2007-12-31": "-4.40000", "2006-12-31": "-39.20000", "2005-12-31": "-30.20000"}, "Net Change In Short-term Investments": {"2019-12-31": "41.00000", "2018-12-31": "-32.00000", "2017-12-31": "71.00000", "2016-12-31": "296.50000", "2015-12-31": "4.60000", "2014-12-31": "-250.60000", "2013-12-31": "-168.90000", "2012-12-31": "-1.70000", "2011-12-31": "-2.40000", "2010-12-31": "-1.20000", "2009-12-31": "-2.20000", "2008-12-31": "5.60000", "2007-12-31": "61.50000", "2006-12-31": "22.50000", "2005-12-31": "-88.90000"}, "Net Change In Long-Term Investments": {"2019-12-31": "", "2018-12-31": "", "2017-12-31": "", "2016-12-31": "", "2015-12-31": "", "2014-12-31": "", "2013-12-31": "", "2012-12-31": "", "2011-12-31": "", "2010-12-31": "", "2009-12-31": "", "2008-12-31": "", "2007-12-31": "", "2006-12-31": "", "2005-12-31": ""}, "Net Change In Investments - Total": {"2019-12-31": "41.00000", "2018-12-31": "-32.00000", "2017-12-31": "71.00000", "2016-12-31": "296.50000", "2015-12-31": "4.60000", "2014-12-31": "-250.60000", "2013-12-31": "-168.90000", "2012-12-31": "-1.70000", "2011-12-31": "-2.40000", "2010-12-31": "-1.20000", "2009-12-31": "-2.20000", "2008-12-31": "5.60000", "2007-12-31": "61.50000", "2006-12-31": "22.50000", "2005-12-31": "-88.90000"}, "Investing Activities - Other": {"2019-12-31": "", "2018-12-31": "", "2017-12-31": "111.00000", "2016-12-31": "", "2015-12-31": "", "2014-12-31": "", "2013-12-31": "", "2012-12-31": "", "2011-12-31": "", "2010-12-31": "", "2009-12-31": "", "2008-12-31": "0.90000", "2007-12-31": "", "2006-12-31": "", "2005-12-31": ""}, "Cash Flow From Investing Activities": {"2019-12-31": "36.00000", "2018-12-31": "-406.00000", "2017-12-31": "-3420.00000", "2016-12-31": "102.00000", "2015-12-31": "-92.00000", "2014-12-31": "-564.90000", "2013-12-31": "-261.90000", "2012-12-31": "-50.20000", "2011-12-31": "-267.60000", "2010-12-31": "-228.80000", "2009-12-31": "-93.80000", "2008-12-31": "-319.30000", "2007-12-31": "-124.70000", "2006-12-31": "116.10000", "2005-12-31": "-150.40000"}, "Net Long-Term Debt": {"2019-12-31": "-126.00000", "2018-12-31": "290.00000", "2017-12-31": "1992.00000", "2016-12-31": "", "2015-12-31": "852.80000", "2014-12-31": "447.70000", "2013-12-31": "433.40000", "2012-12-31": "424.80000", "2011-12-31": "-11.30000", "2010-12-31": "491.90000", "2009-12-31": "-1.40000", "2008-12-31": "148.30000", "2007-12-31": "298.00000", "2006-12-31": "-0.60000", "2005-12-31": "-1.30000"}, "Net Current Debt": {"2019-12-31": "-3.00000", "2018-12-31": "-131.00000", "2017-12-31": "130.00000", "2016-12-31": "", "2015-12-31": "", "2014-12-31": "", "2013-12-31": "", "2012-12-31": "", "2011-12-31": "", "2010-12-31": "-443.59990", "2009-12-31": "-274.00000", "2008-12-31": "166.29980", "2007-12-31": "547.39990", "2006-12-31": "", "2005-12-31": ""}, "Debt Issuance/Retirement Net - Total": {"2019-12-31": "-129.00000", "2018-12-31": "159.00000", "2017-12-31": "2122.00000", "2016-12-31": "", "2015-12-31": "852.80000", "2014-12-31": "447.70000", "2013-12-31": "433.40000", "2012-12-31": "424.80000", "2011-12-31": "-11.30000", "2010-12-31": "48.30010", "2009-12-31": "-275.40000", "2008-12-31": "314.59980", "2007-12-31": "845.39990", "2006-12-31": "-0.60000", "2005-12-31": "-1.30000"}, "Net Common Equity Issued/Repurchased": {"2019-12-31": "-1023.00000", "2018-12-31": "-218.00000", "2017-12-31": "-193.00000", "2016-12-31": "-705.40000", "2015-12-31": "-1068.40000", "2014-12-31": "-1122.50000", "2013-12-31": "-757.10000", "2012-12-31": "-79.80000", "2011-12-31": "-287.40000", "2010-12-31": "-188.90000", "2009-12-31": "19.80000", "2008-12-31": "-569.40000", "2007-12-31": "-1672.50000", "2006-12-31": "-988.30000", "2005-12-31": "-602.60000"}, "Net Total Equity Issued/Repurchased": {"2019-12-31": "-1023.00000", "2018-12-31": "-218.00000", "2017-12-31": "-193.00000", "2016-12-31": "-705.40000", "2015-12-31": "-1068.40000", "2014-12-31": "-1122.50000", "2013-12-31": "-757.10000", "2012-12-31": "-79.80000", "2011-12-31": "-287.40000", "2010-12-31": "-188.90000", "2009-12-31": "19.80000", "2008-12-31": "-569.40000", "2007-12-31": "-1672.50000", "2006-12-31": "-988.30000", "2005-12-31": "-602.60000"}, "Total Common And Preferred Stock Dividends Paid": {"2019-12-31": "-381.00000", "2018-12-31": "-342.00000", "2017-12-31": "-293.00000", "2016-12-31": "-291.80000", "2015-12-31": "-278.90000", "2014-12-31": "-431.60000", "2013-12-31": "-209.50000", "2012-12-31": "-151.30000", "2011-12-31": "-126.10000", "2010-12-31": "-103.40000", "2009-12-31": "-98.20000", "2008-12-31": "-101.80000", "2007-12-31": "-89.40000", "2006-12-31": "-79.50000", "2005-12-31": "-60.30000"}, "Financial Activities - Other": {"2019-12-31": "-30.00000", "2018-12-31": "-11.00000", "2017-12-31": "-36.00000", "2016-12-31": "-45.70000", "2015-12-31": "-11.00000", "2014-12-31": "41.90000", "2013-12-31": "34.40000", "2012-12-31": "8.90000", "2011-12-31": "7.10000", "2010-12-31": "2.70000", "2009-12-31": "5.00000", "2008-12-31": "6.80000", "2007-12-31": "50.80000", "2006-12-31": "103.20000", "2005-12-31": "-2.30000"}, "Cash Flow From Financial Activities": {"2019-12-31": "-1563.00000", "2018-12-31": "-412.00000", "2017-12-31": "1600.00000", "2016-12-31": "-1042.90000", "2015-12-31": "-505.50000", "2014-12-31": "-1064.50000", "2013-12-31": "-498.80000", "2012-12-31": "202.60000", "2011-12-31": "-417.70000", "2010-12-31": "-241.30000", "2009-12-31": "-348.80000", "2008-12-31": "-349.80000", "2007-12-31": "-865.70000", "2006-12-31": "-965.20000", "2005-12-31": "-666.50000"}, "Net Cash Flow": {"2019-12-31": "147.00000", "2018-12-31": "613.00000", "2017-12-31": "-980.00000", "2016-12-31": "294.10000", "2015-12-31": "537.90000", "2014-12-31": "-700.00000", "2013-12-31": "164.10000", "2012-12-31": "995.40000", "2011-12-31": "100.40000", "2010-12-31": "185.70000", "2009-12-31": "228.00000", "2008-12-31": "-180.40000", "2007-12-31": "18.20000", "2006-12-31": "-77.90000", "2005-12-31": "-120.10000"}, "Stock-Based Compensation": {"2019-12-31": "136.00000", "2018-12-31": "130.00000", "2017-12-31": "123.00000", "2016-12-31": "98.10000", "2015-12-31": "87.20000", "2014-12-31": "80.40000", "2013-12-31": "67.10000", "2012-12-31": "64.50000", "2011-12-31": "56.70000", "2010-12-31": "56.60000", "2009-12-31": "57.40000", "2008-12-31": "63.20000", "2007-12-31": "90.20000", "2006-12-31": "77.10000", "2005-12-31": "54.80000"}, "Common Stock Dividends Paid": {"2019-12-31": "-381.00000", "2018-12-31": "-342.00000", "2017-12-31": "-293.00000", "2016-12-31": "-291.80000", "2015-12-31": "-278.90000", "2014-12-31": "-431.60000", "2013-12-31": "-209.50000", "2012-12-31": "-151.30000", "2011-12-31": "-126.10000", "2010-12-31": "-103.40000", "2009-12-31": "-98.20000", "2008-12-31": "-101.80000", "2007-12-31": "-89.40000", "2006-12-31": "-79.50000", "2005-12-31": "-60.30000"}}, "cash flow statement, quarterly": {"Net Income/Loss": {"2020-09-30": 467, "2020-06-30": 509, "2020-03-31": "487.00000", "2019-12-31": 362, "2019-09-30": 382, "2019-06-30": 311, "2019-03-31": "374.00000", "2018-12-31": 253.3, "2018-09-30": 312, "2018-06-30": 377.9, "2018-03-31": "376.80000", "2017-12-31": 28.8, "2017-09-30": 319.7, "2017-06-30": 313.6, "2017-03-31": "345.90000", "2016-12-31": -425.5, "2016-09-30": 256.6, "2016-06-30": 258.1, "2016-03-31": "186.60000", "2015-12-31": 220.4, "2015-09-30": 233.8, "2015-06-30": 264.1, "2015-03-31": "231.30000", "2014-12-31": 241.4, "2014-09-30": 218.5, "2014-06-30": 324.4, "2014-03-31": "221.70000", "2013-12-31": 209.6, "2013-09-30": 186.8, "2013-06-30": 228.4, "2013-03-31": "191.10000", "2012-12-31": 162, "2012-09-30": 186.5, "2012-06-30": 175.7, "2012-03-31": "175.50000", "2011-12-31": 98.1, "2011-09-30": 132.1, "2011-06-30": 190.7, "2011-03-31": "157.10000", "2010-12-31": 138.9, "2010-09-30": 137.2, "2010-06-30": 122.6, "2010-03-31": "114.70000", "2009-12-31": 103.3, "2009-09-30": 101.7, "2009-06-30": 111, "2009-03-31": "91.10000", "2008-12-31": 89, "2008-09-30": 113.8, "2008-06-30": 138.1, "2008-03-31": "120.70000", "2007-12-31": 132.6, "2007-09-30": 136.9, "2007-06-30": 261.9, "2007-03-31": "175.40000", "2006-12-31": 278.6, "2006-09-30": 157, "2006-06-30": 172.1, "2006-03-31": "146.20000", "2005-12-31": 150.1, "2005-09-30": 146.6, "2005-06-30": 145.4, "2005-03-31": "118.70000"}, "Total Depreciation And Amortization - Cash Flow": {"2020-09-30": 56, "2020-06-30": 58, "2020-03-31": "49.00000", "2019-12-31": 50, "2019-09-30": 48, "2019-06-30": 52, "2019-03-31": "50.00000", "2018-12-31": 48.4, "2018-09-30": 46.1, "2018-06-30": 48.4, "2018-03-31": "49.10000", "2017-12-31": 49.6, "2017-09-30": 43, "2017-06-30": 32.9, "2017-03-31": "32.50000", "2016-12-31": 32.9, "2016-09-30": 32.7, "2016-06-30": 31.2, "2016-03-31": "29.90000", "2015-12-31": 28.7, "2015-09-30": 28.3, "2015-06-30": 27.9, "2015-03-31": "28.60000", "2014-12-31": 27, "2014-09-30": 23.2, "2014-06-30": 22.3, "2014-03-31": "23.10000", "2013-12-31": 23.3, "2013-09-30": 23.4, "2013-06-30": 23.1, "2013-03-31": "23.60000", "2012-12-31": 23.8, "2012-09-30": 24.1, "2012-06-30": 22.1, "2012-03-31": "23.50000", "2011-12-31": 20.7, "2011-09-30": 19, "2011-06-30": 21.8, "2011-03-31": "17.70000", "2010-12-31": 17.2, "2010-09-30": 18.1, "2010-06-30": 15.2, "2010-03-31": "15.80000", "2009-12-31": 16.6, "2009-09-30": 16.2, "2009-06-30": 15.7, "2009-03-31": "15.60000", "2008-12-31": 31.2, "2008-09-30": 14.6, "2008-06-30": 16.8, "2008-03-31": "12.50000", "2007-12-31": 11.9, "2007-09-30": 11.6, "2007-06-30": 9.1, "2007-03-31": "10.30000", "2006-12-31": 11, "2006-09-30": 9.8, "2006-06-30": 9.3, "2006-03-31": "9.40000", "2005-12-31": 9.1, "2005-09-30": 8.8, "2005-06-30": 8.7, "2005-03-31": "8.60000"}, "Other Non-Cash Items": {"2020-09-30": -30, "2020-06-30": 36, "2020-03-31": "91.00000", "2019-12-31": 20, "2019-09-30": 25, "2019-06-30": 58, "2019-03-31": "47.00000", "2018-12-31": 48.3, "2018-09-30": -32.7, "2018-06-30": 26.6, "2018-03-31": "30.80000", "2017-12-31": -45.5, "2017-09-30": -70.2, "2017-06-30": -4, "2017-03-31": "153.70000", "2016-12-31": -165.2, "2016-09-30": 15.7, "2016-06-30": 25.9, "2016-03-31": "36.70000", "2015-12-31": 63.6, "2015-09-30": 21.4, "2015-06-30": 21, "2015-03-31": "-7.10000", "2014-12-31": 2.5, "2014-09-30": 1.1, "2014-06-30": -70.6, "2014-03-31": "9.40000", "2013-12-31": -66.8, "2013-09-30": 31.6, "2013-06-30": 2.9, "2013-03-31": "14.20000", "2012-12-31": 32.9, "2012-09-30": -16.8, "2012-06-30": 13.6, "2012-03-31": "54.60000", "2011-12-31": 9.7, "2011-09-30": 19.9, "2011-06-30": 10.5, "2011-03-31": "13.10000", "2010-12-31": 3.3, "2010-09-30": 10.4, "2010-06-30": 11.5, "2010-03-31": "8.60000", "2009-12-31": 22.5, "2009-09-30": 11.9, "2009-06-30": 14.4, "2009-03-31": "22.70000", "2008-12-31": -5.9, "2008-09-30": 8.4, "2008-06-30": 0.5, "2008-03-31": "-2.20000", "2007-12-31": -22.2, "2007-09-30": 19, "2007-06-30": -38.9, "2007-03-31": "-8.50000", "2006-12-31": -183.2, "2006-09-30": 9, "2006-06-30": 7.9, "2006-03-31": "-47.60000", "2005-12-31": 18.5, "2005-09-30": 23.7, "2005-06-30": 24, "2005-03-31": "38.60000"}, "Total Non-Cash Items": {"2020-09-30": 26, "2020-06-30": 94, "2020-03-31": "140.00000", "2019-12-31": 70, "2019-09-30": 73, "2019-06-30": 110, "2019-03-31": "97.00000", "2018-12-31": 96.7, "2018-09-30": 13.4, "2018-06-30": 75, "2018-03-31": "79.90000", "2017-12-31": 4.1, "2017-09-30": -27.2, "2017-06-30": 28.9, "2017-03-31": "186.20000", "2016-12-31": -132.3, "2016-09-30": 48.4, "2016-06-30": 57.1, "2016-03-31": "66.60000", "2015-12-31": 92.3, "2015-09-30": 49.7, "2015-06-30": 48.9, "2015-03-31": "21.50000", "2014-12-31": 29.5, "2014-09-30": 24.3, "2014-06-30": -48.3, "2014-03-31": "32.50000", "2013-12-31": -43.5, "2013-09-30": 55, "2013-06-30": 26, "2013-03-31": "37.80000", "2012-12-31": 56.7, "2012-09-30": 7.3, "2012-06-30": 35.7, "2012-03-31": "78.10000", "2011-12-31": 30.4, "2011-09-30": 38.9, "2011-06-30": 32.3, "2011-03-31": "30.80000", "2010-12-31": 20.5, "2010-09-30": 28.5, "2010-06-30": 26.7, "2010-03-31": "24.40000", "2009-12-31": 39.1, "2009-09-30": 28.1, "2009-06-30": 30.1, "2009-03-31": "38.30000", "2008-12-31": 25.3, "2008-09-30": 23, "2008-06-30": 17.3, "2008-03-31": "10.30000", "2007-12-31": -10.3, "2007-09-30": 30.6, "2007-06-30": -29.8, "2007-03-31": "1.80000", "2006-12-31": -172.2, "2006-09-30": 18.8, "2006-06-30": 17.2, "2006-03-31": "-38.20000", "2005-12-31": 27.6, "2005-09-30": 32.5, "2005-06-30": 32.7, "2005-03-31": "47.20000"}, "Change In Accounts Receivable": {"2020-09-30": 62, "2020-06-30": 18, "2020-03-31": "-7.00000", "2019-12-31": -170, "2019-09-30": 6, "2019-06-30": 38, "2019-03-31": "-8.00000", "2018-12-31": -158.5, "2018-09-30": 4.7, "2018-06-30": 47.7, "2018-03-31": "-29.90000", "2017-12-31": -138.2, "2017-09-30": 6.7, "2017-06-30": 45.4, "2017-03-31": "-61.90000", "2016-12-31": -69.2, "2016-09-30": 9.6, "2016-06-30": 0.3, "2016-03-31": "-45.50000", "2015-12-31": -86.4, "2015-09-30": 72.8, "2015-06-30": 50.9, "2015-03-31": "-62.70000", "2014-12-31": -86.4, "2014-09-30": 33.9, "2014-06-30": -3, "2014-03-31": "-42.80000", "2013-12-31": -93.8, "2013-09-30": 24.4, "2013-06-30": 27.4, "2013-03-31": "-25.00000", "2012-12-31": -71.2, "2012-09-30": -16.5, "2012-06-30": 55.5, "2012-03-31": "-96.00000", "2011-12-31": -80.4, "2011-09-30": 86.3, "2011-06-30": 13.2, "2011-03-31": "-2.00000", "2010-12-31": -85.5, "2010-09-30": -14.7, "2010-06-30": 32.3, "2010-03-31": "13.50000", "2009-12-31": -66.2, "2009-09-30": 35.4, "2009-06-30": -0.1, "2009-03-31": "16.00000", "2008-12-31": -63.2, "2008-09-30": 57.3, "2008-06-30": -10, "2008-03-31": "42.10000", "2007-12-31": -50.5, "2007-09-30": 94.1, "2007-06-30": 17, "2007-03-31": "-23.90000", "2006-12-31": -110.5, "2006-09-30": 65.5, "2006-06-30": 3.1, "2006-03-31": "-0.50000", "2005-12-31": -85.5, "2005-09-30": 42, "2005-06-30": -5, "2005-03-31": "-4.60000"}, "Change In Inventories": {"2020-09-30": 0, "2020-06-30": 0, "2020-03-31": "", "2019-12-31": 0, "2019-09-30": 0, "2019-06-30": 0, "2019-03-31": "", "2018-12-31": 0, "2018-09-30": 0, "2018-06-30": 0, "2018-03-31": "", "2017-12-31": 0, "2017-09-30": 0, "2017-06-30": 0, "2017-03-31": "", "2016-12-31": 0, "2016-09-30": 0, "2016-06-30": 0, "2016-03-31": "", "2015-12-31": 0, "2015-09-30": 0, "2015-06-30": 0, "2015-03-31": "", "2014-12-31": 0, "2014-09-30": 0, "2014-06-30": 0, "2014-03-31": "", "2013-12-31": 0, "2013-09-30": 0, "2013-06-30": 0, "2013-03-31": "", "2012-12-31": 0, "2012-09-30": 0, "2012-06-30": 0, "2012-03-31": "", "2011-12-31": 0, "2011-09-30": 0, "2011-06-30": 0, "2011-03-31": "", "2010-12-31": 0, "2010-09-30": 0, "2010-06-30": 0, "2010-03-31": "", "2009-12-31": 0, "2009-09-30": 0, "2009-06-30": 0, "2009-03-31": "", "2008-12-31": 0, "2008-09-30": 0, "2008-06-30": 0, "2008-03-31": "", "2007-12-31": 0, "2007-09-30": 0, "2007-06-30": 0, "2007-03-31": "", "2006-12-31": 0, "2006-09-30": 0, "2006-06-30": 0, "2006-03-31": "", "2005-12-31": 0, "2005-09-30": 0, "2005-06-30": 0, "2005-03-31": ""}, "Change In Accounts Payable": {"2020-09-30": 0, "2020-06-30": 0, "2020-03-31": "", "2019-12-31": 0, "2019-09-30": 0, "2019-06-30": 0, "2019-03-31": "", "2018-12-31": 0, "2018-09-30": 0, "2018-06-30": 0, "2018-03-31": "", "2017-12-31": 0, "2017-09-30": 0, "2017-06-30": 0, "2017-03-31": "", "2016-12-31": 0, "2016-09-30": 0, "2016-06-30": 0, "2016-03-31": "", "2015-12-31": 0, "2015-09-30": 0, "2015-06-30": 0, "2015-03-31": "", "2014-12-31": 0, "2014-09-30": 0, "2014-06-30": 0, "2014-03-31": "", "2013-12-31": 0, "2013-09-30": 0, "2013-06-30": 0, "2013-03-31": "", "2012-12-31": 0, "2012-09-30": 0, "2012-06-30": 0, "2012-03-31": "", "2011-12-31": 0, "2011-09-30": 0, "2011-06-30": 0, "2011-03-31": "", "2010-12-31": 0, "2010-09-30": 0, "2010-06-30": 0, "2010-03-31": "", "2009-12-31": 0, "2009-09-30": 0, "2009-06-30": 0, "2009-03-31": "", "2008-12-31": 0, "2008-09-30": 0, "2008-06-30": 0, "2008-03-31": "", "2007-12-31": 0, "2007-09-30": 0, "2007-06-30": 0, "2007-03-31": "", "2006-12-31": 0, "2006-09-30": 0, "2006-06-30": 0, "2006-03-31": "", "2005-12-31": 0, "2005-09-30": 0, "2005-06-30": 0, "2005-03-31": ""}, "Change In Assets/Liabilities": {"2020-09-30": -57, "2020-06-30": -143, "2020-03-31": "-71.00000", "2019-12-31": 15, "2019-09-30": -14, "2019-06-30": -162, "2019-03-31": "106.00000", "2018-12-31": 126.2, "2018-09-30": -52.3, "2018-06-30": -193.6, "2018-03-31": "206.70000", "2017-12-31": 276.7, "2017-09-30": 31, "2017-06-30": -34.8, "2017-03-31": "5.10000", "2016-12-31": 36.2, "2016-09-30": 10.3, "2016-06-30": -42.3, "2016-03-31": "139.60000", "2015-12-31": -7.8, "2015-09-30": -58.7, "2015-06-30": -49.6, "2015-03-31": "137.10000", "2014-12-31": 36.7, "2014-09-30": -47.9, "2014-06-30": -108.8, "2014-03-31": "103.10000", "2013-12-31": 34.4, "2013-09-30": 22.9, "2013-06-30": -110.3, "2013-03-31": "127.60000", "2012-12-31": 17.1, "2012-09-30": 3.5, "2012-06-30": -92.4, "2012-03-31": "93.10000", "2011-12-31": -10, "2011-09-30": -37.4, "2011-06-30": -15.5, "2011-03-31": "110.90000", "2010-12-31": 36.9, "2010-09-30": -74.9, "2010-06-30": -29.7, "2010-03-31": "47.60000", "2009-12-31": 61.9, "2009-09-30": -20.8, "2009-06-30": -23.6, "2009-03-31": "69.10000", "2008-12-31": 76.2, "2008-09-30": -60.7, "2008-06-30": -32.9, "2008-03-31": "81.00000", "2007-12-31": 108.7, "2007-09-30": -10.2, "2007-06-30": 30.7, "2007-03-31": "69.30000", "2006-12-31": 87.4, "2006-09-30": -38.2, "2006-06-30": -4.6, "2006-03-31": "28.20000", "2005-12-31": 48.6, "2005-09-30": -12.9, "2005-06-30": 12.6, "2005-03-31": "25.70000"}, "Total Change In Assets/Liabilities": {"2020-09-30": 18, "2020-06-30": 29, "2020-03-31": "-282.00000", "2019-12-31": 47, "2019-09-30": -14, "2019-06-30": -33, "2019-03-31": "-104.00000", "2018-12-31": 26.4, "2018-09-30": -18.1, "2018-06-30": -67.1, "2018-03-31": "-65.20000", "2017-12-31": 372.3, "2017-09-30": 97.9, "2017-06-30": 129.3, "2017-03-31": "-1044.50000", "2016-12-31": 928, "2016-09-30": 37.6, "2016-06-30": -22.4, "2016-03-31": "0.40000", "2015-12-31": -8.1, "2015-09-30": 15.6, "2015-06-30": 19.6, "2015-03-31": "9.00000", "2014-12-31": 37.9, "2014-09-30": 9, "2014-06-30": 4.7, "2014-03-31": "-77.00000", "2013-12-31": 107.2, "2013-09-30": 42.6, "2013-06-30": -87.9, "2013-03-31": "-26.30000", "2012-12-31": 108.4, "2012-09-30": 66.7, "2012-06-30": -37.9, "2012-03-31": "-191.60000", "2011-12-31": 8.5, "2011-09-30": 49.4, "2011-06-30": 22, "2011-03-31": "13.00000", "2010-12-31": 19.2, "2010-09-30": 5, "2010-06-30": -9.4, "2010-03-31": "25.00000", "2009-12-31": 44.8, "2009-09-30": 2.3, "2009-06-30": -11.6, "2009-03-31": "65.60000", "2008-12-31": 20, "2008-09-30": 19.9, "2008-06-30": -91.6, "2008-03-31": "53.90000", "2007-12-31": 96.3, "2007-09-30": 125.6, "2007-06-30": 59.1, "2007-03-31": "8.10000", "2006-12-31": 75.7, "2006-09-30": 70.8, "2006-06-30": -6.8, "2006-03-31": "32.10000", "2005-12-31": -18.3, "2005-09-30": 21.6, "2005-06-30": 14, "2005-03-31": "-12.40000"}, "Cash Flow From Operating Activities": {"2020-09-30": 511, "2020-06-30": 632, "2020-03-31": "345.00000", "2019-12-31": 479, "2019-09-30": 441, "2019-06-30": 388, "2019-03-31": "367.00000", "2018-12-31": 376.4, "2018-09-30": 307.3, "2018-06-30": 385.8, "2018-03-31": "391.50000", "2017-12-31": 405.2, "2017-09-30": 390.4, "2017-06-30": 471.8, "2017-03-31": "-512.40000", "2016-12-31": 370.2, "2016-09-30": 342.6, "2016-06-30": 292.8, "2016-03-31": "253.60000", "2015-12-31": 304.6, "2015-09-30": 299.1, "2015-06-30": 332.6, "2015-03-31": "261.80000", "2014-12-31": 308.8, "2014-09-30": 251.8, "2014-06-30": 280.8, "2014-03-31": "177.20000", "2013-12-31": 273.3, "2013-09-30": 284.4, "2013-06-30": 166.5, "2013-03-31": "202.60000", "2012-12-31": 327.1, "2012-09-30": 260.5, "2012-06-30": 173.5, "2012-03-31": "62.00000", "2011-12-31": 137, "2011-09-30": 220.4, "2011-06-30": 245, "2011-03-31": "200.90000", "2010-12-31": 178.6, "2010-09-30": 170.7, "2010-06-30": 139.9, "2010-03-31": "164.10000", "2009-12-31": 187.2, "2009-09-30": 132.1, "2009-06-30": 129.5, "2009-03-31": "195.00000", "2008-12-31": 134.3, "2008-09-30": 156.7, "2008-06-30": 63.8, "2008-03-31": "184.90000", "2007-12-31": 218.6, "2007-09-30": 293.1, "2007-06-30": 291.2, "2007-03-31": "185.30000", "2006-12-31": 183.3, "2006-09-30": 246.6, "2006-06-30": 182.5, "2006-03-31": "140.10000", "2005-12-31": 161.6, "2005-09-30": 200.7, "2005-06-30": 192.1, "2005-03-31": "153.50000"}, "Net Change In Property, Plant, And Equipment": {"2020-09-30": -21, "2020-06-30": -41, "2020-03-31": "-21.00000", "2019-12-31": -8, "2019-09-30": -22, "2019-06-30": -19, "2019-03-31": "-20.00000", "2018-12-31": -28.1, "2018-09-30": -25, "2018-06-30": -22.9, "2018-03-31": "-15.00000", "2017-12-31": -21.6, "2017-09-30": -26.6, "2017-06-30": -24.1, "2017-03-31": "-18.70000", "2016-12-31": -30.4, "2016-09-30": -30.5, "2016-06-30": -28, "2016-03-31": "-26.30000", "2015-12-31": -23.1, "2015-09-30": -25.2, "2015-06-30": -21.7, "2015-03-31": "-19.00000", "2014-12-31": -17.8, "2014-09-30": -18, "2014-06-30": -19.7, "2014-03-31": "-19.10000", "2013-12-31": -11.3, "2013-09-30": -12.9, "2013-06-30": -9.5, "2013-03-31": "-8.60000", "2012-12-31": -9.8, "2012-09-30": -13.3, "2012-06-30": -6.6, "2012-03-31": "-15.30000", "2011-12-31": -14.1, "2011-09-30": -18, "2011-06-30": -16, "2011-03-31": "-19.60000", "2010-12-31": -24.4, "2010-09-30": -19.3, "2010-06-30": -19.1, "2010-03-31": "-16.20000", "2009-12-31": -26.4, "2009-09-30": -29.5, "2009-06-30": -22.4, "2009-03-31": "-12.40000", "2008-12-31": -19, "2008-09-30": -21.4, "2008-06-30": -24.9, "2008-03-31": "-19.10000", "2007-12-31": -36, "2007-09-30": -52.5, "2007-06-30": -60.2, "2007-03-31": "-33.10000", "2006-12-31": 154, "2006-09-30": -8.3, "2006-06-30": -6.2, "2006-03-31": "-6.70000", "2005-12-31": -12.7, "2005-09-30": -6.9, "2005-06-30": -6.2, "2005-03-31": "-5.50000"}, "Net Change In Intangible Assets": {"2020-09-30": 0, "2020-06-30": 0, "2020-03-31": "", "2019-12-31": 0, "2019-09-30": 0, "2019-06-30": 0, "2019-03-31": "", "2018-12-31": 0, "2018-09-30": 0, "2018-06-30": 0, "2018-03-31": "", "2017-12-31": 0, "2017-09-30": 0, "2017-06-30": 0, "2017-03-31": "", "2016-12-31": 0, "2016-09-30": 0, "2016-06-30": 0, "2016-03-31": "", "2015-12-31": 0, "2015-09-30": 0, "2015-06-30": 0, "2015-03-31": "", "2014-12-31": 0, "2014-09-30": 0, "2014-06-30": 0, "2014-03-31": "", "2013-12-31": 0, "2013-09-30": 0, "2013-06-30": 0, "2013-03-31": "", "2012-12-31": 0, "2012-09-30": 0, "2012-06-30": 0, "2012-03-31": "", "2011-12-31": 0, "2011-09-30": 0, "2011-06-30": 0, "2011-03-31": "", "2010-12-31": 0, "2010-09-30": 0, "2010-06-30": 0, "2010-03-31": "", "2009-12-31": 0, "2009-09-30": 0, "2009-06-30": 0, "2009-03-31": "", "2008-12-31": 0, "2008-09-30": 0, "2008-06-30": 0, "2008-03-31": "", "2007-12-31": 0, "2007-09-30": 0, "2007-06-30": 0, "2007-03-31": "", "2006-12-31": 0, "2006-09-30": 0, "2006-06-30": 0, "2006-03-31": "", "2005-12-31": 0, "2005-09-30": 0, "2005-06-30": 0, "2005-03-31": ""}, "Net Acquisitions/Divestitures": {"2020-09-30": -46, "2020-06-30": 43, "2020-03-31": "-696.00000", "2019-12-31": 185, "2019-09-30": -177, "2019-06-30": 56, "2019-03-31": "", "2018-12-31": -253.7, "2018-09-30": -35, "2018-06-30": 0, "2018-03-31": "5.70000", "2017-12-31": 0, "2017-09-30": -3506, "2017-06-30": 0, "2017-03-31": "-5.00000", "2016-12-31": -0.2, "2016-09-30": -3.2, "2016-06-30": 0, "2016-03-31": "-75.90000", "2015-12-31": -3, "2015-09-30": 0, "2015-06-30": -4.6, "2015-03-31": "", "2014-12-31": -29.2, "2014-09-30": -130, "2014-06-30": -80.5, "2014-03-31": "", "2013-12-31": -50.7, "2013-09-30": 0, "2013-06-30": 0, "2013-03-31": "", "2012-12-31": 0, "2012-09-30": 0, "2012-06-30": -3.5, "2012-03-31": "", "2011-12-31": -187.4, "2011-09-30": -3, "2011-06-30": -7.1, "2011-03-31": "", "2010-12-31": -148.6, "2010-09-30": 0, "2010-06-30": 0, "2010-03-31": "", "2009-12-31": 0, "2009-09-30": 0, "2009-06-30": 0, "2009-03-31": "-0.90000", "2008-12-31": -202.2, "2008-09-30": -0.6, "2008-06-30": -0.1, "2008-03-31": "-38.50000", "2007-12-31": -0.1, "2007-09-30": 0.8, "2007-06-30": -1.7, "2007-03-31": "-3.40000", "2006-12-31": -24.5, "2006-09-30": -12.7, "2006-06-30": 0, "2006-03-31": "-2.00000", "2005-12-31": -26.3, "2005-09-30": 0, "2005-06-30": -3.9, "2005-03-31": ""}, "Net Change In Short-term Investments": {"2020-09-30": 35, "2020-06-30": -53, "2020-03-31": "-55.00000", "2019-12-31": 13, "2019-09-30": 98, "2019-06-30": -83, "2019-03-31": "13.00000", "2018-12-31": -10.4, "2018-09-30": -8.5, "2018-06-30": -3.9, "2018-03-31": "-9.20000", "2017-12-31": 9.1, "2017-09-30": -25.8, "2017-06-30": 45.4, "2017-03-31": "42.30000", "2016-12-31": 135, "2016-09-30": 38.6, "2016-06-30": 129.1, "2016-03-31": "-6.20000", "2015-12-31": 15.6, "2015-09-30": 35.5, "2015-06-30": -16.2, "2015-03-31": "-30.30000", "2014-12-31": -273.3, "2014-09-30": 16.8, "2014-06-30": -3.6, "2014-03-31": "9.50000", "2013-12-31": 22.9, "2013-09-30": -190.9, "2013-06-30": -6.7, "2013-03-31": "5.80000", "2012-12-31": 5.7, "2012-09-30": -6.9, "2012-06-30": -2.2, "2012-03-31": "1.70000", "2011-12-31": -0.8, "2011-09-30": -3.9, "2011-06-30": -4, "2011-03-31": "6.30000", "2010-12-31": -0.8, "2010-09-30": -2.4, "2010-06-30": -0.6, "2010-03-31": "2.60000", "2009-12-31": -3, "2009-09-30": -1.3, "2009-06-30": 2.4, "2009-03-31": "-0.30000", "2008-12-31": 1.4, "2008-09-30": 3.4, "2008-06-30": -3.2, "2008-03-31": "4.00000", "2007-12-31": -9.4, "2007-09-30": 8.9, "2007-06-30": -2.9, "2007-03-31": "64.90000", "2006-12-31": -61.9, "2006-09-30": -5.9, "2006-06-30": 104, "2006-03-31": "-13.70000", "2005-12-31": -12.3, "2005-09-30": -72.7, "2005-06-30": -6.9, "2005-03-31": "3.00000"}, "Net Change In Long-Term Investments": {"2020-09-30": 0, "2020-06-30": 0, "2020-03-31": "", "2019-12-31": 0, "2019-09-30": 0, "2019-06-30": 0, "2019-03-31": "", "2018-12-31": 0, "2018-09-30": 0, "2018-06-30": 0, "2018-03-31": "", "2017-12-31": 0, "2017-09-30": 0, "2017-06-30": 0, "2017-03-31": "", "2016-12-31": 0, "2016-09-30": 0, "2016-06-30": 0, "2016-03-31": "", "2015-12-31": 0, "2015-09-30": 0, "2015-06-30": 0, "2015-03-31": "", "2014-12-31": 0, "2014-09-30": 0, "2014-06-30": 0, "2014-03-31": "", "2013-12-31": 0, "2013-09-30": 0, "2013-06-30": 0, "2013-03-31": "", "2012-12-31": 0, "2012-09-30": 0, "2012-06-30": 0, "2012-03-31": "", "2011-12-31": 0, "2011-09-30": 0, "2011-06-30": 0, "2011-03-31": "", "2010-12-31": 0, "2010-09-30": 0, "2010-06-30": 0, "2010-03-31": "", "2009-12-31": 0, "2009-09-30": 0, "2009-06-30": 0, "2009-03-31": "", "2008-12-31": 0, "2008-09-30": 0, "2008-06-30": 0, "2008-03-31": "", "2007-12-31": 0, "2007-09-30": 0, "2007-06-30": 0, "2007-03-31": "", "2006-12-31": 0, "2006-09-30": 0, "2006-06-30": 0, "2006-03-31": "", "2005-12-31": 0, "2005-09-30": 0, "2005-06-30": 0, "2005-03-31": ""}, "Net Change In Investments - Total": {"2020-09-30": 35, "2020-06-30": -53, "2020-03-31": "-55.00000", "2019-12-31": 13, "2019-09-30": 98, "2019-06-30": -83, "2019-03-31": "13.00000", "2018-12-31": -10.4, "2018-09-30": -8.5, "2018-06-30": -3.9, "2018-03-31": "-9.20000", "2017-12-31": 9.1, "2017-09-30": -25.8, "2017-06-30": 45.4, "2017-03-31": "42.30000", "2016-12-31": 135, "2016-09-30": 38.6, "2016-06-30": 129.1, "2016-03-31": "-6.20000", "2015-12-31": 15.6, "2015-09-30": 35.5, "2015-06-30": -16.2, "2015-03-31": "-30.30000", "2014-12-31": -273.3, "2014-09-30": 16.8, "2014-06-30": -3.6, "2014-03-31": "9.50000", "2013-12-31": 22.9, "2013-09-30": -190.9, "2013-06-30": -6.7, "2013-03-31": "5.80000", "2012-12-31": 5.7, "2012-09-30": -6.9, "2012-06-30": -2.2, "2012-03-31": "1.70000", "2011-12-31": -0.8, "2011-09-30": -3.9, "2011-06-30": -4, "2011-03-31": "6.30000", "2010-12-31": -0.8, "2010-09-30": -2.4, "2010-06-30": -0.6, "2010-03-31": "2.60000", "2009-12-31": -3, "2009-09-30": -1.3, "2009-06-30": 2.4, "2009-03-31": "-0.30000", "2008-12-31": 1.4, "2008-09-30": 3.4, "2008-06-30": -3.2, "2008-03-31": "4.00000", "2007-12-31": -9.4, "2007-09-30": 8.9, "2007-06-30": -2.9, "2007-03-31": "64.90000", "2006-12-31": -61.9, "2006-09-30": -5.9, "2006-06-30": 104, "2006-03-31": "-13.70000", "2005-12-31": -12.3, "2005-09-30": -72.7, "2005-06-30": -6.9, "2005-03-31": "3.00000"}, "Investing Activities - Other": {"2020-09-30": 2, "2020-06-30": 0, "2020-03-31": "", "2019-12-31": -4, "2019-09-30": 4, "2019-06-30": 0, "2019-03-31": "", "2018-12-31": 0, "2018-09-30": 0, "2018-06-30": 0, "2018-03-31": "", "2017-12-31": -0.1, "2017-09-30": 111.1, "2017-06-30": 0, "2017-03-31": "", "2016-12-31": 0, "2016-09-30": 0, "2016-06-30": 0, "2016-03-31": "", "2015-12-31": 0, "2015-09-30": 0, "2015-06-30": 0, "2015-03-31": "", "2014-12-31": 0, "2014-09-30": 0, "2014-06-30": 72.6, "2014-03-31": "-72.60000", "2013-12-31": 0, "2013-09-30": 0, "2013-06-30": 0, "2013-03-31": "", "2012-12-31": 0, "2012-09-30": 0, "2012-06-30": 0, "2012-03-31": "", "2011-12-31": 0, "2011-09-30": 0, "2011-06-30": 0, "2011-03-31": "", "2010-12-31": 0, "2010-09-30": 0, "2010-06-30": 0, "2010-03-31": "", "2009-12-31": 0, "2009-09-30": 0, "2009-06-30": 0, "2009-03-31": "", "2008-12-31": 0, "2008-09-30": 0, "2008-06-30": 0, "2008-03-31": "0.90000", "2007-12-31": 0, "2007-09-30": 0, "2007-06-30": 0, "2007-03-31": "", "2006-12-31": 0, "2006-09-30": 0, "2006-06-30": 0, "2006-03-31": "", "2005-12-31": 0, "2005-09-30": 0, "2005-06-30": 0, "2005-03-31": ""}, "Cash Flow From Investing Activities": {"2020-09-30": -30, "2020-06-30": -51, "2020-03-31": "-772.00000", "2019-12-31": 186, "2019-09-30": -97, "2019-06-30": -46, "2019-03-31": "-7.00000", "2018-12-31": -292.2, "2018-09-30": -68.5, "2018-06-30": -26.8, "2018-03-31": "-18.50000", "2017-12-31": -12.6, "2017-09-30": -3447.3, "2017-06-30": 21.3, "2017-03-31": "18.60000", "2016-12-31": 104.4, "2016-09-30": 4.9, "2016-06-30": 101.1, "2016-03-31": "-108.40000", "2015-12-31": -10.5, "2015-09-30": 10.3, "2015-06-30": -42.5, "2015-03-31": "-49.30000", "2014-12-31": -320.3, "2014-09-30": -131.2, "2014-06-30": -31.2, "2014-03-31": "-82.20000", "2013-12-31": -39.1, "2013-09-30": -203.8, "2013-06-30": -16.2, "2013-03-31": "-2.80000", "2012-12-31": -4.1, "2012-09-30": -20.2, "2012-06-30": -12.3, "2012-03-31": "-13.60000", "2011-12-31": -202.3, "2011-09-30": -24.9, "2011-06-30": -27.1, "2011-03-31": "-13.30000", "2010-12-31": -173.8, "2010-09-30": -21.7, "2010-06-30": -19.7, "2010-03-31": "-13.60000", "2009-12-31": -29.4, "2009-09-30": -30.8, "2009-06-30": -20, "2009-03-31": "-13.60000", "2008-12-31": -219.8, "2008-09-30": -18.6, "2008-06-30": -28.2, "2008-03-31": "-52.70000", "2007-12-31": -45.5, "2007-09-30": -42.8, "2007-06-30": -64.8, "2007-03-31": "28.40000", "2006-12-31": 67.6, "2006-09-30": -26.9, "2006-06-30": 97.8, "2006-03-31": "-22.40000", "2005-12-31": -51.3, "2005-09-30": -79.6, "2005-06-30": -17, "2005-03-31": "-2.50000"}, "Net Long-Term Debt": {"2020-09-30": -4, "2020-06-30": -5, "2020-03-31": "700.00000", "2019-12-31": 324, "2019-09-30": 0, "2019-06-30": 0, "2019-03-31": "-450.00000", "2018-12-31": 740.4, "2018-09-30": -300, "2018-06-30": -150.4, "2018-03-31": "", "2017-12-31": 0.1, "2017-09-30": 500, "2017-06-30": 993.4, "2017-03-31": "498.50000", "2016-12-31": 0, "2016-09-30": 0, "2016-06-30": 0, "2016-03-31": "", "2015-12-31": 300, "2015-09-30": 0, "2015-06-30": 0, "2015-03-31": "552.80000", "2014-12-31": 0, "2014-09-30": 447.7, "2014-06-30": 0, "2014-03-31": "", "2013-12-31": 0, "2013-09-30": 497.2, "2013-06-30": -31.9, "2013-03-31": "-31.90000", "2012-12-31": -31.9, "2012-09-30": 464.2, "2012-06-30": -3.7, "2012-03-31": "-3.80000", "2011-12-31": -3.8, "2011-09-30": -3.7, "2011-06-30": -1.9, "2011-03-31": "-1.90000", "2010-12-31": -2.1, "2010-09-30": 494.7, "2010-06-30": -0.4, "2010-03-31": "-0.30000", "2009-12-31": -0.3, "2009-09-30": -0.3, "2009-06-30": -0.4, "2009-03-31": "-0.40000", "2008-12-31": -0.4, "2008-09-30": -0.4, "2008-06-30": 149.6, "2008-03-31": "-0.50000", "2007-12-31": -0.4, "2007-09-30": 299.3, "2007-06-30": -0.5, "2007-03-31": "-0.40000", "2006-12-31": -0.6, "2006-09-30": 0, "2006-06-30": 0, "2006-03-31": "", "2005-12-31": -0.4, "2005-09-30": -0.3, "2005-06-30": -0.3, "2005-03-31": "-0.30000"}, "Net Current Debt": {"2020-09-30": 0, "2020-06-30": -487, "2020-03-31": "484.00000", "2019-12-31": 0, "2019-09-30": -130, "2019-06-30": -190, "2019-03-31": "317.00000", "2018-12-31": -26.2, "2018-09-30": -64.8, "2018-06-30": 0, "2018-03-31": "-40.00000", "2017-12-31": -184.3, "2017-09-30": 314.3, "2017-06-30": -213.3, "2017-03-31": "213.30000", "2016-12-31": 0, "2016-09-30": 0, "2016-06-30": 0, "2016-03-31": "", "2015-12-31": 0, "2015-09-30": 0, "2015-06-30": 0, "2015-03-31": "", "2014-12-31": 0, "2014-09-30": 0, "2014-06-30": 0, "2014-03-31": "", "2013-12-31": 0, "2013-09-30": 0, "2013-06-30": 0, "2013-03-31": "", "2012-12-31": 0, "2012-09-30": 0, "2012-06-30": 0, "2012-03-31": "", "2011-12-31": 0, "2011-09-30": 0, "2011-06-30": 0, "2011-03-31": "", "2010-12-31": -14.8999, "2010-09-30": -341.5, "2010-06-30": -15.5, "2010-03-31": "-71.70000", "2009-12-31": -87.4004, "2009-09-30": -49.2998, "2009-06-30": -80.0998, "2009-03-31": "-57.20000", "2008-12-31": 69.1992, "2008-09-30": 121.9004, "2008-06-30": -70.9995, "2008-03-31": "46.19970", "2007-12-31": 147.3999, "2007-09-30": -10, "2007-06-30": 330, "2007-03-31": "80.00000", "2006-12-31": 0, "2006-09-30": 0, "2006-06-30": 0, "2006-03-31": "", "2005-12-31": 0, "2005-09-30": 0, "2005-06-30": 0, "2005-03-31": ""}, "Debt Issuance/Retirement Net - Total": {"2020-09-30": -4, "2020-06-30": -492, "2020-03-31": "1184.00000", "2019-12-31": 324, "2019-09-30": -130, "2019-06-30": -190, "2019-03-31": "-133.00000", "2018-12-31": 714.2, "2018-09-30": -364.8, "2018-06-30": -150.4, "2018-03-31": "-40.00000", "2017-12-31": -184.2, "2017-09-30": 814.3, "2017-06-30": 780.1, "2017-03-31": "711.80000", "2016-12-31": 0, "2016-09-30": 0, "2016-06-30": 0, "2016-03-31": "", "2015-12-31": 300, "2015-09-30": 0, "2015-06-30": 0, "2015-03-31": "552.80000", "2014-12-31": 0, "2014-09-30": 447.7, "2014-06-30": 0, "2014-03-31": "", "2013-12-31": 0, "2013-09-30": 497.2, "2013-06-30": -31.9, "2013-03-31": "-31.90000", "2012-12-31": -31.9, "2012-09-30": 464.2, "2012-06-30": -3.7, "2012-03-31": "-3.80000", "2011-12-31": -3.8, "2011-09-30": -3.7, "2011-06-30": -1.9, "2011-03-31": "-1.90000", "2010-12-31": -17, "2010-09-30": 153.2001, "2010-06-30": -15.9, "2010-03-31": "-72.00000", "2009-12-31": -87.7004, "2009-09-30": -49.5998, "2009-06-30": -80.4998, "2009-03-31": "-57.60000", "2008-12-31": 68.7992, "2008-09-30": 121.5004, "2008-06-30": 78.6005, "2008-03-31": "45.69970", "2007-12-31": 146.9999, "2007-09-30": 289.3, "2007-06-30": 329.5, "2007-03-31": "79.60000", "2006-12-31": -0.6, "2006-09-30": 0, "2006-06-30": 0, "2006-03-31": "", "2005-12-31": -0.4, "2005-09-30": -0.3, "2005-06-30": -0.3, "2005-03-31": "-0.30000"}, "Net Common Equity Issued/Repurchased": {"2020-09-30": 11, "2020-06-30": -16, "2020-03-31": "-308.00000", "2019-12-31": -256, "2019-09-30": -106, "2019-06-30": -176, "2019-03-31": "-485.00000", "2018-12-31": -51.7, "2018-09-30": -60.7, "2018-06-30": -48.7, "2018-03-31": "-56.90000", "2017-12-31": -30.4, "2017-09-30": -19.3, "2017-06-30": -62.9, "2017-03-31": "-80.40000", "2016-12-31": -55, "2016-09-30": -158.2, "2016-06-30": -211.7, "2016-03-31": "-280.50000", "2015-12-31": -175.6, "2015-09-30": -288, "2015-06-30": -215.1, "2015-03-31": "-389.70000", "2014-12-31": -425.6, "2014-09-30": -277.4, "2014-06-30": -223.9, "2014-03-31": "-195.60000", "2013-12-31": -106.1, "2013-09-30": -361.4, "2013-06-30": -200, "2013-03-31": "-89.60000", "2012-12-31": -26.6, "2012-09-30": 11.9, "2012-06-30": -92.7, "2012-03-31": "27.60000", "2011-12-31": 8.8, "2011-09-30": -203.7, "2011-06-30": 23.2, "2011-03-31": "-115.70000", "2010-12-31": -95.3, "2010-09-30": -8, "2010-06-30": -68.2, "2010-03-31": "-17.40000", "2009-12-31": 5.2, "2009-09-30": 2.2, "2009-06-30": 11.1, "2009-03-31": "1.30000", "2008-12-31": -118.8, "2008-09-30": -139.2, "2008-06-30": -50.6, "2008-03-31": "-260.80000", "2007-12-31": -298.3, "2007-09-30": -473, "2007-06-30": -480.1, "2007-03-31": "-421.10000", "2006-12-31": -130.3, "2006-09-30": -152.7, "2006-06-30": -554.6, "2006-03-31": "-150.70000", "2005-12-31": -340.9, "2005-09-30": -295, "2005-06-30": 0.4, "2005-03-31": "32.90000"}, "Net Total Equity Issued/Repurchased": {"2020-09-30": 11, "2020-06-30": -16, "2020-03-31": "-308.00000", "2019-12-31": -256, "2019-09-30": -106, "2019-06-30": -176, "2019-03-31": "-485.00000", "2018-12-31": -51.7, "2018-09-30": -60.7, "2018-06-30": -48.7, "2018-03-31": "-56.90000", "2017-12-31": -30.4, "2017-09-30": -19.3, "2017-06-30": -62.9, "2017-03-31": "-80.40000", "2016-12-31": -55, "2016-09-30": -158.2, "2016-06-30": -211.7, "2016-03-31": "-280.50000", "2015-12-31": -175.6, "2015-09-30": -288, "2015-06-30": -215.1, "2015-03-31": "-389.70000", "2014-12-31": -425.6, "2014-09-30": -277.4, "2014-06-30": -223.9, "2014-03-31": "-195.60000", "2013-12-31": -106.1, "2013-09-30": -361.4, "2013-06-30": -200, "2013-03-31": "-89.60000", "2012-12-31": -26.6, "2012-09-30": 11.9, "2012-06-30": -92.7, "2012-03-31": "27.60000", "2011-12-31": 8.8, "2011-09-30": -203.7, "2011-06-30": 23.2, "2011-03-31": "-115.70000", "2010-12-31": -95.3, "2010-09-30": -8, "2010-06-30": -68.2, "2010-03-31": "-17.40000", "2009-12-31": 5.2, "2009-09-30": 2.2, "2009-06-30": 11.1, "2009-03-31": "1.30000", "2008-12-31": -118.8, "2008-09-30": -139.2, "2008-06-30": -50.6, "2008-03-31": "-260.80000", "2007-12-31": -298.3, "2007-09-30": -473, "2007-06-30": -480.1, "2007-03-31": "-421.10000", "2006-12-31": -130.3, "2006-09-30": -152.7, "2006-06-30": -554.6, "2006-03-31": "-150.70000", "2005-12-31": -340.9, "2005-09-30": -295, "2005-06-30": 0.4, "2005-03-31": "32.90000"}, "Total Common And Preferred Stock Dividends Paid": {"2020-09-30": -105, "2020-06-30": -106, "2020-03-31": "-105.00000", "2019-12-31": -96, "2019-09-30": -95, "2019-06-30": -96, "2019-03-31": "-94.00000", "2018-12-31": -85.1, "2018-09-30": -87, "2018-06-30": -84.7, "2018-03-31": "-85.20000", "2017-12-31": -72, "2017-09-30": -75, "2017-06-30": -73.2, "2017-03-31": "-72.80000", "2016-12-31": -72.7, "2016-09-30": -70.9, "2016-06-30": -73.2, "2016-03-31": "-75.00000", "2015-12-31": -69.3, "2015-09-30": -68.7, "2015-06-30": -68.5, "2015-03-31": "-72.40000", "2014-12-31": -243.7, "2014-09-30": -61, "2014-06-30": -61.6, "2014-03-31": "-65.30000", "2013-12-31": -55.9, "2013-09-30": -56.3, "2013-06-30": -46.7, "2013-03-31": "-50.60000", "2012-12-31": -37.2, "2012-09-30": -38, "2012-06-30": -36.7, "2012-03-31": "-39.40000", "2011-12-31": -31.4, "2011-09-30": -32, "2011-06-30": -32.4, "2011-03-31": "-30.30000", "2010-12-31": -24.9, "2010-09-30": -24.9, "2010-06-30": -28.1, "2010-03-31": "-25.50000", "2009-12-31": -24.5, "2009-09-30": -23.6, "2009-06-30": -23.7, "2009-03-31": "-26.40000", "2008-12-31": -23.5, "2008-09-30": -27.1, "2008-06-30": -26.5, "2008-03-31": "-24.70000", "2007-12-31": -24.7, "2007-09-30": -20.8, "2007-06-30": -21.6, "2007-03-31": "-22.30000", "2006-12-31": -19.6, "2006-09-30": -19.6, "2006-06-30": -19.9, "2006-03-31": "-20.40000", "2005-12-31": -15.9, "2005-09-30": -16.6, "2005-06-30": -16.6, "2005-03-31": "-11.20000"}, "Financial Activities - Other": {"2020-09-30": -22, "2020-06-30": -28, "2020-03-31": "-6.00000", "2019-12-31": -18, "2019-09-30": 0, "2019-06-30": 125, "2019-03-31": "-137.00000", "2018-12-31": -9.2, "2018-09-30": -0.1, "2018-06-30": -1.5, "2018-03-31": "-0.20000", "2017-12-31": -3, "2017-09-30": -0.9, "2017-06-30": -27.2, "2017-03-31": "-4.90000", "2016-12-31": -0.2, "2016-09-30": -45.5, "2016-06-30": 0, "2016-03-31": "", "2015-12-31": -48.1, "2015-09-30": 1.8, "2015-06-30": 2.1, "2015-03-31": "33.20000", "2014-12-31": -1.8, "2014-09-30": -1.5, "2014-06-30": 6.4, "2014-03-31": "38.80000", "2013-12-31": 6.4, "2013-09-30": 3.5, "2013-06-30": 8.4, "2013-03-31": "16.10000", "2012-12-31": 3.9, "2012-09-30": -1.2, "2012-06-30": -2.4, "2012-03-31": "8.60000", "2011-12-31": 1.1, "2011-09-30": 0.1, "2011-06-30": 3.1, "2011-03-31": "2.80000", "2010-12-31": 0.6, "2010-09-30": -1.2, "2010-06-30": 0.3, "2010-03-31": "3.00000", "2009-12-31": 1.8, "2009-09-30": 0.3, "2009-06-30": 2.5, "2009-03-31": "0.40000", "2008-12-31": 0.1, "2008-09-30": 1.9, "2008-06-30": 3.1, "2008-03-31": "1.70000", "2007-12-31": 3.5, "2007-09-30": 4.5, "2007-06-30": 13.1, "2007-03-31": "29.70000", "2006-12-31": 17.9, "2006-09-30": 11, "2006-06-30": 12.8, "2006-03-31": "61.50000", "2005-12-31": -0.3, "2005-09-30": -2, "2005-06-30": 0, "2005-03-31": ""}, "Cash Flow From Financial Activities": {"2020-09-30": -120, "2020-06-30": -642, "2020-03-31": "765.00000", "2019-12-31": -46, "2019-09-30": -331, "2019-06-30": -337, "2019-03-31": "-849.00000", "2018-12-31": 568.2, "2018-09-30": -512.6, "2018-06-30": -285.3, "2018-03-31": "-182.30000", "2017-12-31": -289.6, "2017-09-30": 719.1, "2017-06-30": 616.8, "2017-03-31": "553.70000", "2016-12-31": -127.9, "2016-09-30": -274.6, "2016-06-30": -284.9, "2016-03-31": "-355.50000", "2015-12-31": 7, "2015-09-30": -354.9, "2015-06-30": -281.5, "2015-03-31": "123.90000", "2014-12-31": -671.1, "2014-09-30": 107.8, "2014-06-30": -279.1, "2014-03-31": "-222.10000", "2013-12-31": -155.6, "2013-09-30": 83, "2013-06-30": -270.2, "2013-03-31": "-156.00000", "2012-12-31": -91.8, "2012-09-30": 436.9, "2012-06-30": -135.5, "2012-03-31": "-7.00000", "2011-12-31": -25.3, "2011-09-30": -239.3, "2011-06-30": -8, "2011-03-31": "-145.10000", "2010-12-31": -136.6, "2010-09-30": 119.1, "2010-06-30": -111.9, "2010-03-31": "-111.90000", "2009-12-31": -105.2, "2009-09-30": -70.7, "2009-06-30": -90.6, "2009-03-31": "-82.30000", "2008-12-31": -73.4, "2008-09-30": -42.9, "2008-06-30": 4.6, "2008-03-31": "-238.10000", "2007-12-31": -172.5, "2007-09-30": -200, "2007-06-30": -159.1, "2007-03-31": "-334.10000", "2006-12-31": -132.6, "2006-09-30": -161.3, "2006-06-30": -561.7, "2006-03-31": "-109.60000", "2005-12-31": -357.5, "2005-09-30": -313.9, "2005-06-30": -16.5, "2005-03-31": "21.40000"}, "Net Cash Flow": {"2020-09-30": 393, "2020-06-30": -42, "2020-03-31": "309.00000", "2019-12-31": 654, "2019-09-30": -18, "2019-06-30": -1, "2019-03-31": "-488.00000", "2018-12-31": 649.7, "2018-09-30": -279.7, "2018-06-30": 37.2, "2018-03-31": "205.80000", "2017-12-31": 108.7, "2017-09-30": -2318.1, "2017-06-30": 1151.3, "2017-03-31": "78.10000", "2016-12-31": 305.4, "2016-09-30": 71.8, "2016-06-30": 98.2, "2016-03-31": "-181.30000", "2015-12-31": 286.3, "2015-09-30": -67.5, "2015-06-30": 28.7, "2015-03-31": "290.40000", "2014-12-31": -721.3, "2014-09-30": 163.5, "2014-06-30": -14.9, "2014-03-31": "-127.30000", "2013-12-31": 84.4, "2013-09-30": 202.1, "2013-06-30": -125, "2013-03-31": "2.60000", "2012-12-31": 236.9, "2012-09-30": 694.4, "2012-06-30": 9.4, "2012-03-31": "54.70000", "2011-12-31": -94.2, "2011-09-30": -84.3, "2011-06-30": 219, "2011-03-31": "59.90000", "2010-12-31": -134.1, "2010-09-30": 307.8, "2010-06-30": -10.5, "2010-03-31": "22.50000", "2009-12-31": 51.2, "2009-09-30": 29.9, "2009-06-30": 51.1, "2009-03-31": "95.80000", "2008-12-31": -192.7, "2008-09-30": 58.5, "2008-06-30": 40.4, "2008-03-31": "-86.60000", "2007-12-31": 5.2, "2007-09-30": 59.5, "2007-06-30": 72.1, "2007-03-31": "-118.60000", "2006-12-31": 126.5, "2006-09-30": 58.4, "2006-06-30": -272.7, "2006-03-31": "9.90000", "2005-12-31": -250.7, "2005-09-30": -194.1, "2005-06-30": 153.8, "2005-03-31": "170.90000"}, "Stock-Based Compensation": {"2020-09-30": 38, "2020-06-30": 35, "2020-03-31": "37.00000", "2019-12-31": 33, "2019-09-30": 33, "2019-06-30": 34, "2019-03-31": "36.00000", "2018-12-31": 30, "2018-09-30": 30.5, "2018-06-30": 34.4, "2018-03-31": "35.10000", "2017-12-31": 34.1, "2017-09-30": 31.8, "2017-06-30": 28.7, "2017-03-31": "28.40000", "2016-12-31": 25.3, "2016-09-30": 23.9, "2016-06-30": 23.5, "2016-03-31": "25.40000", "2015-12-31": 20.7, "2015-09-30": 22.1, "2015-06-30": 21.7, "2015-03-31": "22.70000", "2014-12-31": 20.5, "2014-09-30": 19.3, "2014-06-30": 20.3, "2014-03-31": "20.30000", "2013-12-31": 17.8, "2013-09-30": 16, "2013-06-30": 16.1, "2013-03-31": "17.20000", "2012-12-31": 18.2, "2012-09-30": 16.4, "2012-06-30": 14.9, "2012-03-31": "15.00000", "2011-12-31": 13.5, "2011-09-30": 12.9, "2011-06-30": 14.3, "2011-03-31": "16.00000", "2010-12-31": 15.3, "2010-09-30": 13.6, "2010-06-30": 12.9, "2010-03-31": "14.80000", "2009-12-31": 13, "2009-09-30": 13.8, "2009-06-30": 16.1, "2009-03-31": "14.50000", "2008-12-31": 16.9, "2008-09-30": 17.1, "2008-06-30": 18, "2008-03-31": "11.20000", "2007-12-31": 19, "2007-09-30": 23.5, "2007-06-30": 26.5, "2007-03-31": "21.20000", "2006-12-31": 22.5, "2006-09-30": 20, "2006-06-30": 20.7, "2006-03-31": "13.90000", "2005-12-31": 12.3, "2005-09-30": 13.3, "2005-06-30": 12.3, "2005-03-31": "16.90000"}, "Common Stock Dividends Paid": {"2020-09-30": -105, "2020-06-30": -106, "2020-03-31": "-105.00000", "2019-12-31": -96, "2019-09-30": -95, "2019-06-30": -96, "2019-03-31": "-94.00000", "2018-12-31": -85.1, "2018-09-30": -87, "2018-06-30": -84.7, "2018-03-31": "-85.20000", "2017-12-31": -72, "2017-09-30": -75, "2017-06-30": -73.2, "2017-03-31": "-72.80000", "2016-12-31": -72.7, "2016-09-30": -70.9, "2016-06-30": -73.2, "2016-03-31": "-75.00000", "2015-12-31": -69.3, "2015-09-30": -68.7, "2015-06-30": -68.5, "2015-03-31": "-72.40000", "2014-12-31": -243.7, "2014-09-30": -61, "2014-06-30": -61.6, "2014-03-31": "-65.30000", "2013-12-31": -55.9, "2013-09-30": -56.3, "2013-06-30": -46.7, "2013-03-31": "-50.60000", "2012-12-31": -37.2, "2012-09-30": -38, "2012-06-30": -36.7, "2012-03-31": "-39.40000", "2011-12-31": -31.4, "2011-09-30": -32, "2011-06-30": -32.4, "2011-03-31": "-30.30000", "2010-12-31": -24.9, "2010-09-30": -24.9, "2010-06-30": -28.1, "2010-03-31": "-25.50000", "2009-12-31": -24.5, "2009-09-30": -23.6, "2009-06-30": -23.7, "2009-03-31": "-26.40000", "2008-12-31": -23.5, "2008-09-30": -27.1, "2008-06-30": -26.5, "2008-03-31": "-24.70000", "2007-12-31": -24.7, "2007-09-30": -20.8, "2007-06-30": -21.6, "2007-03-31": "-22.30000", "2006-12-31": -19.6, "2006-09-30": -19.6, "2006-06-30": -19.9, "2006-03-31": "-20.40000", "2005-12-31": -15.9, "2005-09-30": -16.6, "2005-06-30": -16.6, "2005-03-31": "-11.20000"}}, "financial ratios": {"Current Ratio": {"2019-12-31": "1.92420", "2018-12-31": "1.61360", "2017-12-31": "1.25070", "2016-12-31": "1.33970", "2015-12-31": "2.66160", "2014-12-31": "2.23920", "2013-12-31": "2.60120", "2012-12-31": "2.16820", "2011-12-31": "1.25610", "2010-12-31": "1.43820", "2009-12-31": "0.81950", "2008-12-31": "0.58080", "2007-12-31": "0.73310", "2006-12-31": "1.43130", "2005-12-31": "1.81690"}, "Long-term Debt / Capital": {"2019-12-31": "0.87040", "2018-12-31": "0.88850", "2017-12-31": "1.02300", "2016-12-31": "1.50460", "2015-12-31": "1.10930", "2014-12-31": "0.98340", "2013-12-31": "0.85800", "2012-12-31": "0.80210", "2011-12-31": "1.15620", "2010-12-31": "1.32090", "2009-12-31": "4.97140", "2008-12-31": "-3.17660", "2007-12-31": "-3.26800", "2006-12-31": "0.64180", "2005-12-31": "0.49230"}, "Debt/Equity Ratio": {"2019-12-31": "6.71600", "2018-12-31": "8.65240", "2017-12-31": "-48.22020", "2016-12-31": "-3.27360", "2015-12-31": "-10.15200", "2014-12-31": "59.37760", "2013-12-31": "6.04140", "2012-12-31": "4.21380", "2011-12-31": "-7.85230", "2010-12-31": "-4.15420", "2009-12-31": "-2.00250", "2008-12-31": "-1.48840", "2007-12-31": "-1.47000", "2006-12-31": "1.79210", "2005-12-31": "0.96960"}, "Gross Margin": {"2019-12-31": "71.27770", "2018-12-31": "71.95590", "2017-12-31": "71.07520", "2016-12-31": "71.71080", "2015-12-31": "71.98160", "2014-12-31": "72.09910", "2013-12-31": "72.33310", "2012-12-31": "70.88230", "2011-12-31": "70.03110", "2010-12-31": "70.23620", "2009-12-31": "70.37610", "2008-12-31": "71.89820", "2007-12-31": "74.14790", "2006-12-31": "73.52120", "2005-12-31": "73.84500"}, "Operating Margin": {"2019-12-31": "41.37500", "2018-12-31": "42.04370", "2017-12-31": "43.31590", "2016-12-31": "18.05950", "2015-12-31": "42.28440", "2014-12-31": "43.16050", "2013-12-31": "41.53410", "2012-12-31": "39.46090", "2011-12-31": "38.95300", "2010-12-31": "38.03150", "2009-12-31": "38.25400", "2008-12-31": "42.62280", "2007-12-31": "50.06640", "2006-12-31": "61.82810", "2005-12-31": "54.26200"}, "EBIT Margin": {"2019-12-31": "41.37500", "2018-12-31": "42.04370", "2017-12-31": "43.31590", "2016-12-31": "18.05950", "2015-12-31": "42.28440", "2014-12-31": "43.16050", "2013-12-31": "41.53410", "2012-12-31": "39.46090", "2011-12-31": "38.95300", "2010-12-31": "38.03150", "2009-12-31": "38.25400", "2008-12-31": "42.62280", "2007-12-31": "50.06640", "2006-12-31": "61.82810", "2005-12-31": "54.26200"}, "EBITDA Margin": {"2019-12-31": "45.51670", "2018-12-31": "46.36510", "2017-12-31": "47.07420", "2016-12-31": "21.57480", "2015-12-31": "45.54170", "2014-12-31": "46.02770", "2013-12-31": "44.67620", "2012-12-31": "42.88540", "2011-12-31": "42.42560", "2010-12-31": "41.29430", "2009-12-31": "41.82060", "2008-12-31": "46.90100", "2007-12-31": "51.96550", "2006-12-31": "63.76710", "2005-12-31": "56.29480"}, "Pre-Tax Profit Margin": {"2019-12-31": "37.48190", "2018-12-31": "37.63220", "2017-12-31": "42.50710", "2016-12-31": "15.48190", "2015-12-31": "39.59250", "2014-12-31": "43.81730", "2013-12-31": "39.33730", "2012-12-31": "37.50500", "2011-12-31": "36.82200", "2010-12-31": "35.15750", "2009-12-31": "35.95590", "2008-12-31": "41.57460", "2007-12-31": "49.66800", "2006-12-31": "61.87720", "2005-12-31": "53.97900"}, "Net Profit Margin": {"2019-12-31": "29.44710", "2018-12-31": "29.48460", "2017-12-31": "23.81070", "2016-12-31": "7.39690", "2015-12-31": "27.01390", "2014-12-31": "29.65240", "2013-12-31": "27.06480", "2012-12-31": "25.27200", "2011-12-31": "25.05370", "2010-12-31": "24.99020", "2009-12-31": "22.36810", "2008-12-31": "26.06810", "2007-12-31": "31.05360", "2006-12-31": "37.00850", "2005-12-31": "32.38620"}, "Asset Turnover": {"2019-12-31": "0.47040", "2018-12-31": "0.46640", "2017-12-31": "0.48920", "2016-12-31": "0.67660", "2015-12-31": "0.68280", "2014-12-31": "0.71410", "2013-12-31": "0.67630", "2012-12-31": "0.68930", "2011-12-31": "0.79300", "2010-12-31": "0.79990", "2009-12-31": "0.89710", "2008-12-31": "0.98990", "2007-12-31": "1.31750", "2006-12-31": "1.36020", "2005-12-31": "1.18830"}, "Inventory Turnover Ratio": {"2019-12-31": "", "2018-12-31": "", "2017-12-31": "", "2016-12-31": "", "2015-12-31": "", "2014-12-31": "", "2013-12-31": "", "2012-12-31": "", "2011-12-31": "", "2010-12-31": "", "2009-12-31": "", "2008-12-31": "", "2007-12-31": "", "2006-12-31": "", "2005-12-31": ""}, "Receiveable Turnover": {"2019-12-31": "3.40310", "2018-12-31": "3.45220", "2017-12-31": "3.66460", "2016-12-31": "4.06150", "2015-12-31": "4.34480", "2014-12-31": "4.20790", "2013-12-31": "4.28190", "2012-12-31": "4.39100", "2011-12-31": "4.65640", "2010-12-31": "4.08440", "2009-12-31": "4.03960", "2008-12-31": "4.16170", "2007-12-31": "5.09240", "2006-12-31": "4.28500", "2005-12-31": "4.10530"}, "Days Sales In Receivables": {"2019-12-31": "107.25510", "2018-12-31": "105.72920", "2017-12-31": "99.60230", "2016-12-31": "89.86770", "2015-12-31": "84.00920", "2014-12-31": "86.74270", "2013-12-31": "85.24240", "2012-12-31": "83.12530", "2011-12-31": "78.38690", "2010-12-31": "89.36390", "2009-12-31": "90.35640", "2008-12-31": "87.70480", "2007-12-31": "71.67510", "2006-12-31": "85.18040", "2005-12-31": "88.91030"}, "ROE - Return On Equity": {"2019-12-31": "171.96150", "2018-12-31": "201.21950", "2017-12-31": "-877.28450", "2016-12-31": "-26.84710", "2015-12-31": "-285.16520", "2014-12-31": "2345.02000", "2013-12-31": "234.52140", "2012-12-31": "176.42470", "2011-12-31": "-364.89900", "2010-12-31": "-172.05110", "2009-12-31": "-68.29390", "2008-12-31": "-46.81070", "2007-12-31": "-90.19910", "2006-12-31": "450.35830", "2005-12-31": "181.25400"}, "Return On Tangible Equity": {"2019-12-31": "-32.55870", "2018-12-31": "-28.13900", "2017-12-31": "-18.32830", "2016-12-31": "-11.74970", "2015-12-31": "-59.04000", "2014-12-31": "-75.99910", "2013-12-31": "-151.40100", "2012-12-31": "-149.82870", "2011-12-31": "-54.79190", "2010-12-31": "-55.04450", "2009-12-31": "-38.76410", "2008-12-31": "-32.09790", "2007-12-31": "-69.26700", "2006-12-31": "-1013.30500", "2005-12-31": "648.32450"}, "ROA - Return On Assets": {"2019-12-31": "13.92110", "2018-12-31": "13.85680", "2017-12-31": "11.72880", "2016-12-31": "5.17710", "2015-12-31": "18.60870", "2014-12-31": "21.54640", "2013-12-31": "18.56390", "2012-12-31": "17.66520", "2011-12-31": "20.09670", "2010-12-31": "20.21020", "2009-12-31": "20.32150", "2008-12-31": "26.02910", "2007-12-31": "41.22240", "2006-12-31": "50.33720", "2005-12-31": "38.48480"}, "ROI - Return On Investment": {"2019-12-31": "22.28630", "2018-12-31": "22.44140", "2017-12-31": "20.17530", "2016-12-31": "13.54820", "2015-12-31": "31.15890", "2014-12-31": "38.83870", "2013-12-31": "33.30610", "2012-12-31": "34.91520", "2011-12-31": "56.99640", "2010-12-31": "55.21020", "2009-12-31": "271.21910", "2008-12-31": "-195.51040", "2007-12-31": "-384.96740", "2006-12-31": "161.29650", "2005-12-31": "92.02500"}, "Book Value Per Share": {"2019-12-31": "4.42760", "2018-12-31": "3.42910", "2017-12-31": "-0.60170", "2016-12-31": "-5.38720", "2015-12-31": "-1.69830", "2014-12-31": "0.20990", "2013-12-31": "1.62600", "2012-12-31": "1.77650", "2011-12-31": "-0.71210", "2010-12-31": "-1.29300", "2009-12-31": "-2.51670", "2008-12-31": "-4.19360", "2007-12-31": "-3.11690", "2006-12-31": "0.60090", "2005-12-31": "1.06580"}, "Operating Cash Flow Per Share": {"2019-12-31": 1.2268, "2018-12-31": 3.6277, "2017-12-31": -2.5565, "2016-12-31": 0.5538, "2015-12-31": 1.1461, "2014-12-31": 0.5975, "2013-12-31": 0.5144, "2012-12-31": 0.1307, "2011-12-31": 0.7405, "2010-12-31": 0.0539, "2009-12-31": 0.5071, "2008-12-31": -1.4302, "2007-12-31": 1.0525, "2006-12-31": 0.2615, "2005-12-31": 2.3164}, "Free Cash Flow Per Share": {"2019-12-31": 1.3347, "2018-12-31": 3.6281, "2017-12-31": -2.4355, "2016-12-31": 0.4019, "2015-12-31": 1.056, "2014-12-31": 0.4393, "2013-12-31": 0.5237, "2012-12-31": 0.2272, "2011-12-31": 0.7793, "2010-12-31": 0.1014, "2009-12-31": 0.4698, "2008-12-31": -1.1064, "2007-12-31": -0.0704, "2006-12-31": 0.8189, "2005-12-31": 2.214}}, "financial ratios, quarterly": {"Current Ratio": {"2020-09-30": "2.48750", "2020-06-30": "2.10130", "2020-03-31": "1.69890", "2019-12-31": "1.92420", "2019-09-30": "1.42300", "2019-06-30": "1.71460", "2019-03-31": "1.44520", "2018-12-31": "1.61360", "2018-09-30": "1.37980", "2018-06-30": "1.54010", "2018-03-31": "1.46740", "2017-12-31": "1.25070", "2017-09-30": "1.14940", "2017-06-30": "3.68500", "2017-03-31": "2.44800", "2016-12-31": "1.33970", "2016-09-30": "2.15110", "2016-06-30": "2.64310", "2016-03-31": "2.67840", "2015-12-31": "2.66160", "2015-09-30": "2.72530", "2015-06-30": "2.72400", "2015-03-31": "2.67030", "2014-12-31": "2.23920", "2014-09-30": "2.93930", "2014-06-30": "2.69280", "2014-03-31": "2.86750", "2013-12-31": "2.60120", "2013-09-30": "3.10100", "2013-06-30": "2.72290", "2013-03-31": "2.48700", "2012-12-31": "2.16820", "2012-09-30": "2.24420", "2012-06-30": "1.52670", "2012-03-31": "1.50920", "2011-12-31": "1.25610", "2011-09-30": "1.62890", "2011-06-30": "1.81120", "2011-03-31": "1.59290", "2010-12-31": "1.43820", "2010-09-30": "1.64190", "2010-06-30": "0.87740", "2010-03-31": "0.87890", "2009-12-31": "0.81950", "2009-09-30": "0.74570", "2009-06-30": "0.69010", "2009-03-31": "0.63950", "2008-12-31": "0.58080", "2008-09-30": "0.73490", "2008-06-30": "0.78650", "2008-03-31": "0.64670", "2007-12-31": "0.73310", "2007-09-30": "0.80180", "2007-06-30": "0.84170", "2007-03-31": "1.13730", "2006-12-31": "1.43130", "2006-09-30": "1.29490", "2006-06-30": "1.28970", "2006-03-31": "1.93200", "2005-12-31": "1.81690", "2005-09-30": "2.36850", "2005-06-30": "1.62560", "2005-03-31": "1.44300"}, "Long-term Debt / Capital": {"2020-09-30": "0.79030", "2020-06-30": "0.83710", "2020-03-31": "0.88750", "2019-12-31": "0.87040", "2019-09-30": "0.87170", "2019-06-30": "0.90150", "2019-03-31": "0.94150", "2018-12-31": "0.88850", "2018-09-30": "0.88090", "2018-06-30": "0.91470", "2018-03-31": "0.92420", "2017-12-31": "1.02300", "2017-09-30": "1.03170", "2017-06-30": "1.10580", "2017-03-31": "1.23080", "2016-12-31": "1.50460", "2016-09-30": "1.12970", "2016-06-30": "1.12110", "2016-03-31": "1.11420", "2015-12-31": "1.10930", "2015-09-30": "1.08330", "2015-06-30": "1.03440", "2015-03-31": "1.04960", "2014-12-31": "0.98340", "2014-09-30": "0.84080", "2014-06-30": "0.75750", "2014-03-31": "0.84210", "2013-12-31": "0.85800", "2013-09-30": "0.87790", "2013-06-30": "0.77840", "2013-03-31": "0.77600", "2012-12-31": "0.80210", "2012-09-30": "0.83350", "2012-06-30": "0.91120", "2012-03-31": "0.92580", "2011-12-31": "1.15620", "2011-09-30": "1.16970", "2011-06-30": "1.01370", "2011-03-31": "1.22370", "2010-12-31": "1.32090", "2010-09-30": "1.31730", "2010-06-30": "2.96290", "2010-03-31": "3.53800", "2009-12-31": "4.97140", "2009-09-30": "7.43640", "2009-06-30": "1500.00000", "2009-03-31": "-4.43000", "2008-12-31": "-3.17660", "2008-09-30": "-5.21560", "2008-06-30": "-10.44570", "2008-03-31": "-1.98020", "2007-12-31": "-3.26800", "2007-09-30": "-63.15790", "2007-06-30": "8.79770", "2007-03-31": "1.30490", "2006-12-31": "0.64180", "2006-09-30": "0.88570", "2006-06-30": "0.93570", "2006-03-31": "0.43980", "2005-12-31": "0.49230", "2005-09-30": "0.37610", "2005-06-30": "", "2005-03-31": ""}, "Debt/Equity Ratio": {"2020-09-30": "3.76960", "2020-06-30": "5.14040", "2020-03-31": "8.49560", "2019-12-31": "6.71600", "2019-09-30": "7.51180", "2019-06-30": "9.37520", "2019-03-31": "17.06890", "2018-12-31": "8.65240", "2018-09-30": "8.17440", "2018-06-30": "11.57140", "2018-03-31": "13.11330", "2017-12-31": "-48.22020", "2017-09-30": "-36.48850", "2017-06-30": "-10.45370", "2017-03-31": "-5.62790", "2016-12-31": "-3.27360", "2016-09-30": "-9.55040", "2016-06-30": "-9.25680", "2016-03-31": "-9.75420", "2015-12-31": "-10.15200", "2015-09-30": "-13.00790", "2015-06-30": "-30.03970", "2015-03-31": "-21.17030", "2014-12-31": "59.37760", "2014-09-30": "5.28110", "2014-06-30": "3.12290", "2014-03-31": "5.33310", "2013-12-31": "6.04140", "2013-09-30": "7.18940", "2013-06-30": "3.51360", "2013-03-31": "3.53220", "2012-12-31": "4.21380", "2012-09-30": "5.30110", "2012-06-30": "11.43400", "2012-03-31": "13.56140", "2011-12-31": "-7.85230", "2011-09-30": "-7.14120", "2011-06-30": "-74.87950", "2011-03-31": "-5.52960", "2010-12-31": "-4.15420", "2010-09-30": "-4.23390", "2010-06-30": "-2.24920", "2010-03-31": "-2.10090", "2009-12-31": "-2.00250", "2009-09-30": "-1.97840", "2009-06-30": "-1.77510", "2009-03-31": "-1.53430", "2008-12-31": "-1.48840", "2008-09-30": "-1.56480", "2008-06-30": "-1.55390", "2008-03-31": "-1.32750", "2007-12-31": "-1.47000", "2007-09-30": "-1.64070", "2007-06-30": "-2.67020", "2007-03-31": "-5.42080", "2006-12-31": "1.79210", "2006-09-30": "7.75190", "2006-06-30": "14.56310", "2006-03-31": "0.78490", "2005-12-31": "0.96960", "2005-09-30": "0.60290", "2005-06-30": "0.46720", "2005-03-31": "0.60630"}, "Gross Margin": {"2020-09-30": "73.15630", "2020-06-30": "74.77350", "2020-03-31": "73.64340", "2019-12-31": "71.20840", "2019-09-30": "71.77420", "2019-06-30": "71.99340", "2019-03-31": "70.05250", "2018-12-31": "71.27500", "2018-09-30": "71.65990", "2018-06-30": "72.75130", "2018-03-31": "72.05110", "2017-12-31": "70.79970", "2017-09-30": "70.30770", "2017-06-30": "71.53420", "2017-03-31": "71.76990", "2016-12-31": "72.58250", "2016-09-30": "72.39120", "2016-06-30": "72.12830", "2016-03-31": "69.46450", "2015-12-31": "70.90890", "2015-09-30": "71.72120", "2015-06-30": "73.43430", "2015-03-31": "71.76520", "2014-12-31": "70.88320", "2014-09-30": "70.99620", "2014-06-30": "74.57360", "2014-03-31": "71.84570", "2013-12-31": "71.63760", "2013-09-30": "71.15520", "2013-06-30": "73.92860", "2013-03-31": "72.56080", "2012-12-31": "70.61790", "2012-09-30": "69.89110", "2012-06-30": "71.81650", "2012-03-31": "71.32030", "2011-12-31": "68.04790", "2011-09-30": "67.81480", "2011-06-30": "71.82750", "2011-03-31": "72.13650", "2010-12-31": "67.94260", "2010-09-30": "70.05650", "2010-06-30": "71.89200", "2010-03-31": "71.48550", "2009-12-31": "69.76120", "2009-09-30": "70.09740", "2009-06-30": "71.59970", "2009-03-31": "70.06600", "2008-12-31": "68.44190", "2008-09-30": "71.68900", "2008-06-30": "74.71290", "2008-03-31": "72.16160", "2007-12-31": "-15.66650", "2007-09-30": "100.00000", "2007-06-30": "100.00000", "2007-03-31": "100.00000", "2006-12-31": "8.57630", "2006-09-30": "100.00000", "2006-06-30": "100.00000", "2006-03-31": "100.00000", "2005-12-31": "4.28990", "2005-09-30": "100.00000", "2005-06-30": "100.00000", "2005-03-31": "100.00000"}, "Operating Margin": {"2020-09-30": "47.34510", "2020-06-30": "49.47740", "2020-03-31": "45.89150", "2019-12-31": "40.87590", "2019-09-30": "44.27420", "2019-06-30": "39.78580", "2019-03-31": "40.45530", "2018-12-31": "35.49600", "2018-09-30": "43.19020", "2018-06-30": "45.44290", "2018-03-31": "43.56080", "2017-12-31": "39.96050", "2017-09-30": "42.19590", "2017-06-30": "45.98700", "2017-03-31": "45.80600", "2016-12-31": "-48.92260", "2016-09-30": "43.34310", "2016-06-30": "44.15980", "2016-03-31": "37.26260", "2015-12-31": "38.46860", "2015-09-30": "41.88530", "2015-06-30": "45.67040", "2015-03-31": "42.89510", "2014-12-31": "39.28210", "2014-09-30": "42.85010", "2014-06-30": "47.13220", "2014-03-31": "43.40460", "2013-12-31": "40.02820", "2013-09-30": "41.31820", "2013-06-30": "46.40210", "2013-03-31": "38.31650", "2012-12-31": "34.50020", "2012-09-30": "39.17210", "2012-06-30": "43.46130", "2012-03-31": "41.58940", "2011-12-31": "30.34740", "2011-09-30": "36.90950", "2011-06-30": "44.62990", "2011-03-31": "43.33740", "2010-12-31": "34.83960", "2010-09-30": "36.80110", "2010-06-30": "39.87020", "2010-03-31": "41.29250", "2009-12-31": "36.82590", "2009-09-30": "38.18060", "2009-06-30": "41.53540", "2009-03-31": "36.41480", "2008-12-31": "31.06270", "2008-09-30": "43.79330", "2008-06-30": "47.92860", "2008-03-31": "46.27350", "2007-12-31": "42.00830", "2007-09-30": "47.71430", "2007-06-30": "56.29160", "2007-03-31": "52.26420", "2006-12-31": "78.52540", "2006-09-30": "54.24820", "2006-06-30": "56.53110", "2006-03-31": "54.13450", "2005-12-31": "51.22570", "2005-09-30": "55.07010", "2005-06-30": "56.58010", "2005-03-31": "54.41740"}, "EBIT Margin": {"2020-09-30": "47.34510", "2020-06-30": "49.47740", "2020-03-31": "45.89150", "2019-12-31": "40.87590", "2019-09-30": "44.27420", "2019-06-30": "39.78580", "2019-03-31": "40.45530", "2018-12-31": "35.49600", "2018-09-30": "43.19020", "2018-06-30": "45.44290", "2018-03-31": "43.56080", "2017-12-31": "39.96050", "2017-09-30": "42.19590", "2017-06-30": "45.98700", "2017-03-31": "45.80600", "2016-12-31": "-48.92260", "2016-09-30": "43.34310", "2016-06-30": "44.15980", "2016-03-31": "37.26260", "2015-12-31": "38.46860", "2015-09-30": "41.88530", "2015-06-30": "45.67040", "2015-03-31": "42.89510", "2014-12-31": "39.28210", "2014-09-30": "42.85010", "2014-06-30": "47.13220", "2014-03-31": "43.40460", "2013-12-31": "40.02820", "2013-09-30": "41.31820", "2013-06-30": "46.40210", "2013-03-31": "38.31650", "2012-12-31": "34.50020", "2012-09-30": "39.17210", "2012-06-30": "43.46130", "2012-03-31": "41.58940", "2011-12-31": "30.34740", "2011-09-30": "36.90950", "2011-06-30": "44.62990", "2011-03-31": "43.33740", "2010-12-31": "34.83960", "2010-09-30": "36.80110", "2010-06-30": "39.87020", "2010-03-31": "41.29250", "2009-12-31": "36.82590", "2009-09-30": "38.18060", "2009-06-30": "41.53540", "2009-03-31": "36.41480", "2008-12-31": "31.06270", "2008-09-30": "43.79330", "2008-06-30": "47.92860", "2008-03-31": "46.27350", "2007-12-31": "42.00830", "2007-09-30": "47.71430", "2007-06-30": "56.29160", "2007-03-31": "52.26420", "2006-12-31": "78.52540", "2006-09-30": "54.24820", "2006-06-30": "56.53110", "2006-03-31": "54.13450", "2005-12-31": "51.22570", "2005-09-30": "55.07010", "2005-06-30": "56.58010", "2005-03-31": "54.41740"}, "EBITDA Margin": {"2020-09-30": "", "2020-06-30": "", "2020-03-31": "", "2019-12-31": "", "2019-09-30": "", "2019-06-30": "", "2019-03-31": "", "2018-12-31": "", "2018-09-30": "", "2018-06-30": "", "2018-03-31": "", "2017-12-31": "", "2017-09-30": "", "2017-06-30": "", "2017-03-31": "", "2016-12-31": "", "2016-09-30": "", "2016-06-30": "", "2016-03-31": "", "2015-12-31": "", "2015-09-30": "", "2015-06-30": "", "2015-03-31": "", "2014-12-31": "", "2014-09-30": "", "2014-06-30": "", "2014-03-31": "", "2013-12-31": "", "2013-09-30": "", "2013-06-30": "", "2013-03-31": "", "2012-12-31": "", "2012-09-30": "", "2012-06-30": "", "2012-03-31": "", "2011-12-31": "", "2011-09-30": "", "2011-06-30": "", "2011-03-31": "", "2010-12-31": "", "2010-09-30": "", "2010-06-30": "", "2010-03-31": "", "2009-12-31": "", "2009-09-30": "", "2009-06-30": "", "2009-03-31": "", "2008-12-31": "", "2008-09-30": "", "2008-06-30": "", "2008-03-31": "", "2007-12-31": "", "2007-09-30": "", "2007-06-30": "", "2007-03-31": "", "2006-12-31": "", "2006-09-30": "", "2006-06-30": "", "2006-03-31": "", "2005-12-31": "", "2005-09-30": "", "2005-06-30": "", "2005-03-31": ""}, "Pre-Tax Profit Margin": {"2020-09-30": "44.17400", "2020-06-30": "46.41120", "2020-03-31": "43.72090", "2019-12-31": "36.73970", "2019-09-30": "41.37100", "2019-06-30": "35.58480", "2019-03-31": "36.07710", "2018-12-31": "30.42250", "2018-09-30": "38.19390", "2018-06-30": "42.16660", "2018-03-31": "39.14970", "2017-12-31": "35.00090", "2017-09-30": "43.82350", "2017-06-30": "46.17690", "2017-03-31": "46.27770", "2016-12-31": "-49.41090", "2016-09-30": "40.23550", "2016-06-30": "40.79020", "2016-03-31": "33.77040", "2015-12-31": "36.06650", "2015-09-30": "41.15460", "2015-06-30": "41.30270", "2015-03-31": "39.79900", "2014-12-31": "38.26780", "2014-09-30": "40.24020", "2014-06-30": "55.54670", "2014-03-31": "40.61520", "2013-12-31": "38.73200", "2013-09-30": "37.34940", "2013-06-30": "44.55030", "2013-03-31": "36.51270", "2012-12-31": "31.34450", "2012-09-30": "38.40230", "2012-06-30": "41.29210", "2012-03-31": "39.98150", "2011-12-31": "27.43780", "2011-09-30": "34.78260", "2011-06-30": "43.65500", "2011-03-31": "40.75550", "2010-12-31": "30.58660", "2010-09-30": "35.34000", "2010-06-30": "37.23320", "2010-03-31": "38.29210", "2009-12-31": "34.43810", "2009-09-30": "36.01150", "2009-06-30": "38.73970", "2009-03-31": "34.62950", "2008-12-31": "30.86450", "2008-09-30": "42.61650", "2008-06-30": "45.89830", "2008-03-31": "45.66980", "2007-12-31": "39.13650", "2007-09-30": "46.00000", "2007-06-30": "59.04660", "2007-03-31": "51.69810", "2006-12-31": "78.52540", "2006-09-30": "53.62260", "2006-06-30": "56.66800", "2006-03-31": "54.90690", "2005-12-31": "51.54270", "2005-09-30": "55.71120", "2005-06-30": "55.70730", "2005-03-31": "53.08580"}, "Net Profit Margin": {"2020-09-30": "34.43950", "2020-06-30": "35.47040", "2020-03-31": "37.82950", "2019-12-31": "29.11600", "2019-09-30": "30.64520", "2019-06-30": "25.53540", "2019-03-31": "32.66200", "2018-12-31": "23.64200", "2018-09-30": "28.70100", "2018-06-30": "32.01430", "2018-03-31": "33.09670", "2017-12-31": "2.22240", "2017-09-30": "29.85230", "2017-06-30": "31.20440", "2017-03-31": "35.43890", "2016-12-31": "-45.49410", "2016-09-30": "27.83780", "2016-06-30": "27.50570", "2016-03-31": "22.59530", "2015-12-31": "25.16460", "2015-09-30": "27.73990", "2015-06-30": "28.50450", "2015-03-31": "26.58270", "2014-12-31": "26.92880", "2014-09-30": "26.36930", "2014-06-30": "36.54260", "2014-03-31": "28.41500", "2013-12-31": "26.52720", "2013-09-30": "26.06660", "2013-06-30": "29.82800", "2013-03-31": "25.74470", "2012-12-31": "21.22780", "2012-09-30": "26.71020", "2012-06-30": "26.91950", "2012-03-31": "26.82440", "2011-12-31": "16.96350", "2011-09-30": "24.60000", "2011-06-30": "31.22930", "2011-03-31": "26.94510", "2010-12-31": "24.34880", "2010-09-30": "26.49520", "2010-06-30": "25.32440", "2010-03-31": "23.79350", "2009-12-31": "20.97570", "2009-09-30": "22.26650", "2009-06-30": "24.25120", "2009-03-31": "22.05920", "2008-12-31": "21.97180", "2008-09-30": "26.07290", "2008-06-30": "27.72770", "2008-03-31": "28.02420", "2007-12-31": "25.21290", "2007-09-30": "26.07620", "2007-06-30": "40.53550", "2007-03-31": "30.08580", "2006-12-31": "47.22040", "2006-09-30": "31.68520", "2006-06-30": "33.65270", "2006-03-31": "33.21220", "2005-12-31": "31.72020", "2005-09-30": "34.81360", "2005-06-30": "32.54250", "2005-03-31": "30.39690"}, "Asset Turnover": {"2020-09-30": "0.11620", "2020-06-30": "0.12700", "2020-03-31": "0.11410", "2019-12-31": "0.12010", "2019-09-30": "0.13080", "2019-06-30": "0.12660", "2019-03-31": "0.12000", "2018-12-31": "0.11130", "2018-09-30": "0.12810", "2018-06-30": "0.13430", "2018-03-31": "0.12500", "2017-12-31": "0.13560", "2017-09-30": "0.12800", "2017-06-30": "0.15310", "2017-03-31": "0.17940", "2016-12-31": "0.17680", "2016-09-30": "0.18270", "2016-06-30": "0.18410", "2016-03-31": "0.15960", "2015-12-31": "0.16970", "2015-09-30": "0.17490", "2015-06-30": "0.18360", "2015-03-31": "0.17400", "2014-12-31": "0.18790", "2014-09-30": "0.16340", "2014-06-30": "0.18250", "2014-03-31": "0.17620", "2013-12-31": "0.17730", "2013-09-30": "0.16980", "2013-06-30": "0.19920", "2013-03-31": "0.18710", "2012-12-31": "0.19040", "2012-09-30": "0.18800", "2012-06-30": "0.21620", "2012-03-31": "0.21600", "2011-12-31": "0.19720", "2011-09-30": "0.21070", "2011-06-30": "0.22050", "2011-03-31": "0.22860", "2010-12-31": "0.22210", "2010-09-30": "0.21860", "2010-06-30": "0.24410", "2010-03-31": "0.23790", "2009-12-31": "0.24250", "2009-09-30": "0.24110", "2009-06-30": "0.24050", "2009-03-31": "0.22690", "2008-12-31": "0.22760", "2008-09-30": "0.25580", "2008-06-30": "0.29300", "2008-03-31": "0.27140", "2007-12-31": "0.29450", "2007-09-30": "0.33840", "2007-06-30": "0.41600", "2007-03-31": "0.39660", "2006-12-31": "0.39390", "2006-09-30": "0.42890", "2006-06-30": "0.45210", "2006-03-31": "0.29300", "2005-12-31": "0.32470", "2005-09-30": "0.27080", "2005-06-30": "0.25910", "2005-03-31": "0.25050"}, "Inventory Turnover Ratio": {"2020-09-30": "", "2020-06-30": "", "2020-03-31": "", "2019-12-31": "", "2019-09-30": "", "2019-06-30": "", "2019-03-31": "", "2018-12-31": "", "2018-09-30": "", "2018-06-30": "", "2018-03-31": "", "2017-12-31": "", "2017-09-30": "", "2017-06-30": "", "2017-03-31": "", "2016-12-31": "", "2016-09-30": "", "2016-06-30": "", "2016-03-31": "", "2015-12-31": "", "2015-09-30": "", "2015-06-30": "", "2015-03-31": "", "2014-12-31": "", "2014-09-30": "", "2014-06-30": "", "2014-03-31": "", "2013-12-31": "", "2013-09-30": "", "2013-06-30": "", "2013-03-31": "", "2012-12-31": "", "2012-09-30": "", "2012-06-30": "", "2012-03-31": "", "2011-12-31": "", "2011-09-30": "", "2011-06-30": "", "2011-03-31": "", "2010-12-31": "", "2010-09-30": "", "2010-06-30": "", "2010-03-31": "", "2009-12-31": "", "2009-09-30": "", "2009-06-30": "", "2009-03-31": "", "2008-12-31": "", "2008-09-30": "", "2008-06-30": "", "2008-03-31": "", "2007-12-31": "", "2007-09-30": "", "2007-06-30": "", "2007-03-31": "", "2006-12-31": "", "2006-09-30": "", "2006-06-30": "", "2006-03-31": "", "2005-12-31": "", "2005-09-30": "", "2005-06-30": "", "2005-03-31": ""}, "Receiveable Turnover": {"2020-09-30": "0.99710", "2020-06-30": "1.02430", "2020-03-31": "0.91300", "2019-12-31": "0.86890", "2019-09-30": "1.00940", "2019-06-30": "0.97490", "2019-03-31": "0.87770", "2018-12-31": "0.82390", "2018-09-30": "0.95490", "2018-06-30": "1.03340", "2018-03-31": "0.93320", "2017-12-31": "1.01590", "2017-09-30": "1.05520", "2017-06-30": "1.09170", "2017-03-31": "1.02280", "2016-12-31": "1.06160", "2016-09-30": "1.10310", "2016-06-30": "1.10100", "2016-03-31": "0.95780", "2015-12-31": "1.07970", "2015-09-30": "1.15880", "2015-06-30": "1.14580", "2015-03-31": "1.02720", "2014-12-31": "1.10740", "2014-09-30": "1.14590", "2014-06-30": "1.15190", "2014-03-31": "1.03970", "2013-12-31": "1.12240", "2013-09-30": "1.19170", "2013-06-30": "1.24400", "2013-03-31": "1.14850", "2012-12-31": "1.21290", "2012-09-30": "1.25270", "2012-06-30": "1.20790", "2012-03-31": "1.09780", "2011-12-31": "1.15780", "2011-09-30": "1.32660", "2011-06-30": "1.22860", "2011-03-31": "1.14640", "2010-12-31": "1.13430", "2010-09-30": "1.25010", "2010-06-30": "1.22800", "2010-03-31": "1.11620", "2009-12-31": "1.09190", "2009-09-30": "1.19240", "2009-06-30": "1.10570", "2009-03-31": "1.01310", "2008-12-31": "0.95710", "2008-09-30": "1.24290", "2008-06-30": "1.17440", "2008-03-31": "1.06240", "2007-12-31": "1.13820", "2007-09-30": "1.33550", "2007-06-30": "1.33490", "2007-03-31": "1.16760", "2006-12-31": "1.24110", "2006-09-30": "1.37790", "2006-06-30": "1.20440", "2006-03-31": "1.04120", "2005-12-31": "1.12190", "2005-09-30": "1.25030", "2005-06-30": "1.17760", "2005-03-31": "1.07100"}, "Days Sales In Receivables": {"2020-09-30": "90.26550", "2020-06-30": "87.86760", "2020-03-31": "98.58140", "2019-12-31": "103.57660", "2019-09-30": "89.15810", "2019-06-30": "92.32040", "2019-03-31": "102.54640", "2018-12-31": "109.23230", "2018-09-30": "94.24690", "2018-06-30": "87.08960", "2018-03-31": "96.44630", "2017-12-31": "88.59450", "2017-09-30": "85.29210", "2017-06-30": "82.44380", "2017-03-31": "87.99730", "2016-12-31": "84.77440", "2016-09-30": "81.58980", "2016-06-30": "81.74510", "2016-03-31": "93.97010", "2015-12-31": "83.35830", "2015-09-30": "77.66800", "2015-06-30": "78.55030", "2015-03-31": "87.61900", "2014-12-31": "81.27180", "2014-09-30": "78.54190", "2014-06-30": "78.13050", "2014-03-31": "86.56280", "2013-12-31": "80.18220", "2013-09-30": "75.52090", "2013-06-30": "72.34520", "2013-03-31": "78.36570", "2012-12-31": "74.20050", "2012-09-30": "71.84310", "2012-06-30": "74.50840", "2012-03-31": "81.98520", "2011-12-31": "77.73230", "2011-09-30": "67.84300", "2011-06-30": "73.25510", "2011-03-31": "78.50630", "2010-12-31": "79.34610", "2010-09-30": "71.99300", "2010-06-30": "73.29220", "2010-03-31": "80.63370", "2009-12-31": "82.42280", "2009-09-30": "75.47810", "2009-06-30": "81.39340", "2009-03-31": "88.83350", "2008-12-31": "94.03520", "2008-09-30": "72.41120", "2008-06-30": "76.63660", "2008-03-31": "84.71330", "2007-12-31": "79.07310", "2007-09-30": "67.38860", "2007-06-30": "67.41990", "2007-03-31": "77.07890", "2006-12-31": "72.51870", "2006-09-30": "65.31580", "2006-06-30": "74.72430", "2006-03-31": "86.44250", "2005-12-31": "80.22400", "2005-09-30": "71.98290", "2005-06-30": "76.42350", "2005-03-31": "84.03070"}, "ROE - Return On Equity": {"2020-09-30": "27.66590", "2020-06-30": "41.31490", "2020-03-31": "60.95120", "2019-12-31": "43.44160", "2019-09-30": "54.92620", "2019-06-30": "54.11520", "2019-03-31": "115.07720", "2018-12-31": "38.61280", "2018-09-30": "51.47670", "2018-06-30": "82.13450", "2018-03-31": "89.71430", "2017-12-31": "-25.06530", "2017-09-30": "-203.88990", "2017-06-30": "-67.08020", "2017-03-31": "-47.76300", "2016-12-31": "41.41930", "2016-09-30": "-71.69600", "2016-06-30": "-69.85110", "2016-03-31": "-53.08680", "2015-12-31": "-66.18620", "2015-09-30": "-97.33570", "2015-06-30": "-255.41620", "2015-03-31": "-158.20760", "2014-12-31": "562.71150", "2014-09-30": "45.49240", "2014-06-30": "48.13770", "2014-03-31": "56.36920", "2013-12-31": "60.24720", "2013-09-30": "63.99450", "2013-06-30": "50.00000", "2013-03-31": "41.10560", "2012-12-31": "40.84720", "2012-09-30": "57.90130", "2012-06-30": "162.23470", "2012-03-31": "192.43440", "2011-12-31": "-61.93180", "2011-09-30": "-75.83240", "2011-06-30": "-1148.78800", "2011-03-31": "-70.38530", "2010-12-31": "-46.54830", "2010-09-30": "-46.10210", "2010-06-30": "-24.92380", "2010-03-31": "-21.47940", "2009-12-31": "-17.32930", "2009-09-30": "-15.70660", "2009-06-30": "-14.80990", "2009-03-31": "-9.90970", "2008-12-31": "-9.02550", "2008-09-30": "-12.73220", "2008-06-30": "-16.74370", "2008-03-31": "-13.42190", "2007-12-31": "-16.92190", "2007-09-30": "-22.46100", "2007-06-30": "-98.49570", "2007-03-31": "-250.21410", "2006-12-31": "166.42770", "2006-09-30": "405.68580", "2006-06-30": "835.43790", "2006-03-31": "38.25220", "2005-12-31": "48.51330", "2005-09-30": "29.46140", "2005-06-30": "22.64450", "2005-03-31": "23.98950"}, "Return On Tangible Equity": {"2020-09-30": "-10.83280", "2020-06-30": "-11.00070", "2020-03-31": "-9.67810", "2019-12-31": "-8.22510", "2019-09-30": "-8.77070", "2019-06-30": "-6.79600", "2019-03-31": "-7.52830", "2018-12-31": "-5.39970", "2018-09-30": "-6.82300", "2018-06-30": "-7.96590", "2018-03-31": "-7.45680", "2017-12-31": "-0.52370", "2017-09-30": "-5.80010", "2017-06-30": "-17.33460", "2017-03-31": "-16.92600", "2016-12-31": "18.12720", "2016-09-30": "-15.03660", "2016-06-30": "-14.86840", "2016-03-31": "-10.77620", "2015-12-31": "-13.70310", "2015-09-30": "-15.19170", "2015-06-30": "-18.43240", "2015-03-31": "-15.81860", "2014-12-31": "-18.23680", "2014-09-30": "-25.12070", "2014-06-30": "-54.81580", "2014-03-31": "-46.56580", "2013-12-31": "-38.89410", "2013-09-30": "-34.77940", "2013-06-30": "-62.57540", "2013-03-31": "-51.42630", "2012-12-31": "-34.68950", "2012-09-30": "-33.45290", "2012-06-30": "-22.88360", "2012-03-31": "-21.54960", "2011-12-31": "-9.29950", "2011-09-30": "-16.97290", "2011-06-30": "-29.16800", "2011-03-31": "-18.39150", "2010-12-31": "-14.89230", "2010-09-30": "-18.38900", "2010-06-30": "-13.18140", "2010-03-31": "-11.68740", "2009-12-31": "-9.83620", "2009-09-30": "-9.22780", "2009-06-30": "-9.24380", "2009-03-31": "-6.69750", "2008-12-31": "-6.18870", "2008-09-30": "-9.80780", "2008-06-30": "-12.58810", "2008-03-31": "-10.29650", "2007-12-31": "-12.99490", "2007-09-30": "-16.12870", "2007-06-30": "-51.62630", "2007-03-31": "-56.23600", "2006-12-31": "-374.46190", "2006-09-30": "-87.51390", "2006-06-30": "-86.05000", "2006-03-31": "91.71890", "2005-12-31": "173.52630", "2005-09-30": "48.85040", "2005-06-30": "32.82170", "2005-03-31": "40.38790"}, "ROA - Return On Assets": {"2020-09-30": "4.00100", "2020-06-30": "4.50520", "2020-03-31": "4.30740", "2019-12-31": "3.51680", "2019-09-30": "4.04100", "2019-06-30": "3.24240", "2019-03-31": "3.92940", "2018-12-31": "2.65900", "2018-09-30": "3.69710", "2018-06-30": "4.31810", "2018-03-31": "4.18020", "2017-12-31": "0.33510", "2017-09-30": "3.84950", "2017-06-30": "4.79780", "2017-03-31": "6.36330", "2016-12-31": "-7.98720", "2016-09-30": "5.11230", "2016-06-30": "5.11610", "2016-03-31": "3.64820", "2015-12-31": "4.31900", "2015-09-30": "4.89850", "2015-06-30": "5.28250", "2015-03-31": "4.64830", "2014-12-31": "5.17030", "2014-09-30": "4.37550", "2014-06-30": "6.77730", "2014-03-31": "5.09260", "2013-12-31": "4.76890", "2013-09-30": "4.49630", "2013-06-30": "6.01960", "2013-03-31": "4.88600", "2012-12-31": "4.09000", "2012-09-30": "5.09240", "2012-06-30": "5.92800", "2012-03-31": "5.86090", "2011-12-31": "3.41090", "2011-09-30": "5.23940", "2011-06-30": "6.94820", "2011-03-31": "6.22330", "2010-12-31": "5.46790", "2010-09-30": "5.84280", "2010-06-30": "6.26250", "2010-03-31": "5.72560", "2009-12-31": "5.15650", "2009-09-30": "5.42630", "2009-06-30": "5.92380", "2009-03-31": "5.05520", "2008-12-31": "5.01860", "2008-09-30": "6.71660", "2008-06-30": "8.26720", "2008-03-31": "7.63800", "2007-12-31": "7.73360", "2007-09-30": "8.82320", "2007-06-30": "16.86090", "2007-03-31": "11.93280", "2006-12-31": "18.60190", "2006-09-30": "13.59070", "2006-06-30": "15.21530", "2006-03-31": "9.73110", "2005-12-31": "10.30060", "2005-09-30": "9.42700", "2005-06-30": "8.43240", "2005-03-31": "7.61390"}, "ROI - Return On Investment": {"2020-09-30": "5.80050", "2020-06-30": "6.72840", "2020-03-31": "6.85720", "2019-12-31": "5.63010", "2019-09-30": "7.04850", "2019-06-30": "5.33200", "2019-03-31": "6.73440", "2018-12-31": "4.30640", "2018-09-30": "6.12950", "2018-06-30": "7.00550", "2018-03-31": "6.80390", "2017-12-31": "0.57640", "2017-09-30": "6.45790", "2017-06-30": "7.09570", "2017-03-31": "11.02400", "2016-12-31": "-20.90190", "2016-09-30": "9.29610", "2016-06-30": "8.45980", "2016-03-31": "6.06420", "2015-12-31": "7.23190", "2015-09-30": "8.10600", "2015-06-30": "8.79540", "2015-03-31": "7.84360", "2014-12-31": "9.31970", "2014-09-30": "7.24280", "2014-06-30": "11.67580", "2014-03-31": "8.90080", "2013-12-31": "8.55620", "2013-09-30": "7.81430", "2013-06-30": "11.07770", "2013-03-31": "9.20920", "2012-12-31": "8.08380", "2012-09-30": "9.64320", "2012-06-30": "14.41230", "2012-03-31": "14.28460", "2011-12-31": "9.67360", "2011-09-30": "12.86650", "2011-06-30": "15.74210", "2011-03-31": "15.74310", "2010-12-31": "14.93710", "2010-09-30": "14.62690", "2010-06-30": "48.92260", "2010-03-31": "54.51520", "2009-12-31": "68.82080", "2009-09-30": "101.09350", "2009-06-30": "22200.00000", "2009-03-31": "-53.80980", "2008-12-31": "-37.69590", "2008-09-30": "-79.13770", "2008-06-30": "-191.64350", "2008-03-31": "-40.00000", "2007-12-31": "-72.22230", "2007-09-30": "-1441.05200", "2007-06-30": "768.03500", "2007-03-31": "76.29400", "2006-12-31": "59.60630", "2006-09-30": "46.35370", "2006-06-30": "53.68060", "2006-03-31": "21.43070", "2005-12-31": "24.63080", "2005-09-30": "18.38010", "2005-06-30": "22.64450", "2005-03-31": "23.98950"}, "Book Value Per Share": {"2020-09-30": "8.98650", "2020-06-30": "6.56380", "2020-03-31": "4.26100", "2019-12-31": "4.42760", "2019-09-30": "3.69430", "2019-06-30": "3.03810", "2019-03-31": "1.71410", "2018-12-31": "3.42910", "2018-09-30": "3.16320", "2018-06-30": "2.39770", "2018-03-31": "2.18840", "2017-12-31": "-0.60170", "2017-09-30": "-0.82060", "2017-06-30": "-2.44720", "2017-03-31": "-3.78550", "2016-12-31": "-5.38720", "2016-09-30": "-1.87210", "2016-06-30": "-1.92190", "2016-03-31": "-1.80880", "2015-12-31": "-1.69830", "2015-09-30": "-1.21470", "2015-06-30": "-0.51610", "2015-03-31": "-0.72320", "2014-12-31": "0.20990", "2014-09-30": "2.30220", "2014-06-30": "3.19070", "2014-03-31": "1.84060", "2013-12-31": "1.62600", "2013-09-30": "1.35690", "2013-06-30": "2.07230", "2013-03-31": "2.08560", "2012-12-31": "1.77650", "2012-09-30": "1.44520", "2012-06-30": "0.48720", "2012-03-31": "0.40590", "2011-12-31": "-0.71210", "2011-09-30": "-0.78450", "2011-06-30": "-0.07260", "2011-03-31": "-0.98000", "2010-12-31": "-1.29300", "2010-09-30": "-1.27060", "2010-06-30": "-2.09990", "2010-03-31": "-2.25350", "2009-12-31": "-2.51670", "2009-09-30": "-2.73830", "2009-06-30": "-3.17160", "2009-03-31": "-3.90060", "2008-12-31": "-4.19360", "2008-09-30": "-3.72720", "2008-06-30": "-3.37280", "2008-03-31": "-3.68970", "2007-12-31": "-3.11690", "2007-09-30": "-2.35890", "2007-06-30": "-0.99610", "2007-03-31": "-0.25600", "2006-12-31": "0.60090", "2006-09-30": "0.13830", "2006-06-30": "0.07310", "2006-03-31": "1.31450", "2005-12-31": "1.06580", "2005-09-30": "1.68430", "2005-06-30": "2.13410", "2005-03-31": "1.44300"}, "Operating Cash Flow Per Share": {"2020-09-30": 2.6912, "2020-06-30": 3.3497, "2020-03-31": "1.81960", "2019-12-31": 2.4837, "2019-09-30": 2.3118, "2019-06-30": 2.0432, "2019-03-31": "1.90350", "2018-12-31": 1.9391, "2018-09-30": 1.5778, "2018-06-30": 1.9856, "2018-03-31": "2.01290", "2017-12-31": 2.0855, "2017-09-30": 2.0117, "2017-06-30": 2.4277, "2017-03-31": "-2.63720", "2016-12-31": 1.8688, "2016-09-30": 1.7848, "2016-06-30": 1.5091, "2016-03-31": "1.28150", "2015-12-31": 1.4781, "2015-09-30": 1.5043, "2015-06-30": 1.6402, "2015-03-31": "1.26780", "2014-12-31": 1.4306, "2014-09-30": 1.1904, "2014-06-30": 1.3123, "2014-03-31": "0.81100", "2013-12-31": 1.2031, "2013-09-30": 1.312, "2013-06-30": 0.74, "2013-03-31": "0.89170", "2012-12-31": 1.4387, "2012-09-30": 1.1572, "2012-06-30": 0.7639, "2012-03-31": "0.27260", "2011-12-31": 0.5921, "2011-09-30": 0.9835, "2011-06-30": 1.0579, "2011-03-31": "0.86820", "2010-12-31": 0.7472, "2010-09-30": 0.7286, "2010-06-30": 0.5991, "2010-03-31": "0.68630", "2009-12-31": 0.7904, "2009-09-30": 0.554, "2009-06-30": 0.5384, "2009-03-31": "0.82450", "2008-12-31": 0.5428, "2008-09-30": 0.655, "2008-06-30": 0.2657, "2008-03-31": "0.73670", "2007-12-31": 0.7545, "2007-09-30": 1.1495, "2007-06-30": 1.076, "2007-03-31": "0.65040", "2006-12-31": 0.6008, "2006-09-30": 0.8787, "2006-06-30": 0.6306, "2006-03-31": "0.46780", "2005-12-31": 0.541, "2005-09-30": 0.6522, "2005-06-30": 0.6217, "2005-03-31": "0.50150"}, "Free Cash Flow Per Share": {"2020-09-30": 2.5808, "2020-06-30": 3.1324, "2020-03-31": "1.70890", "2019-12-31": 2.4427, "2019-09-30": 2.1965, "2019-06-30": 1.943, "2019-03-31": "1.79980", "2018-12-31": 1.7943, "2018-09-30": 1.4495, "2018-06-30": 1.8678, "2018-03-31": "1.93570", "2017-12-31": 1.9746, "2017-09-30": 1.8749, "2017-06-30": 2.3031, "2017-03-31": "-2.73340", "2016-12-31": 1.7157, "2016-09-30": 1.6257, "2016-06-30": 1.3647, "2016-03-31": "1.14860", "2015-12-31": 1.3659, "2015-09-30": 1.378, "2015-06-30": 1.5331, "2015-03-31": "1.17580", "2014-12-31": 1.3482, "2014-09-30": 1.1052, "2014-06-30": 1.2198, "2014-03-31": "0.72360", "2013-12-31": 1.1534, "2013-09-30": 1.2524, "2013-06-30": 0.6978, "2013-03-31": "0.85390", "2012-12-31": 1.3958, "2012-09-30": 1.0979, "2012-06-30": 0.7347, "2012-03-31": "0.20540", "2011-12-31": 0.5311, "2011-09-30": 0.9031, "2011-06-30": 0.9889, "2011-03-31": "0.78350", "2010-12-31": 0.6449, "2010-09-30": 0.6462, "2010-06-30": 0.5176, "2010-03-31": "0.61860", "2009-12-31": 0.679, "2009-09-30": 0.4302, "2009-06-30": 0.4446, "2009-03-31": "0.77210", "2008-12-31": 0.4661, "2008-09-30": 0.5649, "2008-06-30": 0.1645, "2008-03-31": "0.66060", "2007-12-31": 0.6314, "2007-09-30": 0.9427, "2007-06-30": 0.8542, "2007-03-31": "0.53420", "2006-12-31": 1.1295, "2006-09-30": 0.8489, "2006-06-30": 0.6091, "2006-03-31": "0.44540", "2005-12-31": 0.499, "2005-09-30": 0.6299, "2005-06-30": 0.6016, "2005-03-31": "0.48350"}}, "revenue": {"Moody's Annual Revenue (Millions of US $)": {"2019": "$4,829", "2018": "$4,443", "2017": "$4,204", "2016": "$3,604", "2015": "$3,485", "2014": "$3,334", "2013": "$2,973", "2012": "$2,730", "2011": "$2,281", "2010": "$2,032", "2009": "$1,797", "2008": "$1,755", "2007": "$2,259", "2006": "$2,037", "2005": "$1,732"}, "Moody's Quarterly Revenue (Millions of US $)": {"2020-09-30": "$1,356", "2020-06-30": "$1,435", "2020-03-31": "$1,290", "2019-12-31": "$1,233", "2019-09-30": "$1,240", "2019-06-30": "$1,214", "2019-03-31": "$1,142", "2018-12-31": "$1,060", "2018-09-30": "$1,081", "2018-06-30": "$1,175", "2018-03-31": "$1,127", "2017-12-31": "$1,165", "2017-09-30": "$1,063", "2017-06-30": "$1,001", "2017-03-31": "$975", "2016-12-31": "$942", "2016-09-30": "$917", "2016-06-30": "$929", "2016-03-31": "$816", "2015-12-31": "$866", "2015-09-30": "$835", "2015-06-30": "$918", "2015-03-31": "$866", "2014-12-31": "$878", "2014-09-30": "$816", "2014-06-30": "$874", "2014-03-31": "$767", "2013-12-31": "$779", "2013-09-30": "$706", "2013-06-30": "$756", "2013-03-31": "$732", "2012-12-31": "$754", "2012-09-30": "$689", "2012-06-30": "$641", "2012-03-31": "$647", "2011-12-31": "$567", "2011-09-30": "$531", "2011-06-30": "$605", "2011-03-31": "$577", "2010-12-31": "$564", "2010-09-30": "$513", "2010-06-30": "$478", "2010-03-31": "$477", "2009-12-31": "$486", "2009-09-30": "$452", "2009-06-30": "$451", "2009-03-31": "$409", "2008-12-31": "$404", "2008-09-30": "$433", "2008-06-30": "$488", "2008-03-31": "$431", "2007-12-31": "$505", "2007-09-30": "$525", "2007-06-30": "$646", "2007-03-31": "$583", "2006-12-31": "$590", "2006-09-30": "$496", "2006-06-30": "$511", "2006-03-31": "$440", "2005-12-31": "$473", "2005-09-30": "$421", "2005-06-30": "$447", "2005-03-31": "$391"}}, "gross-profit": {"Moody's Annual Gross Profit (Millions of US $)": {"2019": "$3,442", "2018": "$3,197", "2017": "$2,988", "2016": "$2,585", "2015": "$2,508", "2014": "$2,404", "2013": "$2,150", "2012": "$1,935", "2011": "$1,597", "2010": "$1,427", "2009": "$1,265", "2008": "$1,262", "2007": "$1,675", "2006": "$1,498", "2005": "$1,279"}, "Moody's Quarterly Gross Profit (Millions of US $)": {"2020-09-30": "$992", "2020-06-30": "$1,073", "2020-03-31": "$950", "2019-12-31": "$878", "2019-09-30": "$890", "2019-06-30": "$874", "2019-03-31": "$800", "2018-12-31": "$756", "2018-09-30": "$775", "2018-06-30": "$855", "2018-03-31": "$812", "2017-12-31": "$825", "2017-09-30": "$747", "2017-06-30": "$716", "2017-03-31": "$700", "2016-12-31": "$684", "2016-09-30": "$664", "2016-06-30": "$670", "2016-03-31": "$567", "2015-12-31": "$614", "2015-09-30": "$599", "2015-06-30": "$674", "2015-03-31": "$621", "2014-12-31": "$622", "2014-09-30": "$579", "2014-06-30": "$651", "2014-03-31": "$551", "2013-12-31": "$558", "2013-09-30": "$502", "2013-06-30": "$559", "2013-03-31": "$531", "2012-12-31": "$533", "2012-09-30": "$481", "2012-06-30": "$460", "2012-03-31": "$461", "2011-12-31": "$386", "2011-09-30": "$360", "2011-06-30": "$435", "2011-03-31": "$416", "2010-12-31": "$383", "2010-09-30": "$360", "2010-06-30": "$344", "2010-03-31": "$341", "2009-12-31": "$339", "2009-09-30": "$317", "2009-06-30": "$323", "2009-03-31": "$287", "2008-12-31": "$276", "2008-09-30": "$311", "2008-06-30": "$364", "2008-03-31": "$311", "2007-12-31": "$505", "2007-09-30": "$525", "2007-06-30": "$646", "2007-03-31": "$583", "2006-12-31": "$590", "2006-09-30": "$496", "2006-06-30": "$511", "2006-03-31": "$440", "2005-12-31": "$473", "2005-09-30": "$421", "2005-06-30": "$447", "2005-03-31": "$391"}}, "operating-income": {"Moody's Annual Operating Income (Millions of US $)": {"2019": "$1,998", "2018": "$1,868", "2017": "$1,821", "2016": "$651", "2015": "$1,473", "2014": "$1,439", "2013": "$1,235", "2012": "$1,077", "2011": "$888", "2010": "$773", "2009": "$688", "2008": "$748", "2007": "$1,131", "2006": "$1,260", "2005": "$940"}, "Moody's Quarterly Operating Income (Millions of US $)": {"2020-09-30": "$642", "2020-06-30": "$710", "2020-03-31": "$592", "2019-12-31": "$504", "2019-09-30": "$549", "2019-06-30": "$483", "2019-03-31": "$462", "2018-12-31": "$376", "2018-09-30": "$467", "2018-06-30": "$534", "2018-03-31": "$491", "2017-12-31": "$466", "2017-09-30": "$449", "2017-06-30": "$460", "2017-03-31": "$447", "2016-12-31": "$-461", "2016-09-30": "$398", "2016-06-30": "$410", "2016-03-31": "$304", "2015-12-31": "$333", "2015-09-30": "$350", "2015-06-30": "$419", "2015-03-31": "$371", "2014-12-31": "$345", "2014-09-30": "$350", "2014-06-30": "$412", "2014-03-31": "$333", "2013-12-31": "$312", "2013-09-30": "$292", "2013-06-30": "$351", "2013-03-31": "$280", "2012-12-31": "$260", "2012-09-30": "$270", "2012-06-30": "$279", "2012-03-31": "$269", "2011-12-31": "$172", "2011-09-30": "$196", "2011-06-30": "$270", "2011-03-31": "$250", "2010-12-31": "$197", "2010-09-30": "$189", "2010-06-30": "$191", "2010-03-31": "$197", "2009-12-31": "$179", "2009-09-30": "$173", "2009-06-30": "$187", "2009-03-31": "$149", "2008-12-31": "$125", "2008-09-30": "$190", "2008-06-30": "$234", "2008-03-31": "$199", "2007-12-31": "$212", "2007-09-30": "$251", "2007-06-30": "$364", "2007-03-31": "$305", "2006-12-31": "$463", "2006-09-30": "$269", "2006-06-30": "$289", "2006-03-31": "$238", "2005-12-31": "$242", "2005-09-30": "$232", "2005-06-30": "$253", "2005-03-31": "$213"}}, "ebitda": {"Moody's Annual EBITDA (Millions of US $)": {"2019": "$2,198", "2018": "$2,060", "2017": "$1,979", "2016": "$778", "2015": "$1,587", "2014": "$1,535", "2013": "$1,328", "2012": "$1,171", "2011": "$968", "2010": "$839", "2009": "$752", "2008": "$823", "2007": "$1,174", "2006": "$1,299", "2005": "$975"}, "Moody's Quarterly EBITDA (Millions of US $)": {"2020-09-30": "$698", "2020-06-30": "$768", "2020-03-31": "$641", "2019-12-31": "$554", "2019-09-30": "$597", "2019-06-30": "$535", "2019-03-31": "$512", "2018-12-31": "$425", "2018-09-30": "$513", "2018-06-30": "$582", "2018-03-31": "$540", "2017-12-31": "$515", "2017-09-30": "$492", "2017-06-30": "$493", "2017-03-31": "$479", "2016-12-31": "$-428", "2016-09-30": "$430", "2016-06-30": "$441", "2016-03-31": "$334", "2015-12-31": "$362", "2015-09-30": "$378", "2015-06-30": "$447", "2015-03-31": "$400", "2014-12-31": "$372", "2014-09-30": "$373", "2014-06-30": "$434", "2014-03-31": "$356", "2013-12-31": "$335", "2013-09-30": "$315", "2013-06-30": "$374", "2013-03-31": "$304", "2012-12-31": "$284", "2012-09-30": "$294", "2012-06-30": "$301", "2012-03-31": "$293", "2011-12-31": "$193", "2011-09-30": "$215", "2011-06-30": "$292", "2011-03-31": "$268", "2010-12-31": "$214", "2010-09-30": "$207", "2010-06-30": "$206", "2010-03-31": "$213", "2009-12-31": "$196", "2009-09-30": "$189", "2009-06-30": "$203", "2009-03-31": "$165", "2008-12-31": "$157", "2008-09-30": "$204", "2008-06-30": "$251", "2008-03-31": "$212", "2007-12-31": "$224", "2007-09-30": "$262", "2007-06-30": "$373", "2007-03-31": "$315", "2006-12-31": "$474", "2006-09-30": "$279", "2006-06-30": "$298", "2006-03-31": "$248", "2005-12-31": "$252", "2005-09-30": "$241", "2005-06-30": "$262", "2005-03-31": "$221"}}, "net-income": {"Moody's Annual Net Income (Millions of US $)": {"2019": "$1,422", "2018": "$1,310", "2017": "$1,001", "2016": "$267", "2015": "$941", "2014": "$989", "2013": "$805", "2012": "$690", "2011": "$571", "2010": "$508", "2009": "$402", "2008": "$458", "2007": "$702", "2006": "$754", "2005": "$561"}, "Moody's Quarterly Net Income (Millions of US $)": {"2020-09-30": "$467", "2020-06-30": "$509", "2020-03-31": "$488", "2019-12-31": "$359", "2019-09-30": "$380", "2019-06-30": "$310", "2019-03-31": "$373", "2018-12-31": "$251", "2018-09-30": "$310", "2018-06-30": "$376", "2018-03-31": "$373", "2017-12-31": "$26", "2017-09-30": "$317", "2017-06-30": "$312", "2017-03-31": "$346", "2016-12-31": "$-429", "2016-09-30": "$255", "2016-06-30": "$256", "2016-03-31": "$184", "2015-12-31": "$218", "2015-09-30": "$232", "2015-06-30": "$262", "2015-03-31": "$230", "2014-12-31": "$236", "2014-09-30": "$215", "2014-06-30": "$319", "2014-03-31": "$218", "2013-12-31": "$207", "2013-09-30": "$184", "2013-06-30": "$226", "2013-03-31": "$188", "2012-12-31": "$160", "2012-09-30": "$184", "2012-06-30": "$173", "2012-03-31": "$174", "2011-12-31": "$96", "2011-09-30": "$131", "2011-06-30": "$189", "2011-03-31": "$156", "2010-12-31": "$137", "2010-09-30": "$136", "2010-06-30": "$121", "2010-03-31": "$113", "2009-12-31": "$102", "2009-09-30": "$101", "2009-06-30": "$109", "2009-03-31": "$90", "2008-12-31": "$89", "2008-09-30": "$113", "2008-06-30": "$135", "2008-03-31": "$121", "2007-12-31": "$127", "2007-09-30": "$137", "2007-06-30": "$262", "2007-03-31": "$175", "2006-12-31": "$279", "2006-09-30": "$157", "2006-06-30": "$172", "2006-03-31": "$146", "2005-12-31": "$150", "2005-09-30": "$147", "2005-06-30": "$145", "2005-03-31": "$119"}}, "eps-earnings-per-share-diluted": {"Moody's Annual EPS": {"2019": "$7.42", "2018": "$6.74", "2017": "$5.15", "2016": "$1.36", "2015": "$4.63", "2014": "$4.61", "2013": "$3.60", "2012": "$3.05", "2011": "$2.49", "2010": "$2.15", "2009": "$1.69", "2008": "$1.87", "2007": "$2.58", "2006": "$2.58", "2005": "$1.84"}, "Moody's Quarterly EPS": {"2020-09-30": "$2.47", "2020-06-30": "$2.69", "2020-03-31": "$2.57", "2019-12-31": "$1.88", "2019-09-30": "$1.99", "2019-06-30": "$1.62", "2019-03-31": "$1.93", "2018-12-31": "$1.29", "2018-09-30": "$1.59", "2018-06-30": "$1.94", "2018-03-31": "$1.92", "2017-12-31": "$0.13", "2017-09-30": "$1.63", "2017-06-30": "$1.61", "2017-03-31": "$1.78", "2016-12-31": "$-2.18", "2016-09-30": "$1.31", "2016-06-30": "$1.30", "2016-03-31": "$0.93", "2015-12-31": "$1.10", "2015-09-30": "$1.14", "2015-06-30": "$1.28", "2015-03-31": "$1.11", "2014-12-31": "$1.13", "2014-09-30": "$1.00", "2014-06-30": "$1.48", "2014-03-31": "$1.00", "2013-12-31": "$0.94", "2013-09-30": "$0.83", "2013-06-30": "$1.00", "2013-03-31": "$0.83", "2012-12-31": "$0.72", "2012-09-30": "$0.81", "2012-06-30": "$0.76", "2012-03-31": "$0.76", "2011-12-31": "$0.43", "2011-09-30": "$0.57", "2011-06-30": "$0.82", "2011-03-31": "$0.67", "2010-12-31": "$0.59", "2010-09-30": "$0.58", "2010-06-30": "$0.51", "2010-03-31": "$0.47", "2009-12-31": "$0.43", "2009-09-30": "$0.42", "2009-06-30": "$0.46", "2009-03-31": "$0.38", "2008-12-31": "$0.39", "2008-09-30": "$0.46", "2008-06-30": "$0.54", "2008-03-31": "$0.48", "2007-12-31": "$0.50", "2007-09-30": "$0.51", "2007-06-30": "$0.95", "2007-03-31": "$0.62", "2006-12-31": "$0.95", "2006-09-30": "$0.55", "2006-06-30": "$0.59", "2006-03-31": "$0.49", "2005-12-31": "$0.50", "2005-09-30": "$0.48", "2005-06-30": "$0.47", "2005-03-31": "$0.39"}}, "shares-outstanding": {"Moody's Annual Shares Outstanding (Millions of Shares)": {"2019": "192", "2018": "194", "2017": "194", "2016": "195", "2015": "203", "2014": "215", "2013": "224", "2012": "227", "2011": "229", "2010": "237", "2009": "238", "2008": "245", "2007": "272", "2006": "292", "2005": "306"}, "Moody's Quarterly Shares Outstanding (Millions of Shares)": {"2020-09-30": "189", "2020-06-30": "189", "2020-03-31": "190", "2019-12-31": "192", "2019-09-30": "191", "2019-06-30": "191", "2019-03-31": "193", "2018-12-31": "194", "2018-09-30": "195", "2018-06-30": "194", "2018-03-31": "195", "2017-12-31": "194", "2017-09-30": "194", "2017-06-30": "194", "2017-03-31": "194", "2016-12-31": "195", "2016-09-30": "194", "2016-06-30": "196", "2016-03-31": "198", "2015-12-31": "203", "2015-09-30": "203", "2015-06-30": "204", "2015-03-31": "207", "2014-12-31": "215", "2014-09-30": "214", "2014-06-30": "216", "2014-03-31": "219", "2013-12-31": "224", "2013-09-30": "222", "2013-06-30": "226", "2013-03-31": "227", "2012-12-31": "227", "2012-09-30": "226", "2012-06-30": "227", "2012-03-31": "227", "2011-12-31": "229", "2011-09-30": "229", "2011-06-30": "232", "2011-03-31": "231", "2010-12-31": "237", "2010-09-30": "236", "2010-06-30": "237", "2010-03-31": "239", "2009-12-31": "238", "2009-09-30": "238", "2009-06-30": "238", "2009-03-31": "237", "2008-12-31": "245", "2008-09-30": "245", "2008-06-30": "248", "2008-03-31": "251", "2007-12-31": "272", "2007-09-30": "268", "2007-06-30": "276", "2007-03-31": "285", "2006-12-31": "292", "2006-09-30": "288", "2006-06-30": "294", "2006-03-31": "300", "2005-12-31": "306", "2005-09-30": "308", "2005-06-30": "308", "2005-03-31": "306"}}, "total-assets": {"Moody's Annual Total Assets (Millions of US $)": {"2019": "$10,265", "2018": "$9,526", "2017": "$8,594", "2016": "$5,327", "2015": "$5,103", "2014": "$4,669", "2013": "$4,395", "2012": "$3,961", "2011": "$2,876", "2010": "$2,540", "2009": "$2,003", "2008": "$1,773", "2007": "$1,715", "2006": "$1,498", "2005": "$1,457"}, "Moody's Quarterly Total Assets (Millions of US $)": {"2020-09-30": "$11,672", "2020-06-30": "$11,298", "2020-03-31": "$11,306", "2019-12-31": "$10,265", "2019-09-30": "$9,478", "2019-06-30": "$9,592", "2019-03-31": "$9,518", "2018-12-31": "$9,526", "2018-09-30": "$8,439", "2018-06-30": "$8,752", "2018-03-31": "$9,014", "2017-12-31": "$8,594", "2017-09-30": "$8,305", "2017-06-30": "$6,536", "2017-03-31": "$5,436", "2016-12-31": "$5,327", "2016-09-30": "$5,019", "2016-06-30": "$5,045", "2016-03-31": "$5,115", "2015-12-31": "$5,103", "2015-09-30": "$4,773", "2015-06-30": "$5,000", "2015-03-31": "$4,976", "2014-12-31": "$4,669", "2014-09-30": "$4,994", "2014-06-30": "$4,787", "2014-03-31": "$4,353", "2013-12-31": "$4,395", "2013-09-30": "$4,155", "2013-06-30": "$3,794", "2013-03-31": "$3,911", "2012-12-31": "$3,961", "2012-09-30": "$3,662", "2012-06-30": "$2,964", "2012-03-31": "$2,994", "2011-12-31": "$2,876", "2011-09-30": "$2,521", "2011-06-30": "$2,745", "2011-03-31": "$2,524", "2010-12-31": "$2,540", "2010-09-30": "$2,348", "2010-06-30": "$1,958", "2010-03-31": "$2,003", "2009-12-31": "$2,003", "2009-09-30": "$1,874", "2009-06-30": "$1,874", "2009-03-31": "$1,802", "2008-12-31": "$1,773", "2008-09-30": "$1,694", "2008-06-30": "$1,664", "2008-03-31": "$1,587", "2007-12-31": "$1,715", "2007-09-30": "$1,552", "2007-06-30": "$1,553", "2007-03-31": "$1,470", "2006-12-31": "$1,498", "2006-09-30": "$1,155", "2006-06-30": "$1,131", "2006-03-31": "$1,502", "2005-12-31": "$1,457", "2005-09-30": "$1,555", "2005-06-30": "$1,724", "2005-03-31": "$1,559"}}, "cash-on-hand": {"Moody's Annual Cash on Hand (Millions of US $)": {"2019": "$1,930", "2018": "$1,818", "2017": "$1,183", "2016": "$2,225", "2015": "$2,232", "2014": "$1,678", "2013": "$2,106", "2012": "$1,773", "2011": "$775", "2010": "$672", "2009": "$484", "2008": "$253", "2007": "$441", "2006": "$484", "2005": "$581"}, "Moody's Quarterly Cash on Hand (Millions of US $)": {"2020-09-30": "$2,588", "2020-06-30": "$2,199", "2020-03-31": "$2,231", "2019-12-31": "$1,930", "2019-09-30": "$1,274", "2019-06-30": "$1,315", "2019-03-31": "$1,311", "2018-12-31": "$1,818", "2018-09-30": "$1,146", "2018-06-30": "$1,416", "2018-03-31": "$1,378", "2017-12-31": "$1,183", "2017-09-30": "$1,071", "2017-06-30": "$3,367", "2017-03-31": "$2,262", "2016-12-31": "$2,225", "2016-09-30": "$2,058", "2016-06-30": "$2,027", "2016-03-31": "$2,067", "2015-12-31": "$2,232", "2015-09-30": "$1,941", "2015-06-30": "$2,048", "2015-03-31": "$1,995", "2014-12-31": "$1,678", "2014-09-30": "$2,106", "2014-06-30": "$1,959", "2014-03-31": "$2,045", "2013-12-31": "$2,106", "2013-09-30": "$2,045", "2013-06-30": "$1,651", "2013-03-31": "$1,770", "2012-12-31": "$1,773", "2012-09-30": "$1,541", "2012-06-30": "$840", "2012-03-31": "$828", "2011-12-31": "$775", "2011-09-30": "$868", "2011-06-30": "$950", "2011-03-31": "$726", "2010-12-31": "$672", "2010-09-30": "$805", "2010-06-30": "$494", "2010-03-31": "$504", "2009-12-31": "$484", "2009-09-30": "$430", "2009-06-30": "$398", "2009-03-31": "$349", "2008-12-31": "$253", "2008-09-30": "$446", "2008-06-30": "$393", "2008-03-31": "$350", "2007-12-31": "$441", "2007-09-30": "$426", "2007-06-30": "$375", "2007-03-31": "$300", "2006-12-31": "$484", "2006-09-30": "$295", "2006-06-30": "$230", "2006-03-31": "$605", "2005-12-31": "$581", "2005-09-30": "$818", "2005-06-30": "$931", "2005-03-31": "$777"}}, "long-term-debt": {"Moody's Annual Long Term Debt (Millions of US $)": {"2019": "$5,581", "2018": "$5,226", "2017": "$5,111", "2016": "$3,063", "2015": "$3,381", "2014": "$2,547", "2013": "$2,102", "2012": "$1,607", "2011": "$1,173", "2010": "$1,228", "2009": "$746", "2008": "$750", "2007": "$600", "2006": "$300", "2005": "$300"}, "Moody's Quarterly Long Term Debt (Millions of US $)": {"2020-09-30": "$6,363", "2020-06-30": "$6,333", "2020-03-31": "$6,303", "2019-12-31": "$5,581", "2019-09-30": "$4,737", "2019-06-30": "$5,258", "2019-03-31": "$5,229", "2018-12-31": "$5,226", "2018-09-30": "$4,484", "2018-06-30": "$4,934", "2018-03-31": "$5,118", "2017-12-31": "$5,111", "2017-09-30": "$5,107", "2017-06-30": "$4,887", "2017-03-31": "$3,862", "2016-12-31": "$3,063", "2016-09-30": "$3,118", "2016-06-30": "$3,420", "2016-03-31": "$3,429", "2015-12-31": "$3,381", "2015-09-30": "$3,125", "2015-06-30": "$3,106", "2015-03-31": "$3,095", "2014-12-31": "$2,547", "2014-09-30": "$2,537", "2014-06-30": "$2,105", "2014-03-31": "$2,098", "2013-12-31": "$2,102", "2013-09-30": "$2,099", "2013-06-30": "$1,605", "2013-03-31": "$1,610", "2012-12-31": "$1,607", "2012-09-30": "$1,612", "2012-06-30": "$1,111", "2012-03-31": "$1,137", "2011-12-31": "$1,173", "2011-09-30": "$1,201", "2011-06-30": "$1,228", "2011-03-31": "$1,221", "2010-12-31": "$1,228", "2010-09-30": "$1,236", "2010-06-30": "$743", "2010-03-31": "$744", "2009-12-31": "$746", "2009-09-30": "$748", "2009-06-30": "$750", "2009-03-31": "$750", "2008-12-31": "$750", "2008-09-30": "$750", "2008-06-30": "$750", "2008-03-31": "$600", "2007-12-31": "$600", "2007-09-30": "$600", "2007-06-30": "$300", "2007-03-31": "$300", "2006-12-31": "$300", "2006-09-30": "$300", "2006-06-30": "$300", "2006-03-31": "$300", "2005-12-31": "$300", "2005-09-30": "$300", "2005-06-30": "", "2005-03-31": ""}}, "total-liabilities": {"Moody's Annual Total Liabilities (Millions of US $)": {"2019": "$9,434", "2018": "$8,870", "2017": "$8,709", "2016": "$6,355", "2015": "$5,436", "2014": "$4,626", "2013": "$4,047", "2012": "$3,564", "2011": "$3,035", "2010": "$2,839", "2009": "$2,599", "2008": "$2,760", "2007": "$2,498", "2006": "$1,330", "2005": "$1,148"}, "Moody's Quarterly Total Liabilities (Millions of US $)": {"2020-09-30": "$9,984", "2020-06-30": "$10,066", "2020-03-31": "$10,507", "2019-12-31": "$9,434", "2019-09-30": "$8,781", "2019-06-30": "$9,017", "2019-03-31": "$9,193", "2018-12-31": "$8,870", "2018-09-30": "$7,833", "2018-06-30": "$8,292", "2018-03-31": "$8,594", "2017-12-31": "$8,709", "2017-09-30": "$8,462", "2017-06-30": "$7,004", "2017-03-31": "$6,160", "2016-12-31": "$6,355", "2016-09-30": "$5,377", "2016-06-30": "$5,414", "2016-03-31": "$5,466", "2015-12-31": "$5,436", "2015-09-30": "$5,013", "2015-06-30": "$5,103", "2015-03-31": "$5,122", "2014-12-31": "$4,626", "2014-09-30": "$4,513", "2014-06-30": "$4,113", "2014-03-31": "$3,960", "2013-12-31": "$4,047", "2013-09-30": "$3,863", "2013-06-30": "$3,338", "2013-03-31": "$3,446", "2012-12-31": "$3,564", "2012-09-30": "$3,340", "2012-06-30": "$2,856", "2012-03-31": "$2,903", "2011-12-31": "$3,035", "2011-09-30": "$2,696", "2011-06-30": "$2,761", "2011-03-31": "$2,748", "2010-12-31": "$2,839", "2010-09-30": "$2,646", "2010-06-30": "$2,450", "2010-03-31": "$2,537", "2009-12-31": "$2,599", "2009-09-30": "$2,522", "2009-06-30": "$2,623", "2009-03-31": "$2,721", "2008-12-31": "$2,760", "2008-09-30": "$2,588", "2008-06-30": "$2,486", "2008-03-31": "$2,490", "2007-12-31": "$2,498", "2007-09-30": "$2,161", "2007-06-30": "$1,819", "2007-03-31": "$1,540", "2006-12-31": "$1,330", "2006-09-30": "$1,117", "2006-06-30": "$1,111", "2006-03-31": "$1,120", "2005-12-31": "$1,148", "2005-09-30": "$1,058", "2005-06-30": "$1,082", "2005-03-31": "$1,064"}}, "total-share-holder-equity": {"Moody's Annual Share Holder Equity (Millions of US $)": {"2019": "$831", "2018": "$656", "2017": "$-115", "2016": "$-1,027", "2015": "$-333", "2014": "$43", "2013": "$348", "2012": "$397", "2011": "$-158", "2010": "$-298", "2009": "$-596", "2008": "$-986", "2007": "$-784", "2006": "$167", "2005": "$309"}, "Moody's Quarterly Share Holder Equity (Millions of US $)": {"2020-09-30": "$1,688", "2020-06-30": "$1,232", "2020-03-31": "$799", "2019-12-31": "$831", "2019-09-30": "$697", "2019-06-30": "$575", "2019-03-31": "$325", "2018-12-31": "$656", "2018-09-30": "$606", "2018-06-30": "$460", "2018-03-31": "$420", "2017-12-31": "$-115", "2017-09-30": "$-157", "2017-06-30": "$-468", "2017-03-31": "$-724", "2016-12-31": "$-1,027", "2016-09-30": "$-358", "2016-06-30": "$-370", "2016-03-31": "$-352", "2015-12-31": "$-333", "2015-09-30": "$-240", "2015-06-30": "$-103", "2015-03-31": "$-146", "2014-12-31": "$43", "2014-09-30": "$480", "2014-06-30": "$674", "2014-03-31": "$393", "2013-12-31": "$348", "2013-09-30": "$292", "2013-06-30": "$457", "2013-03-31": "$465", "2012-12-31": "$397", "2012-09-30": "$322", "2012-06-30": "$108", "2012-03-31": "$91", "2011-12-31": "$-158", "2011-09-30": "$-174", "2011-06-30": "$-17", "2011-03-31": "$-223", "2010-12-31": "$-298", "2010-09-30": "$-298", "2010-06-30": "$-492", "2010-03-31": "$-534", "2009-12-31": "$-596", "2009-09-30": "$-648", "2009-06-30": "$-750", "2009-03-31": "$-919", "2008-12-31": "$-986", "2008-09-30": "$-894", "2008-06-30": "$-822", "2008-03-31": "$-903", "2007-12-31": "$-784", "2007-09-30": "$-610", "2007-06-30": "$-266", "2007-03-31": "$-70", "2006-12-31": "$167", "2006-09-30": "$39", "2006-06-30": "$21", "2006-03-31": "$382", "2005-12-31": "$309", "2005-09-30": "$498", "2005-06-30": "$642", "2005-03-31": "$495"}}, "profit-margins": {"current": "34.31%"}, "gross margin": {"2020-09-30": "73.26%", "2020-06-30": "72.93%", "2020-03-31": "72.17%", "2019-12-31": "71.28%", "2019-09-30": "71.31%", "2019-06-30": "71.27%", "2019-03-31": "71.47%", "2018-12-31": "71.98%", "2018-09-30": "71.83%", "2018-06-30": "71.50%", "2018-03-31": "71.17%", "2017-12-31": "71.08%", "2017-09-30": "71.51%", "2017-06-30": "72.07%", "2017-03-31": "72.23%", "2016-12-31": "71.73%", "2016-09-30": "71.29%", "2016-06-30": "71.10%", "2016-03-31": "71.44%", "2015-12-31": "71.97%", "2015-09-30": "71.95%", "2015-06-30": "71.77%", "2015-03-31": "72.02%", "2014-12-31": "72.05%", "2014-09-30": "72.28%", "2014-06-30": "72.36%", "2014-03-31": "72.14%", "2013-12-31": "72.32%", "2013-09-30": "72.08%", "2013-06-30": "71.78%", "2013-03-31": "71.20%", "2012-12-31": "70.85%", "2012-09-30": "70.28%", "2012-06-30": "69.87%", "2012-03-31": "69.87%", "2011-12-31": "70.04%", "2011-09-30": "70.00%", "2011-06-30": "70.56%", "2011-03-31": "70.50%", "2010-12-31": "70.28%", "2010-09-30": "70.83%", "2010-06-30": "70.84%", "2010-03-31": "70.74%", "2009-12-31": "70.41%", "2009-09-30": "70.10%", "2009-06-30": "70.54%", "2009-03-31": "71.40%", "2008-12-31": "71.87%", "2008-09-30": "80.29%", "2008-06-30": "87.48%", "2008-03-31": "94.30%", "2007-12-31": "100.00%", "2007-09-30": "100.00%", "2007-06-30": "100.00%", "2007-03-31": "100.00%", "2006-12-31": "100.00%", "2006-09-30": "100.00%", "2006-06-30": "100.00%", "2006-03-31": "100.00%", "2005-12-31": "100.00%"}, "operating margin": {"2020-09-30": "46.07%", "2020-06-30": "45.31%", "2020-03-31": "42.76%", "2019-12-31": "41.38%", "2019-09-30": "40.16%", "2019-06-30": "39.76%", "2019-03-31": "41.25%", "2018-12-31": "42.04%", "2018-09-30": "43.05%", "2018-06-30": "42.83%", "2018-03-31": "42.84%", "2017-12-31": "43.34%", "2017-09-30": "22.48%", "2017-06-30": "21.98%", "2017-03-31": "21.07%", "2016-12-31": "18.04%", "2016-09-30": "40.93%", "2016-06-30": "40.54%", "2016-03-31": "40.93%", "2015-12-31": "42.27%", "2015-09-30": "42.46%", "2015-06-30": "42.70%", "2015-03-31": "43.04%", "2014-12-31": "43.18%", "2014-09-30": "43.48%", "2014-06-30": "43.15%", "2014-03-31": "42.82%", "2013-12-31": "41.54%", "2013-09-30": "40.13%", "2013-06-30": "39.61%", "2013-03-31": "38.67%", "2012-12-31": "39.47%", "2012-09-30": "38.92%", "2012-06-30": "38.39%", "2012-03-31": "38.60%", "2011-12-31": "38.95%", "2011-09-30": "40.10%", "2011-06-30": "40.11%", "2011-03-31": "38.79%", "2010-12-31": "38.09%", "2010-09-30": "38.69%", "2010-06-30": "39.09%", "2010-03-31": "39.44%", "2009-12-31": "38.26%", "2009-09-30": "36.95%", "2009-06-30": "38.36%", "2009-03-31": "40.25%", "2008-12-31": "42.60%", "2008-09-30": "44.96%", "2008-06-30": "45.97%", "2008-03-31": "48.69%", "2007-12-31": "50.11%", "2007-09-30": "59.00%", "2007-06-30": "60.52%", "2007-03-31": "60.83%", "2006-12-31": "61.81%", "2006-09-30": "54.06%", "2006-06-30": "54.25%", "2006-03-31": "54.18%", "2005-12-31": "54.27%"}, "ebitda margin": {"2020-09-30": "50.08%", "2020-06-30": "49.25%", "2020-03-31": "46.76%", "2019-12-31": "45.52%", "2019-09-30": "44.44%", "2019-06-30": "44.14%", "2019-03-31": "45.58%", "2018-12-31": "46.37%", "2018-09-30": "47.27%", "2018-06-30": "47.00%", "2018-03-31": "46.83%", "2017-12-31": "47.07%", "2017-09-30": "26.02%", "2017-06-30": "25.40%", "2017-03-31": "24.50%", "2016-12-31": "21.56%", "2016-09-30": "44.42%", "2016-06-30": "43.96%", "2016-03-31": "44.28%", "2015-12-31": "45.54%", "2015-09-30": "45.67%", "2015-06-30": "45.77%", "2015-03-31": "45.98%", "2014-12-31": "46.03%", "2014-09-30": "46.29%", "2014-06-30": "46.07%", "2014-03-31": "45.88%", "2013-12-31": "44.67%", "2013-09-30": "43.32%", "2013-06-30": "42.85%", "2013-03-31": "42.01%", "2012-12-31": "42.91%", "2012-09-30": "42.49%", "2012-06-30": "41.99%", "2012-03-31": "42.26%", "2011-12-31": "42.46%", "2011-09-30": "43.43%", "2011-06-30": "43.43%", "2011-03-31": "41.98%", "2010-12-31": "41.34%", "2010-09-30": "42.07%", "2010-06-30": "42.47%", "2010-03-31": "42.93%", "2009-12-31": "41.88%", "2009-09-30": "41.61%", "2009-06-30": "42.96%", "2009-03-31": "44.81%", "2008-12-31": "46.92%", "2008-09-30": "47.98%", "2008-06-30": "48.69%", "2008-03-31": "50.83%", "2007-12-31": "51.97%", "2007-09-30": "60.75%", "2007-06-30": "62.25%", "2007-03-31": "62.66%", "2006-12-31": "63.77%", "2006-09-30": "56.09%", "2006-06-30": "56.31%", "2006-03-31": "56.32%", "2005-12-31": "56.35%"}, "pre tax profit margin": {"2020-09-30": "42.94%", "2020-06-30": "42.25%", "2020-03-31": "39.42%", "2019-12-31": "37.48%", "2019-09-30": "36.08%", "2019-06-30": "35.13%", "2019-03-31": "36.88%", "2018-12-31": "37.65%", "2018-09-30": "38.65%", "2018-06-30": "39.98%", "2018-03-31": "40.79%", "2017-12-31": "42.51%", "2017-09-30": "22.93%", "2017-06-30": "21.28%", "2017-03-31": "19.48%", "2016-12-31": "15.48%", "2016-09-30": "37.87%", "2016-06-30": "38.04%", "2016-03-31": "38.17%", "2015-12-31": "39.60%", "2015-09-30": "40.15%", "2015-06-30": "39.91%", "2015-03-31": "43.51%", "2014-12-31": "43.81%", "2014-09-30": "44.10%", "2014-06-30": "43.60%", "2014-03-31": "40.39%", "2013-12-31": "39.35%", "2013-09-30": "37.45%", "2013-06-30": "37.67%", "2013-03-31": "36.65%", "2012-12-31": "37.50%", "2012-09-30": "37.11%", "2012-06-30": "36.25%", "2012-03-31": "36.77%", "2011-12-31": "36.84%", "2011-09-30": "37.64%", "2011-06-30": "37.76%", "2011-03-31": "35.98%", "2010-12-31": "35.19%", "2010-09-30": "36.28%", "2010-06-30": "36.50%", "2010-03-31": "36.87%", "2009-12-31": "35.98%", "2009-09-30": "35.26%", "2009-06-30": "36.95%", "2009-03-31": "38.99%", "2008-12-31": "41.63%", "2008-09-30": "43.30%", "2008-06-30": "44.18%", "2008-03-31": "48.36%", "2007-12-31": "49.71%", "2007-09-30": "59.22%", "2007-06-30": "60.99%", "2007-03-31": "60.55%", "2006-12-31": "61.90%", "2006-09-30": "54.27%", "2006-06-30": "54.80%", "2006-03-31": "54.46%", "2005-12-31": "53.98%"}, "net profit margin": {"2020-09-30": "34.31%", "2020-06-30": "33.40%", "2020-03-31": "30.88%", "2019-12-31": "29.45%", "2019-09-30": "28.22%", "2019-06-30": "27.66%", "2019-03-31": "29.39%", "2018-12-31": "29.48%", "2018-09-30": "23.86%", "2018-06-30": "24.11%", "2018-03-31": "23.60%", "2017-12-31": "23.81%", "2017-09-30": "13.72%", "2017-06-30": "12.62%", "2017-03-31": "11.37%", "2016-12-31": "7.38%", "2016-09-30": "25.88%", "2016-06-30": "25.83%", "2016-03-31": "26.08%", "2015-12-31": "27.03%", "2015-09-30": "27.45%", "2015-06-30": "27.11%", "2015-03-31": "29.12%", "2014-12-31": "29.63%", "2014-09-30": "29.64%", "2014-06-30": "29.69%", "2014-03-31": "27.76%", "2013-12-31": "27.08%", "2013-09-30": "25.71%", "2013-06-30": "25.86%", "2013-03-31": "25.04%", "2012-12-31": "25.30%", "2012-09-30": "24.65%", "2012-06-30": "24.06%", "2012-03-31": "25.11%", "2011-12-31": "25.09%", "2011-09-30": "26.92%", "2011-06-30": "27.36%", "2011-03-31": "25.80%", "2010-12-31": "24.95%", "2010-09-30": "24.16%", "2010-06-30": "23.09%", "2010-03-31": "22.78%", "2009-12-31": "22.36%", "2009-09-30": "22.67%", "2009-06-30": "23.63%", "2009-03-31": "24.63%", "2008-12-31": "26.08%", "2008-09-30": "26.71%", "2008-06-30": "26.68%", "2008-03-31": "30.71%", "2007-12-31": "31.03%", "2007-09-30": "36.39%", "2007-06-30": "37.71%", "2007-03-31": "35.92%", "2006-12-31": "37.02%", "2006-09-30": "32.55%", "2006-06-30": "33.33%", "2006-03-31": "33.02%", "2005-12-31": "32.39%"}, "pe ratio": {"current": "27.60", "2021-02-11": "29.00", "2020-09-30": "30.10", "2020-06-30": "29.97", "2020-03-31": "26.08", "2019-12-31": "31.73", "2019-09-30": "29.67", "2019-06-30": "29.99", "2019-03-31": "26.41", "2018-12-31": "20.40", "2018-09-30": "29.33", "2018-06-30": "29.63", "2018-03-31": "29.69", "2017-12-31": "27.84", "2017-09-30": "48.16", "2017-06-30": "47.39", "2017-03-31": "49.71", "2016-12-31": "68.52", "2016-09-30": "22.36", "2016-06-30": "20.01", "2016-03-31": "20.63", "2015-12-31": "20.52", "2015-09-30": "19.89", "2015-06-30": "22.47", "2015-03-31": "20.62", "2014-12-31": "19.42", "2014-09-30": "19.88", "2014-06-30": "19.12", "2014-03-31": "19.44", "2013-12-31": "20.07", "2013-09-30": "19.21", "2013-06-30": "16.68", "2013-03-31": "15.68", "2012-12-31": "15.07", "2012-09-30": "14.47", "2012-06-30": "13.06", "2012-03-31": "14.63", "2011-12-31": "12.08", "2011-09-30": "10.26", "2011-06-30": "12.81", "2011-03-31": "12.78", "2010-12-31": "10.90", "2010-09-30": "10.99", "2010-06-30": "9.48", "2010-03-31": "14.49", "2009-12-31": "13.69", "2009-09-30": "10.79", "2009-06-30": "13.51", "2009-03-31": "11.11", "2008-12-31": "9.18", "2008-09-30": "14.51", "2008-06-30": "14.30", "2008-03-31": "12.06", "2007-12-31": "11.65", "2007-09-30": "13.84", "2007-06-30": "16.83", "2007-03-31": "18.98", "2006-12-31": "22.15"}, "price sales": {"2021-02-11": "9.95", "2020-09-30": "10.33", "2020-06-30": "10.02", "2020-03-31": "8.06", "2019-12-31": "9.35", "2019-09-30": "8.37", "2019-06-30": "8.28", "2019-03-31": "7.76", "2018-12-31": "6.02", "2018-09-30": "7.00", "2018-06-30": "7.14", "2018-03-31": "7.00", "2017-12-31": "6.62", "2017-09-30": "6.59", "2017-06-30": "5.96", "2017-03-31": "5.59", "2016-12-31": "4.91", "2016-09-30": "5.80", "2016-06-30": "5.18", "2016-03-31": "5.39", "2015-12-31": "5.56", "2015-09-30": "5.47", "2015-06-30": "6.11", "2015-03-31": "6.02", "2014-12-31": "5.78", "2014-09-30": "5.92", "2014-06-30": "5.71", "2014-03-31": "5.42", "2013-12-31": "5.46", "2013-09-30": "4.94", "2013-06-30": "4.31", "2013-03-31": "3.91", "2012-12-31": "3.79", "2012-09-30": "3.57", "2012-06-30": "3.15", "2012-03-31": "3.68", "2011-12-31": "3.04", "2011-09-30": "2.76", "2011-06-30": "3.51", "2011-03-31": "3.29", "2010-12-31": "2.72", "2010-09-30": "2.66", "2010-06-30": "2.18", "2010-03-31": "3.30", "2009-12-31": "3.06", "2009-09-30": "2.46", "2009-06-30": "3.21", "2009-03-31": "2.75", "2008-12-31": "2.40", "2008-09-30": "3.93", "2008-06-30": "3.87", "2008-03-31": "3.72", "2007-12-31": "3.65", "2007-09-30": "5.04", "2007-06-30": "6.40", "2007-03-31": "6.88", "2006-12-31": "8.28"}, "price book": {"current": "31.41", "2021-02-11": "31.01", "2020-09-30": "32.19", "2020-06-30": "41.69", "2020-03-31": "49.33", "2019-12-31": "53.18", "2019-09-30": "54.86", "2019-06-30": "63.47", "2019-03-31": "104.02", "2018-12-31": "40.09", "2018-09-30": "51.74", "2018-06-30": "69.45", "2018-03-31": "71.77", "2017-12-31": "-238.27", "2017-09-30": "-164.34", "2017-06-30": "-48.03", "2017-03-31": "-28.49", "2016-12-31": "-16.79", "2016-09-30": "-55.29", "2016-06-30": "-46.44", "2016-03-31": "-50.65", "2015-12-31": "-55.82", "2015-09-30": "-76.12", "2015-06-30": "-196.37", "2015-03-31": "-134.32", "2014-12-31": "425.69", "2014-09-30": "38.18", "2014-06-30": "25.47", "2014-03-31": "39.82", "2013-12-31": "44.44", "2013-09-30": "47.57", "2013-06-30": "26.88", "2013-03-31": "23.30", "2012-12-31": "25.71", "2012-09-30": "27.64", "2012-06-30": "67.57", "2012-03-31": "93.00", "2011-12-31": "-42.23", "2011-09-30": "-34.51", "2011-06-30": "-467.59", "2011-03-31": "-30.52", "2010-12-31": "-18.04", "2010-09-30": "-17.21", "2010-06-30": "-8.26", "2010-03-31": "-11.44", "2009-12-31": "-9.20", "2009-09-30": "-6.42", "2009-06-30": "-7.11", "2009-03-31": "-5.01", "2008-12-31": "-4.07", "2008-09-30": "-7.71", "2008-06-30": "-8.61", "2008-03-31": "-7.94", "2007-12-31": "-9.61", "2007-09-30": "-17.89", "2007-06-30": "-52.20", "2007-03-31": "-202.40", "2006-12-31": "95.85", "2006-09-30": "393.86", "2006-06-30": "619.96", "2006-03-31": "45.18"}, "price fcf": {"2021-02-11": "", "2020-09-30": "$9.86", "2020-06-30": "$9.48", "2020-03-31": "$8.29", "2019-12-31": "$8.38", "2019-09-30": "$7.73", "2019-06-30": "$6.99", "2019-03-31": "$6.91", "2018-12-31": "$7.05", "2018-09-30": "$7.23", "2018-06-30": "$7.65", "2018-03-31": "$8.09", "2017-12-31": "$3.42", "2017-09-30": "$3.16", "2017-06-30": "$2.91", "2017-03-31": "$1.97", "2016-12-31": "$5.85", "2016-09-30": "$5.50", "2016-06-30": "$5.26", "2016-03-31": "$5.43", "2015-12-31": "$5.45", "2015-09-30": "$5.44", "2015-06-30": "$5.16", "2015-03-31": "$4.85", "2014-12-31": "$4.40", "2014-09-30": "$4.20", "2014-06-30": "$4.35", "2014-03-31": "$3.83", "2013-12-31": "$3.96", "2013-09-30": "$4.20", "2013-06-30": "$4.05", "2013-03-31": "$4.08", "2012-12-31": "$3.43", "2012-09-30": "$2.57", "2012-06-30": "$2.37", "2012-03-31": "$2.63", "2011-12-31": "$3.21", "2011-09-30": "$3.32", "2011-06-30": "$3.06", "2011-03-31": "$2.59", "2010-12-31": "$2.43", "2010-09-30": "$2.46", "2010-06-30": "$2.25", "2010-03-31": "$2.17", "2009-12-31": "$2.33", "2009-09-30": "$2.11", "2009-06-30": "$2.25", "2009-03-31": "$1.97", "2008-12-31": "$1.86", "2008-09-30": "$2.02", "2008-06-30": "$2.40", "2008-03-31": "$3.09", "2007-12-31": "$2.96", "2007-09-30": "$3.46", "2007-06-30": "$3.37", "2007-03-31": "$3.12", "2006-12-31": "$3.03"}, "net worth": {"value": "$53.02B"}, "current ratio": {"current": "2.49", "2020-09-30": "2.49", "2020-06-30": "2.10", "2020-03-31": "1.70", "2019-12-31": "1.92", "2019-09-30": "1.42", "2019-06-30": "1.72", "2019-03-31": "1.45", "2018-12-31": "1.61", "2018-09-30": "1.38", "2018-06-30": "1.54", "2018-03-31": "1.47", "2017-12-31": "1.25", "2017-09-30": "1.15", "2017-06-30": "3.69", "2017-03-31": "2.45", "2016-12-31": "1.34", "2016-09-30": "2.15", "2016-06-30": "2.64", "2016-03-31": "2.68", "2015-12-31": "2.66", "2015-09-30": "2.73", "2015-06-30": "2.72", "2015-03-31": "2.67", "2014-12-31": "2.24", "2014-09-30": "2.94", "2014-06-30": "2.69", "2014-03-31": "2.87", "2013-12-31": "2.60", "2013-09-30": "3.10", "2013-06-30": "2.72", "2013-03-31": "2.49", "2012-12-31": "2.17", "2012-09-30": "2.24", "2012-06-30": "1.53", "2012-03-31": "1.51", "2011-12-31": "1.26", "2011-09-30": "1.63", "2011-06-30": "1.81", "2011-03-31": "1.59", "2010-12-31": "1.44", "2010-09-30": "1.64", "2010-06-30": "0.88", "2010-03-31": "0.88", "2009-12-31": "0.82", "2009-09-30": "0.75", "2009-06-30": "0.69", "2009-03-31": "0.64", "2008-12-31": "0.58", "2008-09-30": "0.74", "2008-06-30": "0.79", "2008-03-31": "0.65", "2007-12-31": "0.73", "2007-09-30": "0.80", "2007-06-30": "0.84", "2007-03-31": "1.14", "2006-12-31": "1.43", "2006-09-30": "1.30", "2006-06-30": "1.29", "2006-03-31": "1.93", "2005-12-31": "1.82", "2005-09-30": "2.37", "2005-06-30": "1.63", "2005-03-31": "1.44"}, "quick ratio": {"2020-09-30": "0.00", "2020-06-30": "0.00", "2020-03-31": "0.00", "2019-12-31": "0.00", "2019-09-30": "0.00", "2019-06-30": "0.00", "2019-03-31": "0.00", "2018-12-31": "0.00", "2018-09-30": "0.00", "2018-06-30": "0.00", "2018-03-31": "0.00", "2017-12-31": "0.00", "2017-09-30": "0.00", "2017-06-30": "0.00", "2017-03-31": "0.00", "2016-12-31": "0.00", "2016-09-30": "0.00", "2016-06-30": "0.00", "2016-03-31": "0.00", "2015-12-31": "0.00", "2015-09-30": "0.00", "2015-06-30": "0.00", "2015-03-31": "0.00", "2014-12-31": "0.00", "2014-09-30": "0.00", "2014-06-30": "0.00", "2014-03-31": "0.00", "2013-12-31": "0.00", "2013-09-30": "0.00", "2013-06-30": "0.00", "2013-03-31": "0.00", "2012-12-31": "0.00", "2012-09-30": "0.00", "2012-06-30": "0.00", "2012-03-31": "0.00", "2011-12-31": "0.00", "2011-09-30": "0.00", "2011-06-30": "0.00", "2011-03-31": "0.00", "2010-12-31": "0.00", "2010-09-30": "0.00", "2010-06-30": "0.00", "2010-03-31": "0.00", "2009-12-31": "0.00", "2009-09-30": "0.00", "2009-06-30": "0.00", "2009-03-31": "0.00", "2008-12-31": "0.00", "2008-09-30": "0.00", "2008-06-30": "0.00", "2008-03-31": "0.00", "2007-12-31": "0.00", "2007-09-30": "0.00", "2007-06-30": "0.00", "2007-03-31": "0.00", "2006-12-31": "0.00", "2006-09-30": "0.00", "2006-06-30": "0.00", "2006-03-31": "0.00", "2005-12-31": "0.00", "2005-09-30": "0.00", "2005-06-30": "0.00", "2005-03-31": "0.00"}, "debt equity ratio": {"current": "3.77", "2020-09-30": "5.92", "2020-06-30": "8.17", "2020-03-31": "13.15", "2019-12-31": "11.35", "2019-09-30": "12.59", "2019-06-30": "15.69", "2019-03-31": "28.29", "2018-12-31": "13.52", "2018-09-30": "12.92", "2018-06-30": "18.02", "2018-03-31": "20.46", "2017-12-31": "-75.80", "2017-09-30": "-53.97", "2017-06-30": "-14.98", "2017-03-31": "-8.51", "2016-12-31": "-6.19", "2016-09-30": "-15.02", "2016-06-30": "-14.65", "2016-03-31": "-15.55", "2015-12-31": "-16.32", "2015-09-30": "-20.87", "2015-06-30": "-49.35", "2015-03-31": "-35.04", "2014-12-31": "107.83", "2014-09-30": "9.40", "2014-06-30": "6.10", "2014-03-31": "10.07", "2013-12-31": "11.63", "2013-09-30": "13.23", "2013-06-30": "7.31", "2013-03-31": "7.41", "2012-12-31": "8.99", "2012-09-30": "10.37", "2012-06-30": "26.37", "2012-03-31": "31.83", "2011-12-31": "-19.16", "2011-09-30": "-15.47", "2011-06-30": "-166.34", "2011-03-31": "-12.31", "2010-12-31": "-9.51", "2010-09-30": "-8.89", "2010-06-30": "-4.98", "2010-03-31": "-4.75", "2009-12-31": "-4.36", "2009-09-30": "-3.90", "2009-06-30": "-3.50", "2009-03-31": "-2.96", "2008-12-31": "-2.80", "2008-09-30": "-2.90", "2008-06-30": "-3.03", "2008-03-31": "-2.76", "2007-12-31": "-3.19", "2007-09-30": "-3.55", "2007-06-30": "-6.84", "2007-03-31": "-21.97", "2006-12-31": "7.95", "2006-09-30": "28.85", "2006-06-30": "53.91", "2006-03-31": "2.93", "2005-12-31": "3.71", "2005-09-30": "2.13", "2005-06-30": "1.69", "2005-03-31": "2.15"}, "return on equity": {"2020-09-30": "160.26%", "2020-06-30": "195.11%", "2020-03-31": "211.85%", "2019-12-31": "234.27%", "2019-09-30": "233.29%", "2019-06-30": "230.16%", "2019-03-31": "255.98%", "2018-12-31": "244.63%", "2018-09-30": "316.56%", "2018-06-30": "718.42%", "2018-03-31": "-1285.00%", "2017-12-31": "-273.50%", "2017-09-30": "-91.92%", "2017-06-30": "-75.13%", "2017-03-31": "-69.06%", "2016-12-31": "-50.50%", "2016-09-30": "-258.46%", "2016-06-30": "-274.90%", "2016-03-31": "-348.64%", "2015-12-31": "-458.39%", "2015-09-30": "-860.99%", "2015-06-30": "1376.64%", "2015-03-31": "380.59%", "2014-12-31": "248.55%", "2014-09-30": "202.43%", "2014-06-30": "217.46%", "2014-03-31": "224.16%", "2013-12-31": "206.15%", "2013-09-30": "188.21%", "2013-06-30": "184.77%", "2013-03-31": "218.27%", "2012-12-31": "301.09%", "2012-09-30": "690.91%", "2012-06-30": "-1726.32%", "2012-03-31": "-914.73%", "2011-12-31": "-400.00%", "2011-09-30": "-344.38%", "2011-06-30": "-295.69%", "2011-03-31": "-167.81%", "2010-12-31": "-125.03%", "2010-09-30": "-98.33%", "2010-06-30": "-77.00%", "2010-03-31": "-67.25%", "2009-12-31": "-55.20%", "2009-09-30": "-47.11%", "2009-06-30": "-45.20%", "2009-03-31": "-47.17%", "2008-12-31": "-50.82%", "2008-09-30": "-58.30%", "2008-06-30": "-66.69%", "2008-03-31": "-100.98%", "2007-12-31": "-162.08%", "2007-09-30": "-438.00%", "2007-06-30": "-2686.15%", "2007-03-31": "1994.90%", "2006-12-31": "495.24%", "2006-09-30": "332.89%", "2006-06-30": "203.31%", "2006-03-31": "128.45%", "2005-12-31": "115.43%"}, "return on assets": {"2020-09-30": "16.37%", "2020-06-30": "16.40%", "2020-03-31": "15.13%", "2019-12-31": "14.64%", "2019-09-30": "13.79%", "2019-06-30": "13.42%", "2019-03-31": "14.46%", "2018-12-31": "14.67%", "2018-09-30": "12.47%", "2018-06-30": "12.60%", "2018-03-31": "12.67%", "2017-12-31": "13.87%", "2017-09-30": "8.53%", "2017-06-30": "8.67%", "2017-03-31": "8.22%", "2016-12-31": "5.19%", "2016-09-30": "18.01%", "2016-06-30": "17.77%", "2016-03-31": "17.93%", "2015-12-31": "18.98%", "2015-09-30": "19.78%", "2015-06-30": "19.21%", "2015-03-31": "20.59%", "2014-12-31": "21.02%", "2014-09-30": "20.70%", "2014-06-30": "20.98%", "2014-03-31": "20.00%", "2013-12-31": "19.81%", "2013-09-30": "19.16%", "2013-06-30": "19.78%", "2013-03-31": "19.45%", "2012-12-31": "20.35%", "2012-09-30": "20.07%", "2012-06-30": "20.22%", "2012-03-31": "21.19%", "2011-12-31": "21.45%", "2011-09-30": "23.74%", "2011-06-30": "24.34%", "2011-03-31": "23.48%", "2010-12-31": "22.92%", "2010-09-30": "22.71%", "2010-06-30": "22.30%", "2010-03-31": "21.92%", "2009-12-31": "21.29%", "2009-09-30": "21.25%", "2009-06-30": "22.46%", "2009-03-31": "24.64%", "2008-12-31": "27.27%", "2008-09-30": "29.79%", "2008-06-30": "31.91%", "2008-03-31": "40.39%", "2007-12-31": "44.58%", "2007-09-30": "56.18%", "2007-06-30": "61.52%", "2007-03-31": "59.61%", "2006-12-31": "57.06%", "2006-09-30": "47.66%", "2006-06-30": "43.58%", "2006-03-31": "37.70%", "2005-12-31": "35.65%"}, "return on investments": {"2020-09-30": "33.61%", "2020-06-30": "35.53%", "2020-03-31": "34.35%", "2019-12-31": "34.40%", "2019-09-30": "32.95%", "2019-06-30": "31.99%", "2019-03-31": "33.56%", "2018-12-31": "34.11%", "2018-09-30": "37.26%", "2018-06-30": "37.17%", "2018-03-31": "37.50%", "2017-12-31": "41.63%", "2017-09-30": "24.61%", "2017-06-30": "27.29%", "2017-03-31": "28.88%", "2016-12-31": "23.80%", "2016-09-30": "48.39%", "2016-06-30": "46.33%", "2016-03-31": "46.82%", "2015-12-31": "49.58%", "2015-09-30": "51.99%", "2015-06-30": "51.39%", "2015-03-31": "52.16%", "2014-12-31": "52.96%", "2014-09-30": "52.42%", "2014-06-30": "53.37%", "2014-03-31": "54.84%", "2013-12-31": "55.02%", "2013-09-30": "55.46%", "2013-06-30": "57.51%", "2013-03-31": "60.23%", "2012-12-31": "67.52%", "2012-09-30": "73.39%", "2012-06-30": "81.62%", "2012-03-31": "80.96%", "2011-12-31": "83.58%", "2011-09-30": "87.66%", "2011-06-30": "88.89%", "2011-03-31": "106.13%", "2010-12-31": "132.93%", "2010-09-30": "195.22%", "2010-06-30": "415.73%", "2010-03-31": "637.23%", "2009-12-31": "3315.66%", "2009-09-30": "-836.96%", "2009-06-30": "-475.18%", "2009-03-31": "-449.60%", "2008-12-31": "-396.29%", "2008-09-30": "-475.11%", "2008-06-30": "-629.88%", "2008-03-31": "-886.39%", "2007-12-31": "6468.57%", "2007-09-30": "767.27%", "2007-06-30": "523.74%", "2007-03-31": "390.86%", "2006-12-31": "278.39%", "2006-09-30": "212.81%", "2006-06-30": "166.14%", "2006-03-31": "184.78%", "2005-12-31": "267.24%"}, "return on tangible equity": {"2020-09-30": "-39.72%", "2020-06-30": "-37.71%", "2020-03-31": "-33.48%", "2019-12-31": "-31.08%", "2019-09-30": "-28.26%", "2019-06-30": "-26.46%", "2019-03-31": "-27.61%", "2018-12-31": "-27.49%", "2018-09-30": "-21.84%", "2018-06-30": "-20.99%", "2018-03-31": "-23.01%", "2017-12-31": "-26.94%", "2017-09-30": "-18.65%", "2017-06-30": "-24.48%", "2017-03-31": "-21.85%", "2016-12-31": "-14.15%", "2016-09-30": "-53.84%", "2016-06-30": "-53.82%", "2016-03-31": "-56.78%", "2015-12-31": "-62.36%", "2015-09-30": "-66.69%", "2015-06-30": "-74.12%", "2015-03-31": "-94.16%", "2014-12-31": "-121.15%", "2014-09-30": "-154.86%", "2014-06-30": "-173.13%", "2014-03-31": "-174.23%", "2013-12-31": "-177.61%", "2013-09-30": "-174.15%", "2013-06-30": "-172.17%", "2013-03-31": "-130.31%", "2012-12-31": "-106.06%", "2012-09-30": "-78.52%", "2012-06-30": "-67.23%", "2012-03-31": "-71.49%", "2011-12-31": "-68.48%", "2011-09-30": "-76.17%", "2011-06-30": "-77.57%", "2011-03-31": "-63.53%", "2010-12-31": "-56.49%", "2010-09-30": "-50.93%", "2010-06-30": "-43.02%", "2010-03-31": "-39.22%", "2009-12-31": "-34.12%", "2009-09-30": "-30.50%", "2009-06-30": "-31.09%", "2009-03-31": "-33.82%", "2008-12-31": "-37.63%", "2008-09-30": "-44.58%", "2008-06-30": "-50.25%", "2008-03-31": "-72.84%", "2007-12-31": "-104.32%", "2007-09-30": "-195.87%", "2007-06-30": "-325.75%", "2007-03-31": "-409.41%", "2006-12-31": "-1025.85%", "2006-09-30": "-1865.67%", "2006-06-30": "713.04%", "2006-03-31": "238.06%", "2005-12-31": "199.82%"}, "dividend yield history": {"last payout": "$2.24", "last yield": "0.79%"}}