{"ticker": "MDU", "price": {"title": "MDU Resources Historical Annual Stock Price Data", "value": 26.81, "historical": {"2021": {"Average Stock Price": "27.0571", "Year Open": "25.6900", "Year High": "28.1200", "Year Low": "25.6900", "Year Close": "26.8100", "Annual % Change": "1.78%"}, "2020": {"Average Stock Price": "24.1523", "Year Open": "29.1800", "Year High": "32.2000", "Year Low": "15.5300", "Year Close": "26.3400", "Annual % Change": "-11.34%"}, "2019": {"Average Stock Price": "26.6943", "Year Open": "23.5600", "Year High": "29.7700", "Year Low": "23.5600", "Year Close": "29.7100", "Annual % Change": "24.62%"}, "2018": {"Average Stock Price": "27.1449", "Year Open": "26.7200", "Year High": "29.6000", "Year Low": "23.0500", "Year Close": "23.8400", "Annual % Change": "-11.31%"}, "2017": {"Average Stock Price": "26.8873", "Year Open": "28.6400", "Year High": "29.4300", "Year Low": "25.4500", "Year Close": "26.8800", "Annual % Change": "-6.57%"}, "2016": {"Average Stock Price": "22.6262", "Year Open": "18.2000", "Year High": "29.6200", "Year Low": "16.0300", "Year Close": "28.7700", "Annual % Change": "57.04%"}, "2015": {"Average Stock Price": "19.8557", "Year Open": "24.0100", "Year High": "24.3600", "Year Low": "16.3600", "Year Close": "18.3200", "Annual % Change": "-22.04%"}, "2014": {"Average Stock Price": "30.8870", "Year Open": "29.9900", "Year High": "35.9300", "Year Low": "21.4400", "Year Close": "23.5000", "Annual % Change": "-23.08%"}, "2013": {"Average Stock Price": "26.5781", "Year Open": "21.7200", "Year High": "30.8700", "Year Low": "21.5700", "Year Close": "30.5500", "Annual % Change": "43.83%"}, "2012": {"Average Stock Price": "21.8428", "Year Open": "21.5100", "Year High": "23.0600", "Year Low": "19.7600", "Year Close": "21.2400", "Annual % Change": "-1.03%"}, "2011": {"Average Stock Price": "21.4275", "Year Open": "20.6100", "Year High": "23.9500", "Year Low": "18.4200", "Year Close": "21.4600", "Annual % Change": "5.87%"}, "2010": {"Average Stock Price": "20.3315", "Year Open": "23.9100", "Year High": "23.9100", "Year Low": "17.5600", "Year Close": "20.2700", "Annual % Change": "-14.11%"}, "2009": {"Average Stock Price": "19.3363", "Year Open": "22.5000", "Year High": "24.1300", "Year Low": "13.0400", "Year Close": "23.6000", "Annual % Change": "9.36%"}, "2008": {"Average Stock Price": "26.9767", "Year Open": "27.5500", "Year High": "34.9000", "Year Low": "15.5900", "Year Close": "21.5800", "Annual % Change": "-21.84%"}, "2007": {"Average Stock Price": "27.7398", "Year Open": "25.5800", "Year High": "31.2700", "Year Low": "24.8000", "Year Close": "27.6100", "Annual % Change": "7.68%"}, "2006": {"Average Stock Price": "24.0158", "Year Open": "22.5733", "Year High": "26.9000", "Year Low": "21.9867", "Year Close": "25.6400", "Annual % Change": "17.47%"}, "2005": {"Average Stock Price": "19.8702", "Year Open": "17.5733", "Year High": "24.4667", "Year Low": "17.0667", "Year Close": "21.8267", "Annual % Change": "22.71%"}, "2004": {"Average Stock Price": "16.3466", "Year Open": "16.0267", "Year High": "18.3067", "Year Low": "14.7067", "Year Close": "17.7867", "Annual % Change": "12.05%"}, "2003": {"Average Stock Price": "13.9707", "Year Open": "11.6356", "Year High": "16.1667", "Year Low": "11.1289", "Year Close": "15.8733", "Annual % Change": "38.38%"}, "2002": {"Average Stock Price": "11.7705", "Year Open": "12.3822", "Year High": "14.8178", "Year Low": "8.3111", "Year Close": "11.4711", "Annual % Change": "-8.31%"}, "2001": {"Average Stock Price": "13.4919", "Year Open": "14.0578", "Year High": "17.8800", "Year Low": "10.1333", "Year Close": "12.5111", "Annual % Change": "-13.38%"}, "2000": {"Average Stock Price": "10.5989", "Year Open": "8.7778", "Year High": "14.6667", "Year Low": "8.0000", "Year Close": "14.4444", "Annual % Change": "62.50%"}, "1999": {"Average Stock Price": "10.2046", "Year Open": "11.7778", "Year High": "11.9733", "Year Low": "8.5556", "Year Close": "8.8889", "Annual % Change": "-23.98%"}, "1998": {"Average Stock Price": "10.6327", "Year Open": "9.0015", "Year High": "12.5556", "Year Low": "8.4444", "Year Close": "11.6933", "Annual % Change": "24.77%"}, "1997": {"Average Stock Price": "7.3853", "Year Open": "6.6667", "Year High": "9.9081", "Year Low": "6.2963", "Year Close": "9.3719", "Annual % Change": "37.52%"}, "1996": {"Average Stock Price": "6.4444", "Year Open": "6.0741", "Year High": "6.8889", "Year Low": "6.0000", "Year Close": "6.8148", "Annual % Change": "15.69%"}, "1995": {"Average Stock Price": "5.7828", "Year Open": "5.3333", "Year High": "6.8385", "Year Low": "5.1348", "Year Close": "5.8904", "Annual % Change": "9.96%"}, "1994": {"Average Stock Price": "5.5895", "Year Open": "6.2222", "Year High": "6.3467", "Year Low": "5.0607", "Year Close": "5.3570", "Annual % Change": "-13.91%"}, "1993": {"Average Stock Price": "5.9421", "Year Open": "5.2089", "Year High": "6.4948", "Year Low": "5.1111", "Year Close": "6.2222", "Annual % Change": "19.45%"}, "1992": {"Average Stock Price": "4.8668", "Year Open": "4.8652", "Year High": "5.2593", "Year Low": "4.3941", "Year Close": "5.2089", "Annual % Change": "7.06%"}, "1991": {"Average Stock Price": "4.2755", "Year Open": "4.0237", "Year High": "4.8889", "Year Low": "3.9259", "Year Close": "4.8652", "Annual % Change": "20.12%"}, "1990": {"Average Stock Price": "4.0084", "Year Open": "4.4681", "Year High": "4.4681", "Year Low": "3.6533", "Year Close": "4.0504", "Annual % Change": "-9.39%"}, "1989": {"Average Stock Price": "3.9777", "Year Open": "3.7788", "Year High": "4.5432", "Year Low": "3.5299", "Year Close": "4.4701", "Annual % Change": "19.10%"}, "1988": {"Average Stock Price": "3.7007", "Year Open": "3.5062", "Year High": "3.9506", "Year Low": "3.4074", "Year Close": "3.7531", "Annual % Change": "8.57%"}}}, "market cap": {"value": "$5.38B"}, "income statement": {"Revenue": {"2020-12-31": "5532.70000", "2019-12-31": "5336.77600", "2018-12-31": "4531.55200", "2017-12-31": "4443.35100", "2016-12-31": "4128.82800", "2015-12-31": "4014.05200", "2014-12-31": "4115.07300", "2013-12-31": "3920.17100", "2012-12-31": "4075.43100", "2011-12-31": "4050.49200", "2010-12-31": "3909.69500", "2009-12-31": "4176.50100", "2008-12-31": "5003.27800", "2007-12-31": "4247.89600", "2006-12-31": "4004.53900", "2005-12-31": "3403.92300"}, "Cost Of Goods Sold": {"2020-12-31": "457.10000", "2019-12-31": "508.10200", "2018-12-31": "484.86500", "2017-12-31": "509.67800", "2016-12-31": "458.26500", "2015-12-31": "536.35200", "2014-12-31": "647.77500", "2013-12-31": "578.99900", "2012-12-31": "497.60000", "2011-12-31": "636.67200", "2010-12-31": "630.87100", "2009-12-31": "805.39500", "2008-12-31": "841.23300", "2007-12-31": "447.02000", "2006-12-31": "336.39500", "2005-12-31": "392.78100"}, "Gross Profit": {"2020-12-31": "5075.60000", "2019-12-31": "4828.67400", "2018-12-31": "4046.68700", "2017-12-31": "3933.67300", "2016-12-31": "3670.56300", "2015-12-31": "3477.70000", "2014-12-31": "3467.29800", "2013-12-31": "3341.17200", "2012-12-31": "3577.83100", "2011-12-31": "3413.82000", "2010-12-31": "3278.82400", "2009-12-31": "3371.10600", "2008-12-31": "4162.04500", "2007-12-31": "3800.87600", "2006-12-31": "3668.14400", "2005-12-31": "3011.14200"}, "Research And Development Expenses": {"2020-12-31": "", "2019-12-31": "", "2018-12-31": "", "2017-12-31": "", "2016-12-31": "", "2015-12-31": "", "2014-12-31": "", "2013-12-31": "", "2012-12-31": "", "2011-12-31": "", "2010-12-31": "", "2009-12-31": "", "2008-12-31": "", "2007-12-31": "", "2006-12-31": "", "2005-12-31": ""}, "SG&A Expenses": {"2020-12-31": "4245.60000", "2019-12-31": "4091.43700", "2018-12-31": "3424.75900", "2017-12-31": "3302.13900", "2016-12-31": "3045.33600", "2015-12-31": "2946.17800", "2014-12-31": "2937.03200", "2013-12-31": "2820.07200", "2012-12-31": "2807.61900", "2011-12-31": "2664.05800", "2010-12-31": "2539.25400", "2009-12-31": "2573.66100", "2008-12-31": "3148.18800", "2007-12-31": "2941.82400", "2006-12-31": "2888.53800", "2005-12-31": "2353.17900"}, "Other Operating Income Or Expenses": {"2020-12-31": "", "2019-12-31": "", "2018-12-31": "", "2017-12-31": "", "2016-12-31": "", "2015-12-31": "", "2014-12-31": "", "2013-12-31": "", "2012-12-31": "-391.80000", "2011-12-31": "", "2010-12-31": "", "2009-12-31": "-620.00000", "2008-12-31": "-135.80000", "2007-12-31": "", "2006-12-31": "", "2005-12-31": ""}, "Operating Expenses": {"2020-12-31": "4987.80000", "2019-12-31": "4855.55600", "2018-12-31": "4129.82900", "2017-12-31": "4019.30300", "2016-12-31": "3719.91900", "2015-12-31": "3694.27700", "2014-12-31": "3787.89100", "2013-12-31": "3599.46900", "2012-12-31": "4056.22400", "2011-12-31": "3644.12500", "2010-12-31": "3498.96800", "2009-12-31": "4329.59800", "2008-12-31": "4491.24100", "2007-12-31": "3690.77600", "2006-12-31": "3481.46400", "2005-12-31": "2965.40000"}, "Operating Income": {"2020-12-31": "544.90040", "2019-12-31": "481.21970", "2018-12-31": "401.72270", "2017-12-31": "424.04790", "2016-12-31": "408.90940", "2015-12-31": "319.77490", "2014-12-31": "327.18260", "2013-12-31": "320.70210", "2012-12-31": "19.20680", "2011-12-31": "406.36670", "2010-12-31": "410.72710", "2009-12-31": "-153.09670", "2008-12-31": "512.03710", "2007-12-31": "557.12010", "2006-12-31": "523.07500", "2005-12-31": "438.52320"}, "Total Non-Operating Income/Expense": {"2020-12-31": "-69.80000", "2019-12-31": "-82.77500", "2018-12-31": "-84.85200", "2017-12-31": "-74.02100", "2016-12-31": "-82.68100", "2015-12-31": "-72.72200", "2014-12-31": "-77.73300", "2013-12-31": "-77.71700", "2012-12-31": "-64.67400", "2011-12-31": "-70.14100", "2010-12-31": "-44.17700", "2009-12-31": "-66.26900", "2008-12-31": "-70.88800", "2007-12-31": "-44.31000", "2006-12-31": "-49.18600", "2005-12-31": "-26.98300"}, "Pre-Tax Income": {"2020-12-31": "475.10000", "2019-12-31": "398.44500", "2018-12-31": "316.87100", "2017-12-31": "350.02700", "2016-12-31": "326.22800", "2015-12-31": "247.05300", "2014-12-31": "249.44900", "2013-12-31": "242.98500", "2012-12-31": "-45.46700", "2011-12-31": "336.22600", "2010-12-31": "366.55000", "2009-12-31": "-219.36600", "2008-12-31": "441.14900", "2007-12-31": "512.81000", "2006-12-31": "473.88900", "2005-12-31": "411.54000"}, "Income Taxes": {"2020-12-31": "84.60000", "2019-12-31": "63.27900", "2018-12-31": "47.48500", "2017-12-31": "65.04100", "2016-12-31": "93.13200", "2015-12-31": "70.66400", "2014-12-31": "64.42200", "2013-12-31": "74.29400", "2012-12-31": "-31.14600", "2011-12-31": "110.27400", "2010-12-31": "122.53000", "2009-12-31": "-96.09200", "2008-12-31": "147.47600", "2007-12-31": "190.02400", "2006-12-31": "166.11100", "2005-12-31": "146.24900"}, "Income After Taxes": {"2020-12-31": "390.50000", "2019-12-31": "335.16600", "2018-12-31": "269.38600", "2017-12-31": "284.98600", "2016-12-31": "233.09600", "2015-12-31": "176.38900", "2014-12-31": "185.02700", "2013-12-31": "168.69100", "2012-12-31": "-14.32100", "2011-12-31": "225.95200", "2010-12-31": "244.02000", "2009-12-31": "-123.27400", "2008-12-31": "293.67300", "2007-12-31": "322.78600", "2006-12-31": "307.77800", "2005-12-31": "265.29100"}, "Other Income": {"2020-12-31": "", "2019-12-31": "", "2018-12-31": "", "2017-12-31": "", "2016-12-31": "", "2015-12-31": "", "2014-12-31": "", "2013-12-31": "", "2012-12-31": "", "2011-12-31": "", "2010-12-31": "", "2009-12-31": "", "2008-12-31": "", "2007-12-31": "", "2006-12-31": "", "2005-12-31": ""}, "Income From Continuous Operations": {"2020-12-31": "390.50000", "2019-12-31": "335.16600", "2018-12-31": "269.38600", "2017-12-31": "284.98600", "2016-12-31": "233.09600", "2015-12-31": "176.38900", "2014-12-31": "185.02700", "2013-12-31": "168.69100", "2012-12-31": "-14.32100", "2011-12-31": "225.95200", "2010-12-31": "244.02000", "2009-12-31": "-123.27400", "2008-12-31": "293.67300", "2007-12-31": "322.78600", "2006-12-31": "307.77800", "2005-12-31": "265.29100"}, "Income From Discontinued Operations": {"2020-12-31": "-0.30000", "2019-12-31": "0.28700", "2018-12-31": "2.93200", "2017-12-31": "-3.78300", "2016-12-31": "-300.35400", "2015-12-31": "-834.08000", "2014-12-31": "109.31100", "2013-12-31": "109.87900", "2012-12-31": "13.56700", "2011-12-31": "-12.92600", "2010-12-31": "-3.36100", "2009-12-31": "0.00000", "2008-12-31": "0.00000", "2007-12-31": "109.33400", "2006-12-31": "7.97900", "2005-12-31": "9.79200"}, "Net Income": {"2020-12-31": "390.20000", "2019-12-31": "335.45300", "2018-12-31": "272.31800", "2017-12-31": "280.43200", "2016-12-31": "63.74800", "2015-12-31": "-623.12000", "2014-12-31": "297.54800", "2013-12-31": "278.24800", "2012-12-31": "-1.43900", "2011-12-31": "212.34100", "2010-12-31": "239.97400", "2009-12-31": "-123.95900", "2008-12-31": "292.98800", "2007-12-31": "431.43500", "2006-12-31": "315.07200", "2005-12-31": "274.39800"}, "EBITDA": {"2020-12-31": "544.90040", "2019-12-31": "737.23670", "2018-12-31": "621.92770", "2017-12-31": "631.53380", "2016-12-31": "625.22740", "2015-12-31": "531.52190", "2014-12-31": "530.26660", "2013-12-31": "521.10020", "2012-12-31": "378.41180", "2011-12-31": "749.76170", "2010-12-31": "739.57010", "2009-12-31": "177.44530", "2008-12-31": "878.05710", "2007-12-31": "859.05210", "2006-12-31": "779.60600", "2005-12-31": "657.96320"}, "EBIT": {"2020-12-31": "544.90040", "2019-12-31": "481.21970", "2018-12-31": "401.72270", "2017-12-31": "424.04790", "2016-12-31": "408.90940", "2015-12-31": "319.77490", "2014-12-31": "327.18260", "2013-12-31": "320.70210", "2012-12-31": "19.20680", "2011-12-31": "406.36670", "2010-12-31": "410.72710", "2009-12-31": "-153.09670", "2008-12-31": "512.03710", "2007-12-31": "557.12010", "2006-12-31": "523.07500", "2005-12-31": "438.52320"}, "Basic Shares Outstanding": {"2020-12-31": "200.50000", "2019-12-31": "198.61200", "2018-12-31": "195.72000", "2017-12-31": "195.30400", "2016-12-31": "195.29900", "2015-12-31": "194.92800", "2014-12-31": "192.50700", "2013-12-31": "188.85500", "2012-12-31": "188.82600", "2011-12-31": "188.76300", "2010-12-31": "188.13700", "2009-12-31": "185.17500", "2008-12-31": "183.10000", "2007-12-31": "181.94600", "2006-12-31": "180.23400", "2005-12-31": "178.36500"}, "Shares Outstanding": {"2020-12-31": "200.60000", "2019-12-31": "198.62600", "2018-12-31": "196.15000", "2017-12-31": "195.68700", "2016-12-31": "195.61800", "2015-12-31": "194.98600", "2014-12-31": "192.58700", "2013-12-31": "189.69300", "2012-12-31": "188.82600", "2011-12-31": "188.90500", "2010-12-31": "188.22900", "2009-12-31": "185.17500", "2008-12-31": "183.80700", "2007-12-31": "182.90200", "2006-12-31": "181.39200", "2005-12-31": "179.49000"}, "Basic EPS": {"2020-12-31": "1.95000", "2019-12-31": "1.69000", "2018-12-31": "1.39000", "2017-12-31": "1.44000", "2016-12-31": "0.33000", "2015-12-31": "-3.20000", "2014-12-31": "1.55000", "2013-12-31": "1.47000", "2012-12-31": "-0.01000", "2011-12-31": "1.12000", "2010-12-31": "1.28000", "2009-12-31": "-0.67000", "2008-12-31": "1.60000", "2007-12-31": "2.37000", "2006-12-31": "1.75000", "2005-12-31": "1.54000"}, "EPS - Earnings Per Share": {"2020-12-31": "1.95000", "2019-12-31": "1.69000", "2018-12-31": "1.39000", "2017-12-31": "1.43000", "2016-12-31": "0.33000", "2015-12-31": "-3.20000", "2014-12-31": "1.55000", "2013-12-31": "1.47000", "2012-12-31": "-0.01000", "2011-12-31": "1.12000", "2010-12-31": "1.27000", "2009-12-31": "-0.67000", "2008-12-31": "1.59000", "2007-12-31": "2.36000", "2006-12-31": "1.74000", "2005-12-31": "1.53000"}}, "income statement, quarterly": {"Revenue": {"2020-12-31": "1385.20000", "2020-09-30": "1587.28900", "2020-06-30": "1362.92800", "2020-03-31": "1197.37300", "2019-12-31": "1378.21300", "2019-09-30": "1563.79900", "2019-06-30": "1303.57300", "2019-03-31": "1091.19100", "2018-12-31": "1209.87500", "2018-09-30": "1280.78700", "2018-06-30": "1064.59700", "2018-03-31": "976.29300", "2017-12-31": "1165.23900", "2017-09-30": "1272.54800", "2017-06-30": "1067.63900", "2017-03-31": "937.92500", "2016-12-31": "1016.09900", "2016-09-30": "1208.56700", "2016-06-30": "1043.94800", "2016-03-31": "860.21400", "2015-12-31": "1015.32200", "2015-09-30": "1198.34200", "2015-06-30": "938.03900", "2015-03-31": "862.34900", "2014-12-31": "906.45310", "2014-09-30": "1213.20300", "2014-06-30": "952.56400", "2014-03-31": "1042.85300", "2013-12-31": "642.18990", "2013-09-30": "1285.78200", "2013-06-30": "1060.59500", "2013-03-31": "931.60400", "2012-12-31": "1081.14400", "2012-09-30": "1173.51800", "2012-06-30": "967.96200", "2012-03-31": "852.80700", "2011-12-31": "1065.74900", "2011-09-30": "1152.18100", "2011-06-30": "930.75700", "2011-03-31": "901.80500", "2010-12-31": "1042.55100", "2010-09-30": "1125.92300", "2010-06-30": "906.44400", "2010-03-31": "834.77700", "2009-12-31": "1016.52900", "2009-09-30": "1107.92700", "2009-06-30": "958.04000", "2009-03-31": "1094.00500", "2008-12-31": "1295.76500", "2008-09-30": "1333.83400", "2008-06-30": "1251.77200", "2008-03-31": "1121.90700", "2007-12-31": "1232.73000", "2007-09-30": "1245.31000", "2007-06-30": "982.36500", "2007-03-31": "787.49100", "2006-12-31": "1065.90700", "2006-09-30": "1173.67800", "2006-06-30": "961.43500", "2006-03-31": "803.51900", "2005-12-31": "963.27910", "2005-09-30": "1066.17700", "2005-06-30": "770.17200", "2005-03-31": "604.29500"}, "Cost Of Goods Sold": {"2020-12-31": "152.90000", "2020-09-30": "46.97400", "2020-06-30": "71.41100", "2020-03-31": "185.95200", "2019-12-31": "173.15000", "2019-09-30": "50.56000", "2019-06-30": "74.25900", "2019-03-31": "210.13300", "2018-12-31": "155.64700", "2018-09-30": "50.52900", "2018-06-30": "74.21100", "2018-03-31": "204.47800", "2017-12-31": "168.19900", "2017-09-30": "52.22500", "2017-06-30": "74.42000", "2017-03-31": "214.83400", "2016-12-31": "160.74500", "2016-09-30": "51.12100", "2016-06-30": "63.35300", "2016-03-31": "183.04600", "2015-12-31": "165.00600", "2015-09-30": "58.19000", "2015-06-30": "85.91700", "2015-03-31": "227.23900", "2014-12-31": "207.55400", "2014-09-30": "65.48700", "2014-06-30": "103.29800", "2014-03-31": "271.43600", "2013-12-31": "213.97100", "2013-09-30": "55.80900", "2013-06-30": "88.42400", "2013-03-31": "220.79500", "2012-12-31": "167.31500", "2012-09-30": "52.83300", "2012-06-30": "73.60400", "2012-03-31": "203.84800", "2011-12-31": "191.56100", "2011-09-30": "67.45900", "2011-06-30": "116.01200", "2011-03-31": "261.64000", "2010-12-31": "203.19600", "2010-09-30": "66.52600", "2010-06-30": "110.54700", "2010-03-31": "250.60200", "2009-12-31": "235.81490", "2009-09-30": "72.78600", "2009-06-30": "121.56700", "2009-03-31": "375.22700", "2008-12-31": "299.85910", "2008-09-30": "85.19400", "2008-06-30": "160.77800", "2008-03-31": "295.40200", "2007-12-31": "194.06600", "2007-09-30": "81.21800", "2007-06-30": "55.78300", "2007-03-31": "115.95300", "2006-12-31": "90.21800", "2006-09-30": "47.78100", "2006-06-30": "55.30100", "2006-03-31": "143.09500", "2005-12-31": "152.35500", "2005-09-30": "49.52100", "2005-06-30": "61.22000", "2005-03-31": "129.68500"}, "Gross Profit": {"2020-12-31": "1232.30000", "2020-09-30": "1540.31500", "2020-06-30": "1291.51700", "2020-03-31": "1011.42100", "2019-12-31": "1205.06300", "2019-09-30": "1513.23900", "2019-06-30": "1229.31400", "2019-03-31": "881.05800", "2018-12-31": "1054.22800", "2018-09-30": "1230.25800", "2018-06-30": "990.38600", "2018-03-31": "771.81510", "2017-12-31": "997.04000", "2017-09-30": "1220.32300", "2017-06-30": "993.21910", "2017-03-31": "723.09100", "2016-12-31": "855.35420", "2016-09-30": "1157.44600", "2016-06-30": "980.59500", "2016-03-31": "677.16800", "2015-12-31": "850.31590", "2015-09-30": "1140.15200", "2015-06-30": "852.12200", "2015-03-31": "635.11000", "2014-12-31": "698.89910", "2014-09-30": "1147.71600", "2014-06-30": "849.26610", "2014-03-31": "771.41700", "2013-12-31": "428.21890", "2013-09-30": "1229.97300", "2013-06-30": "972.17100", "2013-03-31": "710.80900", "2012-12-31": "913.82920", "2012-09-30": "1120.68500", "2012-06-30": "894.35800", "2012-03-31": "648.95900", "2011-12-31": "874.18800", "2011-09-30": "1084.72200", "2011-06-30": "814.74500", "2011-03-31": "640.16500", "2010-12-31": "839.35500", "2010-09-30": "1059.39700", "2010-06-30": "795.89700", "2010-03-31": "584.17500", "2009-12-31": "780.71400", "2009-09-30": "1035.14100", "2009-06-30": "836.47300", "2009-03-31": "718.77800", "2008-12-31": "995.90580", "2008-09-30": "1248.64000", "2008-06-30": "1090.99400", "2008-03-31": "826.50500", "2007-12-31": "1038.66400", "2007-09-30": "1164.09200", "2007-06-30": "926.58200", "2007-03-31": "671.53800", "2006-12-31": "975.68900", "2006-09-30": "1125.89700", "2006-06-30": "906.13400", "2006-03-31": "660.42400", "2005-12-31": "810.92410", "2005-09-30": "1016.65600", "2005-06-30": "708.95200", "2005-03-31": "474.61000"}, "Research And Development Expenses": {"2020-12-31": "", "2020-09-30": "", "2020-06-30": "", "2020-03-31": "", "2019-12-31": "", "2019-09-30": "", "2019-06-30": "", "2019-03-31": "", "2018-12-31": "", "2018-09-30": "", "2018-06-30": "", "2018-03-31": "", "2017-12-31": "", "2017-09-30": "", "2017-06-30": "", "2017-03-31": "", "2016-12-31": "", "2016-09-30": "", "2016-06-30": "", "2016-03-31": "", "2015-12-31": "", "2015-09-30": "", "2015-06-30": "", "2015-03-31": "", "2014-12-31": "", "2014-09-30": "", "2014-06-30": "", "2014-03-31": "", "2013-12-31": "", "2013-09-30": "", "2013-06-30": "", "2013-03-31": "", "2012-12-31": "", "2012-09-30": "", "2012-06-30": "", "2012-03-31": "", "2011-12-31": "", "2011-09-30": "", "2011-06-30": "", "2011-03-31": "", "2010-12-31": "", "2010-09-30": "", "2010-06-30": "", "2010-03-31": "", "2009-12-31": "", "2009-09-30": "", "2009-06-30": "", "2009-03-31": "", "2008-12-31": "", "2008-09-30": "", "2008-06-30": "", "2008-03-31": "", "2007-12-31": "", "2007-09-30": "", "2007-06-30": "", "2007-03-31": "", "2006-12-31": "", "2006-09-30": "", "2006-06-30": "", "2006-03-31": "", "2005-12-31": "", "2005-09-30": "", "2005-06-30": "", "2005-03-31": ""}, "SG&A Expenses": {"2020-12-31": "1014.10000", "2020-09-30": "1264.52000", "2020-06-30": "1081.75500", "2020-03-31": "885.11200", "2019-12-31": "1006.76200", "2019-09-30": "1258.74800", "2019-06-30": "1068.98400", "2019-03-31": "756.94300", "2018-12-31": "876.97000", "2018-09-30": "1035.23800", "2018-06-30": "862.84100", "2018-03-31": "649.71000", "2017-12-31": "820.41000", "2017-09-30": "1012.84800", "2017-06-30": "862.90100", "2017-03-31": "605.98000", "2016-12-31": "690.98690", "2016-09-30": "956.66800", "2016-06-30": "837.38200", "2016-03-31": "560.29900", "2015-12-31": "706.07980", "2015-09-30": "960.57800", "2015-06-30": "741.07700", "2015-03-31": "538.44300", "2014-12-31": "653.41990", "2014-09-30": "978.12500", "2014-06-30": "736.53090", "2014-03-31": "568.95600", "2013-12-31": "541.71680", "2013-09-30": "980.13400", "2013-06-30": "785.50400", "2013-03-31": "512.71700", "2012-12-31": "693.31010", "2012-09-30": "902.77000", "2012-06-30": "719.01700", "2012-03-31": "492.52200", "2011-12-31": "661.07700", "2011-09-30": "876.40400", "2011-06-30": "649.15200", "2011-03-31": "477.42500", "2010-12-31": "625.40390", "2010-09-30": "865.59400", "2010-06-30": "625.68800", "2010-03-31": "422.56800", "2009-12-31": "575.92900", "2009-09-30": "795.32100", "2009-06-30": "655.95900", "2009-03-31": "546.45200", "2008-12-31": "781.54390", "2008-09-30": "952.11700", "2008-06-30": "802.82500", "2008-03-31": "611.70200", "2007-12-31": "798.76790", "2007-09-30": "906.53600", "2007-06-30": "713.75300", "2007-03-31": "522.76700", "2006-12-31": "783.66400", "2006-09-30": "877.43500", "2006-06-30": "719.06400", "2006-03-31": "508.37500", "2005-12-31": "646.43190", "2005-09-30": "806.24900", "2005-06-30": "543.84000", "2005-03-31": "356.65800"}, "Other Operating Income Or Expenses": {"2020-12-31": "", "2020-09-30": "", "2020-06-30": "", "2020-03-31": "", "2019-12-31": "", "2019-09-30": "", "2019-06-30": "", "2019-03-31": "", "2018-12-31": "", "2018-09-30": "", "2018-06-30": "", "2018-03-31": "", "2017-12-31": "", "2017-09-30": "", "2017-06-30": "", "2017-03-31": "", "2016-12-31": "", "2016-09-30": "", "2016-06-30": "", "2016-03-31": "", "2015-12-31": "", "2015-09-30": "", "2015-06-30": "", "2015-03-31": "", "2014-12-31": "", "2014-09-30": "", "2014-06-30": "", "2014-03-31": "", "2013-12-31": "", "2013-09-30": "", "2013-06-30": "", "2013-03-31": "", "2012-12-31": "-231.70000", "2012-09-30": "-160.10000", "2012-06-30": "", "2012-03-31": "", "2011-12-31": "", "2011-09-30": "", "2011-06-30": "", "2011-03-31": "", "2010-12-31": "", "2010-09-30": "", "2010-06-30": "", "2010-03-31": "", "2009-12-31": "", "2009-09-30": "", "2009-06-30": "", "2009-03-31": "-620.00000", "2008-12-31": "", "2008-09-30": "", "2008-06-30": "", "2008-03-31": "", "2007-12-31": "", "2007-09-30": "", "2007-06-30": "", "2007-03-31": "", "2006-12-31": "", "2006-09-30": "", "2006-06-30": "", "2006-03-31": "", "2005-12-31": "", "2005-09-30": "", "2005-06-30": "", "2005-03-31": ""}, "Operating Expenses": {"2020-12-31": "1239.30000", "2020-09-30": "1383.57800", "2020-06-30": "1224.67400", "2020-03-31": "1140.30300", "2019-12-31": "1247.99200", "2019-09-30": "1374.32900", "2019-06-30": "1206.26200", "2019-03-31": "1026.97300", "2018-12-31": "1091.52400", "2018-09-30": "1140.78300", "2018-06-30": "990.60500", "2018-03-31": "906.91700", "2017-12-31": "1040.95700", "2017-09-30": "1117.22800", "2017-06-30": "988.97900", "2017-03-31": "872.13900", "2016-12-31": "904.82370", "2016-09-30": "1061.88300", "2016-06-30": "954.98300", "2016-03-31": "798.22900", "2015-12-31": "926.75310", "2015-09-30": "1070.51400", "2015-06-30": "878.33000", "2015-03-31": "818.68000", "2014-12-31": "863.42160", "2014-09-30": "1094.31000", "2014-06-30": "890.20990", "2014-03-31": "939.94900", "2013-12-31": "667.26980", "2013-09-30": "1135.90900", "2013-06-30": "969.21700", "2013-03-31": "827.07290", "2012-12-31": "1190.67300", "2012-09-30": "1207.55300", "2012-06-30": "876.24800", "2012-03-31": "781.75000", "2011-12-31": "939.17220", "2011-09-30": "1032.76000", "2011-06-30": "848.45400", "2011-03-31": "823.73900", "2010-12-31": "912.37710", "2010-09-30": "1016.96100", "2010-06-30": "817.78200", "2010-03-31": "751.84800", "2009-12-31": "889.04440", "2009-09-30": "947.65400", "2009-06-30": "857.97500", "2009-03-31": "1634.92400", "2008-12-31": "1313.08800", "2008-09-30": "1130.53700", "2008-06-30": "1053.28100", "2008-03-31": "994.33500", "2007-12-31": "1076.52000", "2007-09-30": "1066.15400", "2007-06-30": "839.58000", "2007-03-31": "708.52200", "2006-12-31": "937.55900", "2006-09-30": "992.24900", "2006-06-30": "839.20500", "2006-03-31": "712.45100", "2005-12-31": "853.29600", "2005-09-30": "916.27400", "2005-06-30": "656.64790", "2005-03-31": "539.18200"}, "Operating Income": {"2020-12-31": "145.89990", "2020-09-30": "203.71090", "2020-06-30": "138.25390", "2020-03-31": "57.07010", "2019-12-31": "130.22120", "2019-09-30": "189.47000", "2019-06-30": "97.31090", "2019-03-31": "64.21800", "2018-12-31": "118.35030", "2018-09-30": "140.00400", "2018-06-30": "73.99210", "2018-03-31": "69.37600", "2017-12-31": "124.28170", "2017-09-30": "155.31990", "2017-06-30": "78.66000", "2017-03-31": "65.78600", "2016-12-31": "111.27550", "2016-09-30": "146.68400", "2016-06-30": "88.96500", "2016-03-31": "61.98500", "2015-12-31": "88.56880", "2015-09-30": "127.82800", "2015-06-30": "59.70900", "2015-03-31": "43.66900", "2014-12-31": "43.03160", "2014-09-30": "118.89290", "2014-06-30": "62.35410", "2014-03-31": "102.90400", "2013-12-31": "-25.07990", "2013-09-30": "149.87300", "2013-06-30": "91.37790", "2013-03-31": "104.53110", "2012-12-31": "-109.52890", "2012-09-30": "-34.03500", "2012-06-30": "91.71390", "2012-03-31": "71.05700", "2011-12-31": "126.57680", "2011-09-30": "119.42100", "2011-06-30": "82.30300", "2011-03-31": "78.06600", "2010-12-31": "130.17390", "2010-09-30": "108.96200", "2010-06-30": "88.66200", "2010-03-31": "82.92900", "2009-12-31": "127.48450", "2009-09-30": "160.27300", "2009-06-30": "100.06490", "2009-03-31": "-540.91910", "2008-12-31": "-17.32280", "2008-09-30": "203.29700", "2008-06-30": "198.49100", "2008-03-31": "127.57200", "2007-12-31": "156.21000", "2007-09-30": "179.15610", "2007-06-30": "142.78500", "2007-03-31": "78.96900", "2006-12-31": "128.34800", "2006-09-30": "181.42900", "2006-06-30": "122.23000", "2006-03-31": "91.06800", "2005-12-31": "109.98310", "2005-09-30": "149.90300", "2005-06-30": "113.52400", "2005-03-31": "65.11300"}, "Total Non-Operating Income/Expense": {"2020-12-31": "-10.40000", "2020-09-30": "-19.14900", "2020-06-30": "-14.75500", "2020-03-31": "-25.55800", "2019-12-31": "-20.90500", "2019-09-30": "-22.24400", "2019-06-30": "-23.81400", "2019-03-31": "-15.81200", "2018-12-31": "-27.51400", "2018-09-30": "-18.27200", "2018-06-30": "-19.20100", "2018-03-31": "-19.86500", "2017-12-31": "-18.25500", "2017-09-30": "-18.84100", "2017-06-30": "-18.96500", "2017-03-31": "-17.96000", "2016-12-31": "-18.97800", "2016-09-30": "-20.53700", "2016-06-30": "-21.34700", "2016-03-31": "-21.81900", "2015-12-31": "-9.65500", "2015-09-30": "-19.11700", "2015-06-30": "-21.26600", "2015-03-31": "-22.68400", "2014-12-31": "-20.05300", "2014-09-30": "-19.87800", "2014-06-30": "-19.01400", "2014-03-31": "-18.78800", "2013-12-31": "-19.02900", "2013-09-30": "-18.74700", "2013-06-30": "-19.99800", "2013-03-31": "-19.94300", "2012-12-31": "-15.82000", "2012-09-30": "-15.75000", "2012-06-30": "-16.01600", "2012-03-31": "-17.08800", "2011-12-31": "-15.84800", "2011-09-30": "-17.48100", "2011-06-30": "-17.17900", "2011-03-31": "-19.63300", "2010-12-31": "3.87400", "2010-09-30": "-16.67600", "2010-06-30": "-15.54400", "2010-03-31": "-15.83100", "2009-12-31": "-16.80000", "2009-09-30": "-15.73200", "2009-06-30": "-16.24600", "2009-03-31": "-17.49100", "2008-12-31": "-20.77900", "2008-09-30": "-17.65900", "2008-06-30": "-17.18400", "2008-03-31": "-15.26600", "2007-12-31": "-13.91900", "2007-09-30": "-3.83600", "2007-06-30": "-12.56500", "2007-03-31": "-13.99000", "2006-12-31": "-14.44500", "2006-09-30": "-12.94200", "2006-06-30": "-13.32900", "2006-03-31": "-8.47000", "2005-12-31": "-9.46900", "2005-09-30": "-10.52900", "2005-06-30": "3.56700", "2005-03-31": "-10.55200"}, "Pre-Tax Income": {"2020-12-31": "135.50000", "2020-09-30": "184.56200", "2020-06-30": "123.49900", "2020-03-31": "31.51200", "2019-12-31": "109.31600", "2019-09-30": "167.22600", "2019-06-30": "73.49700", "2019-03-31": "48.40600", "2018-12-31": "90.83700", "2018-09-30": "121.73200", "2018-06-30": "54.79100", "2018-03-31": "49.51100", "2017-12-31": "106.02700", "2017-09-30": "136.47900", "2017-06-30": "59.69500", "2017-03-31": "47.82600", "2016-12-31": "92.29700", "2016-09-30": "126.14700", "2016-06-30": "67.61800", "2016-03-31": "40.16600", "2015-12-31": "78.91400", "2015-09-30": "108.71100", "2015-06-30": "38.44300", "2015-03-31": "20.98500", "2014-12-31": "22.97800", "2014-09-30": "99.01500", "2014-06-30": "43.34000", "2014-03-31": "84.11600", "2013-12-31": "-44.10900", "2013-09-30": "131.12600", "2013-06-30": "71.38000", "2013-03-31": "84.58800", "2012-12-31": "-125.34900", "2012-09-30": "-49.78500", "2012-06-30": "75.69800", "2012-03-31": "53.96900", "2011-12-31": "110.72900", "2011-09-30": "101.94000", "2011-06-30": "65.12400", "2011-03-31": "58.43300", "2010-12-31": "134.04800", "2010-09-30": "92.28600", "2010-06-30": "73.11800", "2010-03-31": "67.09800", "2009-12-31": "110.68400", "2009-09-30": "144.54100", "2009-06-30": "83.81900", "2009-03-31": "-558.41000", "2008-12-31": "-38.10200", "2008-09-30": "185.63800", "2008-06-30": "181.30700", "2008-03-31": "112.30600", "2007-12-31": "142.29100", "2007-09-30": "175.32000", "2007-06-30": "130.22000", "2007-03-31": "64.97900", "2006-12-31": "113.90300", "2006-09-30": "168.48700", "2006-06-30": "108.90100", "2006-03-31": "82.59800", "2005-12-31": "100.51400", "2005-09-30": "139.37400", "2005-06-30": "117.09100", "2005-03-31": "54.56100"}, "Income Taxes": {"2020-12-31": "23.40000", "2020-09-30": "31.54700", "2020-06-30": "23.65700", "2020-03-31": "5.97300", "2019-12-31": "14.51200", "2019-09-30": "31.09800", "2019-06-30": "10.35200", "2019-03-31": "7.31700", "2018-12-31": "14.85500", "2018-09-30": "14.36300", "2018-06-30": "10.71600", "2018-03-31": "7.55100", "2017-12-31": "-9.36700", "2017-09-30": "46.93000", "2017-06-30": "15.29000", "2017-03-31": "12.18800", "2016-12-31": "25.75000", "2016-09-30": "37.76100", "2016-06-30": "21.32000", "2016-03-31": "8.30100", "2015-12-31": "17.63200", "2015-09-30": "34.82500", "2015-06-30": "12.38200", "2015-03-31": "5.82500", "2014-12-31": "-12.78000", "2014-09-30": "35.37600", "2014-06-30": "13.89400", "2014-03-31": "27.93200", "2013-12-31": "-25.26600", "2013-09-30": "46.57600", "2013-06-30": "24.98800", "2013-03-31": "27.99600", "2012-12-31": "-55.66300", "2012-09-30": "-20.25300", "2012-06-30": "26.69100", "2012-03-31": "18.07900", "2011-12-31": "36.64100", "2011-09-30": "37.84000", "2011-06-30": "19.88900", "2011-03-31": "15.90400", "2010-12-31": "41.74800", "2010-09-30": "31.27600", "2010-06-30": "24.18000", "2010-03-31": "25.32600", "2009-12-31": "38.05000", "2009-09-30": "51.95700", "2009-06-30": "28.50800", "2009-03-31": "-214.60700", "2008-12-31": "-26.83500", "2008-09-30": "67.25600", "2008-06-30": "65.80000", "2008-03-31": "41.25500", "2007-12-31": "47.44500", "2007-09-30": "70.82300", "2007-06-30": "48.18400", "2007-03-31": "23.57200", "2006-12-31": "34.13100", "2006-09-30": "61.37700", "2006-06-30": "40.45000", "2006-03-31": "30.15300", "2005-12-31": "37.33900", "2005-09-30": "51.85100", "2005-06-30": "36.91800", "2005-03-31": "20.14100"}, "Income After Taxes": {"2020-12-31": "112.10000", "2020-09-30": "153.01500", "2020-06-30": "99.84200", "2020-03-31": "25.53900", "2019-12-31": "94.80400", "2019-09-30": "136.12800", "2019-06-30": "63.14500", "2019-03-31": "41.08900", "2018-12-31": "75.98200", "2018-09-30": "107.36900", "2018-06-30": "44.07500", "2018-03-31": "41.96000", "2017-12-31": "115.39400", "2017-09-30": "89.54900", "2017-06-30": "44.40500", "2017-03-31": "35.63800", "2016-12-31": "66.54700", "2016-09-30": "88.38600", "2016-06-30": "46.29800", "2016-03-31": "31.86500", "2015-12-31": "61.28200", "2015-09-30": "73.88600", "2015-06-30": "26.06100", "2015-03-31": "15.16000", "2014-12-31": "35.75800", "2014-09-30": "63.63900", "2014-06-30": "29.44600", "2014-03-31": "56.18400", "2013-12-31": "-18.84300", "2013-09-30": "84.55000", "2013-06-30": "46.39200", "2013-03-31": "56.59200", "2012-12-31": "-69.68600", "2012-09-30": "-29.53200", "2012-06-30": "49.00700", "2012-03-31": "35.89000", "2011-12-31": "74.08800", "2011-09-30": "64.10000", "2011-06-30": "45.23500", "2011-03-31": "42.52900", "2010-12-31": "92.30000", "2010-09-30": "61.01000", "2010-06-30": "48.93800", "2010-03-31": "41.77200", "2009-12-31": "72.63400", "2009-09-30": "92.58400", "2009-06-30": "55.31100", "2009-03-31": "-343.80300", "2008-12-31": "-11.26700", "2008-09-30": "118.38200", "2008-06-30": "115.50700", "2008-03-31": "71.05100", "2007-12-31": "94.84600", "2007-09-30": "104.49700", "2007-06-30": "82.03600", "2007-03-31": "41.40700", "2006-12-31": "79.77200", "2006-09-30": "107.11000", "2006-06-30": "68.45100", "2006-03-31": "52.44500", "2005-12-31": "63.17500", "2005-09-30": "87.52300", "2005-06-30": "80.17300", "2005-03-31": "34.42000"}, "Other Income": {"2020-12-31": "", "2020-09-30": "", "2020-06-30": "", "2020-03-31": "", "2019-12-31": "", "2019-09-30": "", "2019-06-30": "", "2019-03-31": "", "2018-12-31": "", "2018-09-30": "", "2018-06-30": "", "2018-03-31": "", "2017-12-31": "", "2017-09-30": "", "2017-06-30": "", "2017-03-31": "", "2016-12-31": "", "2016-09-30": "", "2016-06-30": "", "2016-03-31": "", "2015-12-31": "", "2015-09-30": "", "2015-06-30": "", "2015-03-31": "", "2014-12-31": "", "2014-09-30": "", "2014-06-30": "", "2014-03-31": "", "2013-12-31": "", "2013-09-30": "", "2013-06-30": "", "2013-03-31": "", "2012-12-31": "", "2012-09-30": "", "2012-06-30": "", "2012-03-31": "", "2011-12-31": "", "2011-09-30": "", "2011-06-30": "", "2011-03-31": "", "2010-12-31": "", "2010-09-30": "", "2010-06-30": "", "2010-03-31": "", "2009-12-31": "", "2009-09-30": "", "2009-06-30": "", "2009-03-31": "", "2008-12-31": "", "2008-09-30": "", "2008-06-30": "", "2008-03-31": "", "2007-12-31": "", "2007-09-30": "", "2007-06-30": "", "2007-03-31": "", "2006-12-31": "", "2006-09-30": "", "2006-06-30": "", "2006-03-31": "", "2005-12-31": "", "2005-09-30": "", "2005-06-30": "", "2005-03-31": ""}, "Income From Continuous Operations": {"2020-12-31": "112.10000", "2020-09-30": "153.01500", "2020-06-30": "99.84200", "2020-03-31": "25.53900", "2019-12-31": "94.80400", "2019-09-30": "136.12800", "2019-06-30": "63.14500", "2019-03-31": "41.08900", "2018-12-31": "75.98200", "2018-09-30": "107.36900", "2018-06-30": "44.07500", "2018-03-31": "41.96000", "2017-12-31": "115.39400", "2017-09-30": "89.54900", "2017-06-30": "44.40500", "2017-03-31": "35.63800", "2016-12-31": "66.54700", "2016-09-30": "88.38600", "2016-06-30": "46.29800", "2016-03-31": "31.86500", "2015-12-31": "61.28200", "2015-09-30": "73.88600", "2015-06-30": "26.06100", "2015-03-31": "15.16000", "2014-12-31": "35.75800", "2014-09-30": "63.63900", "2014-06-30": "29.44600", "2014-03-31": "56.18400", "2013-12-31": "-18.84300", "2013-09-30": "84.55000", "2013-06-30": "46.39200", "2013-03-31": "56.59200", "2012-12-31": "-69.68600", "2012-09-30": "-29.53200", "2012-06-30": "49.00700", "2012-03-31": "35.89000", "2011-12-31": "74.08800", "2011-09-30": "64.10000", "2011-06-30": "45.23500", "2011-03-31": "42.52900", "2010-12-31": "92.30000", "2010-09-30": "61.01000", "2010-06-30": "48.93800", "2010-03-31": "41.77200", "2009-12-31": "72.63400", "2009-09-30": "92.58400", "2009-06-30": "55.31100", "2009-03-31": "-343.80300", "2008-12-31": "-11.26700", "2008-09-30": "118.38200", "2008-06-30": "115.50700", "2008-03-31": "71.05100", "2007-12-31": "94.84600", "2007-09-30": "104.49700", "2007-06-30": "82.03600", "2007-03-31": "41.40700", "2006-12-31": "79.77200", "2006-09-30": "107.11000", "2006-06-30": "68.45100", "2006-03-31": "52.44500", "2005-12-31": "63.17500", "2005-09-30": "87.52300", "2005-06-30": "80.17300", "2005-03-31": "34.42000"}, "Income From Discontinued Operations": {"2020-12-31": "0.20000", "2020-09-30": "0.06300", "2020-06-30": "-0.13900", "2020-03-31": "-0.40900", "2019-12-31": "0.26100", "2019-09-30": "1.50900", "2019-06-30": "-1.32000", "2019-03-31": "-0.16300", "2018-12-31": "2.84600", "2018-09-30": "-0.11800", "2018-06-30": "-0.27300", "2018-03-31": "0.47700", "2017-12-31": "-0.08200", "2017-09-30": "-2.19800", "2017-06-30": "-3.19000", "2017-03-31": "1.68700", "2016-12-31": "-0.81600", "2016-09-30": "-5.40000", "2016-06-30": "-276.10200", "2016-03-31": "-18.03600", "2015-12-31": "-22.94400", "2015-09-30": "-223.11200", "2015-06-30": "-263.41900", "2015-03-31": "-324.60500", "2014-12-31": "46.99300", "2014-09-30": "38.48200", "2014-06-30": "23.88100", "2014-03-31": "-0.04500", "2013-12-31": "110.13300", "2013-09-30": "-0.11800", "2013-06-30": "-0.05900", "2013-03-31": "-0.07700", "2012-12-31": "8.70000", "2012-09-30": "-0.13900", "2012-06-30": "5.10600", "2012-03-31": "-0.10000", "2011-12-31": "-13.08000", "2011-09-30": "-0.12600", "2011-06-30": "-0.16800", "2011-03-31": "0.44800", "2010-12-31": "", "2010-09-30": "0.00000", "2010-06-30": "", "2010-03-31": "0.00000", "2009-12-31": "", "2009-09-30": "", "2009-06-30": "", "2009-03-31": "", "2008-12-31": "", "2008-09-30": "", "2008-06-30": "", "2008-03-31": "", "2007-12-31": "-0.12500", "2007-09-30": "96.76500", "2007-06-30": "7.43900", "2007-03-31": "5.25500", "2006-12-31": "2.81000", "2006-09-30": "1.37700", "2006-06-30": "2.99100", "2006-03-31": "0.80100", "2005-12-31": "10.09200", "2005-09-30": "-0.30000", "2005-06-30": "", "2005-03-31": ""}, "Net Income": {"2020-12-31": "112.30000", "2020-09-30": "153.07800", "2020-06-30": "99.70300", "2020-03-31": "25.13000", "2019-12-31": "95.06500", "2019-09-30": "137.63700", "2019-06-30": "61.82500", "2019-03-31": "40.92600", "2018-12-31": "78.82800", "2018-09-30": "107.25100", "2018-06-30": "43.80200", "2018-03-31": "42.43700", "2017-12-31": "115.31200", "2017-09-30": "87.35100", "2017-06-30": "40.61500", "2017-03-31": "37.15400", "2016-12-31": "65.55900", "2016-09-30": "82.81500", "2016-06-30": "-109.32400", "2016-03-31": "24.69800", "2015-12-31": "52.36200", "2015-09-30": "-139.61900", "2015-06-30": "-229.77500", "2015-03-31": "-306.08800", "2014-12-31": "84.08400", "2014-09-30": "103.03800", "2014-06-30": "53.93500", "2014-03-31": "56.49100", "2013-12-31": "91.27800", "2013-09-30": "84.28500", "2013-06-30": "46.34100", "2013-03-31": "56.34400", "2012-12-31": "-61.15800", "2012-09-30": "-29.84200", "2012-06-30": "53.94200", "2012-03-31": "35.61900", "2011-12-31": "60.83600", "2011-09-30": "63.80300", "2011-06-30": "44.89600", "2011-03-31": "42.80600", "2010-12-31": "88.76900", "2010-09-30": "60.83800", "2010-06-30": "48.76700", "2010-03-31": "41.60000", "2009-12-31": "72.46200", "2009-09-30": "92.41300", "2009-06-30": "55.14000", "2009-03-31": "-343.97400", "2008-12-31": "-11.43900", "2008-09-30": "118.21100", "2008-06-30": "115.33600", "2008-03-31": "70.88000", "2007-12-31": "94.37900", "2007-09-30": "201.09000", "2007-06-30": "89.30400", "2007-03-31": "46.66200", "2006-12-31": "82.41000", "2006-09-30": "108.31600", "2006-06-30": "71.27100", "2006-03-31": "53.07500", "2005-12-31": "73.09500", "2005-09-30": "87.05200", "2005-06-30": "80.00200", "2005-03-31": "34.24900"}, "EBITDA": {"2020-12-31": "", "2020-09-30": "275.79600", "2020-06-30": "209.76190", "2020-03-31": "126.30910", "2019-12-31": "198.30120", "2019-09-30": "254.49100", "2019-06-30": "160.32990", "2019-03-31": "124.11500", "2018-12-31": "177.25730", "2018-09-30": "195.02000", "2018-06-30": "127.54510", "2018-03-31": "122.10500", "2017-12-31": "176.62970", "2017-09-30": "207.47490", "2017-06-30": "130.31800", "2017-03-31": "117.11100", "2016-12-31": "164.36750", "2016-09-30": "200.77800", "2016-06-30": "143.21300", "2016-03-31": "116.86900", "2015-12-31": "145.64680", "2015-09-30": "179.57500", "2015-06-30": "109.63300", "2015-03-31": "96.66700", "2014-12-31": "94.77360", "2014-09-30": "169.58990", "2014-06-30": "63.44210", "2014-03-31": "202.46100", "2013-12-31": "-113.49790", "2013-09-30": "249.83910", "2013-06-30": "186.66690", "2013-03-31": "198.09210", "2012-12-31": "-11.18200", "2012-09-30": "57.81600", "2012-06-30": "175.34090", "2012-03-31": "156.43700", "2011-12-31": "213.11080", "2011-09-30": "208.31800", "2011-06-30": "165.59300", "2011-03-31": "162.74000", "2010-12-31": "213.95090", "2010-09-30": "193.80300", "2010-06-30": "170.20900", "2010-03-31": "161.60700", "2009-12-31": "204.78550", "2009-09-30": "239.82000", "2009-06-30": "180.51390", "2009-03-31": "-447.67410", "2008-12-31": "78.56220", "2008-09-30": "296.52300", "2008-06-30": "288.16890", "2008-03-31": "214.80300", "2007-12-31": "239.89600", "2007-09-30": "257.55620", "2007-06-30": "212.82900", "2007-03-31": "148.77100", "2006-12-31": "192.02400", "2006-09-30": "248.46300", "2006-06-30": "187.07000", "2006-03-31": "152.04900", "2005-12-31": "164.62510", "2005-09-30": "210.27400", "2005-06-30": "165.11200", "2005-03-31": "117.95200"}, "EBIT": {"2020-12-31": "145.89990", "2020-09-30": "203.71090", "2020-06-30": "138.25390", "2020-03-31": "57.07010", "2019-12-31": "130.22080", "2019-09-30": "189.47000", "2019-06-30": "97.31090", "2019-03-31": "64.21800", "2018-12-31": "118.35050", "2018-09-30": "140.00400", "2018-06-30": "73.99210", "2018-03-31": "69.37600", "2017-12-31": "124.28190", "2017-09-30": "155.31990", "2017-06-30": "78.66000", "2017-03-31": "65.78600", "2016-12-31": "111.27550", "2016-09-30": "146.68400", "2016-06-30": "88.96500", "2016-03-31": "61.98500", "2015-12-31": "88.56890", "2015-09-30": "127.82800", "2015-06-30": "59.70900", "2015-03-31": "43.66900", "2014-12-31": "43.03160", "2014-09-30": "118.89290", "2014-06-30": "62.35410", "2014-03-31": "102.90400", "2013-12-31": "-25.07990", "2013-09-30": "149.87300", "2013-06-30": "91.37790", "2013-03-31": "104.53110", "2012-12-31": "-109.52910", "2012-09-30": "-34.03500", "2012-06-30": "91.71390", "2012-03-31": "71.05700", "2011-12-31": "126.57670", "2011-09-30": "119.42100", "2011-06-30": "82.30300", "2011-03-31": "78.06600", "2010-12-31": "130.17410", "2010-09-30": "108.96200", "2010-06-30": "88.66200", "2010-03-31": "82.92900", "2009-12-31": "127.48440", "2009-09-30": "160.27300", "2009-06-30": "100.06490", "2009-03-31": "-540.91910", "2008-12-31": "-17.32290", "2008-09-30": "203.29700", "2008-06-30": "198.49100", "2008-03-31": "127.57200", "2007-12-31": "156.21000", "2007-09-30": "179.15610", "2007-06-30": "142.78500", "2007-03-31": "78.96900", "2006-12-31": "128.34800", "2006-09-30": "181.42900", "2006-06-30": "122.23000", "2006-03-31": "91.06800", "2005-12-31": "109.98320", "2005-09-30": "149.90300", "2005-06-30": "113.52400", "2005-03-31": "65.11300"}, "Basic Shares Outstanding": {"2020-12-31": "200.50000", "2020-09-30": "200.52200", "2020-06-30": "200.52200", "2020-03-31": "200.44000", "2019-12-31": "198.61200", "2019-09-30": "199.34300", "2019-06-30": "198.27000", "2019-03-31": "196.40100", "2018-12-31": "195.72000", "2018-09-30": "196.01800", "2018-06-30": "195.52400", "2018-03-31": "195.30400", "2017-12-31": "195.30400", "2017-09-30": "195.30400", "2017-06-30": "195.30400", "2017-03-31": "195.30400", "2016-12-31": "195.29900", "2016-09-30": "195.30400", "2016-06-30": "195.30400", "2016-03-31": "195.28400", "2015-12-31": "194.92800", "2015-09-30": "195.15100", "2015-06-30": "194.80500", "2015-03-31": "194.47900", "2014-12-31": "192.50700", "2014-09-30": "193.94900", "2014-06-30": "192.06000", "2014-03-31": "189.82000", "2013-12-31": "188.85500", "2013-09-30": "188.83100", "2013-06-30": "188.83100", "2013-03-31": "188.83100", "2012-12-31": "188.82600", "2012-09-30": "188.83100", "2012-06-30": "188.83100", "2012-03-31": "188.81100", "2011-12-31": "188.76300", "2011-09-30": "188.79400", "2011-06-30": "188.79400", "2011-03-31": "188.67100", "2010-12-31": "188.13700", "2010-09-30": "188.17000", "2010-06-30": "188.12900", "2010-03-31": "187.96300", "2009-12-31": "185.17500", "2009-09-30": "185.16000", "2009-06-30": "183.96400", "2009-03-31": "183.78700", "2008-12-31": "183.10000", "2008-09-30": "183.21900", "2008-06-30": "182.97200", "2008-03-31": "182.59900", "2007-12-31": "181.94600", "2007-09-30": "182.19200", "2007-06-30": "181.84700", "2007-03-31": "181.34100", "2006-12-31": "180.23400", "2006-09-30": "180.29100", "2006-06-30": "179.91100", "2006-03-31": "179.82300", "2005-12-31": "178.36500", "2005-09-30": "179.42900", "2005-06-30": "177.52200", "2005-03-31": "176.74050"}, "Shares Outstanding": {"2020-12-31": "200.90000", "2020-09-30": "200.61900", "2020-06-30": "200.53900", "2020-03-31": "200.45600", "2019-12-31": "198.62600", "2019-09-30": "199.38300", "2019-06-30": "198.28700", "2019-03-31": "196.41400", "2018-12-31": "196.15000", "2018-09-30": "196.26500", "2018-06-30": "196.16900", "2018-03-31": "195.98200", "2017-12-31": "195.68700", "2017-09-30": "195.78300", "2017-06-30": "195.97300", "2017-03-31": "196.02300", "2016-12-31": "195.61800", "2016-09-30": "195.81100", "2016-06-30": "195.69900", "2016-03-31": "195.28400", "2015-12-31": "194.98600", "2015-09-30": "195.16900", "2015-06-30": "194.83800", "2015-03-31": "194.56600", "2014-12-31": "192.58700", "2014-09-30": "194.30000", "2014-06-30": "192.65900", "2014-03-31": "190.43200", "2013-12-31": "189.69300", "2013-09-30": "189.63800", "2013-06-30": "189.46300", "2013-03-31": "189.22200", "2012-12-31": "188.82600", "2012-09-30": "188.83100", "2012-06-30": "189.10700", "2012-03-31": "189.18200", "2011-12-31": "188.90500", "2011-09-30": "188.79700", "2011-06-30": "188.96800", "2011-03-31": "188.81500", "2010-12-31": "188.22900", "2010-09-30": "188.33800", "2010-06-30": "188.26700", "2010-03-31": "188.22000", "2009-12-31": "185.17500", "2009-09-30": "185.42500", "2009-06-30": "184.39800", "2009-03-31": "183.78700", "2008-12-31": "183.80700", "2008-09-30": "184.08100", "2008-06-30": "183.72700", "2008-03-31": "183.13000", "2007-12-31": "182.90200", "2007-09-30": "183.17100", "2007-06-30": "182.74600", "2007-03-31": "182.33700", "2006-12-31": "181.39200", "2006-09-30": "181.30700", "2006-06-30": "181.10700", "2006-03-31": "180.91500", "2005-12-31": "179.49000", "2005-09-30": "180.58400", "2005-06-30": "178.55600", "2005-03-31": "178.15950"}, "Basic EPS": {"2020-12-31": "0.56000", "2020-09-30": "0.76000", "2020-06-30": "0.50000", "2020-03-31": "0.13000", "2019-12-31": "0.48000", "2019-09-30": "0.69000", "2019-06-30": "0.31000", "2019-03-31": "0.21000", "2018-12-31": "0.40000", "2018-09-30": "0.55000", "2018-06-30": "0.22000", "2018-03-31": "0.22000", "2017-12-31": "0.59000", "2017-09-30": "0.45000", "2017-06-30": "0.21000", "2017-03-31": "0.19000", "2016-12-31": "0.34000", "2016-09-30": "0.42000", "2016-06-30": "-0.56000", "2016-03-31": "0.13000", "2015-12-31": "0.27000", "2015-09-30": "-0.72000", "2015-06-30": "-1.18000", "2015-03-31": "-1.57000", "2014-12-31": "0.44000", "2014-09-30": "0.53000", "2014-06-30": "0.28000", "2014-03-31": "0.30000", "2013-12-31": "0.47000", "2013-09-30": "0.45000", "2013-06-30": "0.25000", "2013-03-31": "0.30000", "2012-12-31": "-0.33000", "2012-09-30": "-0.16000", "2012-06-30": "0.29000", "2012-03-31": "0.19000", "2011-12-31": "0.31000", "2011-09-30": "0.34000", "2011-06-30": "0.24000", "2011-03-31": "0.23000", "2010-12-31": "0.48000", "2010-09-30": "0.32000", "2010-06-30": "0.26000", "2010-03-31": "0.22000", "2009-12-31": "0.40000", "2009-09-30": "0.50000", "2009-06-30": "0.30000", "2009-03-31": "-1.87000", "2008-12-31": "-0.07000", "2008-09-30": "0.65000", "2008-06-30": "0.63000", "2008-03-31": "0.39000", "2007-12-31": "0.52000", "2007-09-30": "1.10000", "2007-06-30": "0.49000", "2007-03-31": "0.26000", "2006-12-31": "0.45000", "2006-09-30": "0.60000", "2006-06-30": "0.40000", "2006-03-31": "0.30000", "2005-12-31": "0.40670", "2005-09-30": "0.49000", "2005-06-30": "0.45000", "2005-03-31": "0.19330"}, "EPS - Earnings Per Share": {"2020-12-31": "0.56000", "2020-09-30": "0.76000", "2020-06-30": "0.50000", "2020-03-31": "0.13000", "2019-12-31": "0.48000", "2019-09-30": "0.69000", "2019-06-30": "0.31000", "2019-03-31": "0.21000", "2018-12-31": "0.40000", "2018-09-30": "0.55000", "2018-06-30": "0.22000", "2018-03-31": "0.22000", "2017-12-31": "0.58000", "2017-09-30": "0.45000", "2017-06-30": "0.21000", "2017-03-31": "0.19000", "2016-12-31": "0.34000", "2016-09-30": "0.42000", "2016-06-30": "-0.56000", "2016-03-31": "0.13000", "2015-12-31": "0.27000", "2015-09-30": "-0.72000", "2015-06-30": "-1.18000", "2015-03-31": "-1.57000", "2014-12-31": "0.44000", "2014-09-30": "0.53000", "2014-06-30": "0.28000", "2014-03-31": "0.30000", "2013-12-31": "0.49000", "2013-09-30": "0.44000", "2013-06-30": "0.24000", "2013-03-31": "0.30000", "2012-12-31": "-0.33000", "2012-09-30": "-0.16000", "2012-06-30": "0.29000", "2012-03-31": "0.19000", "2011-12-31": "0.31000", "2011-09-30": "0.34000", "2011-06-30": "0.24000", "2011-03-31": "0.23000", "2010-12-31": "0.47000", "2010-09-30": "0.32000", "2010-06-30": "0.26000", "2010-03-31": "0.22000", "2009-12-31": "0.40000", "2009-09-30": "0.50000", "2009-06-30": "0.30000", "2009-03-31": "-1.87000", "2008-12-31": "-0.07000", "2008-09-30": "0.64000", "2008-06-30": "0.63000", "2008-03-31": "0.39000", "2007-12-31": "0.52000", "2007-09-30": "1.10000", "2007-06-30": "0.49000", "2007-03-31": "0.25000", "2006-12-31": "0.46000", "2006-09-30": "0.60000", "2006-06-30": "0.39000", "2006-03-31": "0.29000", "2005-12-31": "0.40670", "2005-09-30": "0.48000", "2005-06-30": "0.45000", "2005-03-31": "0.19330"}}, "balance sheet": {"Cash On Hand": {"2020-12-31": "", "2019-12-31": "66.45900", "2018-12-31": "53.94800", "2017-12-31": "34.59900", "2016-12-31": "46.10700", "2015-12-31": "83.90300", "2014-12-31": "81.85500", "2013-12-31": "45.22500", "2012-12-31": "49.04200", "2011-12-31": "162.77200", "2010-12-31": "222.07400", "2009-12-31": "175.11400", "2008-12-31": "54.18100", "2007-12-31": "197.37000", "2006-12-31": "96.32800", "2005-12-31": "107.43500"}, "Receivables": {"2020-12-31": "", "2019-12-31": "836.60500", "2018-12-31": "722.94500", "2017-12-31": "727.03000", "2016-12-31": "630.24300", "2015-12-31": "582.47500", "2014-12-31": "599.18600", "2013-12-31": "713.06700", "2012-12-31": "678.12300", "2011-12-31": "646.25100", "2010-12-31": "583.74300", "2009-12-31": "531.98000", "2008-12-31": "707.10900", "2007-12-31": "715.48400", "2006-12-31": "622.47800", "2005-12-31": "601.06200"}, "Inventory": {"2020-12-31": "", "2019-12-31": "278.40700", "2018-12-31": "287.30900", "2017-12-31": "226.58300", "2016-12-31": "238.27300", "2015-12-31": "240.55100", "2014-12-31": "289.41000", "2013-12-31": "282.39100", "2012-12-31": "317.41500", "2011-12-31": "274.20500", "2010-12-31": "252.89700", "2009-12-31": "249.80400", "2008-12-31": "261.52400", "2007-12-31": "229.25500", "2006-12-31": "204.44000", "2005-12-31": "171.21300"}, "Pre-Paid Expenses": {"2020-12-31": "", "2019-12-31": "115.80500", "2018-12-31": "119.50000", "2017-12-31": "81.30400", "2016-12-31": "48.46100", "2015-12-31": "29.52800", "2014-12-31": "83.76300", "2013-12-31": "49.51000", "2012-12-31": "42.35100", "2011-12-31": "43.31600", "2010-12-31": "60.44100", "2009-12-31": "68.85400", "2008-12-31": "171.31400", "2007-12-31": "52.43700", "2006-12-31": "57.83300", "2005-12-31": "39.06600"}, "Other Current Assets": {"2020-12-31": "", "2019-12-31": "0.42500", "2018-12-31": "0.43000", "2017-12-31": "0.47900", "2016-12-31": "14.39100", "2015-12-31": "54.84700", "2014-12-31": "131.17700", "2013-12-31": "1.44700", "2012-12-31": "18.30400", "2011-12-31": "27.68700", "2010-12-31": "15.12300", "2009-12-31": "7.76100", "2008-12-31": "78.16400", "2007-12-31": "12.74000", "2006-12-31": "12.65600", "2005-12-31": "5.35800"}, "Total Current Assets": {"2020-12-31": "", "2019-12-31": "1297.70100", "2018-12-31": "1184.13200", "2017-12-31": "1069.99500", "2016-12-31": "977.47500", "2015-12-31": "991.30400", "2014-12-31": "1217.40300", "2013-12-31": "1116.68800", "2012-12-31": "1128.08100", "2011-12-31": "1194.63800", "2010-12-31": "1167.16800", "2009-12-31": "1061.65800", "2008-12-31": "1272.29200", "2007-12-31": "1214.33200", "2006-12-31": "993.73500", "2005-12-31": "933.19600"}, "Property, Plant, And Equipment": {"2020-12-31": "", "2019-12-31": "4917.14200", "2018-12-31": "4578.67700", "2017-12-31": "4079.18800", "2016-12-31": "3931.32700", "2015-12-31": "3898.38000", "2014-12-31": "3908.66500", "2013-12-31": "4931.37900", "2012-12-31": "4498.83900", "2011-12-31": "4285.01400", "2010-12-31": "4115.18000", "2009-12-31": "3894.11700", "2008-12-31": "4300.91800", "2007-12-31": "3659.55500", "2006-12-31": "2992.42300", "2005-12-31": "2679.30900"}, "Long-Term Investments": {"2020-12-31": "", "2019-12-31": "148.65600", "2018-12-31": "138.62000", "2017-12-31": "137.61300", "2016-12-31": "125.86600", "2015-12-31": "119.70400", "2014-12-31": "117.88300", "2013-12-31": "112.93900", "2012-12-31": "103.24300", "2011-12-31": "109.42400", "2010-12-31": "103.66100", "2009-12-31": "145.41600", "2008-12-31": "114.29000", "2007-12-31": "118.60200", "2006-12-31": "155.11100", "2005-12-31": "98.21700"}, "Goodwill And Intangible Assets": {"2020-12-31": "", "2019-12-31": "696.60390", "2018-12-31": "675.73700", "2017-12-31": "635.62800", "2016-12-31": "637.71600", "2015-12-31": "642.54600", "2014-12-31": "645.04400", "2013-12-31": "649.13800", "2012-12-31": "653.16800", "2011-12-31": "655.77400", "2010-12-31": "659.90400", "2009-12-31": "658.44000", "2008-12-31": "644.12700", "2007-12-31": "453.49000", "2006-12-31": "247.10000", "2005-12-31": "231.28000"}, "Other Long-Term Assets": {"2020-12-31": "", "2019-12-31": "507.63300", "2018-12-31": "410.94400", "2017-12-31": "412.24200", "2016-12-31": "612.08300", "2015-12-31": "913.22000", "2014-12-31": "1943.41300", "2013-12-31": "251.18800", "2012-12-31": "299.16000", "2011-12-31": "311.27500", "2010-12-31": "257.63600", "2009-12-31": "231.32100", "2008-12-31": "256.21800", "2007-12-31": "146.45500", "2006-12-31": "515.10500", "2005-12-31": "481.56000"}, "Total Long-Term Assets": {"2020-12-31": "", "2019-12-31": "6270.03500", "2018-12-31": "5803.97800", "2017-12-31": "5264.67100", "2016-12-31": "5306.99200", "2015-12-31": "5573.85000", "2014-12-31": "6615.00500", "2013-12-31": "5944.64400", "2012-12-31": "5554.41000", "2011-12-31": "5361.48700", "2010-12-31": "5136.38100", "2009-12-31": "4929.29400", "2008-12-31": "5315.55300", "2007-12-31": "4378.10200", "2006-12-31": "3909.73900", "2005-12-31": "3490.36600"}, "Total Assets": {"2020-12-31": "0.00000", "2019-12-31": "7683.05900", "2018-12-31": "6988.11000", "2017-12-31": "6334.66600", "2016-12-31": "6284.46700", "2015-12-31": "6565.15400", "2014-12-31": "7832.40800", "2013-12-31": "7061.33200", "2012-12-31": "6682.49100", "2011-12-31": "6556.12500", "2010-12-31": "6303.54900", "2009-12-31": "5990.95200", "2008-12-31": "6587.84500", "2007-12-31": "5592.43400", "2006-12-31": "4903.47400", "2005-12-31": "4423.56200"}, "Total Current Liabilities": {"2020-12-31": "", "2019-12-31": "866.42700", "2018-12-31": "986.05000", "2017-12-31": "812.85800", "2016-12-31": "669.65900", "2015-12-31": "947.26100", "2014-12-31": "991.12400", "2013-12-31": "784.90000", "2012-12-31": "850.11500", "2011-12-31": "898.75300", "2010-12-31": "768.07600", "2009-12-31": "667.18500", "2008-12-31": "967.47500", "2007-12-31": "849.88800", "2006-12-31": "653.96200", "2005-12-31": "628.92800"}, "Long Term Debt": {"2020-12-31": "", "2019-12-31": "2226.56700", "2018-12-31": "1856.84100", "2017-12-31": "1566.35400", "2016-12-31": "1746.56100", "2015-12-31": "1557.62400", "2014-12-31": "1825.27800", "2013-12-31": "1842.28600", "2012-12-31": "1610.86700", "2011-12-31": "1285.41100", "2010-12-31": "1433.95500", "2009-12-31": "1486.67700", "2008-12-31": "1568.63600", "2007-12-31": "1146.78100", "2006-12-31": "1170.54800", "2005-12-31": "1104.75200"}, "Other Non-Current Liabilities": {"2020-12-31": "", "2019-12-31": "1152.49400", "2018-12-31": "1148.35900", "2017-12-31": "1179.14000", "2016-12-31": "883.77700", "2015-12-31": "876.09200", "2014-12-31": "1052.20000", "2013-12-31": "718.93800", "2012-12-31": "818.15900", "2011-12-31": "827.22800", "2010-12-31": "736.44700", "2009-12-31": "674.47500", "2008-12-31": "562.80100", "2007-12-31": "396.43000", "2006-12-31": "367.44900", "2005-12-31": "298.88500"}, "Total Long Term Liabilities": {"2020-12-31": "", "2019-12-31": "3969.38600", "2018-12-31": "3435.28500", "2017-12-31": "3092.76500", "2016-12-31": "3298.56400", "2015-12-31": "3097.34500", "2014-12-31": "3591.50000", "2013-12-31": "3420.53000", "2012-12-31": "3184.12800", "2011-12-31": "2881.80500", "2010-12-31": "2842.67100", "2009-12-31": "2752.12000", "2008-12-31": "2859.29400", "2007-12-31": "2211.22700", "2006-12-31": "2084.59900", "2005-12-31": "1918.01200"}, "Total Liabilities": {"2020-12-31": "", "2019-12-31": "4835.81300", "2018-12-31": "4421.33500", "2017-12-31": "3905.62300", "2016-12-31": "3968.22300", "2015-12-31": "4044.60600", "2014-12-31": "4582.62400", "2013-12-31": "4205.43000", "2012-12-31": "4034.24300", "2011-12-31": "3780.55800", "2010-12-31": "3610.74700", "2009-12-31": "3419.30500", "2008-12-31": "3826.76900", "2007-12-31": "3061.11500", "2006-12-31": "2738.56100", "2005-12-31": "2546.94000"}, "Common Stock Net": {"2020-12-31": "", "2019-12-31": "200.92300", "2018-12-31": "196.56500", "2017-12-31": "195.84300", "2016-12-31": "195.84300", "2015-12-31": "195.80500", "2014-12-31": "194.75500", "2013-12-31": "189.86900", "2012-12-31": "189.36900", "2011-12-31": "189.33200", "2010-12-31": "188.90100", "2009-12-31": "188.38900", "2008-12-31": "184.20800", "2007-12-31": "182.94700", "2006-12-31": "181.55800", "2005-12-31": "120.26300"}, "Retained Earnings (Accumulated Deficit)": {"2020-12-31": "", "2019-12-31": "1336.64700", "2018-12-31": "1163.60200", "2017-12-31": "1040.74800", "2016-12-31": "912.28200", "2015-12-31": "996.35500", "2014-12-31": "1762.82700", "2013-12-31": "1603.13000", "2012-12-31": "1457.14600", "2011-12-31": "1586.12300", "2010-12-31": "1497.43900", "2009-12-31": "1377.03900", "2008-12-31": "1616.83000", "2007-12-31": "1433.58500", "2006-12-31": "1104.21000", "2005-12-31": "884.79500"}, "Comprehensive Income": {"2020-12-31": "", "2019-12-31": "-42.10200", "2018-12-31": "-38.34200", "2017-12-31": "-37.33400", "2016-12-31": "-35.73300", "2015-12-31": "-37.14800", "2014-12-31": "-42.10300", "2013-12-31": "-38.20500", "2012-12-31": "-48.72100", "2011-12-31": "-47.00100", "2010-12-31": "-31.26100", "2009-12-31": "-20.83300", "2008-12-31": "10.36500", "2007-12-31": "-9.39300", "2006-12-31": "-6.48200", "2005-12-31": "-33.81600"}, "Other Share Holders Equity": {"2020-12-31": "", "2019-12-31": "", "2018-12-31": "", "2017-12-31": "", "2016-12-31": "", "2015-12-31": "", "2014-12-31": "", "2013-12-31": "", "2012-12-31": "", "2011-12-31": "", "2010-12-31": "", "2009-12-31": "", "2008-12-31": "", "2007-12-31": "", "2006-12-31": "", "2005-12-31": ""}, "Share Holder Equity": {"2020-12-31": "", "2019-12-31": "2847.24600", "2018-12-31": "2566.77500", "2017-12-31": "2429.04300", "2016-12-31": "2316.24400", "2015-12-31": "2520.54800", "2014-12-31": "3249.78400", "2013-12-31": "2855.90200", "2012-12-31": "2648.24800", "2011-12-31": "2775.56700", "2010-12-31": "2692.80200", "2009-12-31": "2571.64700", "2008-12-31": "2761.07600", "2007-12-31": "2531.31900", "2006-12-31": "2164.91300", "2005-12-31": "1876.62200"}, "Total Liabilities And Share Holders Equity": {"2020-12-31": "", "2019-12-31": "7683.05900", "2018-12-31": "6988.11000", "2017-12-31": "6334.66600", "2016-12-31": "6284.46700", "2015-12-31": "6565.15400", "2014-12-31": "7832.40800", "2013-12-31": "7061.33200", "2012-12-31": "6682.49100", "2011-12-31": "6556.12500", "2010-12-31": "6303.54900", "2009-12-31": "5990.95200", "2008-12-31": "6587.84500", "2007-12-31": "5592.43400", "2006-12-31": "4903.47400", "2005-12-31": "4423.56200"}}, "balance sheet, quarterly": {"Cash On Hand": {"2020-12-31": "", "2020-09-30": "66.07000", "2020-06-30": "64.35800", "2020-03-31": "116.52600", "2019-12-31": "66.45900", "2019-09-30": "67.00000", "2019-06-30": "71.96600", "2019-03-31": "49.72100", "2018-12-31": "53.94800", "2018-09-30": "67.07700", "2018-06-30": "41.65900", "2018-03-31": "58.76400", "2017-12-31": "34.59900", "2017-09-30": "37.35600", "2017-06-30": "40.04800", "2017-03-31": "50.73500", "2016-12-31": "46.10700", "2016-09-30": "59.86800", "2016-06-30": "85.11700", "2016-03-31": "90.57300", "2015-12-31": "83.90300", "2015-09-30": "88.63000", "2015-06-30": "143.52700", "2015-03-31": "126.44000", "2014-12-31": "81.85500", "2014-09-30": "261.75100", "2014-06-30": "110.81700", "2014-03-31": "83.70000", "2013-12-31": "45.22500", "2013-09-30": "66.17400", "2013-06-30": "114.97100", "2013-03-31": "74.14900", "2012-12-31": "49.04200", "2012-09-30": "74.24200", "2012-06-30": "101.64300", "2012-03-31": "91.38900", "2011-12-31": "162.77200", "2011-09-30": "118.70200", "2011-06-30": "107.76800", "2011-03-31": "136.01600", "2010-12-31": "222.07400", "2010-09-30": "36.28500", "2010-06-30": "65.79200", "2010-03-31": "106.66400", "2009-12-31": "175.11400", "2009-09-30": "63.09300", "2009-06-30": "36.27700", "2009-03-31": "47.01800", "2008-12-31": "54.18100", "2008-09-30": "70.39700", "2008-06-30": "95.80700", "2008-03-31": "84.99500", "2007-12-31": "197.37000", "2007-09-30": "119.22800", "2007-06-30": "84.83400", "2007-03-31": "67.17400", "2006-12-31": "96.32800", "2006-09-30": "68.78600", "2006-06-30": "114.78700", "2006-03-31": "107.97000", "2005-12-31": "107.43500", "2005-09-30": "98.39200", "2005-06-30": "57.71100", "2005-03-31": "146.66700"}, "Receivables": {"2020-12-31": "", "2020-09-30": "1009.43300", "2020-06-30": "920.82400", "2020-03-31": "835.46800", "2019-12-31": "836.60500", "2019-09-30": "968.27900", "2019-06-30": "890.57900", "2019-03-31": "722.15200", "2018-12-31": "722.94500", "2018-09-30": "787.34400", "2018-06-30": "743.68700", "2018-03-31": "664.31900", "2017-12-31": "727.03000", "2017-09-30": "739.40200", "2017-06-30": "661.77100", "2017-03-31": "554.18500", "2016-12-31": "630.24300", "2016-09-30": "665.14200", "2016-06-30": "637.16600", "2016-03-31": "526.61900", "2015-12-31": "582.47500", "2015-09-30": "663.34200", "2015-06-30": "597.60600", "2015-03-31": "505.96400", "2014-12-31": "599.18600", "2014-09-30": "666.93000", "2014-06-30": "584.65800", "2014-03-31": "690.76100", "2013-12-31": "713.06700", "2013-09-30": "787.31100", "2013-06-30": "734.76500", "2013-03-31": "635.56400", "2012-12-31": "678.12300", "2012-09-30": "743.27400", "2012-06-30": "654.60900", "2012-03-31": "539.58900", "2011-12-31": "646.25100", "2011-09-30": "641.38900", "2011-06-30": "566.36600", "2011-03-31": "533.27900", "2010-12-31": "583.74300", "2010-09-30": "585.48700", "2010-06-30": "502.45400", "2010-03-31": "467.79000", "2009-12-31": "531.98000", "2009-09-30": "519.57200", "2009-06-30": "559.84200", "2009-03-31": "580.70000", "2008-12-31": "707.10900", "2008-09-30": "784.35100", "2008-06-30": "769.37900", "2008-03-31": "697.07900", "2007-12-31": "715.48400", "2007-09-30": "748.85800", "2007-06-30": "642.55900", "2007-03-31": "548.54200", "2006-12-31": "622.47800", "2006-09-30": "714.75400", "2006-06-30": "643.43900", "2006-03-31": "542.74600", "2005-12-31": "601.06200", "2005-09-30": "632.20700", "2005-06-30": "546.72200", "2005-03-31": "392.69400"}, "Inventory": {"2020-12-31": "", "2020-09-30": "286.22300", "2020-06-30": "302.83700", "2020-03-31": "305.95800", "2019-12-31": "278.40700", "2019-09-30": "286.05700", "2019-06-30": "325.94400", "2019-03-31": "311.53500", "2018-12-31": "287.30900", "2018-09-30": "270.29300", "2018-06-30": "278.23900", "2018-03-31": "257.79200", "2017-12-31": "226.58300", "2017-09-30": "232.55500", "2017-06-30": "249.87000", "2017-03-31": "250.60900", "2016-12-31": "238.27300", "2016-09-30": "245.79000", "2016-06-30": "265.84900", "2016-03-31": "259.75600", "2015-12-31": "240.55100", "2015-09-30": "245.98700", "2015-06-30": "290.23900", "2015-03-31": "328.07200", "2014-12-31": "289.41000", "2014-09-30": "289.20100", "2014-06-30": "318.57300", "2014-03-31": "301.33200", "2013-12-31": "282.39100", "2013-09-30": "314.57100", "2013-06-30": "345.88500", "2013-03-31": "334.87200", "2012-12-31": "317.41500", "2012-09-30": "315.76700", "2012-06-30": "333.39200", "2012-03-31": "313.34100", "2011-12-31": "274.20500", "2011-09-30": "269.56900", "2011-06-30": "277.32700", "2011-03-31": "262.69600", "2010-12-31": "252.89700", "2010-09-30": "261.68000", "2010-06-30": "260.16300", "2010-03-31": "253.93100", "2009-12-31": "249.80400", "2009-09-30": "268.67700", "2009-06-30": "285.81400", "2009-03-31": "276.26800", "2008-12-31": "261.52400", "2008-09-30": "276.13800", "2008-06-30": "267.12500", "2008-03-31": "227.01700", "2007-12-31": "229.25500", "2007-09-30": "254.71000", "2007-06-30": "221.17900", "2007-03-31": "206.25000", "2006-12-31": "204.44000", "2006-09-30": "225.23400", "2006-06-30": "206.68200", "2006-03-31": "171.47400", "2005-12-31": "171.21300", "2005-09-30": "193.93400", "2005-06-30": "158.88600", "2005-03-31": "133.91600"}, "Pre-Paid Expenses": {"2020-12-31": "", "2020-09-30": "61.70600", "2020-06-30": "48.19400", "2020-03-31": "60.23000", "2019-12-31": "52.61700", "2019-09-30": "71.29800", "2019-06-30": "75.66000", "2019-03-31": "77.32700", "2018-12-31": "119.50000", "2018-09-30": "88.76000", "2018-06-30": "52.03500", "2018-03-31": "59.48100", "2017-12-31": "81.30400", "2017-09-30": "89.62500", "2017-06-30": "63.95300", "2017-03-31": "79.25400", "2016-12-31": "48.46100", "2016-09-30": "49.08200", "2016-06-30": "50.30900", "2016-03-31": "52.38000", "2015-12-31": "29.52800", "2015-09-30": "55.86000", "2015-06-30": "66.67600", "2015-03-31": "80.90500", "2014-12-31": "83.76300", "2014-09-30": "70.78600", "2014-06-30": "91.16500", "2014-03-31": "99.22900", "2013-12-31": "49.51000", "2013-09-30": "56.25700", "2013-06-30": "58.87000", "2013-03-31": "68.82800", "2012-12-31": "42.35100", "2012-09-30": "71.57900", "2012-06-30": "85.72900", "2012-03-31": "64.89700", "2011-12-31": "43.31600", "2011-09-30": "48.85100", "2011-06-30": "71.60400", "2011-03-31": "73.55600", "2010-12-31": "60.44100", "2010-09-30": "99.71600", "2010-06-30": "98.20300", "2010-03-31": "104.68700", "2009-12-31": "68.85400", "2009-09-30": "77.73600", "2009-06-30": "117.38100", "2009-03-31": "135.73400", "2008-12-31": "171.31400", "2008-09-30": "150.34700", "2008-06-30": "111.10000", "2008-03-31": "83.33100", "2007-12-31": "52.43700", "2007-09-30": "104.72100", "2007-06-30": "78.53500", "2007-03-31": "81.16600", "2006-12-31": "57.83300", "2006-09-30": "77.61500", "2006-06-30": "90.89800", "2006-03-31": "70.81800", "2005-12-31": "39.06600", "2005-09-30": "42.10000", "2005-06-30": "56.85900", "2005-03-31": "58.19000"}, "Other Current Assets": {"2020-12-31": "", "2020-09-30": "79.12500", "2020-06-30": "60.55700", "2020-03-31": "55.20600", "2019-12-31": "63.61300", "2019-09-30": "69.18100", "2019-06-30": "80.66100", "2019-03-31": "74.49400", "2018-12-31": "0.43000", "2018-09-30": "0.57100", "2018-06-30": "0.57200", "2018-03-31": "0.45800", "2017-12-31": "0.47900", "2017-09-30": "0.30400", "2017-06-30": "0.32800", "2017-03-31": "7.29000", "2016-12-31": "14.39100", "2016-09-30": "45.86700", "2016-06-30": "37.62500", "2016-03-31": "99.54400", "2015-12-31": "54.84700", "2015-09-30": "117.82300", "2015-06-30": "147.16200", "2015-03-31": "91.20500", "2014-12-31": "131.17700", "2014-09-30": "144.03800", "2014-06-30": "172.51800", "2014-03-31": "0.08100", "2013-12-31": "1.44700", "2013-09-30": "4.37300", "2013-06-30": "9.79700", "2013-03-31": "5.93600", "2012-12-31": "18.30400", "2012-09-30": "19.19300", "2012-06-30": "37.00000", "2012-03-31": "26.69800", "2011-12-31": "27.68700", "2011-09-30": "38.79400", "2011-06-30": "14.23400", "2011-03-31": "13.25000", "2010-12-31": "15.12300", "2010-09-30": "26.80300", "2010-06-30": "24.93200", "2010-03-31": "38.14600", "2009-12-31": "7.76100", "2009-09-30": "28.42100", "2009-06-30": "62.04800", "2009-03-31": "92.57700", "2008-12-31": "78.16400", "2008-09-30": "38.87700", "2008-06-30": "64.19300", "2008-03-31": "31.60400", "2007-12-31": "12.74000", "2007-09-30": "0.59400", "2007-06-30": "69.66200", "2007-03-31": "23.87100", "2006-12-31": "12.65600", "2006-09-30": "12.52900", "2006-06-30": "13.03300", "2006-03-31": "10.18000", "2005-12-31": "5.35800", "2005-09-30": "", "2005-06-30": "", "2005-03-31": ""}, "Total Current Assets": {"2020-12-31": "", "2020-09-30": "1502.55700", "2020-06-30": "1396.77000", "2020-03-31": "1373.38800", "2019-12-31": "1297.70100", "2019-09-30": "1461.81500", "2019-06-30": "1444.81000", "2019-03-31": "1235.22900", "2018-12-31": "1184.13200", "2018-09-30": "1214.04500", "2018-06-30": "1116.19200", "2018-03-31": "1040.81400", "2017-12-31": "1069.99500", "2017-09-30": "1099.24200", "2017-06-30": "1015.97000", "2017-03-31": "942.07300", "2016-12-31": "977.47500", "2016-09-30": "1065.74900", "2016-06-30": "1076.06600", "2016-03-31": "1028.87200", "2015-12-31": "991.30400", "2015-09-30": "1203.53400", "2015-06-30": "1283.29700", "2015-03-31": "1169.97100", "2014-12-31": "1217.40300", "2014-09-30": "1449.75200", "2014-06-30": "1300.21800", "2014-03-31": "1204.53000", "2013-12-31": "1116.68800", "2013-09-30": "1254.97000", "2013-06-30": "1292.24700", "2013-03-31": "1149.23400", "2012-12-31": "1128.08100", "2012-09-30": "1249.40000", "2012-06-30": "1233.82400", "2012-03-31": "1078.15300", "2011-12-31": "1194.63800", "2011-09-30": "1132.01800", "2011-06-30": "1071.03100", "2011-03-31": "1064.00300", "2010-12-31": "1167.16800", "2010-09-30": "1035.52300", "2010-06-30": "969.29900", "2010-03-31": "989.76100", "2009-12-31": "1061.65800", "2009-09-30": "970.54900", "2009-06-30": "1063.85200", "2009-03-31": "1132.29700", "2008-12-31": "1272.29200", "2008-09-30": "1320.11000", "2008-06-30": "1355.04600", "2008-03-31": "1151.92300", "2007-12-31": "1214.33200", "2007-09-30": "1228.11100", "2007-06-30": "1096.76900", "2007-03-31": "929.70500", "2006-12-31": "993.73500", "2006-09-30": "1107.61600", "2006-06-30": "1080.47600", "2006-03-31": "913.47400", "2005-12-31": "933.19600", "2005-09-30": "970.04900", "2005-06-30": "827.01800", "2005-03-31": "741.61800"}, "Property, Plant, And Equipment": {"2020-12-31": "", "2020-09-30": "5087.94600", "2020-06-30": "4998.60200", "2020-03-31": "4968.52600", "2019-12-31": "4917.14200", "2019-09-30": "4801.82600", "2019-06-30": "4722.38000", "2019-03-31": "4643.38200", "2018-12-31": "4578.67700", "2018-09-30": "4306.31100", "2018-06-30": "4217.75600", "2018-03-31": "4117.48300", "2017-12-31": "4079.18800", "2017-09-30": "3991.12900", "2017-06-30": "3953.28400", "2017-03-31": "3934.77400", "2016-12-31": "3931.32700", "2016-09-30": "4004.87900", "2016-06-30": "3974.62200", "2016-03-31": "3927.40600", "2015-12-31": "3898.38000", "2015-09-30": "3756.05000", "2015-06-30": "3693.03900", "2015-03-31": "3955.92800", "2014-12-31": "3908.66500", "2014-09-30": "3737.20700", "2014-06-30": "3625.17100", "2014-03-31": "5195.82700", "2013-12-31": "4931.37900", "2013-09-30": "4855.28200", "2013-06-30": "4744.52500", "2013-03-31": "4624.53000", "2012-12-31": "4498.83900", "2012-09-30": "4582.94500", "2012-06-30": "4590.05900", "2012-03-31": "4379.19600", "2011-12-31": "4285.01400", "2011-09-30": "4199.40000", "2011-06-30": "4158.19900", "2011-03-31": "4096.51900", "2010-12-31": "4115.18000", "2010-09-30": "4107.38800", "2010-06-30": "4084.96900", "2010-03-31": "3939.94400", "2009-12-31": "3894.11700", "2009-09-30": "3874.83100", "2009-06-30": "3744.26400", "2009-03-31": "3711.80500", "2008-12-31": "4300.91800", "2008-09-30": "4181.31100", "2008-06-30": "4099.07100", "2008-03-31": "3959.98500", "2007-12-31": "3659.55500", "2007-09-30": "3537.74800", "2007-06-30": "3101.34600", "2007-03-31": "3050.49800", "2006-12-31": "2992.42300", "2006-09-30": "2937.62600", "2006-06-30": "2874.64700", "2006-03-31": "2718.70100", "2005-12-31": "2679.30900", "2005-09-30": "2907.04500", "2005-06-30": "2832.93800", "2005-03-31": "2622.00100"}, "Long-Term Investments": {"2020-12-31": "", "2020-09-30": "158.44000", "2020-06-30": "154.77900", "2020-03-31": "145.23700", "2019-12-31": "148.65600", "2019-09-30": "144.41700", "2019-06-30": "145.74600", "2019-03-31": "144.61600", "2018-12-31": "138.62000", "2018-09-30": "143.30300", "2018-06-30": "140.05300", "2018-03-31": "138.45100", "2017-12-31": "137.61300", "2017-09-30": "133.89500", "2017-06-30": "131.72600", "2017-03-31": "129.00900", "2016-12-31": "125.86600", "2016-09-30": "126.04800", "2016-06-30": "124.53100", "2016-03-31": "121.95500", "2015-12-31": "119.70400", "2015-09-30": "118.06300", "2015-06-30": "119.44600", "2015-03-31": "118.37000", "2014-12-31": "117.88300", "2014-09-30": "115.61900", "2014-06-30": "116.55700", "2014-03-31": "113.76300", "2013-12-31": "112.93900", "2013-09-30": "108.66400", "2013-06-30": "106.50800", "2013-03-31": "106.84600", "2012-12-31": "103.24300", "2012-09-30": "102.13900", "2012-06-30": "99.34300", "2012-03-31": "113.79900", "2011-12-31": "109.42400", "2011-09-30": "109.24900", "2011-06-30": "116.36800", "2011-03-31": "117.01500", "2010-12-31": "103.66100", "2010-09-30": "152.57700", "2010-06-30": "142.21200", "2010-03-31": "141.44300", "2009-12-31": "145.41600", "2009-09-30": "137.34000", "2009-06-30": "125.36100", "2009-03-31": "114.05800", "2008-12-31": "114.29000", "2008-09-30": "118.86500", "2008-06-30": "121.27900", "2008-03-31": "113.28600", "2007-12-31": "118.60200", "2007-09-30": "112.28300", "2007-06-30": "136.58500", "2007-03-31": "133.45400", "2006-12-31": "155.11100", "2006-09-30": "155.98900", "2006-06-30": "106.22600", "2006-03-31": "103.40400", "2005-12-31": "98.21700", "2005-09-30": "100.95400", "2005-06-30": "98.56300", "2005-03-31": "119.50800"}, "Goodwill And Intangible Assets": {"2020-12-31": "", "2020-09-30": "739.05300", "2020-06-30": "740.17900", "2020-03-31": "747.77700", "2019-12-31": "696.60390", "2019-09-30": "696.86000", "2019-06-30": "690.71800", "2019-03-31": "691.07500", "2018-12-31": "675.73700", "2018-09-30": "644.52100", "2018-06-30": "646.56400", "2018-03-31": "635.25600", "2017-12-31": "635.62800", "2017-09-30": "636.00000", "2017-06-30": "636.57600", "2017-03-31": "637.13800", "2016-12-31": "637.71600", "2016-09-30": "648.05600", "2016-06-30": "648.68700", "2016-03-31": "649.33000", "2015-12-31": "642.54600", "2015-09-30": "643.11200", "2015-06-30": "643.71000", "2015-03-31": "644.37000", "2014-12-31": "645.04400", "2014-09-30": "646.63500", "2014-06-30": "647.30500", "2014-03-31": "648.33500", "2013-12-31": "649.13800", "2013-09-30": "650.13100", "2013-06-30": "651.35100", "2013-03-31": "652.35700", "2012-12-31": "653.16800", "2012-09-30": "654.05400", "2012-06-30": "654.04500", "2012-03-31": "655.38000", "2011-12-31": "655.77400", "2011-09-30": "657.17900", "2011-06-30": "658.26800", "2011-03-31": "659.28200", "2010-12-31": "659.90400", "2010-09-30": "660.74500", "2010-06-30": "660.85300", "2010-03-31": "661.24500", "2009-12-31": "658.44000", "2009-09-30": "659.22000", "2009-06-30": "647.45100", "2009-03-31": "648.13900", "2008-12-31": "644.12700", "2008-09-30": "473.43200", "2008-06-30": "470.31700", "2008-03-31": "455.87100", "2007-12-31": "453.49000", "2007-09-30": "459.75900", "2007-06-30": "244.17900", "2007-03-31": "244.86600", "2006-12-31": "247.10000", "2006-09-30": "249.09000", "2006-06-30": "245.27000", "2006-03-31": "225.18900", "2005-12-31": "231.28000", "2005-09-30": "243.42600", "2005-06-30": "245.26900", "2005-03-31": "215.84300"}, "Other Long-Term Assets": {"2020-12-31": "", "2020-09-30": "516.96900", "2020-06-30": "505.05100", "2020-03-31": "501.20600", "2019-12-31": "507.63300", "2019-09-30": "506.92900", "2019-06-30": "469.04400", "2019-03-31": "457.13500", "2018-12-31": "410.94400", "2018-09-30": "410.01300", "2018-06-30": "413.40500", "2018-03-31": "416.84800", "2017-12-31": "412.24200", "2017-09-30": "484.17900", "2017-06-30": "492.94200", "2017-03-31": "505.46400", "2016-12-31": "612.08300", "2016-09-30": "472.97700", "2016-06-30": "527.62000", "2016-03-31": "837.69900", "2015-12-31": "913.22000", "2015-09-30": "1255.31300", "2015-06-30": "1513.38500", "2015-03-31": "1433.15600", "2014-12-31": "1943.41300", "2014-09-30": "1856.96100", "2014-06-30": "2003.07800", "2014-03-31": "246.39400", "2013-12-31": "251.18800", "2013-09-30": "298.06100", "2013-06-30": "297.04000", "2013-03-31": "295.21500", "2012-12-31": "299.16000", "2012-09-30": "314.13300", "2012-06-30": "324.29900", "2012-03-31": "312.10300", "2011-12-31": "311.27500", "2011-09-30": "262.10700", "2011-06-30": "253.51500", "2011-03-31": "254.47200", "2010-12-31": "257.63600", "2010-09-30": "260.72200", "2010-06-30": "255.47300", "2010-03-31": "249.45400", "2009-12-31": "231.32100", "2009-09-30": "230.63200", "2009-06-30": "242.43600", "2009-03-31": "254.24000", "2008-12-31": "256.21800", "2008-09-30": "161.77000", "2008-06-30": "166.01900", "2008-03-31": "149.75200", "2007-12-31": "146.45500", "2007-09-30": "152.74700", "2007-06-30": "523.85500", "2007-03-31": "517.92100", "2006-12-31": "515.10500", "2006-09-30": "516.23500", "2006-06-30": "522.81000", "2006-03-31": "521.61600", "2005-12-31": "481.56000", "2005-09-30": "90.25600", "2005-06-30": "91.95300", "2005-03-31": "88.37000"}, "Total Long-Term Assets": {"2020-12-31": "", "2020-09-30": "6502.40700", "2020-06-30": "6398.61100", "2020-03-31": "6362.74600", "2019-12-31": "6270.03500", "2019-09-30": "6150.03200", "2019-06-30": "6027.88800", "2019-03-31": "5936.20800", "2018-12-31": "5803.97800", "2018-09-30": "5504.14800", "2018-06-30": "5417.77800", "2018-03-31": "5308.03800", "2017-12-31": "5264.67100", "2017-09-30": "5245.20300", "2017-06-30": "5214.52800", "2017-03-31": "5206.38500", "2016-12-31": "5306.99200", "2016-09-30": "5251.96000", "2016-06-30": "5275.46000", "2016-03-31": "5536.39000", "2015-12-31": "5573.85000", "2015-09-30": "5772.53800", "2015-06-30": "5969.58000", "2015-03-31": "6151.82400", "2014-12-31": "6615.00500", "2014-09-30": "6356.42200", "2014-06-30": "6392.11100", "2014-03-31": "6204.31900", "2013-12-31": "5944.64400", "2013-09-30": "5912.13800", "2013-06-30": "5799.42400", "2013-03-31": "5678.94800", "2012-12-31": "5554.41000", "2012-09-30": "5653.27100", "2012-06-30": "5667.74600", "2012-03-31": "5460.47800", "2011-12-31": "5361.48700", "2011-09-30": "5227.93500", "2011-06-30": "5186.35100", "2011-03-31": "5127.28900", "2010-12-31": "5136.38100", "2010-09-30": "5181.43300", "2010-06-30": "5143.50700", "2010-03-31": "4992.08600", "2009-12-31": "4929.29400", "2009-09-30": "4902.02300", "2009-06-30": "4759.51200", "2009-03-31": "4728.24200", "2008-12-31": "5315.55300", "2008-09-30": "4935.37800", "2008-06-30": "4856.68600", "2008-03-31": "4678.89400", "2007-12-31": "4378.10200", "2007-09-30": "4262.53700", "2007-06-30": "4005.96500", "2007-03-31": "3946.73900", "2006-12-31": "3909.73900", "2006-09-30": "3858.94000", "2006-06-30": "3748.95300", "2006-03-31": "3568.91000", "2005-12-31": "3490.36600", "2005-09-30": "3341.68100", "2005-06-30": "3268.72300", "2005-03-31": "3045.72200"}, "Total Assets": {"2020-12-31": "0.00000", "2020-09-30": "8125.49900", "2020-06-30": "7911.13200", "2020-03-31": "7850.51600", "2019-12-31": "7683.05900", "2019-09-30": "7730.61100", "2019-06-30": "7591.49300", "2019-03-31": "7278.92300", "2018-12-31": "6988.11000", "2018-09-30": "6718.19300", "2018-06-30": "6533.97000", "2018-03-31": "6348.85200", "2017-12-31": "6334.66600", "2017-09-30": "6344.44500", "2017-06-30": "6230.49800", "2017-03-31": "6148.45800", "2016-12-31": "6284.46700", "2016-09-30": "6317.70900", "2016-06-30": "6351.52600", "2016-03-31": "6565.26200", "2015-12-31": "6565.15400", "2015-09-30": "6976.07200", "2015-06-30": "7252.87700", "2015-03-31": "7321.79500", "2014-12-31": "7832.40800", "2014-09-30": "7806.17400", "2014-06-30": "7692.32900", "2014-03-31": "7408.84900", "2013-12-31": "7061.33200", "2013-09-30": "7167.10800", "2013-06-30": "7091.67100", "2013-03-31": "6828.18200", "2012-12-31": "6682.49100", "2012-09-30": "6902.67100", "2012-06-30": "6901.57000", "2012-03-31": "6538.63100", "2011-12-31": "6556.12500", "2011-09-30": "6359.95300", "2011-06-30": "6257.38100", "2011-03-31": "6191.29100", "2010-12-31": "6303.54900", "2010-09-30": "6216.95500", "2010-06-30": "6112.80600", "2010-03-31": "5981.84700", "2009-12-31": "5990.95200", "2009-09-30": "5872.57200", "2009-06-30": "5823.36400", "2009-03-31": "5860.53900", "2008-12-31": "6587.84500", "2008-09-30": "6255.48800", "2008-06-30": "6211.73200", "2008-03-31": "5830.81700", "2007-12-31": "5592.43400", "2007-09-30": "5490.64800", "2007-06-30": "5102.73400", "2007-03-31": "4876.44400", "2006-12-31": "4903.47400", "2006-09-30": "4966.55600", "2006-06-30": "4829.42900", "2006-03-31": "4482.38400", "2005-12-31": "4423.56200", "2005-09-30": "4311.73000", "2005-06-30": "4095.74100", "2005-03-31": "3787.34000"}, "Total Current Liabilities": {"2020-12-31": "", "2020-09-30": "1066.99000", "2020-06-30": "999.71900", "2020-03-31": "824.47900", "2019-12-31": "866.42700", "2019-09-30": "1033.67700", "2019-06-30": "912.60200", "2019-03-31": "1062.77900", "2018-12-31": "986.05000", "2018-09-30": "725.21800", "2018-06-30": "800.98400", "2018-03-31": "764.26100", "2017-12-31": "812.85800", "2017-09-30": "856.56800", "2017-06-30": "693.80500", "2017-03-31": "618.03400", "2016-12-31": "669.65900", "2016-09-30": "740.08200", "2016-06-30": "698.25700", "2016-03-31": "765.65100", "2015-12-31": "947.26100", "2015-09-30": "948.71200", "2015-06-30": "1080.94100", "2015-03-31": "995.43300", "2014-12-31": "991.12400", "2014-09-30": "970.60700", "2014-06-30": "820.67600", "2014-03-31": "745.47800", "2013-12-31": "784.90000", "2013-09-30": "845.80700", "2013-06-30": "865.88900", "2013-03-31": "917.18300", "2012-12-31": "850.11500", "2012-09-30": "1025.14500", "2012-06-30": "1024.49100", "2012-03-31": "910.22100", "2011-12-31": "898.75300", "2011-09-30": "764.44900", "2011-06-30": "723.41900", "2011-03-31": "654.77000", "2010-12-31": "768.07600", "2010-09-30": "727.17700", "2010-06-30": "640.69300", "2010-03-31": "662.91300", "2009-12-31": "667.18500", "2009-09-30": "644.96300", "2009-06-30": "691.61400", "2009-03-31": "776.01400", "2008-12-31": "967.47500", "2008-09-30": "894.51800", "2008-06-30": "987.74800", "2008-03-31": "924.85800", "2007-12-31": "849.88800", "2007-09-30": "852.74100", "2007-06-30": "650.80500", "2007-03-31": "581.61600", "2006-12-31": "653.96200", "2006-09-30": "656.17900", "2006-06-30": "666.44300", "2006-03-31": "557.53700", "2005-12-31": "628.92800", "2005-09-30": "740.86400", "2005-06-30": "451.96400", "2005-03-31": "471.44200"}, "Long Term Debt": {"2020-12-31": "", "2020-09-30": "2268.73200", "2020-06-30": "2265.31600", "2020-03-31": "2438.67500", "2019-12-31": "2226.56700", "2019-09-30": "2180.94600", "2019-06-30": "2327.98400", "2019-03-31": "1946.18100", "2018-12-31": "1856.84100", "2018-09-30": "1911.55500", "2018-06-30": "1743.71100", "2018-03-31": "1630.34300", "2017-12-31": "1566.35400", "2017-09-30": "1592.05300", "2017-06-30": "1677.97700", "2017-03-31": "1659.50700", "2016-12-31": "1746.56100", "2016-09-30": "1808.35000", "2016-06-30": "1928.70900", "2016-03-31": "1759.51400", "2015-12-31": "1557.62400", "2015-09-30": "1942.23400", "2015-06-30": "1886.80400", "2015-03-31": "1775.10500", "2014-12-31": "1825.27800", "2014-09-30": "2060.94600", "2014-06-30": "2144.27100", "2014-03-31": "2093.60500", "2013-12-31": "1842.28600", "2013-09-30": "1967.87200", "2013-06-30": "1937.66300", "2013-03-31": "1618.56900", "2012-12-31": "1610.86700", "2012-09-30": "1502.41300", "2012-06-30": "1383.43200", "2012-03-31": "1213.97400", "2011-12-31": "1285.41100", "2011-09-30": "1347.01400", "2011-06-30": "1369.53400", "2011-03-31": "1414.07700", "2010-12-31": "1433.95500", "2010-09-30": "1437.17100", "2010-06-30": "1508.71400", "2010-03-31": "1426.14600", "2009-12-31": "1486.67700", "2009-09-30": "1471.83300", "2009-06-30": "1636.59200", "2009-03-31": "1614.78600", "2008-12-31": "1568.63600", "2008-09-30": "1418.33000", "2008-06-30": "1474.90800", "2008-03-31": "1269.96300", "2007-12-31": "1146.78100", "2007-09-30": "1146.70800", "2007-06-30": "1224.28600", "2007-03-31": "1155.11700", "2006-12-31": "1170.54800", "2006-09-30": "1307.05000", "2006-06-30": "1299.17500", "2006-03-31": "1134.88900", "2005-12-31": "1104.75200", "2005-09-30": "1047.24500", "2005-06-30": "1119.71900", "2005-03-31": "907.06100"}, "Other Non-Current Liabilities": {"2020-12-31": "", "2020-09-30": "1156.34800", "2020-06-30": "1147.34800", "2020-03-31": "1151.64500", "2019-12-31": "1152.49400", "2019-09-30": "1147.02200", "2019-06-30": "1145.84600", "2019-03-31": "1142.86200", "2018-12-31": "1148.35900", "2018-09-30": "1154.36600", "2018-06-30": "1175.30100", "2018-03-31": "1181.91900", "2017-12-31": "1179.14000", "2017-09-30": "889.49400", "2017-06-30": "887.52500", "2017-03-31": "890.10700", "2016-12-31": "883.77700", "2016-09-30": "821.89000", "2016-06-30": "820.34900", "2016-03-31": "874.41400", "2015-12-31": "876.09200", "2015-09-30": "851.90700", "2015-06-30": "858.89790", "2015-03-31": "880.08290", "2014-12-31": "1052.20000", "2014-09-30": "940.95100", "2014-06-30": "994.44300", "2014-03-31": "720.54200", "2013-12-31": "718.93800", "2013-09-30": "794.92800", "2013-06-30": "810.63900", "2013-03-31": "814.64300", "2012-12-31": "818.15900", "2012-09-30": "834.93400", "2012-06-30": "833.69200", "2012-03-31": "842.16900", "2011-12-31": "827.22800", "2011-09-30": "710.46500", "2011-06-30": "711.51600", "2011-03-31": "731.42800", "2010-12-31": "736.44700", "2010-09-30": "718.33100", "2010-06-30": "708.40300", "2010-03-31": "680.96500", "2009-12-31": "674.47500", "2009-09-30": "691.96100", "2009-06-30": "544.10400", "2009-03-31": "551.17500", "2008-12-31": "562.80100", "2008-09-30": "430.61300", "2008-06-30": "472.98900", "2008-03-31": "416.67200", "2007-12-31": "396.43000", "2007-09-30": "398.35300", "2007-06-30": "385.38300", "2007-03-31": "391.03300", "2006-12-31": "367.44900", "2006-09-30": "324.45300", "2006-06-30": "310.08300", "2006-03-31": "308.25900", "2005-12-31": "298.88500", "2005-09-30": "264.18800", "2005-06-30": "244.01800", "2005-03-31": "248.56200"}, "Total Long Term Liabilities": {"2020-12-31": "", "2020-09-30": "4045.74400", "2020-06-30": "4013.72600", "2020-03-31": "4189.44500", "2019-12-31": "3969.38600", "2019-09-30": "3901.32800", "2019-06-30": "4018.59000", "2019-03-31": "3610.45200", "2018-12-31": "3435.28500", "2018-09-30": "3471.68200", "2018-06-30": "3281.90800", "2018-03-31": "3158.48000", "2017-12-31": "3092.76500", "2017-09-30": "3133.96000", "2017-06-30": "3233.74100", "2017-03-31": "3231.51900", "2016-12-31": "3298.56400", "2016-09-30": "3292.56600", "2016-06-30": "3415.65900", "2016-03-31": "3304.22700", "2015-12-31": "3097.34500", "2015-09-30": "3512.48900", "2015-06-30": "3485.04400", "2015-03-31": "3391.91900", "2014-12-31": "3591.50000", "2014-09-30": "3677.06400", "2014-06-30": "3807.21100", "2014-03-31": "3713.56700", "2013-12-31": "3420.53000", "2013-09-30": "3570.81100", "2013-06-30": "3531.14000", "2013-03-31": "3236.01700", "2012-12-31": "3184.12800", "2012-09-30": "3134.59600", "2012-06-30": "3056.80700", "2012-03-31": "2854.81200", "2011-12-31": "2881.80500", "2011-09-30": "2804.42500", "2011-06-30": "2808.61200", "2011-03-31": "2847.43800", "2010-12-31": "2842.67100", "2010-09-30": "2827.65700", "2010-06-30": "2844.37300", "2010-03-31": "2710.91400", "2009-12-31": "2752.12000", "2009-09-30": "2711.33200", "2009-06-30": "2721.64800", "2009-03-31": "2682.92600", "2008-12-31": "2859.29400", "2008-09-30": "2571.35600", "2008-06-30": "2633.37700", "2008-03-31": "2364.61700", "2007-12-31": "2211.22700", "2007-09-30": "2174.64300", "2007-06-30": "2180.25900", "2007-03-31": "2102.67200", "2006-12-31": "2084.59900", "2006-09-30": "2204.54700", "2006-06-30": "2167.53600", "2006-03-31": "1983.90300", "2005-12-31": "1918.01200", "2005-09-30": "1799.85200", "2005-06-30": "1884.38800", "2005-03-31": "1655.55100"}, "Total Liabilities": {"2020-12-31": "", "2020-09-30": "5112.73400", "2020-06-30": "5013.44500", "2020-03-31": "5013.92400", "2019-12-31": "4835.81300", "2019-09-30": "4935.00500", "2019-06-30": "4931.19200", "2019-03-31": "4673.23100", "2018-12-31": "4421.33500", "2018-09-30": "4196.90000", "2018-06-30": "4082.89200", "2018-03-31": "3922.74100", "2017-12-31": "3905.62300", "2017-09-30": "3990.52800", "2017-06-30": "3927.54600", "2017-03-31": "3849.55300", "2016-12-31": "3968.22300", "2016-09-30": "4032.64800", "2016-06-30": "4113.91600", "2016-03-31": "4069.87800", "2015-12-31": "4044.60600", "2015-09-30": "4461.20100", "2015-06-30": "4565.98500", "2015-03-31": "4387.35200", "2014-12-31": "4582.62400", "2014-09-30": "4647.67100", "2014-06-30": "4627.88700", "2014-03-31": "4459.04500", "2013-12-31": "4205.43000", "2013-09-30": "4416.61800", "2013-06-30": "4397.02900", "2013-03-31": "4153.20000", "2012-12-31": "4034.24300", "2012-09-30": "4159.74100", "2012-06-30": "4081.29800", "2012-03-31": "3765.03300", "2011-12-31": "3780.55800", "2011-09-30": "3568.87400", "2011-06-30": "3532.03100", "2011-03-31": "3502.20800", "2010-12-31": "3610.74700", "2010-09-30": "3554.83400", "2010-06-30": "3485.06600", "2010-03-31": "3373.82700", "2009-12-31": "3419.30500", "2009-09-30": "3356.29500", "2009-06-30": "3413.26200", "2009-03-31": "3458.94000", "2008-12-31": "3826.76900", "2008-09-30": "3465.87400", "2008-06-30": "3621.12500", "2008-03-31": "3289.47500", "2007-12-31": "3061.11500", "2007-09-30": "3027.38400", "2007-06-30": "2831.06400", "2007-03-31": "2684.28800", "2006-12-31": "2738.56100", "2006-09-30": "2860.72600", "2006-06-30": "2833.97900", "2006-03-31": "2541.44000", "2005-12-31": "2546.94000", "2005-09-30": "2540.71600", "2005-06-30": "2336.35200", "2005-03-31": "2126.99300"}, "Common Stock Net": {"2020-12-31": "", "2020-09-30": "201.06100", "2020-06-30": "201.06100", "2020-03-31": "201.06100", "2019-12-31": "200.92300", "2019-09-30": "200.87600", "2019-06-30": "199.53900", "2019-03-31": "198.31700", "2018-12-31": "196.56500", "2018-09-30": "196.55700", "2018-06-30": "196.55700", "2018-03-31": "195.84300", "2017-12-31": "195.84300", "2017-09-30": "195.84300", "2017-06-30": "195.84300", "2017-03-31": "195.84300", "2016-12-31": "195.84300", "2016-09-30": "195.84300", "2016-06-30": "195.84300", "2016-03-31": "195.84300", "2015-12-31": "195.80500", "2015-09-30": "195.80500", "2015-06-30": "195.41100", "2015-03-31": "195.19100", "2014-12-31": "194.75500", "2014-09-30": "194.54800", "2014-06-30": "194.13900", "2014-03-31": "191.83900", "2013-12-31": "189.86900", "2013-09-30": "189.36900", "2013-06-30": "189.36900", "2013-03-31": "189.36900", "2012-12-31": "189.36900", "2012-09-30": "189.36900", "2012-06-30": "189.36900", "2012-03-31": "189.36900", "2011-12-31": "189.33200", "2011-09-30": "189.33200", "2011-06-30": "189.33200", "2011-03-31": "189.33200", "2010-12-31": "188.90100", "2010-09-30": "188.73200", "2010-06-30": "188.67300", "2010-03-31": "188.65600", "2009-12-31": "188.38900", "2009-09-30": "187.67300", "2009-06-30": "184.50800", "2009-03-31": "184.49900", "2008-12-31": "184.20800", "2008-09-30": "183.77000", "2008-06-30": "183.70600", "2008-03-31": "183.33700", "2007-12-31": "182.94700", "2007-09-30": "182.91500", "2007-06-30": "182.41600", "2007-03-31": "182.31900", "2006-12-31": "181.55800", "2006-09-30": "181.27900", "2006-06-30": "180.51600", "2006-03-31": "120.29000", "2005-12-31": "120.26300", "2005-09-30": "120.19200", "2005-06-30": "120.09300", "2005-03-31": "118.77400"}, "Retained Earnings (Accumulated Deficit)": {"2020-12-31": "", "2020-09-30": "1489.08500", "2020-06-30": "1377.87900", "2020-03-31": "1319.98800", "2019-12-31": "1336.64700", "2019-09-30": "1283.04400", "2019-06-30": "1185.96700", "2019-03-31": "1164.50900", "2018-12-31": "1163.60200", "2018-09-30": "1124.83000", "2018-06-30": "1056.42400", "2018-03-31": "1051.46900", "2017-12-31": "1040.74800", "2017-09-30": "964.27500", "2017-06-30": "914.63200", "2017-03-31": "911.70200", "2016-12-31": "912.28200", "2016-09-30": "884.33900", "2016-06-30": "838.25700", "2016-03-31": "984.31500", "2015-12-31": "996.35500", "2015-09-30": "980.42100", "2015-06-30": "1155.77700", "2015-03-31": "1421.22000", "2014-12-31": "1762.82700", "2014-09-30": "1713.77400", "2014-06-30": "1645.29100", "2014-03-31": "1625.69200", "2013-12-31": "1603.13000", "2013-09-30": "1546.00000", "2013-06-30": "1494.41900", "2013-03-31": "1480.78400", "2012-12-31": "1457.14600", "2012-09-30": "1550.56900", "2012-06-30": "1612.16900", "2012-03-31": "1589.98500", "2011-12-31": "1586.12300", "2011-09-30": "1556.55000", "2011-06-30": "1523.54600", "2011-03-31": "1509.44900", "2010-12-31": "1497.43900", "2010-09-30": "1439.05000", "2010-06-30": "1407.95000", "2010-03-31": "1388.91400", "2009-12-31": "1377.03900", "2009-09-30": "1334.25500", "2009-06-30": "1270.77800", "2009-03-31": "1244.24800", "2008-12-31": "1616.83000", "2008-09-30": "1656.76700", "2008-06-30": "1567.03500", "2008-03-31": "1478.32700", "2007-12-31": "1433.58500", "2007-09-30": "1365.49700", "2007-06-30": "1190.93500", "2007-03-31": "1126.27000", "2006-12-31": "1104.21000", "2006-09-30": "1046.93300", "2006-06-30": "963.19400", "2006-03-31": "914.89900", "2005-12-31": "884.79500", "2005-09-30": "834.56700", "2005-06-30": "770.36100", "2005-03-31": "711.95400"}, "Comprehensive Income": {"2020-12-31": "", "2020-09-30": "-40.24900", "2020-06-30": "-40.80900", "2020-03-31": "-41.39500", "2019-12-31": "-42.10200", "2019-09-30": "-36.67800", "2019-06-30": "-37.09000", "2019-03-31": "-37.56800", "2018-12-31": "-38.34200", "2018-09-30": "-43.61900", "2018-06-30": "-44.13500", "2018-03-31": "-44.86000", "2017-12-31": "-37.33400", "2017-09-30": "-35.34100", "2017-06-30": "-35.78900", "2017-03-31": "-36.18500", "2016-12-31": "-35.73300", "2016-09-30": "-37.89100", "2016-06-30": "-38.20600", "2016-03-31": "-38.58200", "2015-12-31": "-37.14800", "2015-09-30": "-39.84400", "2015-06-30": "-40.24600", "2015-03-31": "-40.92400", "2014-12-31": "-42.10300", "2014-09-30": "-37.03200", "2014-06-30": "-37.19800", "2014-03-31": "-37.53800", "2013-12-31": "-38.20500", "2013-09-30": "-56.93700", "2013-06-30": "-56.82100", "2013-03-31": "-56.61500", "2012-12-31": "-48.72100", "2012-09-30": "-46.44800", "2012-06-30": "-29.57500", "2012-03-31": "-52.93000", "2011-12-31": "-47.00100", "2011-09-30": "-0.58800", "2011-06-30": "-32.26800", "2011-03-31": "-53.11200", "2010-12-31": "-31.26100", "2010-09-30": "0.49600", "2010-06-30": "-0.46300", "2010-03-31": "0.63500", "2009-12-31": "-20.83300", "2009-09-30": "-18.33800", "2009-06-30": "1.66900", "2009-03-31": "21.10900", "2008-12-31": "10.36500", "2008-09-30": "9.28800", "2008-06-30": "-97.29200", "2008-03-31": "-48.85500", "2007-12-31": "-9.39300", "2007-09-30": "-6.32700", "2007-06-30": "-8.89300", "2007-03-31": "-19.79700", "2006-12-31": "-6.48200", "2006-09-30": "8.27100", "2006-06-30": "-1.00000", "2006-03-31": "-3.64500", "2005-12-31": "-33.81600", "2005-09-30": "-81.42100", "2005-06-30": "-24.34700", "2005-03-31": "-32.60200"}, "Other Share Holders Equity": {"2020-12-31": "", "2020-09-30": "", "2020-06-30": "", "2020-03-31": "", "2019-12-31": "", "2019-09-30": "", "2019-06-30": "", "2019-03-31": "", "2018-12-31": "", "2018-09-30": "", "2018-06-30": "", "2018-03-31": "", "2017-12-31": "", "2017-09-30": "", "2017-06-30": "", "2017-03-31": "", "2016-12-31": "", "2016-09-30": "", "2016-06-30": "", "2016-03-31": "", "2015-12-31": "", "2015-09-30": "", "2015-06-30": "", "2015-03-31": "", "2014-12-31": "", "2014-09-30": "", "2014-06-30": "", "2014-03-31": "", "2013-12-31": "", "2013-09-30": "", "2013-06-30": "", "2013-03-31": "", "2012-12-31": "", "2012-09-30": "", "2012-06-30": "", "2012-03-31": "", "2011-12-31": "", "2011-09-30": "", "2011-06-30": "", "2011-03-31": "", "2010-12-31": "", "2010-09-30": "", "2010-06-30": "", "2010-03-31": "", "2009-12-31": "", "2009-09-30": "", "2009-06-30": "", "2009-03-31": "", "2008-12-31": "", "2008-09-30": "", "2008-06-30": "", "2008-03-31": "", "2007-12-31": "", "2007-09-30": "", "2007-06-30": "", "2007-03-31": "", "2006-12-31": "", "2006-09-30": "", "2006-06-30": "", "2006-03-31": "", "2005-12-31": "", "2005-09-30": "", "2005-06-30": "", "2005-03-31": ""}, "Share Holder Equity": {"2020-12-31": "", "2020-09-30": "3012.76500", "2020-06-30": "2897.68700", "2020-03-31": "2836.59200", "2019-12-31": "2847.24600", "2019-09-30": "2795.60600", "2019-06-30": "2660.30100", "2019-03-31": "2605.69200", "2018-12-31": "2566.77500", "2018-09-30": "2521.29300", "2018-06-30": "2451.07800", "2018-03-31": "2426.11100", "2017-12-31": "2429.04300", "2017-09-30": "2353.91700", "2017-06-30": "2302.95200", "2017-03-31": "2298.90500", "2016-12-31": "2316.24400", "2016-09-30": "2285.06100", "2016-06-30": "2237.61000", "2016-03-31": "2495.38400", "2015-12-31": "2520.54800", "2015-09-30": "2514.87100", "2015-06-30": "2686.89200", "2015-03-31": "2934.44300", "2014-12-31": "3249.78400", "2014-09-30": "3158.50300", "2014-06-30": "3064.44200", "2014-03-31": "2949.80400", "2013-12-31": "2855.90200", "2013-09-30": "2750.49000", "2013-06-30": "2694.64200", "2013-03-31": "2674.98200", "2012-12-31": "2648.24800", "2012-09-30": "2742.93000", "2012-06-30": "2820.27200", "2012-03-31": "2773.59800", "2011-12-31": "2775.56700", "2011-09-30": "2791.07900", "2011-06-30": "2725.35000", "2011-03-31": "2689.08300", "2010-12-31": "2692.80200", "2010-09-30": "2662.12100", "2010-06-30": "2627.74000", "2010-03-31": "2608.02000", "2009-12-31": "2571.64700", "2009-09-30": "2516.27700", "2009-06-30": "2410.10200", "2009-03-31": "2401.59900", "2008-12-31": "2761.07600", "2008-09-30": "2789.61400", "2008-06-30": "2590.60700", "2008-03-31": "2541.34200", "2007-12-31": "2531.31900", "2007-09-30": "2463.26400", "2007-06-30": "2271.67000", "2007-03-31": "2192.15600", "2006-12-31": "2164.91300", "2006-09-30": "2105.83000", "2006-06-30": "1995.45000", "2006-03-31": "1940.94400", "2005-12-31": "1876.62200", "2005-09-30": "1771.01400", "2005-06-30": "1759.38900", "2005-03-31": "1660.34700"}, "Total Liabilities And Share Holders Equity": {"2020-12-31": "", "2020-09-30": "8125.49900", "2020-06-30": "7911.13200", "2020-03-31": "7850.51600", "2019-12-31": "7683.05900", "2019-09-30": "7730.61100", "2019-06-30": "7591.49300", "2019-03-31": "7278.92300", "2018-12-31": "6988.11000", "2018-09-30": "6718.19300", "2018-06-30": "6533.97000", "2018-03-31": "6348.85200", "2017-12-31": "6334.66600", "2017-09-30": "6344.44500", "2017-06-30": "6230.49800", "2017-03-31": "6148.45800", "2016-12-31": "6284.46700", "2016-09-30": "6317.70900", "2016-06-30": "6351.52600", "2016-03-31": "6565.26200", "2015-12-31": "6565.15400", "2015-09-30": "6976.07200", "2015-06-30": "7252.87700", "2015-03-31": "7321.79500", "2014-12-31": "7832.40800", "2014-09-30": "7806.17400", "2014-06-30": "7692.32900", "2014-03-31": "7408.84900", "2013-12-31": "7061.33200", "2013-09-30": "7167.10800", "2013-06-30": "7091.67100", "2013-03-31": "6828.18200", "2012-12-31": "6682.49100", "2012-09-30": "6902.67100", "2012-06-30": "6901.57000", "2012-03-31": "6538.63100", "2011-12-31": "6556.12500", "2011-09-30": "6359.95300", "2011-06-30": "6257.38100", "2011-03-31": "6191.29100", "2010-12-31": "6303.54900", "2010-09-30": "6216.95500", "2010-06-30": "6112.80600", "2010-03-31": "5981.84700", "2009-12-31": "5990.95200", "2009-09-30": "5872.57200", "2009-06-30": "5823.36400", "2009-03-31": "5860.53900", "2008-12-31": "6587.84500", "2008-09-30": "6255.48800", "2008-06-30": "6211.73200", "2008-03-31": "5830.81700", "2007-12-31": "5592.43400", "2007-09-30": "5490.64800", "2007-06-30": "5102.73400", "2007-03-31": "4876.44400", "2006-12-31": "4903.47400", "2006-09-30": "4966.55600", "2006-06-30": "4829.42900", "2006-03-31": "4482.38400", "2005-12-31": "4423.56200", "2005-09-30": "4311.73000", "2005-06-30": "4095.74100", "2005-03-31": "3787.34000"}}, "cash flow statement": {"Net Income/Loss": {"2020-12-31": "769.80000", "2019-12-31": "335.45300", "2018-12-31": "272.31800", "2017-12-31": "281.20300", "2016-12-31": "-67.25800", "2015-12-31": "-657.69100", "2014-12-31": "294.33800", "2013-12-31": "278.57000", "2012-12-31": "-0.75400", "2011-12-31": "213.02600", "2010-12-31": "240.65900", "2009-12-31": "-123.27400", "2008-12-31": "293.67300", "2007-12-31": "432.12000", "2006-12-31": "315.75700", "2005-12-31": "275.08300"}, "Total Depreciation And Amortization - Cash Flow": {"2020-12-31": "", "2019-12-31": "256.01700", "2018-12-31": "220.20500", "2017-12-31": "207.48600", "2016-12-31": "216.31800", "2015-12-31": "211.74700", "2014-12-31": "203.08400", "2013-12-31": "200.39800", "2012-12-31": "359.20500", "2011-12-31": "343.39500", "2010-12-31": "328.84300", "2009-12-31": "330.54200", "2008-12-31": "366.02000", "2007-12-31": "301.93200", "2006-12-31": "256.53100", "2005-12-31": "219.44000"}, "Other Non-Cash Items": {"2020-12-31": "-1.40000", "2019-12-31": "63.59200", "2018-12-31": "52.86100", "2017-12-31": "77.15900", "2016-12-31": "337.55600", "2015-12-31": "1006.77700", "2014-12-31": "228.79000", "2013-12-31": "317.11300", "2012-12-31": "368.03000", "2011-12-31": "127.23900", "2010-12-31": "43.46900", "2009-12-31": "447.21800", "2008-12-31": "201.05500", "2007-12-31": "-127.48200", "2006-12-31": "60.11200", "2005-12-31": "27.80100"}, "Total Non-Cash Items": {"2020-12-31": "-1.40000", "2019-12-31": "319.60900", "2018-12-31": "273.06600", "2017-12-31": "284.64500", "2016-12-31": "553.87400", "2015-12-31": "1218.52400", "2014-12-31": "431.87400", "2013-12-31": "517.51100", "2012-12-31": "727.23500", "2011-12-31": "470.63400", "2010-12-31": "372.31200", "2009-12-31": "777.76000", "2008-12-31": "567.07500", "2007-12-31": "174.45000", "2006-12-31": "316.64300", "2005-12-31": "247.24100"}, "Change In Accounts Receivable": {"2020-12-31": "", "2019-12-31": "-104.37400", "2018-12-31": "28.23400", "2017-12-31": "-108.25500", "2016-12-31": "-25.64100", "2015-12-31": "4.70400", "2014-12-31": "6.65200", "2013-12-31": "-25.63500", "2012-12-31": "-13.41600", "2011-12-31": "-30.45200", "2010-12-31": "-59.03700", "2009-12-31": "132.93900", "2008-12-31": "27.16500", "2007-12-31": "-40.25600", "2006-12-31": "-7.63900", "2005-12-31": "-119.16800"}, "Change In Inventories": {"2020-12-31": "", "2019-12-31": "9.33100", "2018-12-31": "-46.79600", "2017-12-31": "9.13500", "2016-12-31": "2.43300", "2015-12-31": "2.26500", "2014-12-31": "-17.48400", "2013-12-31": "28.29200", "2012-12-31": "-42.33400", "2011-12-31": "-24.22600", "2010-12-31": "-4.72800", "2009-12-31": "13.96900", "2008-12-31": "-18.57400", "2007-12-31": "-7.13000", "2006-12-31": "-29.73600", "2005-12-31": "-20.21700"}, "Change In Accounts Payable": {"2020-12-31": "", "2019-12-31": "30.07900", "2018-12-31": "21.10900", "2017-12-31": "26.01300", "2016-12-31": "7.03900", "2015-12-31": "37.22400", "2014-12-31": "-47.09200", "2013-12-31": "26.28500", "2012-12-31": "6.35200", "2011-12-31": "-12.26300", "2010-12-31": "17.83300", "2009-12-31": "-61.86700", "2008-12-31": "28.20500", "2007-12-31": "24.70200", "2006-12-31": "19.83400", "2005-12-31": "52.12100"}, "Change In Assets/Liabilities": {"2020-12-31": "", "2019-12-31": "-47.81800", "2018-12-31": "-48.05000", "2017-12-31": "-44.73000", "2016-12-31": "-8.23800", "2015-12-31": "56.80600", "2014-12-31": "-81.22600", "2013-12-31": "-70.71500", "2012-12-31": "-92.34300", "2011-12-31": "9.92900", "2010-12-31": "-15.40600", "2009-12-31": "107.15900", "2008-12-31": "-111.35700", "2007-12-31": "-20.69400", "2006-12-31": "44.71000", "2005-12-31": "48.49000"}, "Total Change In Assets/Liabilities": {"2020-12-31": "", "2019-12-31": "-112.78200", "2018-12-31": "-45.50300", "2017-12-31": "-117.83700", "2016-12-31": "-24.40700", "2015-12-31": "100.99900", "2014-12-31": "-139.15000", "2013-12-31": "-41.77300", "2012-12-31": "-141.74100", "2011-12-31": "-57.01200", "2010-12-31": "-61.33800", "2009-12-31": "192.20000", "2008-12-31": "-74.56100", "2007-12-31": "-43.37800", "2006-12-31": "27.16900", "2005-12-31": "-38.77400"}, "Cash Flow From Operating Activities": {"2020-12-31": "768.40000", "2019-12-31": "542.28000", "2018-12-31": "499.88100", "2017-12-31": "448.01100", "2016-12-31": "462.20900", "2015-12-31": "661.83200", "2014-12-31": "587.06200", "2013-12-31": "754.30800", "2012-12-31": "584.74000", "2011-12-31": "626.64800", "2010-12-31": "551.63300", "2009-12-31": "846.68600", "2008-12-31": "786.18700", "2007-12-31": "563.19200", "2006-12-31": "659.56900", "2005-12-31": "483.55000"}, "Net Change In Property, Plant, And Equipment": {"2020-12-31": "", "2019-12-31": "-546.25300", "2018-12-31": "-542.13000", "2017-12-31": "-214.79400", "2016-12-31": "-343.35700", "2015-12-31": "-482.26300", "2014-12-31": "-400.43700", "2013-12-31": "-490.53000", "2012-12-31": "-832.81000", "2011-12-31": "-456.89300", "2010-12-31": "-449.28200", "2009-12-31": "-421.99600", "2008-12-31": "-659.55100", "2007-12-31": "-533.30000", "2006-12-31": "-449.37100", "2005-12-31": "-337.39600"}, "Net Change In Intangible Assets": {"2020-12-31": "", "2019-12-31": "", "2018-12-31": "", "2017-12-31": "", "2016-12-31": "", "2015-12-31": "", "2014-12-31": "", "2013-12-31": "", "2012-12-31": "", "2011-12-31": "", "2010-12-31": "", "2009-12-31": "", "2008-12-31": "", "2007-12-31": "", "2006-12-31": "", "2005-12-31": ""}, "Net Acquisitions/Divestitures": {"2020-12-31": "", "2019-12-31": "-55.59700", "2018-12-31": "-167.69200", "2017-12-31": "", "2016-12-31": "", "2015-12-31": "", "2014-12-31": "", "2013-12-31": "", "2012-12-31": "-67.26100", "2011-12-31": "-0.15700", "2010-12-31": "-104.81200", "2009-12-31": "-6.41000", "2008-12-31": "-533.54300", "2007-12-31": "-348.49000", "2006-12-31": "-113.78100", "2005-12-31": "-213.55700"}, "Net Change In Short-term Investments": {"2020-12-31": "", "2019-12-31": "", "2018-12-31": "", "2017-12-31": "", "2016-12-31": "", "2015-12-31": "", "2014-12-31": "", "2013-12-31": "", "2012-12-31": "", "2011-12-31": "", "2010-12-31": "", "2009-12-31": "", "2008-12-31": "", "2007-12-31": "", "2006-12-31": "", "2005-12-31": ""}, "Net Change In Long-Term Investments": {"2020-12-31": "", "2019-12-31": "-2.01100", "2018-12-31": "-2.32100", "2017-12-31": "-1.60800", "2016-12-31": "-1.39600", "2015-12-31": "1.51500", "2014-12-31": "-1.04100", "2013-12-31": "2.19800", "2012-12-31": "12.11900", "2011-12-31": "-7.49500", "2010-12-31": "69.76400", "2009-12-31": "-3.74000", "2008-12-31": "85.77300", "2007-12-31": "-8.69000", "2006-12-31": "-59.20200", "2005-12-31": "39.99900"}, "Net Change In Investments - Total": {"2020-12-31": "", "2019-12-31": "-2.01100", "2018-12-31": "-2.32100", "2017-12-31": "-1.60800", "2016-12-31": "-1.39600", "2015-12-31": "1.51500", "2014-12-31": "-1.04100", "2013-12-31": "2.19800", "2012-12-31": "12.11900", "2011-12-31": "-7.49500", "2010-12-31": "69.76400", "2009-12-31": "-3.74000", "2008-12-31": "85.77300", "2007-12-31": "-8.69000", "2006-12-31": "-59.20200", "2005-12-31": "39.99900"}, "Investing Activities - Other": {"2020-12-31": "", "2019-12-31": "", "2018-12-31": "1.23600", "2017-12-31": "2.23400", "2016-12-31": "39.65800", "2015-12-31": "98.29500", "2014-12-31": "-502.71200", "2013-12-31": "-294.32900", "2012-12-31": "", "2011-12-31": "", "2010-12-31": "76.38600", "2009-12-31": "", "2008-12-31": "", "2007-12-31": "548.21600", "2006-12-31": "-37.87200", "2005-12-31": "-132.95600"}, "Cash Flow From Investing Activities": {"2020-12-31": "-630.20000", "2019-12-31": "-603.86100", "2018-12-31": "-710.90700", "2017-12-31": "-214.16800", "2016-12-31": "-305.09500", "2015-12-31": "-382.45300", "2014-12-31": "-904.19000", "2013-12-31": "-782.66100", "2012-12-31": "-887.95200", "2011-12-31": "-464.54500", "2010-12-31": "-407.94400", "2009-12-31": "-432.14600", "2008-12-31": "-1107.32100", "2007-12-31": "-342.26400", "2006-12-31": "-660.22600", "2005-12-31": "-643.91000"}, "Net Long-Term Debt": {"2020-12-31": "", "2019-12-31": "130.53800", "2018-12-31": "392.30900", "2017-12-31": "-76.58200", "2016-12-31": "-6.58300", "2015-12-31": "-220.57800", "2014-12-31": "240.92100", "2013-12-31": "84.21700", "2012-12-31": "329.18200", "2011-12-31": "-84.85100", "2010-12-31": "6.53200", "2009-12-31": "-147.90700", "2008-12-31": "253.40200", "2007-12-31": "-112.21400", "2006-12-31": "40.86600", "2005-12-31": "247.11500"}, "Net Current Debt": {"2020-12-31": "", "2019-12-31": "-0.02300", "2018-12-31": "", "2017-12-31": "", "2016-12-31": "", "2015-12-31": "", "2014-12-31": "-11.50000", "2013-12-31": "9.50000", "2012-12-31": "20.10000", "2011-12-31": "-20.00000", "2010-12-31": "9.70000", "2009-12-31": "-94.80000", "2008-12-31": "103.40000", "2007-12-31": "1.70000", "2006-12-31": "", "2005-12-31": ""}, "Debt Issuance/Retirement Net - Total": {"2020-12-31": "", "2019-12-31": "130.51500", "2018-12-31": "392.30900", "2017-12-31": "-76.58200", "2016-12-31": "-6.58300", "2015-12-31": "-220.57800", "2014-12-31": "229.42100", "2013-12-31": "93.71700", "2012-12-31": "349.28200", "2011-12-31": "-104.85100", "2010-12-31": "16.23200", "2009-12-31": "-242.70700", "2008-12-31": "356.80200", "2007-12-31": "-110.51400", "2006-12-31": "40.86600", "2005-12-31": "247.11500"}, "Net Common Equity Issued/Repurchased": {"2020-12-31": "", "2019-12-31": "106.84800", "2018-12-31": "-5.02000", "2017-12-31": "-1.68400", "2016-12-31": "", "2015-12-31": "21.89800", "2014-12-31": "150.06000", "2013-12-31": "14.55400", "2012-12-31": "0.08800", "2011-12-31": "5.74400", "2010-12-31": "4.97200", "2009-12-31": "65.20700", "2008-12-31": "15.01100", "2007-12-31": "17.26300", "2006-12-31": "19.96300", "2005-12-31": "9.16500"}, "Net Total Equity Issued/Repurchased": {"2020-12-31": "", "2019-12-31": "106.84800", "2018-12-31": "-5.02000", "2017-12-31": "-17.28400", "2016-12-31": "", "2015-12-31": "21.89800", "2014-12-31": "150.06000", "2013-12-31": "14.55400", "2012-12-31": "0.08800", "2011-12-31": "5.74400", "2010-12-31": "4.97200", "2009-12-31": "65.20700", "2008-12-31": "15.01100", "2007-12-31": "17.26300", "2006-12-31": "19.96300", "2005-12-31": "9.16500"}, "Total Common And Preferred Stock Dividends Paid": {"2020-12-31": "", "2019-12-31": "-160.25600", "2018-12-31": "-154.57300", "2017-12-31": "-150.72700", "2016-12-31": "-147.15600", "2015-12-31": "-142.83500", "2014-12-31": "-136.71200", "2013-12-31": "-98.40500", "2012-12-31": "-159.76800", "2011-12-31": "-123.32300", "2010-12-31": "-119.15700", "2009-12-31": "-115.02300", "2008-12-31": "-108.59100", "2007-12-31": "-100.64100", "2006-12-31": "-93.45000", "2005-12-31": "-87.55100"}, "Financial Activities - Other": {"2020-12-31": "", "2019-12-31": "-3.01500", "2018-12-31": "-2.34000", "2017-12-31": "-0.75700", "2016-12-31": "-41.17500", "2015-12-31": "85.78500", "2014-12-31": "82.42700", "2013-12-31": "27.00000", "2012-12-31": "0.02600", "2011-12-31": "1.23900", "2010-12-31": "1.18600", "2009-12-31": "0.60100", "2008-12-31": "4.44100", "2007-12-31": "5.39800", "2006-12-31": "2.52400", "2005-12-31": ""}, "Cash Flow From Financial Activities": {"2020-12-31": "-145.10000", "2019-12-31": "74.09200", "2018-12-31": "230.37600", "2017-12-31": "-245.35000", "2016-12-31": "-194.91400", "2015-12-31": "-255.73000", "2014-12-31": "325.19600", "2013-12-31": "36.86600", "2012-12-31": "189.62800", "2011-12-31": "-221.19100", "2010-12-31": "-96.76700", "2009-12-31": "-291.92200", "2008-12-31": "267.66300", "2007-12-31": "-188.49400", "2006-12-31": "-30.09700", "2005-12-31": "168.72900"}, "Net Cash Flow": {"2020-12-31": "-6.90000", "2019-12-31": "12.51100", "2018-12-31": "19.34900", "2017-12-31": "-11.50800", "2016-12-31": "-37.79600", "2015-12-31": "23.42400", "2014-12-31": "7.91300", "2013-12-31": "8.29800", "2012-12-31": "-113.73000", "2011-12-31": "-59.30200", "2010-12-31": "46.96000", "2009-12-31": "123.40000", "2008-12-31": "-54.10600", "2007-12-31": "32.74200", "2006-12-31": "-32.42000", "2005-12-31": "8.36900"}, "Stock-Based Compensation": {"2020-12-31": "", "2019-12-31": "", "2018-12-31": "", "2017-12-31": "", "2016-12-31": "", "2015-12-31": "", "2014-12-31": "", "2013-12-31": "", "2012-12-31": "", "2011-12-31": "", "2010-12-31": "", "2009-12-31": "", "2008-12-31": "", "2007-12-31": "", "2006-12-31": "", "2005-12-31": ""}, "Common Stock Dividends Paid": {"2020-12-31": "", "2019-12-31": "-160.25600", "2018-12-31": "-154.57300", "2017-12-31": "-150.72700", "2016-12-31": "-147.15600", "2015-12-31": "-142.83500", "2014-12-31": "-136.71200", "2013-12-31": "-98.40500", "2012-12-31": "-159.76800", "2011-12-31": "-123.32300", "2010-12-31": "-119.15700", "2009-12-31": "-115.02300", "2008-12-31": "-108.59100", "2007-12-31": "-100.64100", "2006-12-31": "-93.45000", "2005-12-31": "-87.55100"}}, "cash flow statement, quarterly": {"Net Income/Loss": {"2020-12-31": 491.889, "2020-09-30": 153.078, "2020-06-30": 99.703, "2020-03-31": "25.13000", "2019-12-31": 95.065, "2019-09-30": 137.637, "2019-06-30": 61.825, "2019-03-31": "40.92600", "2018-12-31": 78.828, "2018-09-30": 107.251, "2018-06-30": 43.802, "2018-03-31": "42.43700", "2017-12-31": 115.312, "2017-09-30": 87.352, "2017-06-30": 41.214, "2017-03-31": "37.32500", "2016-12-31": 65.73, "2016-09-30": 82.986, "2016-06-30": -229.803, "2016-03-31": "13.82900", "2015-12-31": 38.338, "2015-09-30": -149.226, "2015-06-30": -237.358, "2015-03-31": "-309.44500", "2014-12-31": 82.75, "2014-09-30": 102.122, "2014-06-30": 53.327, "2014-03-31": "56.13900", "2013-12-31": 91.29, "2013-09-30": 84.432, "2013-06-30": 46.333, "2013-03-31": "56.51500", "2012-12-31": -60.987, "2012-09-30": -29.671, "2012-06-30": 54.114, "2012-03-31": "35.79000", "2011-12-31": 61.007, "2011-09-30": 63.975, "2011-06-30": 45.067, "2011-03-31": "42.97700", "2010-12-31": 88.94, "2010-09-30": 61.009, "2010-06-30": 48.938, "2010-03-31": "41.77200", "2009-12-31": 72.634, "2009-09-30": 92.583, "2009-06-30": 55.312, "2009-03-31": "-343.80300", "2008-12-31": -11.267, "2008-09-30": 118.382, "2008-06-30": 115.507, "2008-03-31": "71.05100", "2007-12-31": 94.722, "2007-09-30": 201.261, "2007-06-30": 89.475, "2007-03-31": "46.66200", "2006-12-31": 82.581, "2006-09-30": 108.487, "2006-06-30": 71.443, "2006-03-31": "53.24600", "2005-12-31": 73.267, "2005-09-30": 87.223, "2005-06-30": 80.173, "2005-03-31": "34.42000"}, "Total Depreciation And Amortization - Cash Flow": {"2020-12-31": -212.832, "2020-09-30": 72.085, "2020-06-30": 71.508, "2020-03-31": "69.23900", "2019-12-31": 68.08, "2019-09-30": 65.021, "2019-06-30": 63.019, "2019-03-31": "59.89700", "2018-12-31": 58.907, "2018-09-30": 55.016, "2018-06-30": 53.553, "2018-03-31": "52.72900", "2017-12-31": 52.348, "2017-09-30": 52.155, "2017-06-30": 51.658, "2017-03-31": "51.32500", "2016-12-31": 53.092, "2016-09-30": 54.094, "2016-06-30": 54.248, "2016-03-31": "54.88400", "2015-12-31": 57.078, "2015-09-30": 51.747, "2015-06-30": 49.924, "2015-03-31": "52.99800", "2014-12-31": 51.742, "2014-09-30": 50.697, "2014-06-30": 1.088, "2014-03-31": "99.55700", "2013-12-31": -88.418, "2013-09-30": 99.966, "2013-06-30": 95.289, "2013-03-31": "93.56100", "2012-12-31": 98.347, "2012-09-30": 91.851, "2012-06-30": 83.627, "2012-03-31": "85.38000", "2011-12-31": 86.534, "2011-09-30": 88.897, "2011-06-30": 83.29, "2011-03-31": "84.67400", "2010-12-31": 83.777, "2010-09-30": 84.841, "2010-06-30": 81.547, "2010-03-31": "78.67800", "2009-12-31": 77.301, "2009-09-30": 79.547, "2009-06-30": 80.449, "2009-03-31": "93.24500", "2008-12-31": 95.885, "2008-09-30": 93.226, "2008-06-30": 89.678, "2008-03-31": "87.23100", "2007-12-31": 83.686, "2007-09-30": 78.4, "2007-06-30": 70.044, "2007-03-31": "69.80200", "2006-12-31": 63.676, "2006-09-30": 67.034, "2006-06-30": 64.84, "2006-03-31": "60.98100", "2005-12-31": 54.642, "2005-09-30": 60.371, "2005-06-30": 51.588, "2005-03-31": "52.83900"}, "Other Non-Cash Items": {"2020-12-31": -17.605, "2020-09-30": 13.172, "2020-06-30": 1.245, "2020-03-31": "1.78800", "2019-12-31": 14.975, "2019-09-30": 23.646, "2019-06-30": 12.657, "2019-03-31": "12.31400", "2018-12-31": 13.238, "2018-09-30": 35.416, "2018-06-30": 6.521, "2018-03-31": "-2.31400", "2017-12-31": 48.214, "2017-09-30": -1.112, "2017-06-30": 28.772, "2017-03-31": "1.28500", "2016-12-31": 32.237, "2016-09-30": 33.102, "2016-06-30": 285.97, "2016-03-31": "-13.75300", "2015-12-31": 64.57, "2015-09-30": 263.616, "2015-06-30": 312.988, "2015-03-31": "365.60300", "2014-12-31": 24.149, "2014-09-30": 34.894, "2014-06-30": 127.017, "2014-03-31": "42.73000", "2013-12-31": 263.278, "2013-09-30": 39.273, "2013-06-30": -37.59, "2013-03-31": "52.15200", "2012-12-31": 179.876, "2012-09-30": 115.84, "2012-06-30": 38.544, "2012-03-31": "33.77000", "2011-12-31": 48.294, "2011-09-30": 18.244, "2011-06-30": 27.497, "2011-03-31": "33.20400", "2010-12-31": -25.351, "2010-09-30": 34.961, "2010-06-30": 27.076, "2010-03-31": "6.78300", "2009-12-31": 29.568, "2009-09-30": 6.29, "2009-06-30": 21.655, "2009-03-31": "389.70500", "2008-12-31": 137.074, "2008-09-30": 30.955, "2008-06-30": 21.463, "2008-03-31": "11.56300", "2007-12-31": -0.212, "2007-09-30": -96.726, "2007-06-30": -45.627, "2007-03-31": "15.08300", "2006-12-31": 23.675, "2006-09-30": 17.16, "2006-06-30": 18.145, "2006-03-31": "1.13200", "2005-12-31": 29.691, "2005-09-30": 7.609, "2005-06-30": -5.563, "2005-03-31": "-3.93600"}, "Total Non-Cash Items": {"2020-12-31": -230.437, "2020-09-30": 85.257, "2020-06-30": 72.753, "2020-03-31": "71.02700", "2019-12-31": 83.055, "2019-09-30": 88.667, "2019-06-30": 75.676, "2019-03-31": "72.21100", "2018-12-31": 72.145, "2018-09-30": 90.432, "2018-06-30": 60.074, "2018-03-31": "50.41500", "2017-12-31": 100.562, "2017-09-30": 51.043, "2017-06-30": 80.43, "2017-03-31": "52.61000", "2016-12-31": 85.329, "2016-09-30": 87.196, "2016-06-30": 340.218, "2016-03-31": "41.13100", "2015-12-31": 121.648, "2015-09-30": 315.363, "2015-06-30": 362.912, "2015-03-31": "418.60100", "2014-12-31": 75.891, "2014-09-30": 85.591, "2014-06-30": 128.105, "2014-03-31": "142.28700", "2013-12-31": 174.86, "2013-09-30": 139.239, "2013-06-30": 57.699, "2013-03-31": "145.71300", "2012-12-31": 278.223, "2012-09-30": 207.691, "2012-06-30": 122.171, "2012-03-31": "119.15000", "2011-12-31": 134.828, "2011-09-30": 107.141, "2011-06-30": 110.787, "2011-03-31": "117.87800", "2010-12-31": 58.426, "2010-09-30": 119.802, "2010-06-30": 108.623, "2010-03-31": "85.46100", "2009-12-31": 106.869, "2009-09-30": 85.837, "2009-06-30": 102.104, "2009-03-31": "482.95000", "2008-12-31": 232.959, "2008-09-30": 124.181, "2008-06-30": 111.141, "2008-03-31": "98.79400", "2007-12-31": 83.474, "2007-09-30": -18.326, "2007-06-30": 24.417, "2007-03-31": "84.88500", "2006-12-31": 87.351, "2006-09-30": 84.194, "2006-06-30": 82.985, "2006-03-31": "62.11300", "2005-12-31": 84.333, "2005-09-30": 67.98, "2005-06-30": 46.025, "2005-03-31": "48.90300"}, "Change In Accounts Receivable": {"2020-12-31": 100.141, "2020-09-30": -59.34, "2020-06-30": -85.35, "2020-03-31": "44.54900", "2019-12-31": 133.999, "2019-09-30": -67.069, "2019-06-30": -168.663, "2019-03-31": "-2.64100", "2018-12-31": 83.983, "2018-09-30": -41.896, "2018-06-30": -76.564, "2018-03-31": "62.71100", "2017-12-31": 12.873, "2017-09-30": -77.65, "2017-06-30": -107.162, "2017-03-31": "63.68400", "2016-12-31": 49.667, "2016-09-30": -30.399, "2016-06-30": -106.84, "2016-03-31": "61.93100", "2015-12-31": 81.151, "2015-09-30": -65.735, "2015-06-30": -94.256, "2015-03-31": "83.54400", "2014-12-31": 71.021, "2014-09-30": -82.887, "2014-06-30": -7.093, "2014-03-31": "25.61100", "2013-12-31": 81.847, "2013-09-30": -41.845, "2013-06-30": -97.843, "2013-03-31": "32.20600", "2012-12-31": 76.18, "2012-09-30": -87.126, "2012-06-30": -104.387, "2012-03-31": "101.91700", "2011-12-31": 27.377, "2011-09-30": -75.088, "2011-06-30": -33.001, "2011-03-31": "50.26000", "2010-12-31": -1.963, "2010-09-30": -84.223, "2010-06-30": -34.765, "2010-03-31": "61.91400", "2009-12-31": -8.208, "2009-09-30": -8.635, "2009-06-30": 20.464, "2009-03-31": "129.31800", "2008-12-31": 84.096, "2008-09-30": -10.381, "2008-06-30": -76.547, "2008-03-31": "29.99700", "2007-12-31": 27.346, "2007-09-30": -53.519, "2007-06-30": -93.863, "2007-03-31": "79.78000", "2006-12-31": 92.855, "2006-09-30": -68.931, "2006-06-30": -88.422, "2006-03-31": "56.85900", "2005-12-31": 43.839, "2005-09-30": -128.608, "2005-06-30": -82.275, "2005-03-31": "47.87600"}, "Change In Inventories": {"2020-12-31": 9.581, "2020-09-30": 16.695, "2020-06-30": 3.061, "2020-03-31": "-29.33700", "2019-12-31": 6.851, "2019-09-30": 38.782, "2019-06-30": -14.895, "2019-03-31": "-21.40700", "2018-12-31": -8.011, "2018-09-30": 8.611, "2018-06-30": -17.399, "2018-03-31": "-29.99700", "2017-12-31": 7.088, "2017-09-30": 15.62, "2017-06-30": 0.103, "2017-03-31": "-13.67600", "2016-12-31": 6.586, "2016-09-30": 19.036, "2016-06-30": -4.361, "2016-03-31": "-18.82800", "2015-12-31": 5.925, "2015-09-30": 43.899, "2015-06-30": -0.276, "2015-03-31": "-47.28300", "2014-12-31": 4.624, "2014-09-30": 29.359, "2014-06-30": -31.658, "2014-03-31": "-19.80900", "2013-12-31": 26.73, "2013-09-30": 31.485, "2013-06-30": -10.797, "2013-03-31": "-19.12600", "2012-12-31": -1.948, "2012-09-30": 17.981, "2012-06-30": -20.01, "2012-03-31": "-38.35700", "2011-12-31": -3.222, "2011-09-30": 8.15, "2011-06-30": -15.52, "2011-03-31": "-13.63400", "2010-12-31": 7.837, "2010-09-30": -0.123, "2010-06-30": -6.244, "2010-03-31": "-6.19800", "2009-12-31": 21.801, "2009-09-30": 18.742, "2009-06-30": -13.227, "2009-03-31": "-13.34700", "2008-12-31": 26.846, "2008-09-30": -8.938, "2008-06-30": -39.492, "2008-03-31": "3.01000", "2007-12-31": 28.051, "2007-09-30": -18.491, "2007-06-30": -14.929, "2007-03-31": "-1.76100", "2006-12-31": 21.323, "2006-09-30": -17.886, "2006-06-30": -32.913, "2006-03-31": "-0.26000", "2005-12-31": 27.564, "2005-09-30": -34.818, "2005-06-30": -22.927, "2005-03-31": "9.96400"}, "Change In Accounts Payable": {"2020-12-31": -19.125, "2020-09-30": 5.738, "2020-06-30": 37.492, "2020-03-31": "-24.10500", "2019-12-31": 17.017, "2019-09-30": 11.664, "2019-06-30": 1.042, "2019-03-31": "0.35600", "2018-12-31": 4.954, "2018-09-30": 0.407, "2018-06-30": 47.612, "2018-03-31": "-31.86400", "2017-12-31": -4.084, "2017-09-30": 18.486, "2017-06-30": 34.991, "2017-03-31": "-23.38000", "2016-12-31": -8.475, "2016-09-30": 8.175, "2016-06-30": 47.923, "2016-03-31": "-40.58400", "2015-12-31": -10.405, "2015-09-30": 33.182, "2015-06-30": 49.143, "2015-03-31": "-34.69600", "2014-12-31": -35.588, "2014-09-30": 19.237, "2014-06-30": -19.216, "2014-03-31": "-11.52500", "2013-12-31": 0.468, "2013-09-30": 6.877, "2013-06-30": 54.031, "2013-03-31": "-35.09100", "2012-12-31": -15.459, "2012-09-30": 28.93, "2012-06-30": 22.732, "2012-03-31": "-29.85100", "2011-12-31": -4.226, "2011-09-30": -4.84, "2011-06-30": 18.678, "2011-03-31": "-21.87500", "2010-12-31": -1.949, "2010-09-30": 32.946, "2010-06-30": 21.631, "2010-03-31": "-34.79500", "2009-12-31": 12.117, "2009-09-30": -7.724, "2009-06-30": -6.397, "2009-03-31": "-59.86300", "2008-12-31": 27.554, "2008-09-30": -18.302, "2008-06-30": 47.088, "2008-03-31": "-28.13500", "2007-12-31": 44.664, "2007-09-30": -8.318, "2007-06-30": 37.085, "2007-03-31": "-48.72900", "2006-12-31": -46.255, "2006-09-30": 37.086, "2006-06-30": 54.556, "2006-03-31": "-25.55300", "2005-12-31": -36.237, "2005-09-30": 67.813, "2005-06-30": 36.037, "2005-03-31": "-15.49200"}, "Change In Assets/Liabilities": {"2020-12-31": -65.416, "2020-09-30": 18.937, "2020-06-30": 54.453, "2020-03-31": "-7.97400", "2019-12-31": 3.19, "2019-09-30": 16.317, "2019-06-30": 20.536, "2019-03-31": "-87.86100", "2018-12-31": -49.399, "2018-09-30": -24.006, "2018-06-30": 13.266, "2018-03-31": "12.08900", "2017-12-31": -55.641, "2017-09-30": 37.557, "2017-06-30": 3.378, "2017-03-31": "-30.02400", "2016-12-31": -13.103, "2016-09-30": 6.832, "2016-06-30": 9.963, "2016-03-31": "-11.93000", "2015-12-31": 21.604, "2015-09-30": 31.824, "2015-06-30": 15.239, "2015-03-31": "-11.86100", "2014-12-31": -30.91, "2014-09-30": 41.366, "2014-06-30": -36.016, "2014-03-31": "-55.66600", "2013-12-31": -49.849, "2013-09-30": -25.152, "2013-06-30": 47.629, "2013-03-31": "-43.34300", "2012-12-31": -20.631, "2012-09-30": 16.816, "2012-06-30": -24.872, "2012-03-31": "-63.65600", "2011-12-31": -0.731, "2011-09-30": 57.982, "2011-06-30": 7.823, "2011-03-31": "-55.14500", "2010-12-31": 28.822, "2010-09-30": 38.738, "2010-06-30": -19.928, "2010-03-31": "-63.03800", "2009-12-31": 12.251, "2009-09-30": 49.994, "2009-06-30": -7.655, "2009-03-31": "52.56900", "2008-12-31": -22.838, "2008-09-30": 5.09, "2008-06-30": -61.45, "2008-03-31": "-32.15900", "2007-12-31": -28.543, "2007-09-30": 72.255, "2007-06-30": -9.698, "2007-03-31": "-54.70800", "2006-12-31": 32.554, "2006-09-30": 54.743, "2006-06-30": -27.973, "2006-03-31": "-14.61400", "2005-12-31": -12.972, "2005-09-30": 80.836, "2005-06-30": -45.264, "2005-03-31": "25.89000"}, "Total Change In Assets/Liabilities": {"2020-12-31": 25.181, "2020-09-30": -17.97, "2020-06-30": 9.656, "2020-03-31": "-16.86700", "2019-12-31": 161.057, "2019-09-30": -0.306, "2019-06-30": -161.98, "2019-03-31": "-111.55300", "2018-12-31": 31.527, "2018-09-30": -56.884, "2018-06-30": -33.085, "2018-03-31": "12.93900", "2017-12-31": -39.764, "2017-09-30": -5.987, "2017-06-30": -68.69, "2017-03-31": "-3.39600", "2016-12-31": 34.675, "2016-09-30": 3.644, "2016-06-30": -53.315, "2016-03-31": "-9.41100", "2015-12-31": 98.275, "2015-09-30": 43.17, "2015-06-30": -30.15, "2015-03-31": "-10.29600", "2014-12-31": 9.147, "2014-09-30": 7.075, "2014-06-30": -93.983, "2014-03-31": "-61.38900", "2013-12-31": 59.196, "2013-09-30": -28.635, "2013-06-30": -6.98, "2013-03-31": "-65.35400", "2012-12-31": 38.142, "2012-09-30": -23.399, "2012-06-30": -126.537, "2012-03-31": "-29.94700", "2011-12-31": 19.198, "2011-09-30": -13.796, "2011-06-30": -22.02, "2011-03-31": "-40.39400", "2010-12-31": 32.747, "2010-09-30": -12.662, "2010-06-30": -39.306, "2010-03-31": "-42.11700", "2009-12-31": 37.961, "2009-09-30": 52.377, "2009-06-30": -6.815, "2009-03-31": "108.67700", "2008-12-31": 115.658, "2008-09-30": -32.531, "2008-06-30": -130.401, "2008-03-31": "-27.28700", "2007-12-31": 71.518, "2007-09-30": -8.073, "2007-06-30": -81.405, "2007-03-31": "-25.41800", "2006-12-31": 100.477, "2006-09-30": 5.012, "2006-06-30": -94.752, "2006-03-31": "16.43200", "2005-12-31": 22.194, "2005-09-30": -14.777, "2005-06-30": -114.429, "2005-03-31": "68.23800"}, "Cash Flow From Operating Activities": {"2020-12-31": 286.633, "2020-09-30": 220.365, "2020-06-30": 182.112, "2020-03-31": "79.29000", "2019-12-31": 339.177, "2019-09-30": 225.998, "2019-06-30": -24.479, "2019-03-31": "1.58400", "2018-12-31": 182.5, "2018-09-30": 140.799, "2018-06-30": 70.791, "2018-03-31": "105.79100", "2017-12-31": 176.11, "2017-09-30": 132.408, "2017-06-30": 52.954, "2017-03-31": "86.53900", "2016-12-31": 185.734, "2016-09-30": 173.826, "2016-06-30": 57.1, "2016-03-31": "45.54900", "2015-12-31": 258.261, "2015-09-30": 209.307, "2015-06-30": 95.404, "2015-03-31": "98.86000", "2014-12-31": 167.788, "2014-09-30": 194.788, "2014-06-30": 87.449, "2014-03-31": "137.03700", "2013-12-31": 325.346, "2013-09-30": 195.036, "2013-06-30": 97.052, "2013-03-31": "136.87400", "2012-12-31": 255.378, "2012-09-30": 154.621, "2012-06-30": 49.748, "2012-03-31": "124.99300", "2011-12-31": 215.033, "2011-09-30": 157.32, "2011-06-30": 133.834, "2011-03-31": "120.46100", "2010-12-31": 180.113, "2010-09-30": 168.149, "2010-06-30": 118.255, "2010-03-31": "85.11600", "2009-12-31": 217.464, "2009-09-30": 230.797, "2009-06-30": 150.601, "2009-03-31": "247.82400", "2008-12-31": 337.35, "2008-09-30": 210.032, "2008-06-30": 96.247, "2008-03-31": "142.55800", "2007-12-31": 249.714, "2007-09-30": 174.862, "2007-06-30": 32.487, "2007-03-31": "106.12900", "2006-12-31": 270.409, "2006-09-30": 197.693, "2006-06-30": 59.676, "2006-03-31": "131.79100", "2005-12-31": 179.794, "2005-09-30": 140.426, "2005-06-30": 11.769, "2005-03-31": "151.56100"}, "Net Change In Property, Plant, And Equipment": {"2020-12-31": 390.379, "2020-09-30": -164.547, "2020-06-30": -86.347, "2020-03-31": "-139.48500", "2019-12-31": -151.608, "2019-09-30": -121.168, "2019-06-30": -139.638, "2019-03-31": "-133.83900", "2018-12-31": -208.982, "2018-09-30": -131.822, "2018-06-30": -96.19, "2018-03-31": "-105.13600", "2017-12-31": -113.872, "2017-09-30": -76.519, "2017-06-30": -70.054, "2017-03-31": "45.65100", "2016-12-31": -57.067, "2016-09-30": -80.97, "2016-06-30": -101.025, "2016-03-31": "-104.29500", "2015-12-31": -122.937, "2015-09-30": -116.362, "2015-06-30": -132.698, "2015-03-31": "-110.26600", "2014-12-31": -45.536, "2014-09-30": -150.153, "2014-06-30": -30.281, "2014-03-31": "-174.46700", "2013-12-31": 116.95, "2013-09-30": -196.925, "2013-06-30": -240.256, "2013-03-31": "-170.29900", "2012-12-31": -234.124, "2012-09-30": -239.691, "2012-06-30": -202.822, "2012-03-31": "-156.17300", "2011-12-31": -141.016, "2011-09-30": -107.088, "2011-06-30": -136.649, "2011-03-31": "-72.14000", "2010-12-31": -125.557, "2010-09-30": -98.162, "2010-06-30": -103.597, "2010-03-31": "-121.96600", "2009-12-31": -96.038, "2009-09-30": -60.585, "2009-06-30": -124.231, "2009-03-31": "-141.14200", "2008-12-31": -140.857, "2008-09-30": -159.059, "2008-06-30": -202.033, "2008-03-31": "-157.60200", "2007-12-31": -169.477, "2007-09-30": -131.942, "2007-06-30": -111.325, "2007-03-31": "-120.55600", "2006-12-31": -98.171, "2006-09-30": -125.472, "2006-06-30": -118.929, "2006-03-31": "-106.79900", "2005-12-31": -27.507, "2005-09-30": -104.332, "2005-06-30": -111.767, "2005-03-31": "-93.79000"}, "Net Change In Intangible Assets": {"2020-12-31": 0, "2020-09-30": 0, "2020-06-30": 0, "2020-03-31": "", "2019-12-31": 0, "2019-09-30": 0, "2019-06-30": 0, "2019-03-31": "", "2018-12-31": 0, "2018-09-30": 0, "2018-06-30": 0, "2018-03-31": "", "2017-12-31": 0, "2017-09-30": 0, "2017-06-30": 0, "2017-03-31": "", "2016-12-31": 0, "2016-09-30": 0, "2016-06-30": 0, "2016-03-31": "", "2015-12-31": 0, "2015-09-30": 0, "2015-06-30": 0, "2015-03-31": "", "2014-12-31": 0, "2014-09-30": 0, "2014-06-30": 0, "2014-03-31": "", "2013-12-31": 0, "2013-09-30": 0, "2013-06-30": 0, "2013-03-31": "", "2012-12-31": 0, "2012-09-30": 0, "2012-06-30": 0, "2012-03-31": "", "2011-12-31": 0, "2011-09-30": 0, "2011-06-30": 0, "2011-03-31": "", "2010-12-31": 0, "2010-09-30": 0, "2010-06-30": 0, "2010-03-31": "", "2009-12-31": 0, "2009-09-30": 0, "2009-06-30": 0, "2009-03-31": "", "2008-12-31": 0, "2008-09-30": 0, "2008-06-30": 0, "2008-03-31": "", "2007-12-31": 0, "2007-09-30": 0, "2007-06-30": 0, "2007-03-31": "", "2006-12-31": 0, "2006-09-30": 0, "2006-06-30": 0, "2006-03-31": "", "2005-12-31": 0, "2005-09-30": 0, "2005-06-30": 0, "2005-03-31": ""}, "Net Acquisitions/Divestitures": {"2020-12-31": 71.479, "2020-09-30": -0.75, "2020-06-30": -3.136, "2020-03-31": "-67.59300", "2019-12-31": -2.334, "2019-09-30": -22.395, "2019-06-30": 0, "2019-03-31": "-30.86800", "2018-12-31": -139.834, "2018-09-30": -7.849, "2018-06-30": -20.009, "2018-03-31": "", "2017-12-31": 0, "2017-09-30": 0, "2017-06-30": 0, "2017-03-31": "", "2016-12-31": 0, "2016-09-30": 0, "2016-06-30": 0, "2016-03-31": "", "2015-12-31": 0, "2015-09-30": 0, "2015-06-30": 0, "2015-03-31": "", "2014-12-31": 0, "2014-09-30": 0, "2014-06-30": 206.304, "2014-03-31": "-206.30400", "2013-12-31": 0, "2013-09-30": 0, "2013-06-30": 0, "2013-03-31": "", "2012-12-31": -0.008, "2012-09-30": -1.486, "2012-06-30": -65.525, "2012-03-31": "-0.24200", "2011-12-31": 0, "2011-09-30": 0, "2011-06-30": 0, "2011-03-31": "-0.15700", "2010-12-31": 1.736, "2010-09-30": 0, "2010-06-30": -104.823, "2010-03-31": "-1.72500", "2009-12-31": 0.042, "2009-09-30": -2.688, "2009-06-30": -0.707, "2009-03-31": "-3.05700", "2008-12-31": -257.208, "2008-09-30": -5.144, "2008-06-30": -22.514, "2008-03-31": "-248.67700", "2007-12-31": -6.7, "2007-09-30": -341.461, "2007-06-30": -0.009, "2007-03-31": "-0.32000", "2006-12-31": -2.071, "2006-09-30": -2.46, "2006-06-30": -109.25, "2006-03-31": "", "2005-12-31": -50.783, "2005-09-30": -0.5, "2005-06-30": -162.222, "2005-03-31": "-0.05200"}, "Net Change In Short-term Investments": {"2020-12-31": 0, "2020-09-30": 0, "2020-06-30": 0, "2020-03-31": "", "2019-12-31": 0, "2019-09-30": 0, "2019-06-30": 0, "2019-03-31": "", "2018-12-31": 0, "2018-09-30": 0, "2018-06-30": 0, "2018-03-31": "", "2017-12-31": 0, "2017-09-30": 0, "2017-06-30": 0, "2017-03-31": "", "2016-12-31": 0, "2016-09-30": 0, "2016-06-30": 0, "2016-03-31": "", "2015-12-31": 0, "2015-09-30": 0, "2015-06-30": 0, "2015-03-31": "", "2014-12-31": 0, "2014-09-30": 0, "2014-06-30": 0, "2014-03-31": "", "2013-12-31": 0, "2013-09-30": 0, "2013-06-30": 0, "2013-03-31": "", "2012-12-31": 0, "2012-09-30": 0, "2012-06-30": 0, "2012-03-31": "", "2011-12-31": 0, "2011-09-30": 0, "2011-06-30": 0, "2011-03-31": "", "2010-12-31": 0, "2010-09-30": 0, "2010-06-30": 0, "2010-03-31": "", "2009-12-31": 0, "2009-09-30": 0, "2009-06-30": 0, "2009-03-31": "", "2008-12-31": 0, "2008-09-30": 0, "2008-06-30": 0, "2008-03-31": "", "2007-12-31": 0, "2007-09-30": 0, "2007-06-30": 0, "2007-03-31": "", "2006-12-31": 0, "2006-09-30": 0, "2006-06-30": 0, "2006-03-31": "", "2005-12-31": 0, "2005-09-30": 0, "2005-06-30": 0, "2005-03-31": ""}, "Net Change In Long-Term Investments": {"2020-12-31": -0.024, "2020-09-30": 0.001, "2020-06-30": -0.045, "2020-03-31": "0.06800", "2019-12-31": -1.294, "2019-09-30": -0.004, "2019-06-30": -0.373, "2019-03-31": "-0.34000", "2018-12-31": -0.761, "2018-09-30": -0.644, "2018-06-30": 0.158, "2018-03-31": "-1.07400", "2017-12-31": -1.348, "2017-09-30": 0.098, "2017-06-30": -0.242, "2017-03-31": "-0.11600", "2016-12-31": -1.452, "2016-09-30": 0.318, "2016-06-30": 0.241, "2016-03-31": "-0.50300", "2015-12-31": 0.206, "2015-09-30": 0.101, "2015-06-30": -0.385, "2015-03-31": "1.59300", "2014-12-31": -0.125, "2014-09-30": 0.292, "2014-06-30": -1.666, "2014-03-31": "0.45800", "2013-12-31": 0.084, "2013-09-30": 2.098, "2013-06-30": 0.53, "2013-03-31": "-0.51400", "2012-12-31": -1.463, "2012-09-30": 2.41, "2012-06-30": 11.199, "2012-03-31": "-0.02700", "2011-12-31": 2.273, "2011-09-30": 0.187, "2011-06-30": -0.099, "2011-03-31": "-9.85600", "2010-12-31": 68.658, "2010-09-30": -0.122, "2010-06-30": -0.176, "2010-03-31": "1.40400", "2009-12-31": -3.18, "2009-09-30": 1.808, "2009-06-30": -3.597, "2009-03-31": "1.22900", "2008-12-31": 3.266, "2008-09-30": 2.118, "2008-06-30": -0.162, "2008-03-31": "80.55100", "2007-12-31": -68.115, "2007-09-30": 42.116, "2007-06-30": 0.196, "2007-03-31": "17.11300", "2006-12-31": -3.246, "2006-09-30": -50.772, "2006-06-30": -0.776, "2006-03-31": "-4.40800", "2005-12-31": 3.696, "2005-09-30": 35.646, "2005-06-30": -0.435, "2005-03-31": "1.09200"}, "Net Change In Investments - Total": {"2020-12-31": -0.024, "2020-09-30": 0.001, "2020-06-30": -0.045, "2020-03-31": "0.06800", "2019-12-31": -1.294, "2019-09-30": -0.004, "2019-06-30": -0.373, "2019-03-31": "-0.34000", "2018-12-31": -0.761, "2018-09-30": -0.644, "2018-06-30": 0.158, "2018-03-31": "-1.07400", "2017-12-31": -1.348, "2017-09-30": 0.098, "2017-06-30": -0.242, "2017-03-31": "-0.11600", "2016-12-31": -1.452, "2016-09-30": 0.318, "2016-06-30": 0.241, "2016-03-31": "-0.50300", "2015-12-31": 0.206, "2015-09-30": 0.101, "2015-06-30": -0.385, "2015-03-31": "1.59300", "2014-12-31": -0.125, "2014-09-30": 0.292, "2014-06-30": -1.666, "2014-03-31": "0.45800", "2013-12-31": 0.084, "2013-09-30": 2.098, "2013-06-30": 0.53, "2013-03-31": "-0.51400", "2012-12-31": -1.463, "2012-09-30": 2.41, "2012-06-30": 11.199, "2012-03-31": "-0.02700", "2011-12-31": 2.273, "2011-09-30": 0.187, "2011-06-30": -0.099, "2011-03-31": "-9.85600", "2010-12-31": 68.658, "2010-09-30": -0.122, "2010-06-30": -0.176, "2010-03-31": "1.40400", "2009-12-31": -3.18, "2009-09-30": 1.808, "2009-06-30": -3.597, "2009-03-31": "1.22900", "2008-12-31": 3.266, "2008-09-30": 2.118, "2008-06-30": -0.162, "2008-03-31": "80.55100", "2007-12-31": -68.115, "2007-09-30": 42.116, "2007-06-30": 0.196, "2007-03-31": "17.11300", "2006-12-31": -3.246, "2006-09-30": -50.772, "2006-06-30": -0.776, "2006-03-31": "-4.40800", "2005-12-31": 3.696, "2005-09-30": 35.646, "2005-06-30": -0.435, "2005-03-31": "1.09200"}, "Investing Activities - Other": {"2020-12-31": 0, "2020-09-30": 0, "2020-06-30": -4.54, "2020-03-31": "4.54000", "2019-12-31": 0, "2019-09-30": 0, "2019-06-30": -4.938, "2019-03-31": "4.93800", "2018-12-31": 0, "2018-09-30": 1.236, "2018-06-30": -5.966, "2018-03-31": "5.96600", "2017-12-31": 0, "2017-09-30": 0, "2017-06-30": 2.18, "2017-03-31": "0.05400", "2016-12-31": 7.74, "2016-09-30": 3.878, "2016-06-30": 2.777, "2016-03-31": "25.26300", "2015-12-31": 284.294, "2015-09-30": -25.377, "2015-06-30": -109.082, "2015-03-31": "-51.54000", "2014-12-31": -215.031, "2014-09-30": 92.083, "2014-06-30": -379.764, "2014-03-31": "", "2013-12-31": -294.329, "2013-09-30": 0, "2013-06-30": 0, "2013-03-31": "", "2012-12-31": 0, "2012-09-30": 0, "2012-06-30": 0, "2012-03-31": "", "2011-12-31": 0, "2011-09-30": 0, "2011-06-30": 0, "2011-03-31": "", "2010-12-31": 76.386, "2010-09-30": 0, "2010-06-30": 0, "2010-03-31": "", "2009-12-31": 0, "2009-09-30": 0, "2009-06-30": 0, "2009-03-31": "", "2008-12-31": 0, "2008-09-30": 0, "2008-06-30": 0, "2008-03-31": "", "2007-12-31": 0, "2007-09-30": 549.595, "2007-06-30": -0.54, "2007-03-31": "-0.83900", "2006-12-31": 2.219, "2006-09-30": -1.972, "2006-06-30": -16.843, "2006-03-31": "-21.27600", "2005-12-31": -132.879, "2005-09-30": -0.077, "2005-06-30": 0, "2005-03-31": ""}, "Cash Flow From Investing Activities": {"2020-12-31": -168.366, "2020-09-30": -165.296, "2020-06-30": -94.068, "2020-03-31": "-202.47000", "2019-12-31": -155.236, "2019-09-30": -143.567, "2019-06-30": -144.949, "2019-03-31": "-160.10900", "2018-12-31": -349.577, "2018-09-30": -139.079, "2018-06-30": -122.007, "2018-03-31": "-100.24400", "2017-12-31": -115.22, "2017-09-30": -76.421, "2017-06-30": -68.116, "2017-03-31": "45.58900", "2016-12-31": -50.779, "2016-09-30": -76.774, "2016-06-30": -98.007, "2016-03-31": "-79.53500", "2015-12-31": 161.563, "2015-09-30": -141.638, "2015-06-30": -242.165, "2015-03-31": "-160.21300", "2014-12-31": -260.692, "2014-09-30": -57.778, "2014-06-30": -205.407, "2014-03-31": "-380.31300", "2013-12-31": -177.295, "2013-09-30": -194.827, "2013-06-30": -239.726, "2013-03-31": "-170.81300", "2012-12-31": -235.595, "2012-09-30": -238.767, "2012-06-30": -257.148, "2012-03-31": "-156.44200", "2011-12-31": -138.743, "2011-09-30": -106.901, "2011-06-30": -136.748, "2011-03-31": "-82.15300", "2010-12-31": 21.223, "2010-09-30": -98.284, "2010-06-30": -208.596, "2010-03-31": "-122.28700", "2009-12-31": -99.176, "2009-09-30": -61.465, "2009-06-30": -128.535, "2009-03-31": "-142.97000", "2008-12-31": -394.799, "2008-09-30": -162.085, "2008-06-30": -224.709, "2008-03-31": "-325.72800", "2007-12-31": -244.292, "2007-09-30": 118.308, "2007-06-30": -111.678, "2007-03-31": "-104.60200", "2006-12-31": -101.269, "2006-09-30": -180.676, "2006-06-30": -245.798, "2006-03-31": "-132.48300", "2005-12-31": -207.473, "2005-09-30": -69.263, "2005-06-30": -274.424, "2005-03-31": "-92.75000"}, "Net Long-Term Debt": {"2020-12-31": -26.426, "2020-09-30": -11.749, "2020-06-30": -173.604, "2020-03-31": "211.77900", "2019-12-31": -5.23, "2019-09-30": -133.246, "2019-06-30": 180.64, "2019-03-31": "88.37400", "2018-12-31": 192.672, "2018-09-30": 62.412, "2018-06-30": 72.684, "2018-03-31": "64.54100", "2017-12-31": -26.051, "2017-09-30": -21.083, "2017-06-30": 57.844, "2017-03-31": "-87.29200", "2016-12-31": -111.927, "2016-09-30": -85.51, "2016-06-30": 129.124, "2016-03-31": "61.73000", "2015-12-31": -404.72, "2015-09-30": -101.709, "2015-06-30": 190.538, "2015-03-31": "95.31300", "2014-12-31": -112.851, "2014-09-30": 23.589, "2014-06-30": 78.914, "2014-03-31": "251.26900", "2013-12-31": -157.121, "2013-09-30": 5.35, "2013-06-30": 191.096, "2013-03-31": "44.89200", "2012-12-31": 2.198, "2012-09-30": 85.644, "2012-06-30": 249.637, "2012-03-31": "-8.29700", "2011-12-31": -1.346, "2011-09-30": -8.303, "2011-06-30": 5.428, "2011-03-31": "-80.63000", "2010-12-31": -3.722, "2010-09-30": -71.924, "2010-06-30": 82.657, "2010-03-31": "-0.47900", "2009-12-31": -0.211, "2009-09-30": -165.072, "2009-06-30": 21.169, "2009-03-31": "-3.79300", "2008-12-31": 55.846, "2008-09-30": -56.451, "2008-06-30": 80.741, "2008-03-31": "173.26600", "2007-12-31": 29.577, "2007-09-30": -243.341, "2007-06-30": 117.477, "2007-03-31": "-15.92700", "2006-12-31": -147.201, "2006-09-30": -50.428, "2006-06-30": 216.93, "2006-03-31": "21.56500", "2005-12-31": 58.925, "2005-09-30": -12.803, "2005-06-30": 192.593, "2005-03-31": "8.40000"}, "Net Current Debt": {"2020-12-31": -75, "2020-09-30": 0, "2020-06-30": 75, "2020-03-31": "", "2019-12-31": -140, "2019-09-30": 50, "2019-06-30": 19.977, "2019-03-31": "70.00000", "2018-12-31": 0, "2018-09-30": 0, "2018-06-30": 0, "2018-03-31": "", "2017-12-31": 0, "2017-09-30": 0, "2017-06-30": 0, "2017-03-31": "", "2016-12-31": 0, "2016-09-30": 0, "2016-06-30": 0, "2016-03-31": "", "2015-12-31": 0, "2015-09-30": 0, "2015-06-30": -16.1, "2015-03-31": "16.10000", "2014-12-31": 0, "2014-09-30": 0, "2014-06-30": 0, "2014-03-31": "-11.50000", "2013-12-31": 4.5, "2013-09-30": -24.6, "2013-06-30": 20.3, "2013-03-31": "9.30000", "2012-12-31": 17.2, "2012-09-30": 2.9, "2012-06-30": 0, "2012-03-31": "", "2011-12-31": 0, "2011-09-30": 0, "2011-06-30": 0, "2011-03-31": "-20.00000", "2010-12-31": 15.3, "2010-09-30": 1, "2010-06-30": -4, "2010-03-31": "-2.60000", "2009-12-31": 10.3, "2009-09-30": 0, "2009-06-30": -25.5, "2009-03-31": "-79.60000", "2008-12-31": 16.07, "2008-09-30": 9.07, "2008-06-30": 79.96, "2008-03-31": "-1.70000", "2007-12-31": 1.7, "2007-09-30": 0, "2007-06-30": 0, "2007-03-31": "", "2006-12-31": 0, "2006-09-30": 0, "2006-06-30": 0, "2006-03-31": "", "2005-12-31": 0, "2005-09-30": 0, "2005-06-30": 0, "2005-03-31": ""}, "Debt Issuance/Retirement Net - Total": {"2020-12-31": -101.426, "2020-09-30": -11.749, "2020-06-30": -98.604, "2020-03-31": "211.77900", "2019-12-31": -145.23, "2019-09-30": -83.246, "2019-06-30": 200.617, "2019-03-31": "158.37400", "2018-12-31": 192.672, "2018-09-30": 62.412, "2018-06-30": 72.684, "2018-03-31": "64.54100", "2017-12-31": -26.051, "2017-09-30": -21.083, "2017-06-30": 57.844, "2017-03-31": "-87.29200", "2016-12-31": -111.927, "2016-09-30": -85.51, "2016-06-30": 129.124, "2016-03-31": "61.73000", "2015-12-31": -404.72, "2015-09-30": -101.709, "2015-06-30": 174.438, "2015-03-31": "111.41300", "2014-12-31": -112.851, "2014-09-30": 23.589, "2014-06-30": 78.914, "2014-03-31": "239.76900", "2013-12-31": -152.621, "2013-09-30": -19.25, "2013-06-30": 211.396, "2013-03-31": "54.19200", "2012-12-31": 19.398, "2012-09-30": 88.544, "2012-06-30": 249.637, "2012-03-31": "-8.29700", "2011-12-31": -1.346, "2011-09-30": -8.303, "2011-06-30": 5.428, "2011-03-31": "-100.63000", "2010-12-31": 11.578, "2010-09-30": -70.924, "2010-06-30": 78.657, "2010-03-31": "-3.07900", "2009-12-31": 10.089, "2009-09-30": -165.072, "2009-06-30": -4.331, "2009-03-31": "-83.39300", "2008-12-31": 71.916, "2008-09-30": -47.381, "2008-06-30": 160.701, "2008-03-31": "171.56600", "2007-12-31": 31.277, "2007-09-30": -243.341, "2007-06-30": 117.477, "2007-03-31": "-15.92700", "2006-12-31": -147.201, "2006-09-30": -50.428, "2006-06-30": 216.93, "2006-03-31": "21.56500", "2005-12-31": 58.925, "2005-09-30": -12.803, "2005-06-30": 192.593, "2005-03-31": "8.40000"}, "Net Common Equity Issued/Repurchased": {"2020-12-31": -3.41, "2020-09-30": 0, "2020-06-30": 0, "2020-03-31": "3.41000", "2019-12-31": 1.209, "2019-09-30": 36.074, "2019-06-30": 30.931, "2019-03-31": "38.63400", "2018-12-31": 0, "2018-09-30": 0, "2018-06-30": 0, "2018-03-31": "-5.02000", "2017-12-31": 0, "2017-09-30": 0, "2017-06-30": 0, "2017-03-31": "-1.68400", "2016-12-31": 0, "2016-09-30": 0, "2016-06-30": 0, "2016-03-31": "", "2015-12-31": 0.004, "2015-09-30": 7.395, "2015-06-30": 4.635, "2015-03-31": "9.86400", "2014-12-31": 5.192, "2014-09-30": 12.6, "2014-06-30": 77.425, "2014-03-31": "54.84300", "2013-12-31": 14.554, "2013-09-30": 0, "2013-06-30": 0, "2013-03-31": "", "2012-12-31": 0, "2012-09-30": 0, "2012-06-30": 0, "2012-03-31": "0.08800", "2011-12-31": 0, "2011-09-30": 0, "2011-06-30": 0, "2011-03-31": "5.74400", "2010-12-31": 2.237, "2010-09-30": 0.996, "2010-06-30": 0.525, "2010-03-31": "1.21400", "2009-12-31": 13.767, "2009-09-30": 51.156, "2009-06-30": 0.177, "2009-03-31": "0.10700", "2008-12-31": 9.16, "2008-09-30": 0.906, "2008-06-30": 3.239, "2008-03-31": "1.70600", "2007-12-31": 0.683, "2007-09-30": 0.805, "2007-06-30": 1.842, "2007-03-31": "13.93300", "2006-12-31": 6.708, "2006-09-30": 10.546, "2006-06-30": 1.011, "2006-03-31": "1.69800", "2005-12-31": 1.307, "2005-09-30": 3.742, "2005-06-30": 2.588, "2005-03-31": "1.52800"}, "Net Total Equity Issued/Repurchased": {"2020-12-31": -3.41, "2020-09-30": 0, "2020-06-30": 0, "2020-03-31": "3.41000", "2019-12-31": 1.209, "2019-09-30": 36.074, "2019-06-30": 30.931, "2019-03-31": "38.63400", "2018-12-31": 0, "2018-09-30": 0, "2018-06-30": 0, "2018-03-31": "-5.02000", "2017-12-31": 0, "2017-09-30": 0, "2017-06-30": -15.6, "2017-03-31": "-1.68400", "2016-12-31": 0, "2016-09-30": 0, "2016-06-30": 0, "2016-03-31": "", "2015-12-31": 0.004, "2015-09-30": 7.395, "2015-06-30": 4.635, "2015-03-31": "9.86400", "2014-12-31": 5.192, "2014-09-30": 12.6, "2014-06-30": 77.425, "2014-03-31": "54.84300", "2013-12-31": 14.554, "2013-09-30": 0, "2013-06-30": 0, "2013-03-31": "", "2012-12-31": 0, "2012-09-30": 0, "2012-06-30": 0, "2012-03-31": "0.08800", "2011-12-31": 0, "2011-09-30": 0, "2011-06-30": 0, "2011-03-31": "5.74400", "2010-12-31": 2.237, "2010-09-30": 0.996, "2010-06-30": 0.525, "2010-03-31": "1.21400", "2009-12-31": 13.767, "2009-09-30": 51.156, "2009-06-30": 0.177, "2009-03-31": "0.10700", "2008-12-31": 9.16, "2008-09-30": 0.906, "2008-06-30": 3.239, "2008-03-31": "1.70600", "2007-12-31": 0.683, "2007-09-30": 0.805, "2007-06-30": 1.842, "2007-03-31": "13.93300", "2006-12-31": 6.708, "2006-09-30": 10.546, "2006-06-30": 1.011, "2006-03-31": "1.69800", "2005-12-31": 1.307, "2005-09-30": 3.742, "2005-06-30": 2.588, "2005-03-31": "1.52800"}, "Total Common And Preferred Stock Dividends Paid": {"2020-12-31": 124.796, "2020-09-30": -41.608, "2020-06-30": -41.608, "2020-03-31": "-41.58000", "2019-12-31": -40.461, "2019-09-30": -40.225, "2019-06-30": -39.875, "2019-03-31": "-39.69500", "2018-12-31": -38.714, "2018-09-30": -38.714, "2018-06-30": -38.572, "2018-03-31": "-38.57300", "2017-12-31": -37.596, "2017-09-30": -37.596, "2017-06-30": -37.768, "2017-03-31": "-37.76700", "2016-12-31": -36.79, "2016-09-30": -36.791, "2016-06-30": -36.791, "2016-03-31": "-36.78400", "2015-12-31": -35.807, "2015-09-30": -35.734, "2015-06-30": -35.687, "2015-03-31": "-35.60700", "2014-12-31": -34.607, "2014-09-30": -34.388, "2014-06-30": -33.98, "2014-03-31": "-33.73700", "2013-12-31": -32.745, "2013-09-30": -32.745, "2013-06-30": -32.744, "2013-03-31": "-0.17100", "2012-12-31": -64.374, "2012-09-30": -31.8, "2012-06-30": -31.8, "2012-03-31": "-31.79400", "2011-12-31": -30.85, "2011-09-30": -30.85, "2011-06-30": -30.85, "2011-03-31": "-30.77300", "2010-12-31": -29.81, "2010-09-30": -29.802, "2010-06-30": -29.796, "2010-03-31": "-29.74900", "2009-12-31": -29.012, "2009-09-30": -28.686, "2009-06-30": -28.685, "2009-03-31": "-28.64000", "2008-12-31": -28.572, "2008-09-30": -26.723, "2008-06-30": -26.677, "2008-03-31": "-26.61900", "2007-12-31": -26.616, "2007-09-30": -24.725, "2007-06-30": -24.693, "2007-03-31": "-24.60700", "2006-12-31": -24.569, "2006-09-30": -22.967, "2006-06-30": -22.964, "2006-03-31": "-22.95000", "2005-12-31": -22.935, "2005-09-30": -21.685, "2005-06-30": -21.482, "2005-03-31": "-21.44900"}, "Financial Activities - Other": {"2020-12-31": 0.362, "2020-09-30": 0, "2020-06-30": 0, "2020-03-31": "-0.36200", "2019-12-31": 0, "2019-09-30": 0, "2019-06-30": 0, "2019-03-31": "-3.01500", "2018-12-31": -0.01, "2018-09-30": 0, "2018-06-30": 0, "2018-03-31": "-2.33000", "2017-12-31": 0, "2017-09-30": 0, "2017-06-30": 0, "2017-03-31": "-0.75700", "2016-12-31": 0, "2016-09-30": 0, "2016-06-30": -56.884, "2016-03-31": "15.70900", "2015-12-31": 16.005, "2015-09-30": 7.551, "2015-06-30": 41.872, "2015-03-31": "20.35700", "2014-12-31": 38.774, "2014-09-30": 12.261, "2014-06-30": 10.559, "2014-03-31": "20.83300", "2013-12-31": 14, "2013-09-30": 3, "2013-06-30": 5, "2013-03-31": "5.00000", "2012-12-31": 0, "2012-09-30": 0, "2012-06-30": 0, "2012-03-31": "0.02600", "2011-12-31": -0.009, "2011-09-30": 0, "2011-06-30": 0, "2011-03-31": "1.24800", "2010-12-31": 0.465, "2010-09-30": 0.173, "2010-06-30": 0.096, "2010-03-31": "0.45200", "2009-12-31": 0.406, "2009-09-30": 0.051, "2009-06-30": 0.033, "2009-03-31": "0.11100", "2008-12-31": 0.092, "2008-09-30": 0.612, "2008-06-30": 1.546, "2008-03-31": "2.19100", "2007-12-31": 0.515, "2007-09-30": 0.378, "2007-06-30": 0.939, "2007-03-31": "3.56600", "2006-12-31": 0.226, "2006-09-30": -0.869, "2006-06-30": 0.316, "2006-03-31": "2.85100", "2005-12-31": -0.264, "2005-09-30": 0.264, "2005-06-30": 0, "2005-03-31": ""}, "Cash Flow From Financial Activities": {"2020-12-31": -124.778, "2020-09-30": -53.357, "2020-06-30": -140.212, "2020-03-31": "173.24700", "2019-12-31": -184.482, "2019-09-30": -87.397, "2019-06-30": 191.673, "2019-03-31": "154.29800", "2018-12-31": 153.948, "2018-09-30": 23.698, "2018-06-30": 34.112, "2018-03-31": "18.61800", "2017-12-31": -63.647, "2017-09-30": -58.679, "2017-06-30": 4.476, "2017-03-31": "-127.50000", "2016-12-31": -148.717, "2016-09-30": -122.301, "2016-06-30": 35.449, "2016-03-31": "40.65500", "2015-12-31": -424.518, "2015-09-30": -122.497, "2015-06-30": 185.258, "2015-03-31": "106.02700", "2014-12-31": -103.492, "2014-09-30": 14.062, "2014-06-30": 132.918, "2014-03-31": "281.70800", "2013-12-31": -156.812, "2013-09-30": -48.995, "2013-06-30": 183.652, "2013-03-31": "59.02100", "2012-12-31": -44.976, "2012-09-30": 56.744, "2012-06-30": 217.837, "2012-03-31": "-39.97700", "2011-12-31": -32.205, "2011-09-30": -39.153, "2011-06-30": -25.422, "2011-03-31": "-124.41100", "2010-12-31": -15.53, "2010-09-30": -99.557, "2010-06-30": 49.482, "2010-03-31": "-31.16200", "2009-12-31": -4.75, "2009-09-30": -142.551, "2009-06-30": -32.806, "2009-03-31": "-111.81500", "2008-12-31": 52.596, "2008-09-30": -72.586, "2008-06-30": 138.809, "2008-03-31": "148.84400", "2007-12-31": 5.859, "2007-09-30": -266.883, "2007-06-30": 95.565, "2007-03-31": "-23.03500", "2006-12-31": -164.836, "2006-09-30": -63.718, "2006-06-30": 195.293, "2006-03-31": "3.16400", "2005-12-31": 37.033, "2005-09-30": -30.482, "2005-06-30": 173.699, "2005-03-31": "-11.52100"}, "Net Cash Flow": {"2020-12-31": -6.511, "2020-09-30": 1.712, "2020-06-30": -52.168, "2020-03-31": "50.06700", "2019-12-31": -0.541, "2019-09-30": -4.966, "2019-06-30": 22.245, "2019-03-31": "-4.22700", "2018-12-31": -13.129, "2018-09-30": 25.418, "2018-06-30": -17.105, "2018-03-31": "24.16500", "2017-12-31": -2.757, "2017-09-30": -2.692, "2017-06-30": -10.687, "2017-03-31": "4.62800", "2016-12-31": -13.761, "2016-09-30": -25.249, "2016-06-30": -5.456, "2016-03-31": "6.67000", "2015-12-31": -4.727, "2015-09-30": -54.897, "2015-06-30": 38.463, "2015-03-31": "44.58500", "2014-12-31": -196.498, "2014-09-30": 150.934, "2014-06-30": 15.002, "2014-03-31": "38.47500", "2013-12-31": -8.834, "2013-09-30": -48.797, "2013-06-30": 40.822, "2013-03-31": "25.10700", "2012-12-31": -25.2, "2012-09-30": -27.401, "2012-06-30": 10.254, "2012-03-31": "-71.38300", "2011-12-31": 44.07, "2011-09-30": 10.934, "2011-06-30": -28.248, "2011-03-31": "-86.05800", "2010-12-31": 185.789, "2010-09-30": -29.507, "2010-06-30": -40.872, "2010-03-31": "-68.45000", "2009-12-31": 113.665, "2009-09-30": 27.139, "2009-06-30": -10.379, "2009-03-31": "-7.02500", "2008-12-31": -5.412, "2008-09-30": -24.913, "2008-06-30": 10.535, "2008-03-31": "-34.31600", "2007-12-31": 11.292, "2007-09-30": 26.394, "2007-06-30": 16.56, "2007-03-31": "-21.50400", "2006-12-31": 4.292, "2006-09-30": -46.001, "2006-06-30": 6.817, "2006-03-31": "2.47200", "2005-12-31": 9.354, "2005-09-30": 40.681, "2005-06-30": -88.956, "2005-03-31": "47.29000"}, "Stock-Based Compensation": {"2020-12-31": 0, "2020-09-30": 0, "2020-06-30": 0, "2020-03-31": "", "2019-12-31": 0, "2019-09-30": 0, "2019-06-30": 0, "2019-03-31": "", "2018-12-31": 0, "2018-09-30": 0, "2018-06-30": 0, "2018-03-31": "", "2017-12-31": 0, "2017-09-30": 0, "2017-06-30": 0, "2017-03-31": "", "2016-12-31": 0, "2016-09-30": 0, "2016-06-30": 0, "2016-03-31": "", "2015-12-31": 0, "2015-09-30": 0, "2015-06-30": 0, "2015-03-31": "", "2014-12-31": 0, "2014-09-30": 0, "2014-06-30": 0, "2014-03-31": "", "2013-12-31": 0, "2013-09-30": 0, "2013-06-30": 0, "2013-03-31": "", "2012-12-31": 0, "2012-09-30": 0, "2012-06-30": 0, "2012-03-31": "", "2011-12-31": 0, "2011-09-30": 0, "2011-06-30": 0, "2011-03-31": "", "2010-12-31": 0, "2010-09-30": 0, "2010-06-30": 0, "2010-03-31": "", "2009-12-31": 0, "2009-09-30": 0, "2009-06-30": 0, "2009-03-31": "", "2008-12-31": 0, "2008-09-30": 0, "2008-06-30": 0, "2008-03-31": "", "2007-12-31": 0, "2007-09-30": 0, "2007-06-30": 0, "2007-03-31": "", "2006-12-31": 0, "2006-09-30": 0, "2006-06-30": 0, "2006-03-31": "", "2005-12-31": 0, "2005-09-30": 0, "2005-06-30": 0, "2005-03-31": ""}, "Common Stock Dividends Paid": {"2020-12-31": 124.796, "2020-09-30": -41.608, "2020-06-30": -41.608, "2020-03-31": "-41.58000", "2019-12-31": -40.461, "2019-09-30": -40.225, "2019-06-30": -39.875, "2019-03-31": "-39.69500", "2018-12-31": -38.714, "2018-09-30": -38.714, "2018-06-30": -38.572, "2018-03-31": "-38.57300", "2017-12-31": -37.596, "2017-09-30": -37.596, "2017-06-30": -37.768, "2017-03-31": "-37.76700", "2016-12-31": -36.79, "2016-09-30": -36.791, "2016-06-30": -36.791, "2016-03-31": "-36.78400", "2015-12-31": -35.807, "2015-09-30": -35.734, "2015-06-30": -35.687, "2015-03-31": "-35.60700", "2014-12-31": -34.607, "2014-09-30": -34.388, "2014-06-30": -33.98, "2014-03-31": "-33.73700", "2013-12-31": -32.745, "2013-09-30": -32.745, "2013-06-30": -32.744, "2013-03-31": "-0.17100", "2012-12-31": -64.374, "2012-09-30": -31.8, "2012-06-30": -31.8, "2012-03-31": "-31.79400", "2011-12-31": -30.85, "2011-09-30": -30.85, "2011-06-30": -30.85, "2011-03-31": "-30.77300", "2010-12-31": -29.81, "2010-09-30": -29.802, "2010-06-30": -29.796, "2010-03-31": "-29.74900", "2009-12-31": -29.012, "2009-09-30": -28.686, "2009-06-30": -28.685, "2009-03-31": "-28.64000", "2008-12-31": -28.572, "2008-09-30": -26.723, "2008-06-30": -26.677, "2008-03-31": "-26.61900", "2007-12-31": -26.616, "2007-09-30": -24.725, "2007-06-30": -24.693, "2007-03-31": "-24.60700", "2006-12-31": -24.569, "2006-09-30": -22.967, "2006-06-30": -22.964, "2006-03-31": "-22.95000", "2005-12-31": -22.935, "2005-09-30": -21.685, "2005-06-30": -21.482, "2005-03-31": "-21.44900"}}, "financial ratios": {"Current Ratio": {"2019-12-31": "1.49780", "2018-12-31": "1.20090", "2017-12-31": "1.31630", "2016-12-31": "1.45970", "2015-12-31": "1.04650", "2014-12-31": "1.22830", "2013-12-31": "1.42270", "2012-12-31": "1.32700", "2011-12-31": "1.32920", "2010-12-31": "1.51960", "2009-12-31": "1.59130", "2008-12-31": "1.31510", "2007-12-31": "1.42880", "2006-12-31": "1.51960", "2005-12-31": "1.48380"}, "Long-term Debt / Capital": {"2019-12-31": "0.43880", "2018-12-31": "0.41980", "2017-12-31": "0.39200", "2016-12-31": "0.42990", "2015-12-31": "0.38190", "2014-12-31": "0.35970", "2013-12-31": "0.39210", "2012-12-31": "0.37820", "2011-12-31": "0.31650", "2010-12-31": "0.34750", "2009-12-31": "0.36630", "2008-12-31": "0.36230", "2007-12-31": "0.31180", "2006-12-31": "0.35090", "2005-12-31": "0.37060"}, "Debt/Equity Ratio": {"2019-12-31": "0.78780", "2018-12-31": "0.82150", "2017-12-31": "0.70600", "2016-12-31": "0.77290", "2015-12-31": "0.71260", "2014-12-31": "0.64430", "2013-12-31": "0.65340", "2012-12-31": "0.66960", "2011-12-31": "0.51330", "2010-12-31": "0.56700", "2009-12-31": "0.58700", "2008-12-31": "0.63470", "2007-12-31": "0.51760", "2006-12-31": "0.57950", "2005-12-31": "0.64290"}, "Gross Margin": {"2019-12-31": "90.47920", "2018-12-31": "89.30030", "2017-12-31": "88.52940", "2016-12-31": "88.90090", "2015-12-31": "86.63810", "2014-12-31": "84.25850", "2013-12-31": "85.23030", "2012-12-31": "87.79030", "2011-12-31": "84.28160", "2010-12-31": "83.86390", "2009-12-31": "80.71600", "2008-12-31": "83.18640", "2007-12-31": "89.47670", "2006-12-31": "91.59970", "2005-12-31": "88.46090"}, "Operating Margin": {"2019-12-31": "9.01710", "2018-12-31": "8.86500", "2017-12-31": "9.54340", "2016-12-31": "9.90380", "2015-12-31": "7.96640", "2014-12-31": "7.95080", "2013-12-31": "8.18080", "2012-12-31": "0.47130", "2011-12-31": "10.03250", "2010-12-31": "10.50540", "2009-12-31": "-3.66570", "2008-12-31": "10.23400", "2007-12-31": "13.11520", "2006-12-31": "13.06210", "2005-12-31": "12.88290"}, "EBIT Margin": {"2019-12-31": "9.01710", "2018-12-31": "8.86500", "2017-12-31": "9.54340", "2016-12-31": "9.90380", "2015-12-31": "7.96640", "2014-12-31": "7.95080", "2013-12-31": "8.18080", "2012-12-31": "0.47130", "2011-12-31": "10.03250", "2010-12-31": "10.50540", "2009-12-31": "-3.66570", "2008-12-31": "10.23400", "2007-12-31": "13.11520", "2006-12-31": "13.06210", "2005-12-31": "12.88290"}, "EBITDA Margin": {"2019-12-31": "13.81430", "2018-12-31": "13.72440", "2017-12-31": "14.21300", "2016-12-31": "15.14300", "2015-12-31": "13.24150", "2014-12-31": "12.88600", "2013-12-31": "13.29280", "2012-12-31": "9.28520", "2011-12-31": "18.51040", "2010-12-31": "18.91630", "2009-12-31": "4.24870", "2008-12-31": "17.54960", "2007-12-31": "20.22300", "2006-12-31": "19.46810", "2005-12-31": "19.32960"}, "Pre-Tax Profit Margin": {"2019-12-31": "7.46600", "2018-12-31": "6.99250", "2017-12-31": "7.87750", "2016-12-31": "7.90120", "2015-12-31": "6.15470", "2014-12-31": "6.06180", "2013-12-31": "6.19830", "2012-12-31": "-1.11560", "2011-12-31": "8.30090", "2010-12-31": "9.37540", "2009-12-31": "-5.25240", "2008-12-31": "8.81720", "2007-12-31": "12.07210", "2006-12-31": "11.83380", "2005-12-31": "12.09020"}, "Net Profit Margin": {"2019-12-31": "6.28570", "2018-12-31": "6.00940", "2017-12-31": "6.31130", "2016-12-31": "1.54400", "2015-12-31": "-15.52350", "2014-12-31": "7.23070", "2013-12-31": "7.09790", "2012-12-31": "-0.03530", "2011-12-31": "5.24240", "2010-12-31": "6.13790", "2009-12-31": "-2.96800", "2008-12-31": "5.85590", "2007-12-31": "10.15640", "2006-12-31": "7.86790", "2005-12-31": "8.06120"}, "Asset Turnover": {"2019-12-31": "0.69460", "2018-12-31": "0.64850", "2017-12-31": "0.70140", "2016-12-31": "0.65700", "2015-12-31": "0.61140", "2014-12-31": "0.52540", "2013-12-31": "0.55520", "2012-12-31": "0.60990", "2011-12-31": "0.61780", "2010-12-31": "0.62020", "2009-12-31": "0.69710", "2008-12-31": "0.75950", "2007-12-31": "0.75960", "2006-12-31": "0.81670", "2005-12-31": "0.76950"}, "Inventory Turnover Ratio": {"2019-12-31": "1.82500", "2018-12-31": "1.68760", "2017-12-31": "2.24940", "2016-12-31": "1.92330", "2015-12-31": "2.22970", "2014-12-31": "2.23830", "2013-12-31": "2.05030", "2012-12-31": "1.56770", "2011-12-31": "2.32190", "2010-12-31": "2.49460", "2009-12-31": "3.22410", "2008-12-31": "3.21670", "2007-12-31": "1.94990", "2006-12-31": "1.64540", "2005-12-31": "2.29410"}, "Receiveable Turnover": {"2019-12-31": "6.37910", "2018-12-31": "6.26820", "2017-12-31": "6.11160", "2016-12-31": "6.55120", "2015-12-31": "6.89140", "2014-12-31": "6.86780", "2013-12-31": "5.49760", "2012-12-31": "6.00990", "2011-12-31": "6.26770", "2010-12-31": "6.69760", "2009-12-31": "7.85090", "2008-12-31": "7.07570", "2007-12-31": "5.93710", "2006-12-31": "6.43320", "2005-12-31": "5.66320"}, "Days Sales In Receivables": {"2019-12-31": "57.21820", "2018-12-31": "58.23060", "2017-12-31": "59.72200", "2016-12-31": "55.71530", "2015-12-31": "52.96480", "2014-12-31": "53.14680", "2013-12-31": "66.39240", "2012-12-31": "60.73340", "2011-12-31": "58.23530", "2010-12-31": "54.49690", "2009-12-31": "46.49170", "2008-12-31": "51.58510", "2007-12-31": "61.47790", "2006-12-31": "56.73670", "2005-12-31": "64.45140"}, "ROE - Return On Equity": {"2019-12-31": "11.77160", "2018-12-31": "10.49510", "2017-12-31": "11.73240", "2016-12-31": "10.12910", "2015-12-31": "7.03990", "2014-12-31": "5.71990", "2013-12-31": "5.93790", "2012-12-31": "-0.54390", "2011-12-31": "8.18500", "2010-12-31": "9.11270", "2009-12-31": "-4.82170", "2008-12-31": "10.69430", "2007-12-31": "12.82770", "2006-12-31": "14.31580", "2005-12-31": "14.13660"}, "Return On Tangible Equity": {"2019-12-31": "15.58450", "2018-12-31": "14.24540", "2017-12-31": "15.89070", "2016-12-31": "13.88690", "2015-12-31": "9.39240", "2014-12-31": "7.10350", "2013-12-31": "7.64430", "2012-12-31": "-0.71780", "2011-12-31": "10.65920", "2010-12-31": "12.00360", "2009-12-31": "-6.44330", "2008-12-31": "13.87250", "2007-12-31": "15.53480", "2006-12-31": "16.04840", "2005-12-31": "16.12380"}, "ROA - Return On Assets": {"2019-12-31": "4.36240", "2018-12-31": "3.85490", "2017-12-31": "4.49880", "2016-12-31": "3.70910", "2015-12-31": "2.68670", "2014-12-31": "2.36230", "2013-12-31": "2.38890", "2012-12-31": "-0.21430", "2011-12-31": "3.44640", "2010-12-31": "3.87120", "2009-12-31": "-2.05770", "2008-12-31": "4.45780", "2007-12-31": "5.77180", "2006-12-31": "6.27670", "2005-12-31": "5.99720"}, "ROI - Return On Investment": {"2019-12-31": "6.60580", "2018-12-31": "6.08970", "2017-12-31": "7.13290", "2016-12-31": "5.73730", "2015-12-31": "4.32520", "2014-12-31": "3.64580", "2013-12-31": "3.59060", "2012-12-31": "-0.33620", "2011-12-31": "5.56400", "2010-12-31": "5.91310", "2009-12-31": "-3.03760", "2008-12-31": "6.78270", "2007-12-31": "8.77590", "2006-12-31": "9.22750", "2005-12-31": "8.89830"}, "Book Value Per Share": {"2019-12-31": "14.20900", "2018-12-31": "13.09410", "2017-12-31": "12.43720", "2016-12-31": "11.85970", "2015-12-31": "12.90830", "2014-12-31": "16.73280", "2013-12-31": "15.08430", "2012-12-31": "14.02440", "2011-12-31": "14.70160", "2010-12-31": "14.29590", "2009-12-31": "13.68990", "2008-12-31": "15.03290", "2007-12-31": "13.87720", "2006-12-31": "11.95960", "2005-12-31": "15.65100"}, "Operating Cash Flow Per Share": {"2019-12-31": 0.1817, "2018-12-31": 0.2591, "2017-12-31": -0.0734, "2016-12-31": -1.0315, "2015-12-31": 0.346, "2014-12-31": -0.9282, "2013-12-31": 0.8798, "2012-12-31": -0.2206, "2011-12-31": 0.3867, "2010-12-31": -1.6418, "2009-12-31": 0.2952, "2008-12-31": 1.198, "2007-12-31": -0.557, "2006-12-31": 0.9422, "2005-12-31": 2.694}, "Free Cash Flow Per Share": {"2019-12-31": 0.1954, "2018-12-31": -1.4072, "2017-12-31": 0.5842, "2016-12-31": -0.3133, "2015-12-31": -0.0481, "2014-12-31": -0.4216, "2013-12-31": 2.7043, "2012-12-31": -2.2123, "2011-12-31": 0.3548, "2010-12-31": -1.7497, "2009-12-31": 1.6045, "2008-12-31": 0.5256, "2007-12-31": -0.9954, "2006-12-31": 0.3445, "2005-12-31": 0.8143}}, "financial ratios, quarterly": {"Current Ratio": {"2020-09-30": "1.40820", "2020-06-30": "1.39720", "2020-03-31": "1.66580", "2019-12-31": "1.49780", "2019-09-30": "1.41420", "2019-06-30": "1.58320", "2019-03-31": "1.16230", "2018-12-31": "1.20090", "2018-09-30": "1.67400", "2018-06-30": "1.39350", "2018-03-31": "1.36190", "2017-12-31": "1.31630", "2017-09-30": "1.28330", "2017-06-30": "1.46430", "2017-03-31": "1.52430", "2016-12-31": "1.45970", "2016-09-30": "1.44000", "2016-06-30": "1.54110", "2016-03-31": "1.34380", "2015-12-31": "1.04650", "2015-09-30": "1.26860", "2015-06-30": "1.18720", "2015-03-31": "1.17530", "2014-12-31": "1.22830", "2014-09-30": "1.49370", "2014-06-30": "1.58430", "2014-03-31": "1.61580", "2013-12-31": "1.42270", "2013-09-30": "1.48380", "2013-06-30": "1.49240", "2013-03-31": "1.25300", "2012-12-31": "1.32700", "2012-09-30": "1.21880", "2012-06-30": "1.20430", "2012-03-31": "1.18450", "2011-12-31": "1.32920", "2011-09-30": "1.48080", "2011-06-30": "1.48050", "2011-03-31": "1.62500", "2010-12-31": "1.51960", "2010-09-30": "1.42400", "2010-06-30": "1.51290", "2010-03-31": "1.49300", "2009-12-31": "1.59130", "2009-09-30": "1.50480", "2009-06-30": "1.53820", "2009-03-31": "1.45910", "2008-12-31": "1.31510", "2008-09-30": "1.47580", "2008-06-30": "1.37190", "2008-03-31": "1.24550", "2007-12-31": "1.42880", "2007-09-30": "1.44020", "2007-06-30": "1.68530", "2007-03-31": "1.59850", "2006-12-31": "1.51960", "2006-09-30": "1.68800", "2006-06-30": "1.62130", "2006-03-31": "1.63840", "2005-12-31": "1.48380", "2005-09-30": "1.30930", "2005-06-30": "1.82980", "2005-03-31": "1.57310"}, "Long-term Debt / Capital": {"2020-09-30": "0.42960", "2020-06-30": "0.43880", "2020-03-31": "0.46230", "2019-12-31": "0.43880", "2019-09-30": "0.43820", "2019-06-30": "0.46670", "2019-03-31": "0.42760", "2018-12-31": "0.41980", "2018-09-30": "0.43120", "2018-06-30": "0.41570", "2018-03-31": "0.40190", "2017-12-31": "0.39200", "2017-09-30": "0.40350", "2017-06-30": "0.42150", "2017-03-31": "0.41920", "2016-12-31": "0.42990", "2016-09-30": "0.44180", "2016-06-30": "0.46290", "2016-03-31": "0.41350", "2015-12-31": "0.38190", "2015-09-30": "0.43580", "2015-06-30": "0.41250", "2015-03-31": "0.37690", "2014-12-31": "0.35970", "2014-09-30": "0.39490", "2014-06-30": "0.41170", "2014-03-31": "0.41510", "2013-12-31": "0.39210", "2013-09-30": "0.41710", "2013-06-30": "0.41830", "2013-03-31": "0.37700", "2012-12-31": "0.37820", "2012-09-30": "0.35390", "2012-06-30": "0.32910", "2012-03-31": "0.30440", "2011-12-31": "0.31650", "2011-09-30": "0.32550", "2011-06-30": "0.33450", "2011-03-31": "0.34460", "2010-12-31": "0.34750", "2010-09-30": "0.35060", "2010-06-30": "0.36470", "2010-03-31": "0.35350", "2009-12-31": "0.36630", "2009-09-30": "0.36910", "2009-06-30": "0.40440", "2009-03-31": "0.40200", "2008-12-31": "0.36230", "2008-09-30": "0.33710", "2008-06-30": "0.36280", "2008-03-31": "0.33320", "2007-12-31": "0.31180", "2007-09-30": "0.31770", "2007-06-30": "0.35020", "2007-03-31": "0.34510", "2006-12-31": "0.35090", "2006-09-30": "0.38300", "2006-06-30": "0.39430", "2006-03-31": "0.36900", "2005-12-31": "0.37060", "2005-09-30": "0.37160", "2005-06-30": "0.38890", "2005-03-31": "0.35330"}, "Debt/Equity Ratio": {"2020-09-30": "0.77850", "2020-06-30": "0.81340", "2020-03-31": "0.86560", "2019-12-31": "0.78780", "2019-09-30": "0.85370", "2019-06-30": "0.92840", "2019-03-31": "0.87040", "2018-12-31": "0.82150", "2018-09-30": "0.75970", "2018-06-30": "0.75600", "2018-03-31": "0.73350", "2017-12-31": "0.70600", "2017-09-30": "0.73940", "2017-06-30": "0.76490", "2017-03-31": "0.74080", "2016-12-31": "0.77290", "2016-09-30": "0.83230", "2016-06-30": "0.88810", "2016-03-31": "0.74460", "2015-12-31": "0.71260", "2015-09-30": "0.87510", "2015-06-30": "0.85690", "2015-03-31": "0.74960", "2014-12-31": "0.64430", "2014-09-30": "0.69950", "2014-06-30": "0.71330", "2014-03-31": "0.71390", "2013-12-31": "0.65340", "2013-09-30": "0.73400", "2013-06-30": "0.75640", "2013-03-31": "0.68310", "2012-12-31": "0.66960", "2012-09-30": "0.63950", "2012-06-30": "0.59060", "2012-03-31": "0.51060", "2011-12-31": "0.51330", "2011-09-30": "0.51010", "2011-06-30": "0.52550", "2011-03-31": "0.53060", "2010-12-31": "0.56700", "2010-09-30": "0.56920", "2010-06-30": "0.60320", "2010-03-31": "0.57760", "2009-12-31": "0.58700", "2009-09-30": "0.59600", "2009-06-30": "0.69060", "2009-03-31": "0.69490", "2008-12-31": "0.63470", "2008-09-30": "0.57170", "2008-06-30": "0.63390", "2008-03-31": "0.58300", "2007-12-31": "0.51760", "2007-09-30": "0.51910", "2007-06-30": "0.59690", "2007-03-31": "0.56500", "2006-12-31": "0.57950", "2006-09-30": "0.66770", "2006-06-30": "0.73080", "2006-03-31": "0.63710", "2005-12-31": "0.64290", "2005-09-30": "0.64030", "2005-06-30": "0.65170", "2005-03-31": "0.57450"}, "Gross Margin": {"2020-09-30": "97.04060", "2020-06-30": "94.76050", "2020-03-31": "84.47000", "2019-12-31": "87.43660", "2019-09-30": "96.76690", "2019-06-30": "94.30340", "2019-03-31": "80.74280", "2018-12-31": "87.13530", "2018-09-30": "96.05490", "2018-06-30": "93.02920", "2018-03-31": "79.05570", "2017-12-31": "85.56530", "2017-09-30": "95.89600", "2017-06-30": "93.02950", "2017-03-31": "77.09480", "2016-12-31": "84.18020", "2016-09-30": "95.77010", "2016-06-30": "93.93140", "2016-03-31": "78.72090", "2015-12-31": "83.74840", "2015-09-30": "95.14410", "2015-06-30": "90.84080", "2015-03-31": "73.64880", "2014-12-31": "77.10260", "2014-09-30": "94.60210", "2014-06-30": "89.15580", "2014-03-31": "73.97180", "2013-12-31": "66.68100", "2013-09-30": "95.65950", "2013-06-30": "91.66280", "2013-03-31": "76.29950", "2012-12-31": "84.52430", "2012-09-30": "95.49790", "2012-06-30": "92.39600", "2012-03-31": "76.09680", "2011-12-31": "82.02570", "2011-09-30": "94.14510", "2011-06-30": "87.53570", "2011-03-31": "70.98710", "2010-12-31": "80.50970", "2010-09-30": "94.09140", "2010-06-30": "87.80430", "2010-03-31": "69.97980", "2009-12-31": "76.80190", "2009-09-30": "93.43040", "2009-06-30": "87.31090", "2009-03-31": "65.70150", "2008-12-31": "76.85850", "2008-09-30": "93.61290", "2008-06-30": "87.15600", "2008-03-31": "73.66970", "2007-12-31": "84.25720", "2007-09-30": "93.47810", "2007-06-30": "94.32160", "2007-03-31": "85.27560", "2006-12-31": "91.53600", "2006-09-30": "95.92900", "2006-06-30": "94.24810", "2006-03-31": "82.19150", "2005-12-31": "84.18370", "2005-09-30": "95.35530", "2005-06-30": "92.05110", "2005-03-31": "78.53950"}, "Operating Margin": {"2020-09-30": "12.83390", "2020-06-30": "10.14390", "2020-03-31": "4.76630", "2019-12-31": "9.44860", "2019-09-30": "12.11600", "2019-06-30": "7.46490", "2019-03-31": "5.88510", "2018-12-31": "9.78200", "2018-09-30": "10.93110", "2018-06-30": "6.95020", "2018-03-31": "7.10610", "2017-12-31": "10.66580", "2017-09-30": "12.20540", "2017-06-30": "7.36770", "2017-03-31": "7.01400", "2016-12-31": "10.95120", "2016-09-30": "12.13700", "2016-06-30": "8.52200", "2016-03-31": "7.20580", "2015-12-31": "8.72320", "2015-09-30": "10.66710", "2015-06-30": "6.36530", "2015-03-31": "5.06400", "2014-12-31": "4.74720", "2014-09-30": "9.79990", "2014-06-30": "6.54590", "2014-03-31": "9.86750", "2013-12-31": "-3.90540", "2013-09-30": "11.65620", "2013-06-30": "8.61570", "2013-03-31": "11.22060", "2012-12-31": "-10.13080", "2012-09-30": "-2.90030", "2012-06-30": "9.47500", "2012-03-31": "8.33210", "2011-12-31": "11.87680", "2011-09-30": "10.36480", "2011-06-30": "8.84260", "2011-03-31": "8.65660", "2010-12-31": "12.48610", "2010-09-30": "9.67760", "2010-06-30": "9.78130", "2010-03-31": "9.93430", "2009-12-31": "12.54120", "2009-09-30": "14.46600", "2009-06-30": "10.44480", "2009-03-31": "-49.44390", "2008-12-31": "-1.33690", "2008-09-30": "15.24160", "2008-06-30": "15.85680", "2008-03-31": "11.37100", "2007-12-31": "12.67190", "2007-09-30": "14.38650", "2007-06-30": "14.53480", "2007-03-31": "10.02790", "2006-12-31": "12.04120", "2006-09-30": "15.45820", "2006-06-30": "12.71330", "2006-03-31": "11.33370", "2005-12-31": "11.41760", "2005-09-30": "14.05990", "2005-06-30": "14.74010", "2005-03-31": "10.77500"}, "EBIT Margin": {"2020-09-30": "12.83390", "2020-06-30": "10.14390", "2020-03-31": "4.76630", "2019-12-31": "9.44850", "2019-09-30": "12.11600", "2019-06-30": "7.46490", "2019-03-31": "5.88510", "2018-12-31": "9.78210", "2018-09-30": "10.93110", "2018-06-30": "6.95020", "2018-03-31": "7.10610", "2017-12-31": "10.66580", "2017-09-30": "12.20540", "2017-06-30": "7.36770", "2017-03-31": "7.01400", "2016-12-31": "10.95120", "2016-09-30": "12.13700", "2016-06-30": "8.52200", "2016-03-31": "7.20580", "2015-12-31": "8.72320", "2015-09-30": "10.66710", "2015-06-30": "6.36530", "2015-03-31": "5.06400", "2014-12-31": "4.74720", "2014-09-30": "9.79990", "2014-06-30": "6.54590", "2014-03-31": "9.86750", "2013-12-31": "-3.90540", "2013-09-30": "11.65620", "2013-06-30": "8.61570", "2013-03-31": "11.22060", "2012-12-31": "-10.13090", "2012-09-30": "-2.90030", "2012-06-30": "9.47500", "2012-03-31": "8.33210", "2011-12-31": "11.87680", "2011-09-30": "10.36480", "2011-06-30": "8.84260", "2011-03-31": "8.65660", "2010-12-31": "12.48610", "2010-09-30": "9.67760", "2010-06-30": "9.78130", "2010-03-31": "9.93430", "2009-12-31": "12.54120", "2009-09-30": "14.46600", "2009-06-30": "10.44480", "2009-03-31": "-49.44390", "2008-12-31": "-1.33690", "2008-09-30": "15.24160", "2008-06-30": "15.85680", "2008-03-31": "11.37100", "2007-12-31": "12.67190", "2007-09-30": "14.38650", "2007-06-30": "14.53480", "2007-03-31": "10.02790", "2006-12-31": "12.04120", "2006-09-30": "15.45820", "2006-06-30": "12.71330", "2006-03-31": "11.33370", "2005-12-31": "11.41760", "2005-09-30": "14.05990", "2005-06-30": "14.74010", "2005-03-31": "10.77500"}, "EBITDA Margin": {"2020-09-30": "", "2020-06-30": "", "2020-03-31": "", "2019-12-31": "", "2019-09-30": "", "2019-06-30": "", "2019-03-31": "", "2018-12-31": "", "2018-09-30": "", "2018-06-30": "", "2018-03-31": "", "2017-12-31": "", "2017-09-30": "", "2017-06-30": "", "2017-03-31": "", "2016-12-31": "", "2016-09-30": "", "2016-06-30": "", "2016-03-31": "", "2015-12-31": "", "2015-09-30": "", "2015-06-30": "", "2015-03-31": "", "2014-12-31": "", "2014-09-30": "", "2014-06-30": "", "2014-03-31": "", "2013-12-31": "", "2013-09-30": "", "2013-06-30": "", "2013-03-31": "", "2012-12-31": "", "2012-09-30": "", "2012-06-30": "", "2012-03-31": "", "2011-12-31": "", "2011-09-30": "", "2011-06-30": "", "2011-03-31": "", "2010-12-31": "", "2010-09-30": "", "2010-06-30": "", "2010-03-31": "", "2009-12-31": "", "2009-09-30": "", "2009-06-30": "", "2009-03-31": "", "2008-12-31": "", "2008-09-30": "", "2008-06-30": "", "2008-03-31": "", "2007-12-31": "", "2007-09-30": "", "2007-06-30": "", "2007-03-31": "", "2006-12-31": "", "2006-09-30": "", "2006-06-30": "", "2006-03-31": "", "2005-12-31": "", "2005-09-30": "", "2005-06-30": "", "2005-03-31": ""}, "Pre-Tax Profit Margin": {"2020-09-30": "11.62750", "2020-06-30": "9.06130", "2020-03-31": "2.63180", "2019-12-31": "7.93170", "2019-09-30": "10.69360", "2019-06-30": "5.63810", "2019-03-31": "4.43610", "2018-12-31": "7.50800", "2018-09-30": "9.50450", "2018-06-30": "5.14660", "2018-03-31": "5.07130", "2017-12-31": "9.09920", "2017-09-30": "10.72490", "2017-06-30": "5.59130", "2017-03-31": "5.09910", "2016-12-31": "9.08350", "2016-09-30": "10.43770", "2016-06-30": "6.47710", "2016-03-31": "4.66930", "2015-12-31": "7.77230", "2015-09-30": "9.07180", "2015-06-30": "4.09820", "2015-03-31": "2.43350", "2014-12-31": "2.53490", "2014-09-30": "8.16150", "2014-06-30": "4.54980", "2014-03-31": "8.06590", "2013-12-31": "-6.86850", "2013-09-30": "10.19820", "2013-06-30": "6.73020", "2013-03-31": "9.07980", "2012-12-31": "-11.59410", "2012-09-30": "-4.24240", "2012-06-30": "7.82030", "2012-03-31": "6.32840", "2011-12-31": "10.38980", "2011-09-30": "8.84760", "2011-06-30": "6.99690", "2011-03-31": "6.47960", "2010-12-31": "12.85770", "2010-09-30": "8.19650", "2010-06-30": "8.06650", "2010-03-31": "8.03780", "2009-12-31": "10.88840", "2009-09-30": "13.04610", "2009-06-30": "8.74900", "2009-03-31": "-51.04270", "2008-12-31": "-2.94050", "2008-09-30": "13.91760", "2008-06-30": "14.48400", "2008-03-31": "10.01030", "2007-12-31": "11.54280", "2007-09-30": "14.07840", "2007-06-30": "13.25580", "2007-03-31": "8.25140", "2006-12-31": "10.68600", "2006-09-30": "14.35550", "2006-06-30": "11.32690", "2006-03-31": "10.27950", "2005-12-31": "10.43460", "2005-09-30": "13.07230", "2005-06-30": "15.20320", "2005-03-31": "9.02890"}, "Net Profit Margin": {"2020-09-30": "9.64400", "2020-06-30": "7.31540", "2020-03-31": "2.09880", "2019-12-31": "6.89770", "2019-09-30": "8.80150", "2019-06-30": "4.74270", "2019-03-31": "3.75060", "2018-12-31": "6.51540", "2018-09-30": "8.37380", "2018-06-30": "4.11440", "2018-03-31": "4.34670", "2017-12-31": "9.89600", "2017-09-30": "6.86430", "2017-06-30": "3.80420", "2017-03-31": "3.96130", "2016-12-31": "6.45200", "2016-09-30": "6.85230", "2016-06-30": "-10.47220", "2016-03-31": "2.87110", "2015-12-31": "5.15720", "2015-09-30": "-11.65100", "2015-06-30": "-24.49530", "2015-03-31": "-35.49470", "2014-12-31": "9.27620", "2014-09-30": "8.49310", "2014-06-30": "5.66210", "2014-03-31": "5.41700", "2013-12-31": "14.21360", "2013-09-30": "6.55520", "2013-06-30": "4.36930", "2013-03-31": "6.04810", "2012-12-31": "-5.65680", "2012-09-30": "-2.54300", "2012-06-30": "5.57270", "2012-03-31": "4.17670", "2011-12-31": "5.70830", "2011-09-30": "5.53760", "2011-06-30": "4.82360", "2011-03-31": "4.74670", "2010-12-31": "8.51460", "2010-09-30": "5.40340", "2010-06-30": "5.38000", "2010-03-31": "4.98340", "2009-12-31": "7.12840", "2009-09-30": "8.34110", "2009-06-30": "5.75550", "2009-03-31": "-31.44170", "2008-12-31": "-0.88280", "2008-09-30": "8.86250", "2008-06-30": "9.21380", "2008-03-31": "6.31780", "2007-12-31": "7.65610", "2007-09-30": "16.14780", "2007-06-30": "9.09070", "2007-03-31": "5.92540", "2006-12-31": "7.73140", "2006-09-30": "9.22880", "2006-06-30": "7.41300", "2006-03-31": "6.60530", "2005-12-31": "7.58810", "2005-09-30": "8.16490", "2005-06-30": "10.38760", "2005-03-31": "5.66760"}, "Asset Turnover": {"2020-09-30": "0.19530", "2020-06-30": "0.17230", "2020-03-31": "0.15250", "2019-12-31": "0.17940", "2019-09-30": "0.20230", "2019-06-30": "0.17170", "2019-03-31": "0.14990", "2018-12-31": "0.17310", "2018-09-30": "0.19060", "2018-06-30": "0.16290", "2018-03-31": "0.15380", "2017-12-31": "0.18390", "2017-09-30": "0.20060", "2017-06-30": "0.17140", "2017-03-31": "0.15250", "2016-12-31": "0.16170", "2016-09-30": "0.19130", "2016-06-30": "0.16440", "2016-03-31": "0.13100", "2015-12-31": "0.15470", "2015-09-30": "0.17180", "2015-06-30": "0.12930", "2015-03-31": "0.11780", "2014-12-31": "0.11570", "2014-09-30": "0.15540", "2014-06-30": "0.12380", "2014-03-31": "0.14080", "2013-12-31": "0.09090", "2013-09-30": "0.17940", "2013-06-30": "0.14960", "2013-03-31": "0.13640", "2012-12-31": "0.16180", "2012-09-30": "0.17000", "2012-06-30": "0.14030", "2012-03-31": "0.13040", "2011-12-31": "0.16260", "2011-09-30": "0.18120", "2011-06-30": "0.14870", "2011-03-31": "0.14570", "2010-12-31": "0.16540", "2010-09-30": "0.18110", "2010-06-30": "0.14830", "2010-03-31": "0.13960", "2009-12-31": "0.16970", "2009-09-30": "0.18870", "2009-06-30": "0.16450", "2009-03-31": "0.18670", "2008-12-31": "0.19670", "2008-09-30": "0.21320", "2008-06-30": "0.20150", "2008-03-31": "0.19240", "2007-12-31": "0.22040", "2007-09-30": "0.22680", "2007-06-30": "0.19250", "2007-03-31": "0.16150", "2006-12-31": "0.21740", "2006-09-30": "0.23630", "2006-06-30": "0.19910", "2006-03-31": "0.17930", "2005-12-31": "0.21780", "2005-09-30": "0.24730", "2005-06-30": "0.18800", "2005-03-31": "0.15960"}, "Inventory Turnover Ratio": {"2020-09-30": "0.16410", "2020-06-30": "0.23580", "2020-03-31": "0.60780", "2019-12-31": "0.62190", "2019-09-30": "0.17670", "2019-06-30": "0.22780", "2019-03-31": "0.67450", "2018-12-31": "0.54170", "2018-09-30": "0.18690", "2018-06-30": "0.26670", "2018-03-31": "0.79320", "2017-12-31": "0.74230", "2017-09-30": "0.22460", "2017-06-30": "0.29780", "2017-03-31": "0.85720", "2016-12-31": "0.67460", "2016-09-30": "0.20800", "2016-06-30": "0.23830", "2016-03-31": "0.70470", "2015-12-31": "0.68600", "2015-09-30": "0.23660", "2015-06-30": "0.29600", "2015-03-31": "0.69260", "2014-12-31": "0.71720", "2014-09-30": "0.22640", "2014-06-30": "0.32430", "2014-03-31": "0.90080", "2013-12-31": "0.75770", "2013-09-30": "0.17740", "2013-06-30": "0.25560", "2013-03-31": "0.65930", "2012-12-31": "0.52710", "2012-09-30": "0.16730", "2012-06-30": "0.22080", "2012-03-31": "0.65060", "2011-12-31": "0.69860", "2011-09-30": "0.25020", "2011-06-30": "0.41830", "2011-03-31": "0.99600", "2010-12-31": "0.80350", "2010-09-30": "0.25420", "2010-06-30": "0.42490", "2010-03-31": "0.98690", "2009-12-31": "0.94400", "2009-09-30": "0.27090", "2009-06-30": "0.42530", "2009-03-31": "1.35820", "2008-12-31": "1.14660", "2008-09-30": "0.30850", "2008-06-30": "0.60190", "2008-03-31": "1.30120", "2007-12-31": "0.84650", "2007-09-30": "0.31890", "2007-06-30": "0.25220", "2007-03-31": "0.56220", "2006-12-31": "0.44130", "2006-09-30": "0.21210", "2006-06-30": "0.26760", "2006-03-31": "0.83450", "2005-12-31": "0.88990", "2005-09-30": "0.25530", "2005-06-30": "0.38530", "2005-03-31": "0.96840"}, "Receiveable Turnover": {"2020-09-30": "1.57250", "2020-06-30": "1.48010", "2020-03-31": "1.43320", "2019-12-31": "1.64740", "2019-09-30": "1.61500", "2019-06-30": "1.46370", "2019-03-31": "1.51100", "2018-12-31": "1.67350", "2018-09-30": "1.62670", "2018-06-30": "1.43150", "2018-03-31": "1.46960", "2017-12-31": "1.60270", "2017-09-30": "1.72110", "2017-06-30": "1.61330", "2017-03-31": "1.69240", "2016-12-31": "1.61220", "2016-09-30": "1.81700", "2016-06-30": "1.63840", "2016-03-31": "1.63350", "2015-12-31": "1.74310", "2015-09-30": "1.80650", "2015-06-30": "1.56970", "2015-03-31": "1.70440", "2014-12-31": "1.51280", "2014-09-30": "1.81910", "2014-06-30": "1.62930", "2014-03-31": "1.50970", "2013-12-31": "0.90060", "2013-09-30": "1.63310", "2013-06-30": "1.44340", "2013-03-31": "1.46580", "2012-12-31": "1.59430", "2012-09-30": "1.57890", "2012-06-30": "1.47870", "2012-03-31": "1.58050", "2011-12-31": "1.64910", "2011-09-30": "1.79640", "2011-06-30": "1.64340", "2011-03-31": "1.69110", "2010-12-31": "1.78600", "2010-09-30": "1.92310", "2010-06-30": "1.80400", "2010-03-31": "1.78450", "2009-12-31": "1.91080", "2009-09-30": "2.13240", "2009-06-30": "1.71130", "2009-03-31": "1.88390", "2008-12-31": "1.83250", "2008-09-30": "1.70060", "2008-06-30": "1.62700", "2008-03-31": "1.60940", "2007-12-31": "1.72290", "2007-09-30": "1.66290", "2007-06-30": "1.52880", "2007-03-31": "1.43560", "2006-12-31": "1.71240", "2006-09-30": "1.64210", "2006-06-30": "1.49420", "2006-03-31": "1.48050", "2005-12-31": "1.60260", "2005-09-30": "1.68640", "2005-06-30": "1.40870", "2005-03-31": "1.53880"}, "Days Sales In Receivables": {"2020-09-30": "57.23530", "2020-06-30": "60.80600", "2020-03-31": "62.79760", "2019-12-31": "54.63190", "2019-09-30": "55.72650", "2019-06-30": "61.48650", "2019-03-31": "59.56220", "2018-12-31": "53.77840", "2018-09-30": "55.32610", "2018-06-30": "62.87060", "2018-03-31": "61.24050", "2017-12-31": "56.15390", "2017-09-30": "52.29370", "2017-06-30": "55.78610", "2017-03-31": "53.17770", "2016-12-31": "55.82320", "2016-09-30": "49.53200", "2016-06-30": "54.93080", "2016-03-31": "55.09760", "2015-12-31": "51.63170", "2015-09-30": "49.81950", "2015-06-30": "57.33720", "2015-03-31": "52.80550", "2014-12-31": "59.49200", "2014-09-30": "49.47540", "2014-06-30": "55.23960", "2014-03-31": "59.61390", "2013-12-31": "99.93310", "2013-09-30": "55.10890", "2013-06-30": "62.35070", "2013-03-31": "61.40030", "2012-12-31": "56.45040", "2012-09-30": "57.00350", "2012-06-30": "60.86480", "2012-03-31": "56.94490", "2011-12-31": "54.57440", "2011-09-30": "50.10060", "2011-06-30": "54.76500", "2011-03-31": "53.22120", "2010-12-31": "50.39260", "2010-09-30": "46.80060", "2010-06-30": "49.88820", "2010-03-31": "50.43400", "2009-12-31": "47.09970", "2009-09-30": "42.20630", "2009-06-30": "52.59260", "2009-03-31": "47.77220", "2008-12-31": "49.11370", "2008-09-30": "52.92380", "2008-06-30": "55.31690", "2008-03-31": "55.92010", "2007-12-31": "52.23660", "2007-09-30": "54.12080", "2007-06-30": "58.86850", "2007-03-31": "62.69120", "2006-12-31": "52.55900", "2006-09-30": "54.80880", "2006-06-30": "60.23240", "2006-03-31": "60.79150", "2005-12-31": "56.15780", "2005-09-30": "53.36700", "2005-06-30": "63.88830", "2005-03-31": "58.48540"}, "ROE - Return On Equity": {"2020-09-30": "5.07890", "2020-06-30": "3.44560", "2020-03-31": "0.90030", "2019-12-31": "3.32970", "2019-09-30": "4.86940", "2019-06-30": "2.37360", "2019-03-31": "1.57690", "2018-12-31": "2.96020", "2018-09-30": "4.25850", "2018-06-30": "1.79820", "2018-03-31": "1.72950", "2017-12-31": "4.75060", "2017-09-30": "3.80430", "2017-06-30": "1.92820", "2017-03-31": "1.55020", "2016-12-31": "2.89180", "2016-09-30": "3.89360", "2016-06-30": "2.08300", "2016-03-31": "1.28470", "2015-12-31": "2.44590", "2015-09-30": "2.95560", "2015-06-30": "0.97540", "2015-03-31": "0.51930", "2014-12-31": "1.10540", "2014-09-30": "2.02450", "2014-06-30": "0.96560", "2014-03-31": "1.91440", "2013-12-31": "-0.66330", "2013-09-30": "3.09090", "2013-06-30": "1.73130", "2013-03-31": "2.12750", "2012-12-31": "-2.64640", "2012-09-30": "-1.08260", "2012-06-30": "1.74700", "2012-03-31": "1.30100", "2011-12-31": "2.68380", "2011-09-30": "2.30900", "2011-06-30": "1.66900", "2011-03-31": "1.59040", "2010-12-31": "3.44690", "2010-09-30": "2.30480", "2010-06-30": "1.87310", "2010-03-31": "1.61090", "2009-12-31": "2.84100", "2009-09-30": "3.70150", "2009-06-30": "2.30930", "2009-03-31": "-14.40560", "2008-12-31": "-0.41030", "2008-09-30": "4.26660", "2008-06-30": "4.48470", "2008-03-31": "2.81240", "2007-12-31": "3.76920", "2007-09-30": "4.26820", "2007-06-30": "3.63530", "2007-03-31": "1.90190", "2006-12-31": "3.71050", "2006-09-30": "5.08640", "2006-06-30": "3.43040", "2006-03-31": "2.70200", "2005-12-31": "3.36640", "2005-09-30": "4.94200", "2005-06-30": "4.55690", "2005-03-31": "2.07310"}, "Return On Tangible Equity": {"2020-09-30": "6.72970", "2020-06-30": "4.62770", "2020-03-31": "1.22270", "2019-12-31": "4.40820", "2019-09-30": "6.48620", "2019-06-30": "3.20600", "2019-03-31": "2.14610", "2018-12-31": "4.01800", "2018-09-30": "5.72090", "2018-06-30": "2.44250", "2018-03-31": "2.34300", "2017-12-31": "6.43430", "2017-09-30": "5.21270", "2017-06-30": "2.66480", "2017-03-31": "2.14460", "2016-12-31": "3.96460", "2016-09-30": "5.39930", "2016-06-30": "2.91380", "2016-03-31": "1.72610", "2015-12-31": "3.26310", "2015-09-30": "3.94740", "2015-06-30": "1.27550", "2015-03-31": "0.66200", "2014-12-31": "1.37280", "2014-09-30": "2.53350", "2014-06-30": "1.21820", "2014-03-31": "2.44120", "2013-12-31": "-0.85390", "2013-09-30": "4.02550", "2013-06-30": "2.27050", "2013-03-31": "2.79790", "2012-12-31": "-3.49290", "2012-09-30": "-1.41380", "2012-06-30": "2.26230", "2012-03-31": "1.69430", "2011-12-31": "3.49510", "2011-09-30": "3.00390", "2011-06-30": "2.18840", "2011-03-31": "2.09520", "2010-12-31": "4.54030", "2010-09-30": "3.04840", "2010-06-30": "2.48810", "2010-03-31": "2.14570", "2009-12-31": "3.79650", "2009-09-30": "4.98550", "2009-06-30": "3.13790", "2009-03-31": "-19.60710", "2008-12-31": "-0.53220", "2008-09-30": "5.11110", "2008-06-30": "5.44770", "2008-03-31": "3.40700", "2007-12-31": "4.56470", "2007-09-30": "5.21570", "2007-06-30": "4.04620", "2007-03-31": "2.12640", "2006-12-31": "4.15950", "2006-09-30": "5.76870", "2006-06-30": "3.91110", "2006-03-31": "3.05670", "2005-12-31": "3.83960", "2005-09-30": "5.72950", "2005-06-30": "5.29500", "2005-03-31": "2.38280"}, "ROA - Return On Assets": {"2020-09-30": "1.88310", "2020-06-30": "1.26200", "2020-03-31": "0.32530", "2019-12-31": "1.23390", "2019-09-30": "1.76090", "2019-06-30": "0.83180", "2019-03-31": "0.56450", "2018-12-31": "1.08730", "2018-09-30": "1.59820", "2018-06-30": "0.67460", "2018-03-31": "0.66090", "2017-12-31": "1.82160", "2017-09-30": "1.41150", "2017-06-30": "0.71270", "2017-03-31": "0.57960", "2016-12-31": "1.05890", "2016-09-30": "1.39900", "2016-06-30": "0.72890", "2016-03-31": "0.48540", "2015-12-31": "0.93340", "2015-09-30": "1.05910", "2015-06-30": "0.35930", "2015-03-31": "0.20710", "2014-12-31": "0.45650", "2014-09-30": "0.81520", "2014-06-30": "0.38280", "2014-03-31": "0.75830", "2013-12-31": "-0.26680", "2013-09-30": "1.17970", "2013-06-30": "0.65420", "2013-03-31": "0.82880", "2012-12-31": "-1.04280", "2012-09-30": "-0.42780", "2012-06-30": "0.71010", "2012-03-31": "0.54890", "2011-12-31": "1.13010", "2011-09-30": "1.00790", "2011-06-30": "0.72290", "2011-03-31": "0.68690", "2010-12-31": "1.46430", "2010-09-30": "0.98130", "2010-06-30": "0.80060", "2010-03-31": "0.69830", "2009-12-31": "1.21240", "2009-09-30": "1.57660", "2009-06-30": "0.94980", "2009-03-31": "-5.86640", "2008-12-31": "-0.17100", "2008-09-30": "1.89250", "2008-06-30": "1.85950", "2008-03-31": "1.21850", "2007-12-31": "1.69600", "2007-09-30": "1.90320", "2007-06-30": "1.60770", "2007-03-31": "0.84910", "2006-12-31": "1.62680", "2006-09-30": "2.15660", "2006-06-30": "1.41740", "2006-03-31": "1.17000", "2005-12-31": "1.42810", "2005-09-30": "2.02990", "2005-06-30": "1.95750", "2005-03-31": "0.90880"}, "ROI - Return On Investment": {"2020-09-30": "2.89720", "2020-06-30": "1.93380", "2020-03-31": "0.48410", "2019-12-31": "1.86850", "2019-09-30": "2.73540", "2019-06-30": "1.26590", "2019-03-31": "0.90270", "2018-12-31": "1.71760", "2018-09-30": "2.42210", "2018-06-30": "1.05070", "2018-03-31": "1.03440", "2017-12-31": "2.88820", "2017-09-30": "2.26940", "2017-06-30": "1.11540", "2017-03-31": "0.90030", "2016-12-31": "1.63800", "2016-09-30": "2.15920", "2016-06-30": "1.11120", "2016-03-31": "0.74890", "2015-12-31": "1.50270", "2015-09-30": "1.65770", "2015-06-30": "0.56980", "2015-03-31": "0.32190", "2014-12-31": "0.70460", "2014-09-30": "1.21930", "2014-06-30": "0.56530", "2014-03-31": "1.11400", "2013-12-31": "-0.40110", "2013-09-30": "1.79190", "2013-06-30": "1.00150", "2013-03-31": "1.31810", "2012-12-31": "-1.63620", "2012-09-30": "-0.69560", "2012-06-30": "1.16580", "2012-03-31": "0.90000", "2011-12-31": "1.82440", "2011-09-30": "1.54900", "2011-06-30": "1.10470", "2011-03-31": "1.03650", "2010-12-31": "2.23660", "2010-09-30": "1.48830", "2010-06-30": "1.18310", "2010-03-31": "1.03550", "2009-12-31": "1.78980", "2009-09-30": "2.32150", "2009-06-30": "1.36680", "2009-03-31": "-8.56000", "2008-12-31": "-0.26020", "2008-09-30": "2.81330", "2008-06-30": "2.84110", "2008-03-31": "1.86420", "2007-12-31": "2.57870", "2007-09-30": "2.89470", "2007-06-30": "2.34660", "2007-03-31": "1.23700", "2006-12-31": "2.39160", "2006-09-30": "3.13840", "2006-06-30": "2.07770", "2006-03-31": "1.70510", "2005-12-31": "2.11900", "2005-09-30": "3.10560", "2005-06-30": "2.78460", "2005-03-31": "1.34070"}, "Book Value Per Share": {"2020-09-30": "15.02460", "2020-06-30": "14.45070", "2020-03-31": "14.14600", "2019-12-31": "14.20900", "2019-09-30": "13.95450", "2019-06-30": "13.36840", "2019-03-31": "13.17480", "2018-12-31": "13.09410", "2018-09-30": "12.82730", "2018-06-30": "12.50440", "2018-03-31": "12.42220", "2017-12-31": "12.43720", "2017-09-30": "12.05260", "2017-06-30": "11.79160", "2017-03-31": "11.77090", "2016-12-31": "11.85970", "2016-09-30": "11.70000", "2016-06-30": "11.45710", "2016-03-31": "12.77690", "2015-12-31": "12.90830", "2015-09-30": "12.87920", "2015-06-30": "13.78800", "2015-03-31": "15.07530", "2014-12-31": "16.73280", "2014-09-30": "16.28020", "2014-06-30": "15.82870", "2014-03-31": "15.41980", "2013-12-31": "15.08430", "2013-09-30": "14.56590", "2013-06-30": "14.27010", "2013-03-31": "14.16600", "2012-12-31": "14.02440", "2012-09-30": "14.52590", "2012-06-30": "14.93540", "2012-03-31": "14.68830", "2011-12-31": "14.70160", "2011-09-30": "14.78370", "2011-06-30": "14.43560", "2011-03-31": "14.24360", "2010-12-31": "14.29590", "2010-09-30": "14.14570", "2010-06-30": "13.96750", "2010-03-31": "13.86380", "2009-12-31": "13.68990", "2009-09-30": "13.44640", "2009-06-30": "13.10060", "2009-03-31": "13.05500", "2008-12-31": "15.03290", "2008-09-30": "15.22460", "2008-06-30": "14.14340", "2008-03-31": "13.86160", "2007-12-31": "13.87720", "2007-09-30": "13.50650", "2007-06-30": "12.49010", "2007-03-31": "12.05930", "2006-12-31": "11.95960", "2006-09-30": "11.65120", "2006-06-30": "11.08730", "2006-03-31": "16.18380", "2005-12-31": "15.65100", "2005-09-30": "14.77900", "2005-06-30": "14.70080", "2005-03-31": "9.34900"}, "Operating Cash Flow Per Share": {"2020-09-30": 1.0979, "2020-06-30": 0.908, "2020-03-31": "0.39550", "2019-12-31": 1.7115, "2019-09-30": 1.1342, "2019-06-30": -0.1236, "2019-03-31": "0.00810", "2018-12-31": 0.9314, "2018-09-30": 0.7169, "2018-06-30": 0.3604, "2018-03-31": "0.53980", "2017-12-31": 0.9006, "2017-09-30": 0.677, "2017-06-30": 0.2703, "2017-03-31": "0.44150", "2016-12-31": 0.9509, "2016-09-30": 0.8874, "2016-06-30": 0.2913, "2016-03-31": "0.23320", "2015-12-31": 1.3265, "2015-09-30": 1.0707, "2015-06-30": 0.489, "2015-03-31": "0.50810", "2014-12-31": 0.8904, "2014-09-30": 0.9927, "2014-06-30": 0.4456, "2014-03-31": "0.71960", "2013-12-31": 1.7145, "2013-09-30": 1.0273, "2013-06-30": 0.5113, "2013-03-31": "0.72340", "2012-12-31": 1.3525, "2012-09-30": 0.8202, "2012-06-30": 0.2633, "2012-03-31": "0.66070", "2011-12-31": 1.1371, "2011-09-30": 0.8345, "2011-06-30": 0.7077, "2011-03-31": "0.63800", "2010-12-31": 0.958, "2010-09-30": 0.8924, "2010-06-30": 0.628, "2010-03-31": "0.45220", "2009-12-31": 1.179, "2009-09-30": 1.2327, "2009-06-30": 0.8123, "2009-03-31": "1.34840", "2008-12-31": 1.8389, "2008-09-30": 1.1385, "2008-06-30": 0.5213, "2008-03-31": "0.77850", "2007-12-31": 1.3678, "2007-09-30": 0.9529, "2007-06-30": 0.1765, "2007-03-31": "0.58200", "2006-12-31": 1.4898, "2006-09-30": 1.0892, "2006-06-30": 0.3287, "2006-03-31": "0.72850", "2005-12-31": 1.0119, "2005-09-30": 0.7674, "2005-06-30": 0.064, "2005-03-31": "0.85070"}, "Free Cash Flow Per Share": {"2020-09-30": 0.2781, "2020-06-30": 0.4777, "2020-03-31": "-0.30030", "2019-12-31": 0.9407, "2019-09-30": 0.534, "2019-06-30": -0.8214, "2019-03-31": "-0.67330", "2018-12-31": -0.1351, "2018-09-30": 0.0458, "2018-06-30": -0.1294, "2018-03-31": "0.00330", "2017-12-31": 0.3185, "2017-09-30": 0.286, "2017-06-30": -0.0871, "2017-03-31": "0.67440", "2016-12-31": 0.6577, "2016-09-30": 0.4745, "2016-06-30": -0.2238, "2016-03-31": "-0.30080", "2015-12-31": 0.6942, "2015-09-30": 0.4767, "2015-06-30": -0.1914, "2015-03-31": "-0.05860", "2014-12-31": 0.6377, "2014-09-30": 0.2288, "2014-06-30": 0.2991, "2014-03-31": "-0.19660", "2013-12-31": 2.332, "2013-09-30": -0.0091, "2013-06-30": -0.7557, "2013-03-31": "-0.17660", "2012-12-31": 0.1126, "2012-09-30": -0.452, "2012-06-30": -0.8095, "2012-03-31": "-0.16480", "2011-12-31": 0.3915, "2011-09-30": 0.2663, "2011-06-30": -0.0151, "2011-03-31": "0.25590", "2010-12-31": 0.29, "2010-09-30": 0.3717, "2010-06-30": 0.0779, "2010-03-31": "-0.19580", "2009-12-31": 0.658, "2009-09-30": 0.914, "2009-06-30": 0.141, "2009-03-31": "0.58050", "2008-12-31": 1.0685, "2008-09-30": 0.2782, "2008-06-30": -0.5756, "2008-03-31": "-0.08210", "2007-12-31": 0.4383, "2007-09-30": 0.2355, "2007-06-30": -0.4313, "2007-03-31": "-0.07910", "2006-12-31": 0.9494, "2006-09-30": 0.3986, "2006-06-30": -0.3273, "2006-03-31": "0.13810", "2005-12-31": 0.8483, "2005-09-30": 0.2025, "2005-06-30": -0.5608, "2005-03-31": "0.32430"}}, "revenue": {"MDU Resources Annual Revenue (Millions of US $)": {"2020": "$5,533", "2019": "$5,337", "2018": "$4,532", "2017": "$4,443", "2016": "$4,129", "2015": "$4,014", "2014": "$4,115", "2013": "$3,920", "2012": "$4,075", "2011": "$4,050", "2010": "$3,910", "2009": "$4,177", "2008": "$5,003", "2007": "$4,248", "2006": "$4,005", "2005": "$3,404"}, "MDU Resources Quarterly Revenue (Millions of US $)": {"2020-12-31": "$1,385", "2020-09-30": "$1,587", "2020-06-30": "$1,363", "2020-03-31": "$1,197", "2019-12-31": "$1,378", "2019-09-30": "$1,564", "2019-06-30": "$1,304", "2019-03-31": "$1,091", "2018-12-31": "$1,210", "2018-09-30": "$1,281", "2018-06-30": "$1,065", "2018-03-31": "$976", "2017-12-31": "$1,165", "2017-09-30": "$1,273", "2017-06-30": "$1,068", "2017-03-31": "$938", "2016-12-31": "$1,016", "2016-09-30": "$1,209", "2016-06-30": "$1,044", "2016-03-31": "$860", "2015-12-31": "$1,015", "2015-09-30": "$1,198", "2015-06-30": "$938", "2015-03-31": "$862", "2014-12-31": "$906", "2014-09-30": "$1,213", "2014-06-30": "$953", "2014-03-31": "$1,043", "2013-12-31": "$642", "2013-09-30": "$1,286", "2013-06-30": "$1,061", "2013-03-31": "$932", "2012-12-31": "$1,081", "2012-09-30": "$1,174", "2012-06-30": "$968", "2012-03-31": "$853", "2011-12-31": "$1,066", "2011-09-30": "$1,152", "2011-06-30": "$931", "2011-03-31": "$902", "2010-12-31": "$1,043", "2010-09-30": "$1,126", "2010-06-30": "$906", "2010-03-31": "$835", "2009-12-31": "$1,017", "2009-09-30": "$1,108", "2009-06-30": "$958", "2009-03-31": "$1,094", "2008-12-31": "$1,296", "2008-09-30": "$1,334", "2008-06-30": "$1,252", "2008-03-31": "$1,122", "2007-12-31": "$1,233", "2007-09-30": "$1,245", "2007-06-30": "$982", "2007-03-31": "$787", "2006-12-31": "$1,066", "2006-09-30": "$1,174", "2006-06-30": "$961", "2006-03-31": "$804", "2005-12-31": "$963", "2005-09-30": "$1,066", "2005-06-30": "$770", "2005-03-31": "$604"}}, "gross-profit": {"MDU Resources Annual Gross Profit (Millions of US $)": {"2020": "$5,076", "2019": "$4,829", "2018": "$4,047", "2017": "$3,934", "2016": "$3,671", "2015": "$3,478", "2014": "$3,467", "2013": "$3,341", "2012": "$3,578", "2011": "$3,414", "2010": "$3,279", "2009": "$3,371", "2008": "$4,162", "2007": "$3,801", "2006": "$3,668", "2005": "$3,011"}, "MDU Resources Quarterly Gross Profit (Millions of US $)": {"2020-12-31": "$1,232", "2020-09-30": "$1,540", "2020-06-30": "$1,292", "2020-03-31": "$1,011", "2019-12-31": "$1,205", "2019-09-30": "$1,513", "2019-06-30": "$1,229", "2019-03-31": "$881", "2018-12-31": "$1,054", "2018-09-30": "$1,230", "2018-06-30": "$990", "2018-03-31": "$772", "2017-12-31": "$997", "2017-09-30": "$1,220", "2017-06-30": "$993", "2017-03-31": "$723", "2016-12-31": "$855", "2016-09-30": "$1,157", "2016-06-30": "$981", "2016-03-31": "$677", "2015-12-31": "$850", "2015-09-30": "$1,140", "2015-06-30": "$852", "2015-03-31": "$635", "2014-12-31": "$699", "2014-09-30": "$1,148", "2014-06-30": "$849", "2014-03-31": "$771", "2013-12-31": "$428", "2013-09-30": "$1,230", "2013-06-30": "$972", "2013-03-31": "$711", "2012-12-31": "$914", "2012-09-30": "$1,121", "2012-06-30": "$894", "2012-03-31": "$649", "2011-12-31": "$874", "2011-09-30": "$1,085", "2011-06-30": "$815", "2011-03-31": "$640", "2010-12-31": "$839", "2010-09-30": "$1,059", "2010-06-30": "$796", "2010-03-31": "$584", "2009-12-31": "$781", "2009-09-30": "$1,035", "2009-06-30": "$836", "2009-03-31": "$719", "2008-12-31": "$996", "2008-09-30": "$1,249", "2008-06-30": "$1,091", "2008-03-31": "$827", "2007-12-31": "$1,039", "2007-09-30": "$1,164", "2007-06-30": "$927", "2007-03-31": "$672", "2006-12-31": "$976", "2006-09-30": "$1,126", "2006-06-30": "$906", "2006-03-31": "$660", "2005-12-31": "$811", "2005-09-30": "$1,017", "2005-06-30": "$709", "2005-03-31": "$475"}}, "operating-income": {"MDU Resources Annual Operating Income (Millions of US $)": {"2020": "$545", "2019": "$481", "2018": "$402", "2017": "$424", "2016": "$409", "2015": "$320", "2014": "$327", "2013": "$321", "2012": "$19", "2011": "$406", "2010": "$411", "2009": "$-153", "2008": "$512", "2007": "$557", "2006": "$523", "2005": "$439"}, "MDU Resources Quarterly Operating Income (Millions of US $)": {"2020-12-31": "$146", "2020-09-30": "$204", "2020-06-30": "$138", "2020-03-31": "$57", "2019-12-31": "$130", "2019-09-30": "$189", "2019-06-30": "$97", "2019-03-31": "$64", "2018-12-31": "$118", "2018-09-30": "$140", "2018-06-30": "$74", "2018-03-31": "$69", "2017-12-31": "$124", "2017-09-30": "$155", "2017-06-30": "$79", "2017-03-31": "$66", "2016-12-31": "$111", "2016-09-30": "$147", "2016-06-30": "$89", "2016-03-31": "$62", "2015-12-31": "$89", "2015-09-30": "$128", "2015-06-30": "$60", "2015-03-31": "$44", "2014-12-31": "$43", "2014-09-30": "$119", "2014-06-30": "$62", "2014-03-31": "$103", "2013-12-31": "$-25", "2013-09-30": "$150", "2013-06-30": "$91", "2013-03-31": "$105", "2012-12-31": "$-110", "2012-09-30": "$-34", "2012-06-30": "$92", "2012-03-31": "$71", "2011-12-31": "$127", "2011-09-30": "$119", "2011-06-30": "$82", "2011-03-31": "$78", "2010-12-31": "$130", "2010-09-30": "$109", "2010-06-30": "$89", "2010-03-31": "$83", "2009-12-31": "$127", "2009-09-30": "$160", "2009-06-30": "$100", "2009-03-31": "$-541", "2008-12-31": "$-17", "2008-09-30": "$203", "2008-06-30": "$198", "2008-03-31": "$128", "2007-12-31": "$156", "2007-09-30": "$179", "2007-06-30": "$143", "2007-03-31": "$79", "2006-12-31": "$128", "2006-09-30": "$181", "2006-06-30": "$122", "2006-03-31": "$91", "2005-12-31": "$110", "2005-09-30": "$150", "2005-06-30": "$114", "2005-03-31": "$65"}}, "ebitda": {"MDU Resources Annual EBITDA (Millions of US $)": {"2019": "$737", "2018": "$622", "2017": "$632", "2016": "$625", "2015": "$532", "2014": "$530", "2013": "$521", "2012": "$378", "2011": "$750", "2010": "$740", "2009": "$177", "2008": "$878", "2007": "$859", "2006": "$780", "2005": "$658"}, "MDU Resources Quarterly EBITDA (Millions of US $)": {"2020-09-30": "$276", "2020-06-30": "$210", "2020-03-31": "$126", "2019-12-31": "$198", "2019-09-30": "$254", "2019-06-30": "$160", "2019-03-31": "$124", "2018-12-31": "$177", "2018-09-30": "$195", "2018-06-30": "$128", "2018-03-31": "$122", "2017-12-31": "$177", "2017-09-30": "$207", "2017-06-30": "$130", "2017-03-31": "$117", "2016-12-31": "$164", "2016-09-30": "$201", "2016-06-30": "$143", "2016-03-31": "$117", "2015-12-31": "$146", "2015-09-30": "$180", "2015-06-30": "$110", "2015-03-31": "$97", "2014-12-31": "$95", "2014-09-30": "$170", "2014-06-30": "$63", "2014-03-31": "$202", "2013-12-31": "$-113", "2013-09-30": "$250", "2013-06-30": "$187", "2013-03-31": "$198", "2012-12-31": "$-11", "2012-09-30": "$58", "2012-06-30": "$175", "2012-03-31": "$156", "2011-12-31": "$213", "2011-09-30": "$208", "2011-06-30": "$166", "2011-03-31": "$163", "2010-12-31": "$214", "2010-09-30": "$194", "2010-06-30": "$170", "2010-03-31": "$162", "2009-12-31": "$205", "2009-09-30": "$240", "2009-06-30": "$181", "2009-03-31": "$-448", "2008-12-31": "$79", "2008-09-30": "$297", "2008-06-30": "$288", "2008-03-31": "$215", "2007-12-31": "$240", "2007-09-30": "$258", "2007-06-30": "$213", "2007-03-31": "$149", "2006-12-31": "$192", "2006-09-30": "$248", "2006-06-30": "$187", "2006-03-31": "$152", "2005-12-31": "$165", "2005-09-30": "$210", "2005-06-30": "$165", "2005-03-31": "$118"}}, "net-income": {"MDU Resources Annual Net Income (Millions of US $)": {"2020": "$390", "2019": "$335", "2018": "$272", "2017": "$280", "2016": "$64", "2015": "$-623", "2014": "$298", "2013": "$278", "2012": "$-1", "2011": "$212", "2010": "$240", "2009": "$-124", "2008": "$293", "2007": "$431", "2006": "$315", "2005": "$274"}, "MDU Resources Quarterly Net Income (Millions of US $)": {"2020-12-31": "$112", "2020-09-30": "$153", "2020-06-30": "$100", "2020-03-31": "$25", "2019-12-31": "$95", "2019-09-30": "$138", "2019-06-30": "$62", "2019-03-31": "$41", "2018-12-31": "$79", "2018-09-30": "$107", "2018-06-30": "$44", "2018-03-31": "$42", "2017-12-31": "$115", "2017-09-30": "$87", "2017-06-30": "$41", "2017-03-31": "$37", "2016-12-31": "$66", "2016-09-30": "$83", "2016-06-30": "$-109", "2016-03-31": "$25", "2015-12-31": "$52", "2015-09-30": "$-140", "2015-06-30": "$-230", "2015-03-31": "$-306", "2014-12-31": "$84", "2014-09-30": "$103", "2014-06-30": "$54", "2014-03-31": "$56", "2013-12-31": "$91", "2013-09-30": "$84", "2013-06-30": "$46", "2013-03-31": "$56", "2012-12-31": "$-61", "2012-09-30": "$-30", "2012-06-30": "$54", "2012-03-31": "$36", "2011-12-31": "$61", "2011-09-30": "$64", "2011-06-30": "$45", "2011-03-31": "$43", "2010-12-31": "$89", "2010-09-30": "$61", "2010-06-30": "$49", "2010-03-31": "$42", "2009-12-31": "$72", "2009-09-30": "$92", "2009-06-30": "$55", "2009-03-31": "$-344", "2008-12-31": "$-11", "2008-09-30": "$118", "2008-06-30": "$115", "2008-03-31": "$71", "2007-12-31": "$94", "2007-09-30": "$201", "2007-06-30": "$89", "2007-03-31": "$47", "2006-12-31": "$82", "2006-09-30": "$108", "2006-06-30": "$71", "2006-03-31": "$53", "2005-12-31": "$73", "2005-09-30": "$87", "2005-06-30": "$80", "2005-03-31": "$34"}}, "eps-earnings-per-share-diluted": {"MDU Resources Annual EPS": {"2020": "$1.95", "2019": "$1.69", "2018": "$1.39", "2017": "$1.43", "2016": "$0.33", "2015": "$-3.20", "2014": "$1.55", "2013": "$1.47", "2012": "$-0.01", "2011": "$1.12", "2010": "$1.27", "2009": "$-0.67", "2008": "$1.59", "2007": "$2.36", "2006": "$1.74", "2005": "$1.53"}, "MDU Resources Quarterly EPS": {"2020-12-31": "$0.56", "2020-09-30": "$0.76", "2020-06-30": "$0.50", "2020-03-31": "$0.13", "2019-12-31": "$0.48", "2019-09-30": "$0.69", "2019-06-30": "$0.31", "2019-03-31": "$0.21", "2018-12-31": "$0.40", "2018-09-30": "$0.55", "2018-06-30": "$0.22", "2018-03-31": "$0.22", "2017-12-31": "$0.58", "2017-09-30": "$0.45", "2017-06-30": "$0.21", "2017-03-31": "$0.19", "2016-12-31": "$0.34", "2016-09-30": "$0.42", "2016-06-30": "$-0.56", "2016-03-31": "$0.13", "2015-12-31": "$0.27", "2015-09-30": "$-0.72", "2015-06-30": "$-1.18", "2015-03-31": "$-1.57", "2014-12-31": "$0.44", "2014-09-30": "$0.53", "2014-06-30": "$0.28", "2014-03-31": "$0.30", "2013-12-31": "$0.49", "2013-09-30": "$0.44", "2013-06-30": "$0.24", "2013-03-31": "$0.30", "2012-12-31": "$-0.33", "2012-09-30": "$-0.16", "2012-06-30": "$0.29", "2012-03-31": "$0.19", "2011-12-31": "$0.31", "2011-09-30": "$0.34", "2011-06-30": "$0.24", "2011-03-31": "$0.23", "2010-12-31": "$0.47", "2010-09-30": "$0.32", "2010-06-30": "$0.26", "2010-03-31": "$0.22", "2009-12-31": "$0.40", "2009-09-30": "$0.50", "2009-06-30": "$0.30", "2009-03-31": "$-1.87", "2008-12-31": "$-0.07", "2008-09-30": "$0.64", "2008-06-30": "$0.63", "2008-03-31": "$0.39", "2007-12-31": "$0.52", "2007-09-30": "$1.10", "2007-06-30": "$0.49", "2007-03-31": "$0.25", "2006-12-31": "$0.46", "2006-09-30": "$0.60", "2006-06-30": "$0.39", "2006-03-31": "$0.29", "2005-12-31": "$0.41", "2005-09-30": "$0.48", "2005-06-30": "$0.45", "2005-03-31": "$0.19"}}, "shares-outstanding": {"MDU Resources Annual Shares Outstanding (Millions of Shares)": {"2020": "201", "2019": "199", "2018": "196", "2017": "196", "2016": "196", "2015": "195", "2014": "193", "2013": "190", "2012": "189", "2011": "189", "2010": "188", "2009": "185", "2008": "184", "2007": "183", "2006": "181", "2005": "179"}, "MDU Resources Quarterly Shares Outstanding (Millions of Shares)": {"2020-12-31": "201", "2020-09-30": "201", "2020-06-30": "201", "2020-03-31": "200", "2019-12-31": "199", "2019-09-30": "199", "2019-06-30": "198", "2019-03-31": "196", "2018-12-31": "196", "2018-09-30": "196", "2018-06-30": "196", "2018-03-31": "196", "2017-12-31": "196", "2017-09-30": "196", "2017-06-30": "196", "2017-03-31": "196", "2016-12-31": "196", "2016-09-30": "196", "2016-06-30": "196", "2016-03-31": "195", "2015-12-31": "195", "2015-09-30": "195", "2015-06-30": "195", "2015-03-31": "195", "2014-12-31": "193", "2014-09-30": "194", "2014-06-30": "193", "2014-03-31": "190", "2013-12-31": "190", "2013-09-30": "190", "2013-06-30": "189", "2013-03-31": "189", "2012-12-31": "189", "2012-09-30": "189", "2012-06-30": "189", "2012-03-31": "189", "2011-12-31": "189", "2011-09-30": "189", "2011-06-30": "189", "2011-03-31": "189", "2010-12-31": "188", "2010-09-30": "188", "2010-06-30": "188", "2010-03-31": "188", "2009-12-31": "185", "2009-09-30": "185", "2009-06-30": "184", "2009-03-31": "184", "2008-12-31": "184", "2008-09-30": "184", "2008-06-30": "184", "2008-03-31": "183", "2007-12-31": "183", "2007-09-30": "183", "2007-06-30": "183", "2007-03-31": "182", "2006-12-31": "181", "2006-09-30": "181", "2006-06-30": "181", "2006-03-31": "181", "2005-12-31": "179", "2005-09-30": "181", "2005-06-30": "179", "2005-03-31": "178"}}, "total-assets": {"MDU Resources Annual Total Assets (Millions of US $)": {"2019": "$7,683", "2018": "$6,988", "2017": "$6,335", "2016": "$6,284", "2015": "$6,565", "2014": "$7,832", "2013": "$7,061", "2012": "$6,682", "2011": "$6,556", "2010": "$6,304", "2009": "$5,991", "2008": "$6,588", "2007": "$5,592", "2006": "$4,903", "2005": "$4,424"}, "MDU Resources Quarterly Total Assets (Millions of US $)": {"2020-09-30": "$8,125", "2020-06-30": "$7,911", "2020-03-31": "$7,851", "2019-12-31": "$7,683", "2019-09-30": "$7,731", "2019-06-30": "$7,591", "2019-03-31": "$7,279", "2018-12-31": "$6,988", "2018-09-30": "$6,718", "2018-06-30": "$6,534", "2018-03-31": "$6,349", "2017-12-31": "$6,335", "2017-09-30": "$6,344", "2017-06-30": "$6,230", "2017-03-31": "$6,148", "2016-12-31": "$6,284", "2016-09-30": "$6,318", "2016-06-30": "$6,352", "2016-03-31": "$6,565", "2015-12-31": "$6,565", "2015-09-30": "$6,976", "2015-06-30": "$7,253", "2015-03-31": "$7,322", "2014-12-31": "$7,832", "2014-09-30": "$7,806", "2014-06-30": "$7,692", "2014-03-31": "$7,409", "2013-12-31": "$7,061", "2013-09-30": "$7,167", "2013-06-30": "$7,092", "2013-03-31": "$6,828", "2012-12-31": "$6,682", "2012-09-30": "$6,903", "2012-06-30": "$6,902", "2012-03-31": "$6,539", "2011-12-31": "$6,556", "2011-09-30": "$6,360", "2011-06-30": "$6,257", "2011-03-31": "$6,191", "2010-12-31": "$6,304", "2010-09-30": "$6,217", "2010-06-30": "$6,113", "2010-03-31": "$5,982", "2009-12-31": "$5,991", "2009-09-30": "$5,873", "2009-06-30": "$5,823", "2009-03-31": "$5,861", "2008-12-31": "$6,588", "2008-09-30": "$6,255", "2008-06-30": "$6,212", "2008-03-31": "$5,831", "2007-12-31": "$5,592", "2007-09-30": "$5,491", "2007-06-30": "$5,103", "2007-03-31": "$4,876", "2006-12-31": "$4,903", "2006-09-30": "$4,967", "2006-06-30": "$4,829", "2006-03-31": "$4,482", "2005-12-31": "$4,424", "2005-09-30": "$4,312", "2005-06-30": "$4,096", "2005-03-31": "$3,787"}}, "cash-on-hand": {"MDU Resources Annual Cash on Hand (Millions of US $)": {"2019": "$66", "2018": "$54", "2017": "$35", "2016": "$46", "2015": "$84", "2014": "$82", "2013": "$45", "2012": "$49", "2011": "$163", "2010": "$222", "2009": "$175", "2008": "$54", "2007": "$197", "2006": "$96", "2005": "$107"}, "MDU Resources Quarterly Cash on Hand (Millions of US $)": {"2020-09-30": "$66", "2020-06-30": "$64", "2020-03-31": "$117", "2019-12-31": "$66", "2019-09-30": "$67", "2019-06-30": "$72", "2019-03-31": "$50", "2018-12-31": "$54", "2018-09-30": "$67", "2018-06-30": "$42", "2018-03-31": "$59", "2017-12-31": "$35", "2017-09-30": "$37", "2017-06-30": "$40", "2017-03-31": "$51", "2016-12-31": "$46", "2016-09-30": "$60", "2016-06-30": "$85", "2016-03-31": "$91", "2015-12-31": "$84", "2015-09-30": "$89", "2015-06-30": "$144", "2015-03-31": "$126", "2014-12-31": "$82", "2014-09-30": "$262", "2014-06-30": "$111", "2014-03-31": "$84", "2013-12-31": "$45", "2013-09-30": "$66", "2013-06-30": "$115", "2013-03-31": "$74", "2012-12-31": "$49", "2012-09-30": "$74", "2012-06-30": "$102", "2012-03-31": "$91", "2011-12-31": "$163", "2011-09-30": "$119", "2011-06-30": "$108", "2011-03-31": "$136", "2010-12-31": "$222", "2010-09-30": "$36", "2010-06-30": "$66", "2010-03-31": "$107", "2009-12-31": "$175", "2009-09-30": "$63", "2009-06-30": "$36", "2009-03-31": "$47", "2008-12-31": "$54", "2008-09-30": "$70", "2008-06-30": "$96", "2008-03-31": "$85", "2007-12-31": "$197", "2007-09-30": "$119", "2007-06-30": "$85", "2007-03-31": "$67", "2006-12-31": "$96", "2006-09-30": "$69", "2006-06-30": "$115", "2006-03-31": "$108", "2005-12-31": "$107", "2005-09-30": "$98", "2005-06-30": "$58", "2005-03-31": "$147"}}, "long-term-debt": {"MDU Resources Annual Long Term Debt (Millions of US $)": {"2019": "$2,227", "2018": "$1,857", "2017": "$1,566", "2016": "$1,747", "2015": "$1,558", "2014": "$1,825", "2013": "$1,842", "2012": "$1,611", "2011": "$1,285", "2010": "$1,434", "2009": "$1,487", "2008": "$1,569", "2007": "$1,147", "2006": "$1,171", "2005": "$1,105"}, "MDU Resources Quarterly Long Term Debt (Millions of US $)": {"2020-09-30": "$2,269", "2020-06-30": "$2,265", "2020-03-31": "$2,439", "2019-12-31": "$2,227", "2019-09-30": "$2,181", "2019-06-30": "$2,328", "2019-03-31": "$1,946", "2018-12-31": "$1,857", "2018-09-30": "$1,912", "2018-06-30": "$1,744", "2018-03-31": "$1,630", "2017-12-31": "$1,566", "2017-09-30": "$1,592", "2017-06-30": "$1,678", "2017-03-31": "$1,660", "2016-12-31": "$1,747", "2016-09-30": "$1,808", "2016-06-30": "$1,929", "2016-03-31": "$1,760", "2015-12-31": "$1,558", "2015-09-30": "$1,942", "2015-06-30": "$1,887", "2015-03-31": "$1,775", "2014-12-31": "$1,825", "2014-09-30": "$2,061", "2014-06-30": "$2,144", "2014-03-31": "$2,094", "2013-12-31": "$1,842", "2013-09-30": "$1,968", "2013-06-30": "$1,938", "2013-03-31": "$1,619", "2012-12-31": "$1,611", "2012-09-30": "$1,502", "2012-06-30": "$1,383", "2012-03-31": "$1,214", "2011-12-31": "$1,285", "2011-09-30": "$1,347", "2011-06-30": "$1,370", "2011-03-31": "$1,414", "2010-12-31": "$1,434", "2010-09-30": "$1,437", "2010-06-30": "$1,509", "2010-03-31": "$1,426", "2009-12-31": "$1,487", "2009-09-30": "$1,472", "2009-06-30": "$1,637", "2009-03-31": "$1,615", "2008-12-31": "$1,569", "2008-09-30": "$1,418", "2008-06-30": "$1,475", "2008-03-31": "$1,270", "2007-12-31": "$1,147", "2007-09-30": "$1,147", "2007-06-30": "$1,224", "2007-03-31": "$1,155", "2006-12-31": "$1,171", "2006-09-30": "$1,307", "2006-06-30": "$1,299", "2006-03-31": "$1,135", "2005-12-31": "$1,105", "2005-09-30": "$1,047", "2005-06-30": "$1,120", "2005-03-31": "$907"}}, "total-liabilities": {"MDU Resources Annual Total Liabilities (Millions of US $)": {"2019": "$4,836", "2018": "$4,421", "2017": "$3,906", "2016": "$3,968", "2015": "$4,045", "2014": "$4,583", "2013": "$4,205", "2012": "$4,034", "2011": "$3,781", "2010": "$3,611", "2009": "$3,419", "2008": "$3,827", "2007": "$3,061", "2006": "$2,739", "2005": "$2,547"}, "MDU Resources Quarterly Total Liabilities (Millions of US $)": {"2020-09-30": "$5,113", "2020-06-30": "$5,013", "2020-03-31": "$5,014", "2019-12-31": "$4,836", "2019-09-30": "$4,935", "2019-06-30": "$4,931", "2019-03-31": "$4,673", "2018-12-31": "$4,421", "2018-09-30": "$4,197", "2018-06-30": "$4,083", "2018-03-31": "$3,923", "2017-12-31": "$3,906", "2017-09-30": "$3,991", "2017-06-30": "$3,928", "2017-03-31": "$3,850", "2016-12-31": "$3,968", "2016-09-30": "$4,033", "2016-06-30": "$4,114", "2016-03-31": "$4,070", "2015-12-31": "$4,045", "2015-09-30": "$4,461", "2015-06-30": "$4,566", "2015-03-31": "$4,387", "2014-12-31": "$4,583", "2014-09-30": "$4,648", "2014-06-30": "$4,628", "2014-03-31": "$4,459", "2013-12-31": "$4,205", "2013-09-30": "$4,417", "2013-06-30": "$4,397", "2013-03-31": "$4,153", "2012-12-31": "$4,034", "2012-09-30": "$4,160", "2012-06-30": "$4,081", "2012-03-31": "$3,765", "2011-12-31": "$3,781", "2011-09-30": "$3,569", "2011-06-30": "$3,532", "2011-03-31": "$3,502", "2010-12-31": "$3,611", "2010-09-30": "$3,555", "2010-06-30": "$3,485", "2010-03-31": "$3,374", "2009-12-31": "$3,419", "2009-09-30": "$3,356", "2009-06-30": "$3,413", "2009-03-31": "$3,459", "2008-12-31": "$3,827", "2008-09-30": "$3,466", "2008-06-30": "$3,621", "2008-03-31": "$3,289", "2007-12-31": "$3,061", "2007-09-30": "$3,027", "2007-06-30": "$2,831", "2007-03-31": "$2,684", "2006-12-31": "$2,739", "2006-09-30": "$2,861", "2006-06-30": "$2,834", "2006-03-31": "$2,541", "2005-12-31": "$2,547", "2005-09-30": "$2,541", "2005-06-30": "$2,336", "2005-03-31": "$2,127"}}, "total-share-holder-equity": {"MDU Resources Annual Share Holder Equity (Millions of US $)": {"2019": "$2,847", "2018": "$2,567", "2017": "$2,429", "2016": "$2,316", "2015": "$2,521", "2014": "$3,250", "2013": "$2,856", "2012": "$2,648", "2011": "$2,776", "2010": "$2,693", "2009": "$2,572", "2008": "$2,761", "2007": "$2,531", "2006": "$2,165", "2005": "$1,877"}, "MDU Resources Quarterly Share Holder Equity (Millions of US $)": {"2020-09-30": "$3,013", "2020-06-30": "$2,898", "2020-03-31": "$2,837", "2019-12-31": "$2,847", "2019-09-30": "$2,796", "2019-06-30": "$2,660", "2019-03-31": "$2,606", "2018-12-31": "$2,567", "2018-09-30": "$2,521", "2018-06-30": "$2,451", "2018-03-31": "$2,426", "2017-12-31": "$2,429", "2017-09-30": "$2,354", "2017-06-30": "$2,303", "2017-03-31": "$2,299", "2016-12-31": "$2,316", "2016-09-30": "$2,285", "2016-06-30": "$2,238", "2016-03-31": "$2,495", "2015-12-31": "$2,521", "2015-09-30": "$2,515", "2015-06-30": "$2,687", "2015-03-31": "$2,934", "2014-12-31": "$3,250", "2014-09-30": "$3,159", "2014-06-30": "$3,064", "2014-03-31": "$2,950", "2013-12-31": "$2,856", "2013-09-30": "$2,750", "2013-06-30": "$2,695", "2013-03-31": "$2,675", "2012-12-31": "$2,648", "2012-09-30": "$2,743", "2012-06-30": "$2,820", "2012-03-31": "$2,774", "2011-12-31": "$2,776", "2011-09-30": "$2,791", "2011-06-30": "$2,725", "2011-03-31": "$2,689", "2010-12-31": "$2,693", "2010-09-30": "$2,662", "2010-06-30": "$2,628", "2010-03-31": "$2,608", "2009-12-31": "$2,572", "2009-09-30": "$2,516", "2009-06-30": "$2,410", "2009-03-31": "$2,402", "2008-12-31": "$2,761", "2008-09-30": "$2,790", "2008-06-30": "$2,591", "2008-03-31": "$2,541", "2007-12-31": "$2,531", "2007-09-30": "$2,463", "2007-06-30": "$2,272", "2007-03-31": "$2,192", "2006-12-31": "$2,165", "2006-09-30": "$2,106", "2006-06-30": "$1,995", "2006-03-31": "$1,941", "2005-12-31": "$1,877", "2005-09-30": "$1,771", "2005-06-30": "$1,759", "2005-03-31": "$1,660"}}, "profit-margins": {"current": "7.05%"}, "gross margin": {"2020-12-31": "91.74%", "2020-09-30": "91.37%", "2020-06-30": "91.26%", "2020-03-31": "91.09%", "2019-12-31": "90.46%", "2019-09-30": "90.48%", "2019-06-30": "89.93%", "2019-03-31": "89.41%", "2018-12-31": "89.28%", "2018-09-30": "88.90%", "2018-06-30": "88.84%", "2018-03-31": "88.84%", "2017-12-31": "88.50%", "2017-09-30": "88.27%", "2017-06-30": "88.11%", "2017-03-31": "88.33%", "2016-12-31": "88.88%", "2016-09-30": "88.78%", "2016-06-30": "88.61%", "2016-03-31": "87.73%", "2015-12-31": "86.64%", "2015-09-30": "85.19%", "2015-06-30": "85.07%", "2015-03-31": "84.67%", "2014-12-31": "84.25%", "2014-09-30": "82.99%", "2014-06-30": "83.54%", "2014-03-31": "84.35%", "2013-12-31": "85.21%", "2013-09-30": "87.78%", "2013-06-30": "87.52%", "2013-03-31": "87.61%", "2012-12-31": "87.78%", "2012-09-30": "87.12%", "2012-06-30": "86.70%", "2012-03-31": "85.53%", "2011-12-31": "84.28%", "2011-09-30": "83.89%", "2011-06-30": "83.78%", "2011-03-31": "83.83%", "2010-12-31": "83.84%", "2010-09-30": "82.90%", "2010-06-30": "82.67%", "2010-03-31": "82.59%", "2009-12-31": "80.70%", "2009-09-30": "80.48%", "2009-06-30": "81.16%", "2009-03-31": "81.49%", "2008-12-31": "83.19%", "2008-09-30": "85.12%", "2008-06-30": "84.93%", "2008-03-31": "86.36%", "2007-12-31": "89.52%", "2007-09-30": "91.64%", "2007-06-30": "92.32%", "2007-03-31": "92.28%", "2006-12-31": "91.59%", "2006-09-30": "89.77%", "2006-06-30": "89.46%", "2006-03-31": "88.73%", "2005-12-31": "88.51%"}, "operating margin": {"2020-12-31": "9.85%", "2020-09-30": "9.57%", "2020-06-30": "9.34%", "2020-03-31": "8.69%", "2019-12-31": "8.99%", "2019-09-30": "9.05%", "2019-06-30": "8.58%", "2019-03-31": "8.52%", "2018-12-31": "8.85%", "2018-09-30": "9.07%", "2018-06-30": "9.42%", "2018-03-31": "9.53%", "2017-12-31": "9.54%", "2017-09-30": "9.57%", "2017-06-30": "9.52%", "2017-03-31": "9.82%", "2016-12-31": "9.91%", "2016-09-30": "9.38%", "2016-06-30": "8.94%", "2016-03-31": "8.45%", "2015-12-31": "8.00%", "2015-09-30": "7.04%", "2015-06-30": "6.79%", "2015-03-31": "6.81%", "2014-12-31": "7.95%", "2014-09-30": "6.73%", "2014-06-30": "7.39%", "2014-03-31": "7.91%", "2013-12-31": "8.19%", "2013-09-30": "5.41%", "2013-06-30": "1.22%", "2013-03-31": "1.28%", "2012-12-31": "0.47%", "2012-09-30": "6.30%", "2012-06-30": "10.13%", "2012-03-31": "9.97%", "2011-12-31": "10.02%", "2011-09-30": "10.15%", "2011-06-30": "9.97%", "2011-03-31": "10.21%", "2010-12-31": "10.51%", "2010-09-30": "10.50%", "2010-06-30": "11.87%", "2010-03-31": "12.00%", "2009-12-31": "-3.69%", "2009-09-30": "-6.69%", "2009-06-30": "-5.45%", "2009-03-31": "-3.16%", "2008-12-31": "10.23%", "2008-09-30": "13.86%", "2008-06-30": "13.62%", "2008-03-31": "13.23%", "2007-12-31": "13.12%", "2007-09-30": "12.97%", "2007-06-30": "13.25%", "2007-03-31": "12.79%", "2006-12-31": "13.03%", "2006-09-30": "12.92%", "2006-06-30": "12.47%", "2006-03-31": "12.91%", "2005-12-31": "12.90%"}, "ebitda margin": {"2020-09-30": "14.66%", "2020-06-30": "14.32%", "2020-03-31": "13.56%", "2019-12-31": "13.79%", "2019-09-30": "13.83%", "2019-06-30": "13.43%", "2019-03-31": "13.43%", "2018-12-31": "13.72%", "2018-09-30": "13.86%", "2018-06-30": "14.15%", "2018-03-31": "14.19%", "2017-12-31": "14.20%", "2017-09-30": "14.39%", "2017-06-30": "14.46%", "2017-03-31": "14.86%", "2016-12-31": "15.14%", "2016-09-30": "14.70%", "2016-06-30": "14.23%", "2016-03-31": "13.79%", "2015-12-31": "13.28%", "2015-09-30": "12.35%", "2015-06-30": "12.04%", "2015-03-31": "10.80%", "2014-12-31": "12.88%", "2014-09-30": "8.36%", "2014-06-30": "10.24%", "2014-03-31": "13.05%", "2013-12-31": "13.31%", "2013-09-30": "14.31%", "2013-06-30": "10.17%", "2013-03-31": "10.11%", "2012-12-31": "9.27%", "2012-09-30": "14.82%", "2012-06-30": "18.62%", "2012-03-31": "18.57%", "2011-12-31": "18.51%", "2011-09-30": "18.64%", "2011-06-30": "18.42%", "2011-03-31": "18.63%", "2010-12-31": "18.93%", "2010-09-30": "18.82%", "2010-06-30": "20.10%", "2010-03-31": "20.11%", "2009-12-31": "4.26%", "2009-09-30": "1.17%", "2009-06-30": "2.33%", "2009-03-31": "4.34%", "2008-12-31": "17.57%", "2008-09-30": "21.05%", "2008-06-30": "20.63%", "2008-03-31": "20.21%", "2007-12-31": "20.25%", "2007-09-30": "19.90%", "2007-06-30": "20.00%", "2007-03-31": "19.46%", "2006-12-31": "19.45%", "2006-09-30": "19.27%", "2006-06-30": "18.82%", "2006-03-31": "19.21%", "2005-12-31": "19.34%"}, "pre tax profit margin": {"2020-12-31": "8.60%", "2020-09-30": "8.13%", "2020-06-30": "7.83%", "2020-03-31": "7.00%", "2019-12-31": "7.44%", "2019-09-30": "7.33%", "2019-06-30": "6.84%", "2019-03-31": "6.80%", "2018-12-31": "7.02%", "2018-09-30": "7.42%", "2018-06-30": "7.75%", "2018-03-31": "7.85%", "2017-12-31": "7.88%", "2017-09-30": "7.82%", "2017-06-30": "7.71%", "2017-03-31": "7.94%", "2016-12-31": "7.90%", "2016-09-30": "7.58%", "2016-06-30": "7.19%", "2016-03-31": "6.63%", "2015-12-31": "6.15%", "2015-09-30": "4.89%", "2015-06-30": "4.62%", "2015-03-31": "4.73%", "2014-12-31": "6.05%", "2014-09-30": "4.73%", "2014-06-30": "5.45%", "2014-03-31": "6.00%", "2013-12-31": "6.20%", "2013-09-30": "3.72%", "2013-06-30": "-0.45%", "2013-03-31": "-0.34%", "2012-12-31": "-1.10%", "2012-09-30": "4.70%", "2012-06-30": "8.49%", "2012-03-31": "8.30%", "2011-12-31": "8.29%", "2011-09-30": "8.91%", "2011-06-30": "8.72%", "2011-03-31": "8.98%", "2010-12-31": "9.36%", "2010-09-30": "8.83%", "2010-06-30": "10.24%", "2010-03-31": "10.39%", "2009-12-31": "-5.22%", "2009-09-30": "-8.24%", "2009-06-30": "-6.96%", "2009-03-31": "-4.60%", "2008-12-31": "8.81%", "2008-09-30": "12.57%", "2008-06-30": "12.57%", "2008-03-31": "12.20%", "2007-12-31": "12.06%", "2007-09-30": "11.86%", "2007-06-30": "11.90%", "2007-03-31": "11.43%", "2006-12-31": "11.84%", "2006-09-30": "11.81%", "2006-06-30": "11.39%", "2006-03-31": "12.21%", "2005-12-31": "12.11%"}, "net profit margin": {"2020-12-31": "7.05%", "2020-09-30": "6.75%", "2020-06-30": "6.51%", "2020-03-31": "5.88%", "2019-12-31": "6.30%", "2019-09-30": "6.19%", "2019-06-30": "5.91%", "2019-03-31": "5.83%", "2018-12-31": "6.00%", "2018-09-30": "6.86%", "2018-06-30": "6.43%", "2018-03-31": "6.36%", "2017-12-31": "6.30%", "2017-09-30": "5.38%", "2017-06-30": "5.37%", "2017-03-31": "1.83%", "2016-12-31": "1.57%", "2016-09-30": "1.24%", "2016-06-30": "-4.18%", "2016-03-31": "-7.30%", "2015-12-31": "-15.55%", "2015-09-30": "-15.16%", "2015-06-30": "-8.91%", "2015-03-31": "-1.65%", "2014-12-31": "7.22%", "2014-09-30": "7.89%", "2014-06-30": "7.26%", "2014-03-31": "6.87%", "2013-12-31": "7.06%", "2013-09-30": "2.87%", "2013-06-30": "0.26%", "2013-03-31": "0.46%", "2012-12-31": "-0.02%", "2012-09-30": "2.98%", "2012-06-30": "5.32%", "2012-03-31": "5.15%", "2011-12-31": "5.26%", "2011-09-30": "5.98%", "2011-06-30": "5.95%", "2011-03-31": "6.08%", "2010-12-31": "6.16%", "2010-09-30": "5.77%", "2010-06-30": "6.60%", "2010-03-31": "6.66%", "2009-12-31": "-2.99%", "2009-09-30": "-4.67%", "2009-06-30": "-3.89%", "2009-03-31": "-2.45%", "2008-12-31": "5.86%", "2008-09-30": "8.06%", "2008-06-30": "9.91%", "2008-03-31": "9.93%", "2007-12-31": "10.15%", "2007-09-30": "10.27%", "2007-06-30": "8.13%", "2007-03-31": "7.72%", "2006-12-31": "7.84%", "2006-09-30": "7.82%", "2006-06-30": "7.49%", "2006-03-31": "8.13%", "2005-12-31": "8.05%"}, "pe ratio": {"current": "13.75", "2021-02-05": "19.29", "2020-12-31": "18.95", "2020-09-30": "11.99", "2020-06-30": "12.18", "2020-03-31": "13.09", "2019-12-31": "17.09", "2019-09-30": "16.80", "2019-06-30": "16.72", "2019-03-31": "17.69", "2018-12-31": "16.08", "2018-09-30": "15.13", "2018-06-30": "17.90", "2018-03-31": "17.57", "2017-12-31": "16.99", "2017-09-30": "19.88", "2017-06-30": "20.45", "2017-03-31": "64.18", "2016-12-31": "79.54", "2016-09-30": "85.99", "2016-06-30": "0.00", "2016-03-31": "0.00", "2015-12-31": "0.00", "2015-09-30": "0.00", "2015-06-30": "0.00", "2015-03-31": "0.00", "2014-12-31": "12.56", "2014-09-30": "14.28", "2014-06-30": "19.00", "2014-03-31": "18.98", "2013-12-31": "16.81", "2013-09-30": "33.84", "2013-06-30": "342.57", "2013-03-31": "179.00", "2012-12-31": "0.00", "2012-09-30": "26.73", "2012-06-30": "14.60", "2012-03-31": "15.71", "2011-12-31": "14.41", "2011-09-30": "11.29", "2011-06-30": "13.33", "2011-03-31": "13.30", "2010-12-31": "11.75", "2010-09-30": "12.24", "2010-06-30": "9.53", "2010-03-31": "10.99", "2009-12-31": "0.00", "2009-09-30": "0.00", "2009-06-30": "0.00", "2009-03-31": "0.00", "2008-12-31": "9.29", "2008-09-30": "9.09", "2008-06-30": "8.98", "2008-03-31": "6.65", "2007-12-31": "7.87", "2007-09-30": "8.14", "2007-06-30": "10.43", "2007-03-31": "11.27", "2006-12-31": "9.77"}, "price sales": {"2021-02-05": "0.97", "2020-12-31": "0.96", "2020-09-30": "0.81", "2020-06-30": "0.79", "2020-03-31": "0.77", "2019-12-31": "1.07", "2019-09-30": "1.03", "2019-06-30": "0.99", "2019-03-31": "1.03", "2018-12-31": "0.97", "2018-09-30": "1.04", "2018-06-30": "1.16", "2018-03-31": "1.13", "2017-12-31": "1.08", "2017-09-30": "1.07", "2017-06-30": "1.09", "2017-03-31": "1.14", "2016-12-31": "1.21", "2016-09-30": "1.06", "2016-06-30": "0.99", "2016-03-31": "0.82", "2015-12-31": "0.76", "2015-09-30": "0.72", "2015-06-30": "0.81", "2015-03-31": "0.87", "2014-12-31": "0.90", "2014-09-30": "1.13", "2014-06-30": "1.38", "2014-03-31": "1.30", "2013-12-31": "1.19", "2013-09-30": "0.97", "2013-06-30": "0.92", "2013-03-31": "0.90", "2012-12-31": "0.77", "2012-09-30": "0.80", "2012-06-30": "0.78", "2012-03-31": "0.81", "2011-12-31": "0.76", "2011-09-30": "0.68", "2011-06-30": "0.79", "2011-03-31": "0.81", "2010-12-31": "0.72", "2010-09-30": "0.70", "2010-06-30": "0.63", "2010-03-31": "0.73", "2009-12-31": "0.74", "2009-09-30": "0.61", "2009-06-30": "0.52", "2009-03-31": "0.42", "2008-12-31": "0.55", "2008-09-30": "0.74", "2008-06-30": "0.89", "2008-03-31": "0.66", "2007-12-31": "0.80", "2007-09-30": "0.83", "2007-06-30": "0.85", "2007-03-31": "0.87", "2006-12-31": "0.76"}, "price book": {"current": "1.78", "2021-02-05": "1.78", "2020-09-30": "1.48", "2020-06-30": "1.51", "2020-03-31": "1.48", "2019-12-31": "2.02", "2019-09-30": "1.94", "2019-06-30": "1.84", "2019-03-31": "1.85", "2018-12-31": "1.71", "2018-09-30": "1.86", "2018-06-30": "2.12", "2018-03-31": "2.08", "2017-12-31": "1.97", "2017-09-30": "1.95", "2017-06-30": "1.99", "2017-03-31": "2.07", "2016-12-31": "2.15", "2016-09-30": "1.91", "2016-06-30": "1.83", "2016-03-31": "1.32", "2015-12-31": "1.22", "2015-09-30": "1.13", "2015-06-30": "1.19", "2015-03-31": "1.18", "2014-12-31": "1.16", "2014-09-30": "1.39", "2014-06-30": "1.80", "2014-03-31": "1.80", "2013-12-31": "1.63", "2013-09-30": "1.53", "2013-06-30": "1.44", "2013-03-31": "1.39", "2012-12-31": "1.18", "2012-09-30": "1.18", "2012-06-30": "1.11", "2012-03-31": "1.17", "2011-12-31": "1.11", "2011-09-30": "0.98", "2011-06-30": "1.16", "2011-03-31": "1.20", "2010-12-31": "1.04", "2010-09-30": "1.03", "2010-06-30": "0.93", "2010-03-31": "1.12", "2009-12-31": "1.23", "2009-09-30": "1.10", "2009-06-30": "1.02", "2009-03-31": "0.86", "2008-12-31": "0.99", "2008-09-30": "1.30", "2008-06-30": "1.68", "2008-03-31": "1.20", "2007-12-31": "1.34", "2007-09-30": "1.38", "2007-06-30": "1.49", "2007-03-31": "1.58", "2006-12-31": "1.41", "2006-09-30": "1.26", "2006-06-30": "1.44", "2006-03-31": "0.89"}, "price fcf": {"2021-02-05": "", "2020-09-30": "$1.40", "2020-06-30": "$1.65", "2020-03-31": "$0.35", "2019-12-31": "$-0.02", "2019-09-30": "$-1.10", "2019-06-30": "$-1.58", "2019-03-31": "$-0.89", "2018-12-31": "$-0.22", "2018-09-30": "$0.24", "2018-06-30": "$0.48", "2018-03-31": "$0.52", "2017-12-31": "$1.19", "2017-09-30": "$1.53", "2017-06-30": "$1.72", "2017-03-31": "$1.58", "2016-12-31": "$0.61", "2016-09-30": "$0.64", "2016-06-30": "$0.65", "2016-03-31": "$0.68", "2015-12-31": "$0.92", "2015-09-30": "$0.86", "2015-06-30": "$0.62", "2015-03-31": "$1.11", "2014-12-31": "$0.97", "2014-09-30": "$2.66", "2014-06-30": "$2.43", "2014-03-31": "$1.37", "2013-12-31": "$1.39", "2013-09-30": "$-0.83", "2013-06-30": "$-1.27", "2013-03-31": "$-1.33", "2012-12-31": "$-1.31", "2012-09-30": "$-1.03", "2012-06-30": "$-0.32", "2012-03-31": "$0.48", "2011-12-31": "$0.90", "2011-09-30": "$0.80", "2011-06-30": "$0.90", "2011-03-31": "$1.00", "2010-12-31": "$0.54", "2010-09-30": "$0.91", "2010-06-30": "$1.45", "2010-03-31": "$1.52", "2009-12-31": "$2.29", "2009-09-30": "$2.70", "2009-06-30": "$2.07", "2009-03-31": "$1.35", "2008-12-31": "$0.69", "2008-09-30": "$0.06", "2008-06-30": "$0.02", "2008-03-31": "$0.16", "2007-12-31": "$0.16", "2007-09-30": "$0.67", "2007-06-30": "$0.84", "2007-03-31": "$0.94", "2006-12-31": "$1.16"}, "net worth": {"value": "$5.38B"}, "current ratio": {"2020-12-31": "0.00", "2020-09-30": "1.41", "2020-06-30": "1.40", "2020-03-31": "1.67", "2019-12-31": "1.50", "2019-09-30": "1.41", "2019-06-30": "1.58", "2019-03-31": "1.16", "2018-12-31": "1.20", "2018-09-30": "1.67", "2018-06-30": "1.39", "2018-03-31": "1.36", "2017-12-31": "1.32", "2017-09-30": "1.28", "2017-06-30": "1.46", "2017-03-31": "1.52", "2016-12-31": "1.46", "2016-09-30": "1.44", "2016-06-30": "1.54", "2016-03-31": "1.34", "2015-12-31": "1.05", "2015-09-30": "1.27", "2015-06-30": "1.19", "2015-03-31": "1.18", "2014-12-31": "1.23", "2014-09-30": "1.49", "2014-06-30": "1.58", "2014-03-31": "1.62", "2013-12-31": "1.42", "2013-09-30": "1.48", "2013-06-30": "1.49", "2013-03-31": "1.25", "2012-12-31": "1.33", "2012-09-30": "1.22", "2012-06-30": "1.20", "2012-03-31": "1.18", "2011-12-31": "1.33", "2011-09-30": "1.48", "2011-06-30": "1.48", "2011-03-31": "1.63", "2010-12-31": "1.52", "2010-09-30": "1.42", "2010-06-30": "1.51", "2010-03-31": "1.49", "2009-12-31": "1.59", "2009-09-30": "1.51", "2009-06-30": "1.54", "2009-03-31": "1.46", "2008-12-31": "1.32", "2008-09-30": "1.48", "2008-06-30": "1.37", "2008-03-31": "1.25", "2007-12-31": "1.43", "2007-09-30": "1.44", "2007-06-30": "1.69", "2007-03-31": "1.60", "2006-12-31": "1.52", "2006-09-30": "1.69", "2006-06-30": "1.62", "2006-03-31": "1.64", "2005-12-31": "1.48", "2005-09-30": "1.31", "2005-06-30": "1.83", "2005-03-31": "1.57"}, "quick ratio": {"2020-12-31": "0.00", "2020-09-30": "1.14", "2020-06-30": "1.09", "2020-03-31": "1.30", "2019-12-31": "1.18", "2019-09-30": "1.14", "2019-06-30": "1.23", "2019-03-31": "0.87", "2018-12-31": "0.91", "2018-09-30": "1.30", "2018-06-30": "1.05", "2018-03-31": "1.03", "2017-12-31": "1.04", "2017-09-30": "1.01", "2017-06-30": "1.10", "2017-03-31": "1.12", "2016-12-31": "1.10", "2016-09-30": "1.11", "2016-06-30": "1.16", "2016-03-31": "1.01", "2015-12-31": "0.79", "2015-09-30": "1.01", "2015-06-30": "0.92", "2015-03-31": "0.85", "2014-12-31": "0.94", "2014-09-30": "1.20", "2014-06-30": "1.20", "2014-03-31": "1.21", "2013-12-31": "1.06", "2013-09-30": "1.11", "2013-06-30": "1.09", "2013-03-31": "0.89", "2012-12-31": "0.95", "2012-09-30": "0.91", "2012-06-30": "0.88", "2012-03-31": "0.84", "2011-12-31": "1.02", "2011-09-30": "1.13", "2011-06-30": "1.10", "2011-03-31": "1.22", "2010-12-31": "1.19", "2010-09-30": "1.06", "2010-06-30": "1.11", "2010-03-31": "1.11", "2009-12-31": "1.22", "2009-09-30": "1.09", "2009-06-30": "1.13", "2009-03-31": "1.10", "2008-12-31": "1.05", "2008-09-30": "1.17", "2008-06-30": "1.10", "2008-03-31": "1.00", "2007-12-31": "1.16", "2007-09-30": "1.14", "2007-06-30": "1.35", "2007-03-31": "1.24", "2006-12-31": "1.21", "2006-09-30": "1.35", "2006-06-30": "1.31", "2006-03-31": "1.33", "2005-12-31": "1.21", "2005-09-30": "1.05", "2005-06-30": "1.48", "2005-03-31": "1.29"}, "debt equity ratio": {"current": "0.75", "2020-12-31": "0.00", "2020-09-30": "1.70", "2020-06-30": "1.73", "2020-03-31": "1.77", "2019-12-31": "1.70", "2019-09-30": "1.77", "2019-06-30": "1.85", "2019-03-31": "1.79", "2018-12-31": "1.72", "2018-09-30": "1.67", "2018-06-30": "1.67", "2018-03-31": "1.62", "2017-12-31": "1.61", "2017-09-30": "1.70", "2017-06-30": "1.71", "2017-03-31": "1.68", "2016-12-31": "1.71", "2016-09-30": "1.77", "2016-06-30": "1.84", "2016-03-31": "1.63", "2015-12-31": "1.61", "2015-09-30": "1.77", "2015-06-30": "1.70", "2015-03-31": "1.50", "2014-12-31": "1.41", "2014-09-30": "1.47", "2014-06-30": "1.51", "2014-03-31": "1.51", "2013-12-31": "1.47", "2013-09-30": "1.61", "2013-06-30": "1.63", "2013-03-31": "1.55", "2012-12-31": "1.52", "2012-09-30": "1.52", "2012-06-30": "1.45", "2012-03-31": "1.36", "2011-12-31": "1.36", "2011-09-30": "1.28", "2011-06-30": "1.30", "2011-03-31": "1.30", "2010-12-31": "1.34", "2010-09-30": "1.34", "2010-06-30": "1.33", "2010-03-31": "1.29", "2009-12-31": "1.33", "2009-09-30": "1.33", "2009-06-30": "1.42", "2009-03-31": "1.44", "2008-12-31": "1.39", "2008-09-30": "1.24", "2008-06-30": "1.40", "2008-03-31": "1.29", "2007-12-31": "1.21", "2007-09-30": "1.23", "2007-06-30": "1.25", "2007-03-31": "1.22", "2006-12-31": "1.27", "2006-09-30": "1.36", "2006-06-30": "1.42", "2006-03-31": "1.31", "2005-12-31": "1.36", "2005-09-30": "1.44", "2005-06-30": "1.33", "2005-03-31": "1.28"}, "return on equity": {"2020-12-31": "17.83%", "2020-09-30": "12.87%", "2020-06-30": "12.59%", "2020-03-31": "11.49%", "2019-12-31": "12.32%", "2019-09-30": "12.04%", "2019-06-30": "11.16%", "2019-03-31": "10.69%", "2018-12-31": "10.92%", "2018-09-30": "12.54%", "2018-06-30": "11.93%", "2018-03-31": "11.98%", "2017-12-31": "11.93%", "2017-09-30": "9.97%", "2017-06-30": "9.87%", "2017-03-31": "3.37%", "2016-12-31": "2.79%", "2016-09-30": "2.14%", "2016-06-30": "-7.04%", "2016-03-31": "-11.47%", "2015-12-31": "-23.42%", "2015-09-30": "-20.80%", "2015-06-30": "-11.60%", "2015-03-31": "-2.10%", "2014-12-31": "9.56%", "2014-09-30": "10.11%", "2014-06-30": "9.81%", "2014-03-31": "9.85%", "2013-12-31": "10.09%", "2013-09-30": "4.64%", "2013-06-30": "0.41%", "2013-03-31": "0.70%", "2012-12-31": "-0.04%", "2012-09-30": "4.36%", "2012-06-30": "7.71%", "2012-03-31": "7.45%", "2011-12-31": "7.76%", "2011-09-30": "8.85%", "2011-06-30": "8.84%", "2011-03-31": "9.07%", "2010-12-31": "9.10%", "2010-09-30": "8.56%", "2010-06-30": "9.88%", "2010-03-31": "10.33%", "2009-12-31": "-5.05%", "2009-09-30": "-8.25%", "2009-06-30": "-7.02%", "2009-03-31": "-4.63%", "2008-12-31": "10.97%", "2008-09-30": "15.23%", "2008-06-30": "19.00%", "2008-03-31": "18.56%", "2007-12-31": "18.23%", "2007-09-30": "18.43%", "2007-06-30": "14.93%", "2007-03-31": "14.57%", "2006-12-31": "15.30%", "2006-09-30": "15.41%", "2006-06-30": "14.98%", "2006-03-31": "15.95%", "2005-12-31": "15.51%"}, "return on assets": {"2020-12-31": "6.53%", "2020-09-30": "4.73%", "2020-06-30": "4.59%", "2020-03-31": "4.15%", "2019-12-31": "4.44%", "2019-09-30": "4.33%", "2019-06-30": "4.05%", "2019-03-31": "3.94%", "2018-12-31": "4.09%", "2018-09-30": "4.75%", "2018-06-30": "4.51%", "2018-03-31": "4.51%", "2017-12-31": "4.47%", "2017-09-30": "3.70%", "2017-06-30": "3.63%", "2017-03-31": "1.23%", "2016-12-31": "1.02%", "2016-09-30": "0.79%", "2016-06-30": "-2.60%", "2016-03-31": "-4.28%", "2015-12-31": "-8.88%", "2015-09-30": "-8.06%", "2015-06-30": "-4.62%", "2015-03-31": "-0.85%", "2014-12-31": "3.86%", "2014-09-30": "4.06%", "2014-06-30": "3.89%", "2014-03-31": "3.86%", "2013-12-31": "3.94%", "2013-09-30": "1.80%", "2013-06-30": "0.16%", "2013-03-31": "0.28%", "2012-12-31": "-0.01%", "2012-09-30": "1.80%", "2012-06-30": "3.26%", "2012-03-31": "3.20%", "2011-12-31": "3.36%", "2011-09-30": "3.84%", "2011-06-30": "3.81%", "2011-03-31": "3.90%", "2010-12-31": "3.92%", "2010-09-30": "3.69%", "2010-06-30": "4.26%", "2010-03-31": "4.41%", "2009-12-31": "-2.12%", "2009-09-30": "-3.45%", "2009-06-30": "-2.97%", "2009-03-31": "-1.96%", "2008-12-31": "4.71%", "2008-09-30": "6.66%", "2008-06-30": "8.32%", "2008-03-31": "8.27%", "2007-12-31": "8.19%", "2007-09-30": "8.23%", "2007-06-30": "6.57%", "2007-03-31": "6.29%", "2006-12-31": "6.55%", "2006-09-30": "6.52%", "2006-06-30": "6.29%", "2006-03-31": "6.77%", "2005-12-31": "6.59%"}, "return on investments": {"2020-12-31": "13.87%", "2020-09-30": "10.18%", "2020-06-30": "10.03%", "2020-03-31": "9.31%", "2019-12-31": "9.80%", "2019-09-30": "9.88%", "2019-06-30": "9.11%", "2019-03-31": "9.00%", "2018-12-31": "9.38%", "2018-09-30": "9.76%", "2018-06-30": "10.42%", "2018-03-31": "10.69%", "2017-12-31": "10.68%", "2017-09-30": "10.31%", "2017-06-30": "10.02%", "2017-03-31": "10.15%", "2016-12-31": "9.87%", "2016-09-30": "9.33%", "2016-06-30": "8.68%", "2016-03-31": "7.81%", "2015-12-31": "7.21%", "2015-09-30": "5.85%", "2015-06-30": "5.43%", "2015-03-31": "5.30%", "2014-12-31": "6.37%", "2014-09-30": "5.14%", "2014-06-30": "5.90%", "2014-03-31": "6.68%", "2013-12-31": "7.00%", "2013-09-30": "5.27%", "2013-06-30": "1.19%", "2013-03-31": "1.25%", "2012-12-31": "0.46%", "2012-09-30": "6.21%", "2012-06-30": "9.98%", "2012-03-31": "9.80%", "2011-12-31": "9.90%", "2011-09-30": "9.94%", "2011-06-30": "9.72%", "2011-03-31": "9.86%", "2010-12-31": "10.03%", "2010-09-30": "10.00%", "2010-06-30": "11.32%", "2010-03-31": "11.66%", "2009-12-31": "-3.82%", "2009-09-30": "-7.28%", "2009-06-30": "-6.14%", "2009-03-31": "-3.78%", "2008-12-31": "12.48%", "2008-09-30": "17.38%", "2008-06-30": "17.43%", "2008-03-31": "16.61%", "2007-12-31": "15.77%", "2007-09-30": "15.35%", "2007-06-30": "15.63%", "2007-03-31": "15.24%", "2006-12-31": "15.92%", "2006-09-30": "15.79%", "2006-06-30": "15.55%", "2006-03-31": "15.82%", "2005-12-31": "15.62%"}, "return on tangible equity": {"2020-09-30": "17.20%", "2020-06-30": "16.85%", "2020-03-31": "15.40%", "2019-12-31": "16.52%", "2019-09-30": "16.25%", "2019-06-30": "15.11%", "2019-03-31": "14.48%", "2018-12-31": "14.77%", "2018-09-30": "16.96%", "2018-06-30": "16.21%", "2018-03-31": "16.36%", "2017-12-31": "16.38%", "2017-09-30": "13.74%", "2017-06-30": "13.67%", "2017-03-31": "4.69%", "2016-12-31": "3.85%", "2016-09-30": "2.94%", "2016-06-30": "-9.58%", "2016-03-31": "-15.34%", "2015-12-31": "-30.88%", "2015-09-30": "-26.88%", "2015-06-30": "-14.77%", "2015-03-31": "-2.65%", "2014-12-31": "12.08%", "2014-09-30": "12.89%", "2014-06-30": "12.63%", "2014-03-31": "12.81%", "2013-12-31": "13.23%", "2013-09-30": "6.13%", "2013-06-30": "0.54%", "2013-03-31": "0.92%", "2012-12-31": "-0.05%", "2012-09-30": "5.70%", "2012-06-30": "10.07%", "2012-03-31": "9.76%", "2011-12-31": "10.20%", "2011-09-30": "11.67%", "2011-06-30": "11.71%", "2011-03-31": "12.05%", "2010-12-31": "12.13%", "2010-09-30": "11.45%", "2010-06-30": "13.27%", "2010-03-31": "13.96%", "2009-12-31": "-6.86%", "2009-09-30": "-11.11%", "2009-06-30": "-9.16%", "2009-03-31": "-5.88%", "2008-12-31": "13.57%", "2008-09-30": "18.51%", "2008-06-30": "23.22%", "2008-03-31": "22.21%", "2007-12-31": "21.40%", "2007-09-30": "21.23%", "2007-06-30": "16.83%", "2007-03-31": "16.49%", "2006-12-31": "17.35%", "2006-09-30": "17.51%", "2006-06-30": "17.11%", "2006-03-31": "18.30%", "2005-12-31": "17.87%"}, "dividend yield history": {"last payout": "$0.85", "last yield": "3.17%"}}