{"ticker": "MPW", "price": {"title": "Medical Properties Trust Historical Annual Stock Price Data", "value": 21.88, "historical": {"2020": {"Average Stock Price": "19.1690", "Year Open": "20.7900", "Year High": "24.1500", "Year Low": "13.0100", "Year Close": "21.7900", "Annual % Change": "3.22%"}, "2019": {"Average Stock Price": "18.6221", "Year Open": "15.6300", "Year High": "21.4900", "Year Low": "15.6300", "Year Close": "21.1100", "Annual % Change": "31.28%"}, "2018": {"Average Stock Price": "14.1197", "Year Open": "13.8300", "Year High": "17.4900", "Year Low": "11.8800", "Year Close": "16.0800", "Annual % Change": "16.69%"}, "2017": {"Average Stock Price": "13.1258", "Year Open": "12.4300", "Year High": "14.1600", "Year Low": "12.1500", "Year Close": "13.7800", "Annual % Change": "12.03%"}, "2016": {"Average Stock Price": "13.4325", "Year Open": "11.4700", "Year High": "15.8000", "Year Low": "9.8600", "Year Close": "12.3000", "Annual % Change": "6.86%"}, "2015": {"Average Stock Price": "13.1331", "Year Open": "14.0400", "Year High": "15.6200", "Year Low": "10.7300", "Year Close": "11.5100", "Annual % Change": "-16.47%"}, "2014": {"Average Stock Price": "13.2068", "Year Open": "12.3000", "Year High": "14.0900", "Year Low": "12.2000", "Year Close": "13.7800", "Annual % Change": "12.77%"}, "2013": {"Average Stock Price": "13.9804", "Year Open": "12.3200", "Year High": "17.4600", "Year Low": "11.5100", "Year Close": "12.2200", "Annual % Change": "2.17%"}, "2012": {"Average Stock Price": "10.1099", "Year Open": "10.0900", "Year High": "11.9600", "Year Low": "8.6900", "Year Close": "11.9600", "Annual % Change": "21.18%"}, "2011": {"Average Stock Price": "10.7731", "Year Open": "10.9400", "Year High": "12.4700", "Year Low": "8.3900", "Year Close": "9.8700", "Annual % Change": "-8.86%"}, "2010": {"Average Stock Price": "10.1660", "Year Open": "10.0700", "Year High": "11.5100", "Year Low": "8.6700", "Year Close": "10.8300", "Annual % Change": "8.30%"}, "2009": {"Average Stock Price": "6.5820", "Year Open": "6.1500", "Year High": "10.4700", "Year Low": "2.9100", "Year Close": "10.0000", "Annual % Change": "58.48%"}, "2008": {"Average Stock Price": "10.2670", "Year Open": "10.3300", "Year High": "12.8200", "Year Low": "4.0700", "Year Close": "6.3100", "Annual % Change": "-38.08%"}, "2007": {"Average Stock Price": "13.5402", "Year Open": "15.1500", "Year High": "16.5000", "Year Low": "10.0100", "Year Close": "10.1900", "Annual % Change": "-33.40%"}, "2006": {"Average Stock Price": "12.0357", "Year Open": "9.9900", "Year High": "15.5000", "Year Low": "9.4800", "Year Close": "15.3000", "Annual % Change": "56.44%"}, "2005": {"Average Stock Price": "9.8174", "Year Open": "11.0000", "Year High": "11.0900", "Year Low": "8.7500", "Year Close": "9.7800", "Annual % Change": "0.00%"}}}, "market cap": {"value": "$11.85B"}, "income statement": {"Revenue": {"2020-12-31": "1249.23800", "2019-12-31": "854.19700", "2018-12-31": "784.52200", "2017-12-31": "704.74500", "2016-12-31": "541.13700", "2015-12-31": "441.87800", "2014-12-31": "312.53200", "2013-12-31": "242.52300", "2012-12-31": "198.12500", "2011-12-31": "132.32200", "2010-12-31": "108.02400", "2009-12-31": "114.03800", "2008-12-31": "107.07000", "2007-12-31": "81.78600", "2006-12-31": "36.40300", "2005-12-31": "30.45260"}, "Cost Of Goods Sold": {"2020-12-31": "24.89000", "2019-12-31": "23.99200", "2018-12-31": "9.23700", "2017-12-31": "5.81100", "2016-12-31": "2.71200", "2015-12-31": "3.79200", "2014-12-31": "1.85100", "2013-12-31": "2.45000", "2012-12-31": "1.47700", "2011-12-31": "0.72400", "2010-12-31": "4.38100", "2009-12-31": "3.80100", "2008-12-31": "4.24200", "2007-12-31": "0.15100", "2006-12-31": "", "2005-12-31": ""}, "Gross Profit": {"2020-12-31": "1224.34800", "2019-12-31": "830.20500", "2018-12-31": "775.28500", "2017-12-31": "698.93400", "2016-12-31": "538.42500", "2015-12-31": "438.08600", "2014-12-31": "310.68100", "2013-12-31": "240.07300", "2012-12-31": "196.64800", "2011-12-31": "131.59800", "2010-12-31": "103.64300", "2009-12-31": "110.23700", "2008-12-31": "102.82800", "2007-12-31": "81.63500", "2006-12-31": "36.40300", "2005-12-31": "30.45260"}, "Research And Development Expenses": {"2020-12-31": "", "2019-12-31": "", "2018-12-31": "", "2017-12-31": "", "2016-12-31": "", "2015-12-31": "", "2014-12-31": "", "2013-12-31": "", "2012-12-31": "", "2011-12-31": "", "2010-12-31": "", "2009-12-31": "", "2008-12-31": "", "2007-12-31": "", "2006-12-31": "", "2005-12-31": ""}, "SG&A Expenses": {"2020-12-31": "131.66300", "2019-12-31": "96.41100", "2018-12-31": "80.08600", "2017-12-31": "58.59900", "2016-12-31": "48.91100", "2015-12-31": "43.63900", "2014-12-31": "37.27400", "2013-12-31": "30.06300", "2012-12-31": "28.56200", "2011-12-31": "27.09100", "2010-12-31": "26.50900", "2009-12-31": "21.09600", "2008-12-31": "19.51500", "2007-12-31": "15.53200", "2006-12-31": "10.08000", "2005-12-31": "8.01700"}, "Other Operating Income Or Expenses": {"2020-12-31": "-328.72800", "2019-12-31": "-258.86100", "2018-12-31": "-271.28100", "2017-12-31": "-176.95400", "2016-12-31": "-166.82600", "2015-12-31": "0.00000", "2014-12-31": "-50.12800", "2013-12-31": "0.00000", "2012-12-31": "", "2011-12-31": "", "2010-12-31": "-12.00000", "2009-12-31": "", "2008-12-31": "", "2007-12-31": "", "2006-12-31": "", "2005-12-31": ""}, "Operating Expenses": {"2020-12-31": "749.52600", "2019-12-31": "531.57700", "2018-12-31": "494.60400", "2017-12-31": "396.11500", "2016-12-31": "359.09600", "2015-12-31": "178.64000", "2014-12-31": "169.58000", "2013-12-31": "88.98500", "2012-12-31": "68.27400", "2011-12-31": "62.14600", "2010-12-31": "65.81300", "2009-12-31": "46.48500", "2008-12-31": "46.14200", "2007-12-31": "26.02500", "2006-12-31": "14.51700", "2005-12-31": "12.19970"}, "Operating Income": {"2020-12-31": "499.71200", "2019-12-31": "322.62000", "2018-12-31": "289.91800", "2017-12-31": "308.63000", "2016-12-31": "182.04100", "2015-12-31": "263.23800", "2014-12-31": "142.95200", "2013-12-31": "153.53800", "2012-12-31": "129.85100", "2011-12-31": "70.17600", "2010-12-31": "42.21100", "2009-12-31": "67.55300", "2008-12-31": "60.92800", "2007-12-31": "55.76100", "2006-12-31": "21.88600", "2005-12-31": "18.25280"}, "Total Non-Operating Income/Expense": {"2020-12-31": "-36.38400", "2019-12-31": "51.16000", "2018-12-31": "729.48600", "2017-12-31": "-14.71100", "2016-12-31": "37.06600", "2015-12-31": "-121.80800", "2014-12-31": "-91.81400", "2013-12-31": "-63.51100", "2012-12-31": "-56.96200", "2011-12-31": "-57.92800", "2010-12-31": "-39.18200", "2009-12-31": "-37.60800", "2008-12-31": "-42.33800", "2007-12-31": "-29.16600", "2006-12-31": "-3.90300", "2005-12-31": "0.57000"}, "Pre-Tax Income": {"2020-12-31": "463.32800", "2019-12-31": "373.78000", "2018-12-31": "1019.40400", "2017-12-31": "293.91900", "2016-12-31": "219.10700", "2015-12-31": "141.43000", "2014-12-31": "51.13800", "2013-12-31": "90.02700", "2012-12-31": "72.88900", "2011-12-31": "12.24800", "2010-12-31": "3.02900", "2009-12-31": "29.94500", "2008-12-31": "18.59000", "2007-12-31": "26.59500", "2006-12-31": "17.98300", "2005-12-31": "18.82280"}, "Income Taxes": {"2020-12-31": "31.05600", "2019-12-31": "-2.62100", "2018-12-31": "0.92700", "2017-12-31": "2.68100", "2016-12-31": "-6.83000", "2015-12-31": "1.50300", "2014-12-31": "0.34000", "2013-12-31": "0.72600", "2012-12-31": "0.01900", "2011-12-31": "0.12800", "2010-12-31": "", "2009-12-31": "", "2008-12-31": "", "2007-12-31": "", "2006-12-31": "", "2005-12-31": ""}, "Income After Taxes": {"2020-12-31": "432.27200", "2019-12-31": "376.40100", "2018-12-31": "1018.47700", "2017-12-31": "291.23800", "2016-12-31": "225.93700", "2015-12-31": "139.92700", "2014-12-31": "50.79800", "2013-12-31": "89.30100", "2012-12-31": "72.87000", "2011-12-31": "12.12000", "2010-12-31": "3.02900", "2009-12-31": "29.94500", "2008-12-31": "18.59000", "2007-12-31": "26.59500", "2006-12-31": "17.98300", "2005-12-31": "18.82280"}, "Other Income": {"2020-12-31": "", "2019-12-31": "", "2018-12-31": "", "2017-12-31": "", "2016-12-31": "", "2015-12-31": "", "2014-12-31": "", "2013-12-31": "", "2012-12-31": "", "2011-12-31": "", "2010-12-31": "", "2009-12-31": "", "2008-12-31": "", "2007-12-31": "", "2006-12-31": "", "2005-12-31": ""}, "Income From Continuous Operations": {"2020-12-31": "432.27200", "2019-12-31": "376.40100", "2018-12-31": "1018.47700", "2017-12-31": "291.23800", "2016-12-31": "225.93700", "2015-12-31": "139.92700", "2014-12-31": "50.79800", "2013-12-31": "89.30100", "2012-12-31": "72.87000", "2011-12-31": "12.12000", "2010-12-31": "3.02900", "2009-12-31": "29.94500", "2008-12-31": "18.59000", "2007-12-31": "26.59500", "2006-12-31": "17.98300", "2005-12-31": "18.82280"}, "Income From Discontinued Operations": {"2020-12-31": "", "2019-12-31": "", "2018-12-31": "", "2017-12-31": "", "2016-12-31": "", "2015-12-31": "0.00000", "2014-12-31": "-0.00200", "2013-12-31": "7.91400", "2012-12-31": "17.20700", "2011-12-31": "14.59400", "2010-12-31": "19.98300", "2009-12-31": "6.42200", "2008-12-31": "14.14300", "2007-12-31": "13.65500", "2006-12-31": "12.17700", "2005-12-31": "0.81760"}, "Net Income": {"2020-12-31": "431.45000", "2019-12-31": "374.68400", "2018-12-31": "1016.68500", "2017-12-31": "289.79300", "2016-12-31": "225.04800", "2015-12-31": "139.59800", "2014-12-31": "50.52200", "2013-12-31": "96.99100", "2012-12-31": "89.90000", "2011-12-31": "26.53600", "2010-12-31": "22.91300", "2009-12-31": "36.33000", "2008-12-31": "32.70000", "2007-12-31": "39.94600", "2006-12-31": "30.16000", "2005-12-31": "19.64040"}, "EBITDA": {"2020-12-31": "499.71200", "2019-12-31": "488.07600", "2018-12-31": "438.77300", "2017-12-31": "447.13000", "2016-12-31": "287.25500", "2015-12-31": "341.15000", "2014-12-31": "203.21900", "2013-12-31": "195.91500", "2012-12-31": "168.90100", "2011-12-31": "114.94200", "2010-12-31": "74.63300", "2009-12-31": "99.68600", "2008-12-31": "95.42400", "2007-12-31": "75.06600", "2006-12-31": "31.27300", "2005-12-31": "23.75280"}, "EBIT": {"2020-12-31": "499.71200", "2019-12-31": "322.62000", "2018-12-31": "289.91800", "2017-12-31": "308.63000", "2016-12-31": "182.04100", "2015-12-31": "263.23800", "2014-12-31": "142.95200", "2013-12-31": "153.53800", "2012-12-31": "129.85100", "2011-12-31": "70.17600", "2010-12-31": "42.21100", "2009-12-31": "67.55300", "2008-12-31": "60.92800", "2007-12-31": "55.76100", "2006-12-31": "21.88600", "2005-12-31": "18.25280"}, "Basic Shares Outstanding": {"2020-12-31": "529.23900", "2019-12-31": "427.07500", "2018-12-31": "365.36400", "2017-12-31": "349.90200", "2016-12-31": "260.41400", "2015-12-31": "217.99700", "2014-12-31": "169.99900", "2013-12-31": "151.43900", "2012-12-31": "132.33100", "2011-12-31": "110.62300", "2010-12-31": "100.70600", "2009-12-31": "78.11700", "2008-12-31": "62.02700", "2007-12-31": "47.77000", "2006-12-31": "39.53800", "2005-12-31": "32.34300"}, "Shares Outstanding": {"2020-12-31": "530.46100", "2019-12-31": "428.29900", "2018-12-31": "366.27100", "2017-12-31": "350.44100", "2016-12-31": "261.07200", "2015-12-31": "218.30400", "2014-12-31": "170.54000", "2013-12-31": "152.59800", "2012-12-31": "132.33300", "2011-12-31": "110.62900", "2010-12-31": "100.70800", "2009-12-31": "78.11700", "2008-12-31": "62.03500", "2007-12-31": "47.80500", "2006-12-31": "39.70200", "2005-12-31": "32.37000"}, "Basic EPS": {"2020-12-31": "0.81000", "2019-12-31": "0.87000", "2018-12-31": "2.77000", "2017-12-31": "0.82000", "2016-12-31": "0.86000", "2015-12-31": "0.64000", "2014-12-31": "0.29000", "2013-12-31": "0.64000", "2012-12-31": "0.67000", "2011-12-31": "0.23000", "2010-12-31": "0.22000", "2009-12-31": "0.45000", "2008-12-31": "0.50000", "2007-12-31": "0.80000", "2006-12-31": "0.76000", "2005-12-31": "0.61000"}, "EPS - Earnings Per Share": {"2020-12-31": "0.81000", "2019-12-31": "0.87000", "2018-12-31": "2.76000", "2017-12-31": "0.82000", "2016-12-31": "0.86000", "2015-12-31": "0.63000", "2014-12-31": "0.29000", "2013-12-31": "0.63000", "2012-12-31": "0.67000", "2011-12-31": "0.23000", "2010-12-31": "0.22000", "2009-12-31": "0.45000", "2008-12-31": "0.50000", "2007-12-31": "0.80000", "2006-12-31": "0.76000", "2005-12-31": "0.61000"}}, "income statement, quarterly": {"Revenue": {"2020-12-31": "333.80600", "2020-09-30": "329.45800", "2020-06-30": "291.84200", "2020-03-31": "294.13200", "2019-12-31": "256.43800", "2019-09-30": "224.75600", "2019-06-30": "192.54900", "2019-03-31": "180.45400", "2018-12-31": "180.57800", "2018-09-30": "196.99600", "2018-06-30": "201.90200", "2018-03-31": "205.04600", "2017-12-31": "204.96100", "2017-09-30": "176.58000", "2017-06-30": "166.80700", "2017-03-31": "156.39700", "2016-12-31": "153.28310", "2016-09-30": "126.55500", "2016-06-30": "126.30000", "2016-03-31": "134.99900", "2015-12-31": "131.54600", "2015-09-30": "114.57000", "2015-06-30": "99.80100", "2015-03-31": "95.96100", "2014-12-31": "82.10600", "2014-09-30": "80.77700", "2014-06-30": "76.56000", "2014-03-31": "73.08900", "2013-12-31": "67.68000", "2013-09-30": "60.10600", "2013-06-30": "57.12400", "2013-03-31": "57.61300", "2012-12-31": "55.08700", "2012-09-30": "52.85300", "2012-06-30": "48.91800", "2012-03-31": "41.26700", "2011-12-31": "28.38700", "2011-09-30": "34.63200", "2011-06-30": "34.95600", "2011-03-31": "34.34700", "2010-12-31": "17.92900", "2010-09-30": "28.64400", "2010-06-30": "30.59300", "2010-03-31": "30.85800", "2009-12-31": "21.38600", "2009-09-30": "31.33900", "2009-06-30": "29.34000", "2009-03-31": "31.97300", "2008-12-31": "19.44100", "2008-09-30": "33.11700", "2008-06-30": "31.17100", "2008-03-31": "23.34100", "2007-12-31": "24.33810", "2007-09-30": "21.42910", "2007-06-30": "21.28540", "2007-03-31": "14.73350", "2006-12-31": "1.81980", "2006-09-30": "12.91570", "2006-06-30": "10.90980", "2006-03-31": "10.75770", "2005-12-31": "8.52530", "2005-09-30": "8.20490", "2005-06-30": "7.24180", "2005-03-31": "6.48050"}, "Cost Of Goods Sold": {"2020-12-31": "5.71200", "2020-09-30": "5.89700", "2020-06-30": "9.98500", "2020-03-31": "5.57200", "2019-12-31": "8.59800", "2019-09-30": "4.03800", "2019-06-30": "8.29000", "2019-03-31": "3.06600", "2018-12-31": "2.41400", "2018-09-30": "2.71900", "2018-06-30": "1.92000", "2018-03-31": "2.18400", "2017-12-31": "1.81100", "2017-09-30": "1.51900", "2017-06-30": "1.15300", "2017-03-31": "1.32800", "2016-12-31": "1.12000", "2016-09-30": "-0.09300", "2016-06-30": "0.78400", "2016-03-31": "0.90100", "2015-12-31": "1.18400", "2015-09-30": "1.72700", "2015-06-30": "0.53000", "2015-03-31": "0.35100", "2014-12-31": "0.45100", "2014-09-30": "0.70000", "2014-06-30": "-0.03800", "2014-03-31": "0.73800", "2013-12-31": "0.93400", "2013-09-30": "0.45800", "2013-06-30": "0.64900", "2013-03-31": "0.40900", "2012-12-31": "0.45000", "2012-09-30": "0.21400", "2012-06-30": "0.58600", "2012-03-31": "0.22700", "2011-12-31": "0.19400", "2011-09-30": "0.26000", "2011-06-30": "0.21200", "2011-03-31": "0.05800", "2010-12-31": "2.32500", "2010-09-30": "0.60000", "2010-06-30": "0.92700", "2010-03-31": "0.52900", "2009-12-31": "0.49700", "2009-09-30": "1.21300", "2009-06-30": "1.17600", "2009-03-31": "0.91500", "2008-12-31": "3.69700", "2008-09-30": "0.33800", "2008-06-30": "0.15100", "2008-03-31": "0.05600", "2007-12-31": "", "2007-09-30": "", "2007-06-30": "", "2007-03-31": "", "2006-12-31": "", "2006-09-30": "", "2006-06-30": "", "2006-03-31": "", "2005-12-31": "", "2005-09-30": "", "2005-06-30": "", "2005-03-31": ""}, "Gross Profit": {"2020-12-31": "328.09400", "2020-09-30": "323.56100", "2020-06-30": "281.85700", "2020-03-31": "288.56000", "2019-12-31": "247.84000", "2019-09-30": "220.71800", "2019-06-30": "184.25900", "2019-03-31": "177.38800", "2018-12-31": "178.16400", "2018-09-30": "194.27700", "2018-06-30": "199.98200", "2018-03-31": "202.86200", "2017-12-31": "203.15000", "2017-09-30": "175.06100", "2017-06-30": "165.65400", "2017-03-31": "155.06900", "2016-12-31": "152.16310", "2016-09-30": "126.64800", "2016-06-30": "125.51600", "2016-03-31": "134.09800", "2015-12-31": "130.36200", "2015-09-30": "112.84300", "2015-06-30": "99.27100", "2015-03-31": "95.61000", "2014-12-31": "81.65500", "2014-09-30": "80.07700", "2014-06-30": "76.59800", "2014-03-31": "72.35100", "2013-12-31": "66.74600", "2013-09-30": "59.64800", "2013-06-30": "56.47500", "2013-03-31": "57.20400", "2012-12-31": "54.63700", "2012-09-30": "52.63900", "2012-06-30": "48.33200", "2012-03-31": "41.04000", "2011-12-31": "28.19300", "2011-09-30": "34.37200", "2011-06-30": "34.74400", "2011-03-31": "34.28900", "2010-12-31": "15.60400", "2010-09-30": "28.04400", "2010-06-30": "29.66600", "2010-03-31": "30.32900", "2009-12-31": "20.88900", "2009-09-30": "30.12600", "2009-06-30": "28.16400", "2009-03-31": "31.05800", "2008-12-31": "15.74400", "2008-09-30": "32.77900", "2008-06-30": "31.02000", "2008-03-31": "23.28500", "2007-12-31": "24.33810", "2007-09-30": "21.42910", "2007-06-30": "21.28540", "2007-03-31": "14.73350", "2006-12-31": "1.81980", "2006-09-30": "12.91570", "2006-06-30": "10.90980", "2006-03-31": "10.75770", "2005-12-31": "8.52530", "2005-09-30": "8.20490", "2005-06-30": "7.24180", "2005-03-31": "6.48050"}, "Research And Development Expenses": {"2020-12-31": "", "2020-09-30": "", "2020-06-30": "", "2020-03-31": "", "2019-12-31": "", "2019-09-30": "", "2019-06-30": "", "2019-03-31": "", "2018-12-31": "", "2018-09-30": "", "2018-06-30": "", "2018-03-31": "", "2017-12-31": "", "2017-09-30": "", "2017-06-30": "", "2017-03-31": "", "2016-12-31": "", "2016-09-30": "", "2016-06-30": "", "2016-03-31": "", "2015-12-31": "", "2015-09-30": "", "2015-06-30": "", "2015-03-31": "", "2014-12-31": "", "2014-09-30": "", "2014-06-30": "", "2014-03-31": "", "2013-12-31": "", "2013-09-30": "", "2013-06-30": "", "2013-03-31": "", "2012-12-31": "", "2012-09-30": "", "2012-06-30": "", "2012-03-31": "", "2011-12-31": "", "2011-09-30": "", "2011-06-30": "", "2011-03-31": "", "2010-12-31": "", "2010-09-30": "", "2010-06-30": "", "2010-03-31": "", "2009-12-31": "", "2009-09-30": "", "2009-06-30": "", "2009-03-31": "", "2008-12-31": "", "2008-09-30": "", "2008-06-30": "", "2008-03-31": "", "2007-12-31": "", "2007-09-30": "", "2007-06-30": "", "2007-03-31": "", "2006-12-31": "", "2006-09-30": "", "2006-06-30": "", "2006-03-31": "", "2005-12-31": "", "2005-09-30": "", "2005-06-30": "", "2005-03-31": ""}, "SG&A Expenses": {"2020-12-31": "34.54200", "2020-09-30": "31.71800", "2020-06-30": "32.01800", "2020-03-31": "33.38500", "2019-12-31": "27.40200", "2019-09-30": "23.28600", "2019-06-30": "22.27200", "2019-03-31": "23.45100", "2018-12-31": "21.73400", "2018-09-30": "20.98200", "2018-06-30": "19.55200", "2018-03-31": "17.81800", "2017-12-31": "15.31200", "2017-09-30": "15.01100", "2017-06-30": "15.07900", "2017-03-31": "13.19700", "2016-12-31": "13.09000", "2016-09-30": "12.30500", "2016-06-30": "12.04500", "2016-03-31": "11.47100", "2015-12-31": "11.31400", "2015-09-30": "10.77800", "2015-06-30": "10.64200", "2015-03-31": "10.90500", "2014-12-31": "11.43700", "2014-09-30": "8.67200", "2014-06-30": "8.20600", "2014-03-31": "8.95900", "2013-12-31": "8.90100", "2013-09-30": "6.28500", "2013-06-30": "7.11100", "2013-03-31": "7.76600", "2012-12-31": "7.22100", "2012-09-30": "7.05200", "2012-06-30": "6.69700", "2012-03-31": "7.59200", "2011-12-31": "6.66200", "2011-09-30": "5.73700", "2011-06-30": "7.81800", "2011-03-31": "6.87400", "2010-12-31": "5.97700", "2010-09-30": "5.84900", "2010-06-30": "8.57900", "2010-03-31": "6.10400", "2009-12-31": "4.75900", "2009-09-30": "4.86000", "2009-06-30": "5.79900", "2009-03-31": "5.67800", "2008-12-31": "5.88400", "2008-09-30": "4.65200", "2008-06-30": "4.62100", "2008-03-31": "4.35800", "2007-12-31": "4.47940", "2007-09-30": "3.45140", "2007-06-30": "2.98710", "2007-03-31": "4.61410", "2006-12-31": "2.22460", "2006-09-30": "2.50070", "2006-06-30": "2.83840", "2006-03-31": "2.51620", "2005-12-31": "2.30470", "2005-09-30": "2.54640", "2005-06-30": "1.41510", "2005-03-31": "1.75080"}, "Other Operating Income Or Expenses": {"2020-12-31": "-85.19000", "2020-09-30": "-82.26300", "2020-06-30": "-80.37600", "2020-03-31": "-80.89900", "2019-12-31": "-91.46500", "2019-09-30": "-64.51900", "2019-06-30": "-52.32600", "2019-03-31": "-50.55100", "2018-12-31": "-98.91700", "2018-09-30": "-57.21500", "2018-06-30": "-58.12600", "2018-03-31": "-57.02300", "2017-12-31": "-56.45600", "2017-09-30": "-42.75900", "2017-06-30": "-39.71000", "2017-03-31": "-38.02900", "2016-12-31": "-159.53100", "2016-09-30": "0.08000", "2016-06-30": "-7.37500", "2016-03-31": "", "2015-12-31": "", "2015-09-30": "0.00000", "2015-06-30": "0.00000", "2015-03-31": "", "2014-12-31": "-0.00100", "2014-09-30": "", "2014-06-30": "-29.63100", "2014-03-31": "-20.49600", "2013-12-31": "", "2013-09-30": "", "2013-06-30": "", "2013-03-31": "0.00000", "2012-12-31": "", "2012-09-30": "", "2012-06-30": "", "2012-03-31": "", "2011-12-31": "", "2011-09-30": "", "2011-06-30": "-0.56400", "2011-03-31": "", "2010-12-31": "", "2010-09-30": "", "2010-06-30": "", "2010-03-31": "-12.00000", "2009-12-31": "", "2009-09-30": "", "2009-06-30": "", "2009-03-31": "", "2008-12-31": "", "2008-09-30": "", "2008-06-30": "", "2008-03-31": "", "2007-12-31": "", "2007-09-30": "", "2007-06-30": "", "2007-03-31": "", "2006-12-31": "", "2006-09-30": "", "2006-06-30": "", "2006-03-31": "", "2005-12-31": "", "2005-09-30": "", "2005-06-30": "", "2005-03-31": ""}, "Operating Expenses": {"2020-12-31": "197.64000", "2020-09-30": "189.54300", "2020-06-30": "183.84200", "2020-03-31": "180.77700", "2019-12-31": "171.61710", "2019-09-30": "132.67600", "2019-06-30": "116.86400", "2019-03-31": "110.42000", "2018-12-31": "155.93100", "2018-09-30": "111.37100", "2018-06-30": "114.47500", "2018-03-31": "112.82700", "2017-12-31": "118.34000", "2017-09-30": "98.63800", "2017-06-30": "96.24100", "2017-03-31": "82.89600", "2016-12-31": "240.15900", "2016-09-30": "38.68500", "2016-06-30": "47.80300", "2016-03-31": "32.44900", "2015-12-31": "36.98200", "2015-09-30": "57.47000", "2015-06-30": "51.93700", "2015-03-31": "32.25100", "2014-12-31": "44.79700", "2014-09-30": "27.61200", "2014-06-30": "52.77600", "2014-03-31": "44.39500", "2013-12-31": "34.02300", "2013-09-30": "19.63600", "2013-06-30": "18.49100", "2013-03-31": "16.83500", "2012-12-31": "16.85400", "2012-09-30": "15.98400", "2012-06-30": "15.89900", "2012-03-31": "19.53700", "2011-12-31": "14.25200", "2011-09-30": "14.22700", "2011-06-30": "17.12500", "2011-03-31": "16.54200", "2010-12-31": "11.81300", "2010-09-30": "13.02200", "2010-06-30": "16.15600", "2010-03-31": "24.82200", "2009-12-31": "8.85400", "2009-09-30": "11.84800", "2009-06-30": "13.00600", "2009-03-31": "12.77700", "2008-12-31": "12.47600", "2008-09-30": "15.61500", "2008-06-30": "10.10900", "2008-03-31": "7.94200", "2007-12-31": "8.07920", "2007-09-30": "6.14810", "2007-06-30": "5.21060", "2007-03-31": "6.58700", "2006-12-31": "2.15200", "2006-09-30": "4.14100", "2006-06-30": "4.27320", "2006-03-31": "3.95070", "2005-12-31": "3.50070", "2005-09-30": "3.71680", "2005-06-30": "2.38910", "2005-03-31": "2.59320"}, "Operating Income": {"2020-12-31": "136.16600", "2020-09-30": "139.91500", "2020-06-30": "108.00000", "2020-03-31": "113.35500", "2019-12-31": "84.82100", "2019-09-30": "92.08000", "2019-06-30": "75.68500", "2019-03-31": "70.03400", "2018-12-31": "24.64700", "2018-09-30": "85.62500", "2018-06-30": "87.42700", "2018-03-31": "92.21900", "2017-12-31": "86.62100", "2017-09-30": "77.94200", "2017-06-30": "70.56600", "2017-03-31": "73.50100", "2016-12-31": "-86.87600", "2016-09-30": "87.87000", "2016-06-30": "78.49700", "2016-03-31": "102.55000", "2015-12-31": "94.56400", "2015-09-30": "57.10000", "2015-06-30": "47.86400", "2015-03-31": "63.71000", "2014-12-31": "37.30900", "2014-09-30": "53.16500", "2014-06-30": "23.78400", "2014-03-31": "28.69400", "2013-12-31": "33.65700", "2013-09-30": "40.47000", "2013-06-30": "38.63300", "2013-03-31": "40.77800", "2012-12-31": "38.23300", "2012-09-30": "36.86900", "2012-06-30": "33.01900", "2012-03-31": "21.73000", "2011-12-31": "14.13500", "2011-09-30": "20.40500", "2011-06-30": "17.83100", "2011-03-31": "17.80500", "2010-12-31": "6.11600", "2010-09-30": "15.62200", "2010-06-30": "14.43700", "2010-03-31": "6.03600", "2009-12-31": "12.53200", "2009-09-30": "19.49100", "2009-06-30": "16.33400", "2009-03-31": "19.19600", "2008-12-31": "6.96500", "2008-09-30": "17.50200", "2008-06-30": "21.06200", "2008-03-31": "15.39900", "2007-12-31": "16.25880", "2007-09-30": "15.28100", "2007-06-30": "16.07480", "2007-03-31": "8.14640", "2006-12-31": "-0.33220", "2006-09-30": "8.77470", "2006-06-30": "6.63660", "2006-03-31": "6.80690", "2005-12-31": "5.02460", "2005-09-30": "4.48820", "2005-06-30": "4.85270", "2005-03-31": "3.88730"}, "Total Non-Operating Income/Expense": {"2020-12-31": "-19.82800", "2020-09-30": "7.42700", "2020-06-30": "6.48100", "2020-03-31": "-28.18800", "2019-12-31": "45.83300", "2019-09-30": "-2.55800", "2019-06-30": "3.96100", "2019-03-31": "3.92400", "2018-12-31": "50.41900", "2018-09-30": "652.91500", "2018-06-30": "26.15300", "2018-03-31": "-0.00100", "2017-12-31": "-12.34700", "2017-09-30": "-0.53100", "2017-06-30": "2.61600", "2017-03-31": "-4.44900", "2016-12-31": "122.11700", "2016-09-30": "-16.83700", "2016-06-30": "-24.20900", "2016-03-31": "-44.00500", "2015-12-31": "-35.74000", "2015-09-30": "-33.89700", "2015-06-30": "-24.81200", "2015-03-31": "-27.35900", "2014-12-31": "-22.17200", "2014-09-30": "-24.25300", "2014-06-30": "-23.94700", "2014-03-31": "-21.44200", "2013-12-31": "-19.88300", "2013-09-30": "-14.98400", "2013-06-30": "-13.48700", "2013-03-31": "-15.15700", "2012-12-31": "-16.12000", "2012-09-30": "-14.00400", "2012-06-30": "-14.02700", "2012-03-31": "-12.81100", "2011-12-31": "-11.31100", "2011-09-30": "-22.30900", "2011-06-30": "-16.15500", "2011-03-31": "-8.15300", "2010-12-31": "-8.00700", "2010-09-30": "-6.95900", "2010-06-30": "-14.74200", "2010-03-31": "-9.47400", "2009-12-31": "-9.37200", "2009-09-30": "-9.39600", "2009-06-30": "-9.37700", "2009-03-31": "-9.46300", "2008-12-31": "-11.24700", "2008-09-30": "-10.87500", "2008-06-30": "-12.86400", "2008-03-31": "-7.35200", "2007-12-31": "-12.19210", "2007-09-30": "-6.85680", "2007-06-30": "-5.28210", "2007-03-31": "-4.83500", "2006-12-31": "-3.51990", "2006-09-30": "-0.95720", "2006-06-30": "0.32180", "2006-03-31": "0.25230", "2005-12-31": "0.60230", "2005-09-30": "0.76790", "2005-06-30": "-0.47290", "2005-03-31": "-0.32740"}, "Pre-Tax Income": {"2020-12-31": "116.33800", "2020-09-30": "147.34200", "2020-06-30": "114.48100", "2020-03-31": "85.16700", "2019-12-31": "130.65400", "2019-09-30": "89.52200", "2019-06-30": "79.64600", "2019-03-31": "73.95800", "2018-12-31": "75.06600", "2018-09-30": "738.54000", "2018-06-30": "113.58000", "2018-03-31": "92.21800", "2017-12-31": "74.27400", "2017-09-30": "77.41100", "2017-06-30": "73.18200", "2017-03-31": "69.05200", "2016-12-31": "35.24100", "2016-09-30": "71.03300", "2016-06-30": "54.28800", "2016-03-31": "58.54500", "2015-12-31": "58.82400", "2015-09-30": "23.20300", "2015-06-30": "23.05200", "2015-03-31": "36.35100", "2014-12-31": "15.13700", "2014-09-30": "28.91200", "2014-06-30": "-0.16300", "2014-03-31": "7.25200", "2013-12-31": "13.77400", "2013-09-30": "25.48600", "2013-06-30": "25.14600", "2013-03-31": "25.62100", "2012-12-31": "22.11300", "2012-09-30": "22.86500", "2012-06-30": "18.99200", "2012-03-31": "8.91900", "2011-12-31": "2.82400", "2011-09-30": "-1.90400", "2011-06-30": "1.67600", "2011-03-31": "9.65200", "2010-12-31": "-1.89100", "2010-09-30": "8.66300", "2010-06-30": "-0.30500", "2010-03-31": "-3.43800", "2009-12-31": "3.16000", "2009-09-30": "10.09500", "2009-06-30": "6.95700", "2009-03-31": "9.73300", "2008-12-31": "-4.28200", "2008-09-30": "6.62700", "2008-06-30": "8.19800", "2008-03-31": "8.04700", "2007-12-31": "4.06670", "2007-09-30": "8.42420", "2007-06-30": "10.79270", "2007-03-31": "3.31140", "2006-12-31": "-3.85210", "2006-09-30": "7.81750", "2006-06-30": "6.95840", "2006-03-31": "7.05920", "2005-12-31": "5.62700", "2005-09-30": "5.25610", "2005-06-30": "4.37980", "2005-03-31": "3.55990"}, "Income Taxes": {"2020-12-31": "6.23200", "2020-09-30": "15.98500", "2020-06-30": "4.82900", "2020-03-31": "4.01000", "2019-12-31": "0.73100", "2019-09-30": "-0.74500", "2019-06-30": "-0.27400", "2019-03-31": "-2.33300", "2018-12-31": "-3.87500", "2018-09-30": "2.06400", "2018-06-30": "1.56300", "2018-03-31": "1.17500", "2017-12-31": "1.89800", "2017-09-30": "0.53000", "2017-06-30": "-0.61400", "2017-03-31": "0.86700", "2016-12-31": "-8.00300", "2016-09-30": "0.49000", "2016-06-30": "0.36400", "2016-03-31": "0.31900", "2015-12-31": "0.48500", "2015-09-30": "0.08000", "2015-06-30": "0.56300", "2015-03-31": "0.37500", "2014-12-31": "0.10800", "2014-09-30": "0.24900", "2014-06-30": "0.04000", "2014-03-31": "-0.05700", "2013-12-31": "0.46500", "2013-09-30": "0.09400", "2013-06-30": "0.11500", "2013-03-31": "0.05200", "2012-12-31": "", "2012-09-30": "", "2012-06-30": "", "2012-03-31": "", "2011-12-31": "", "2011-09-30": "", "2011-06-30": "", "2011-03-31": "", "2010-12-31": "", "2010-09-30": "", "2010-06-30": "", "2010-03-31": "", "2009-12-31": "", "2009-09-30": "", "2009-06-30": "", "2009-03-31": "", "2008-12-31": "", "2008-09-30": "", "2008-06-30": "", "2008-03-31": "", "2007-12-31": "", "2007-09-30": "", "2007-06-30": "", "2007-03-31": "", "2006-12-31": "", "2006-09-30": "", "2006-06-30": "", "2006-03-31": "", "2005-12-31": "", "2005-09-30": "", "2005-06-30": "", "2005-03-31": ""}, "Income After Taxes": {"2020-12-31": "110.10600", "2020-09-30": "131.35700", "2020-06-30": "109.65200", "2020-03-31": "81.15700", "2019-12-31": "129.92300", "2019-09-30": "90.26700", "2019-06-30": "79.92000", "2019-03-31": "76.29100", "2018-12-31": "78.94100", "2018-09-30": "736.47600", "2018-06-30": "112.01700", "2018-03-31": "91.04300", "2017-12-31": "72.37600", "2017-09-30": "76.88100", "2017-06-30": "73.79600", "2017-03-31": "68.18500", "2016-12-31": "43.24400", "2016-09-30": "70.54300", "2016-06-30": "53.92400", "2016-03-31": "58.22600", "2015-12-31": "58.33900", "2015-09-30": "23.12300", "2015-06-30": "22.48900", "2015-03-31": "35.97600", "2014-12-31": "15.02900", "2014-09-30": "28.66300", "2014-06-30": "-0.20300", "2014-03-31": "7.30900", "2013-12-31": "13.30900", "2013-09-30": "25.39200", "2013-06-30": "25.03100", "2013-03-31": "25.56900", "2012-12-31": "22.09400", "2012-09-30": "22.86500", "2012-06-30": "18.99200", "2012-03-31": "8.91900", "2011-12-31": "2.69600", "2011-09-30": "-1.90400", "2011-06-30": "1.67600", "2011-03-31": "9.65200", "2010-12-31": "-1.89100", "2010-09-30": "8.66300", "2010-06-30": "-0.30500", "2010-03-31": "-3.43800", "2009-12-31": "3.16000", "2009-09-30": "10.09500", "2009-06-30": "6.95700", "2009-03-31": "9.73300", "2008-12-31": "-4.28200", "2008-09-30": "6.62700", "2008-06-30": "8.19800", "2008-03-31": "8.04700", "2007-12-31": "4.06670", "2007-09-30": "8.42420", "2007-06-30": "10.79270", "2007-03-31": "3.31140", "2006-12-31": "-3.85210", "2006-09-30": "7.81750", "2006-06-30": "6.95840", "2006-03-31": "7.05920", "2005-12-31": "5.62700", "2005-09-30": "5.25610", "2005-06-30": "4.37980", "2005-03-31": "3.55990"}, "Other Income": {"2020-12-31": "", "2020-09-30": "", "2020-06-30": "", "2020-03-31": "", "2019-12-31": "", "2019-09-30": "", "2019-06-30": "", "2019-03-31": "", "2018-12-31": "", "2018-09-30": "", "2018-06-30": "", "2018-03-31": "", "2017-12-31": "", "2017-09-30": "", "2017-06-30": "", "2017-03-31": "", "2016-12-31": "", "2016-09-30": "", "2016-06-30": "", "2016-03-31": "", "2015-12-31": "", "2015-09-30": "", "2015-06-30": "", "2015-03-31": "", "2014-12-31": "", "2014-09-30": "", "2014-06-30": "", "2014-03-31": "", "2013-12-31": "", "2013-09-30": "", "2013-06-30": "", "2013-03-31": "", "2012-12-31": "", "2012-09-30": "", "2012-06-30": "", "2012-03-31": "", "2011-12-31": "", "2011-09-30": "", "2011-06-30": "", "2011-03-31": "", "2010-12-31": "", "2010-09-30": "", "2010-06-30": "", "2010-03-31": "", "2009-12-31": "", "2009-09-30": "", "2009-06-30": "", "2009-03-31": "", "2008-12-31": "", "2008-09-30": "", "2008-06-30": "", "2008-03-31": "", "2007-12-31": "", "2007-09-30": "", "2007-06-30": "", "2007-03-31": "", "2006-12-31": "", "2006-09-30": "", "2006-06-30": "", "2006-03-31": "", "2005-12-31": "", "2005-09-30": "", "2005-06-30": "", "2005-03-31": ""}, "Income From Continuous Operations": {"2020-12-31": "110.10600", "2020-09-30": "131.35700", "2020-06-30": "109.65200", "2020-03-31": "81.15700", "2019-12-31": "129.92300", "2019-09-30": "90.26700", "2019-06-30": "79.92000", "2019-03-31": "76.29100", "2018-12-31": "78.94100", "2018-09-30": "736.47600", "2018-06-30": "112.01700", "2018-03-31": "91.04300", "2017-12-31": "72.37600", "2017-09-30": "76.88100", "2017-06-30": "73.79600", "2017-03-31": "68.18500", "2016-12-31": "43.24400", "2016-09-30": "70.54300", "2016-06-30": "53.92400", "2016-03-31": "58.22600", "2015-12-31": "58.33900", "2015-09-30": "23.12300", "2015-06-30": "22.48900", "2015-03-31": "35.97600", "2014-12-31": "15.02900", "2014-09-30": "28.66300", "2014-06-30": "-0.20300", "2014-03-31": "7.30900", "2013-12-31": "13.30900", "2013-09-30": "25.39200", "2013-06-30": "25.03100", "2013-03-31": "25.56900", "2012-12-31": "22.09400", "2012-09-30": "22.86500", "2012-06-30": "18.99200", "2012-03-31": "8.91900", "2011-12-31": "2.69600", "2011-09-30": "-1.90400", "2011-06-30": "1.67600", "2011-03-31": "9.65200", "2010-12-31": "-1.89100", "2010-09-30": "8.66300", "2010-06-30": "-0.30500", "2010-03-31": "-3.43800", "2009-12-31": "3.16000", "2009-09-30": "10.09500", "2009-06-30": "6.95700", "2009-03-31": "9.73300", "2008-12-31": "-4.28200", "2008-09-30": "6.62700", "2008-06-30": "8.19800", "2008-03-31": "8.04700", "2007-12-31": "4.06670", "2007-09-30": "8.42420", "2007-06-30": "10.79270", "2007-03-31": "3.31140", "2006-12-31": "-3.85210", "2006-09-30": "7.81750", "2006-06-30": "6.95840", "2006-03-31": "7.05920", "2005-12-31": "5.62690", "2005-09-30": "5.25610", "2005-06-30": "4.37980", "2005-03-31": "3.55990"}, "Income From Discontinued Operations": {"2020-12-31": "", "2020-09-30": "", "2020-06-30": "", "2020-03-31": "", "2019-12-31": "", "2019-09-30": "", "2019-06-30": "", "2019-03-31": "", "2018-12-31": "", "2018-09-30": "", "2018-06-30": "", "2018-03-31": "", "2017-12-31": "", "2017-09-30": "", "2017-06-30": "", "2017-03-31": "", "2016-12-31": "", "2016-09-30": "", "2016-06-30": "", "2016-03-31": "-0.00100", "2015-12-31": "", "2015-09-30": "", "2015-06-30": "", "2015-03-31": "", "2014-12-31": "", "2014-09-30": "", "2014-06-30": "", "2014-03-31": "-0.00200", "2013-12-31": "4.58800", "2013-09-30": "0.31100", "2013-06-30": "2.37400", "2013-03-31": "0.64100", "2012-12-31": "6.50900", "2012-09-30": "8.64300", "2012-06-30": "0.36800", "2012-03-31": "1.68700", "2011-12-31": "10.04300", "2011-09-30": "2.37200", "2011-06-30": "1.00700", "2011-03-31": "1.17200", "2010-12-31": "12.52000", "2010-09-30": "0.30100", "2010-06-30": "6.53700", "2010-03-31": "0.62500", "2009-12-31": "4.24800", "2009-09-30": "0.28900", "2009-06-30": "0.90100", "2009-03-31": "0.98400", "2008-12-31": "5.69400", "2008-09-30": "0.41000", "2008-06-30": "5.18600", "2008-03-31": "2.85300", "2007-12-31": "2.82110", "2007-09-30": "3.22240", "2007-06-30": "0.71890", "2007-03-31": "6.89250", "2006-12-31": "9.44590", "2006-09-30": "0.85600", "2006-06-30": "0.95670", "2006-03-31": "0.91840", "2005-12-31": "", "2005-09-30": "", "2005-06-30": "", "2005-03-31": ""}, "Net Income": {"2020-12-31": "109.88400", "2020-09-30": "131.10600", "2020-06-30": "109.46800", "2020-03-31": "80.99200", "2019-12-31": "129.63800", "2019-09-30": "89.78600", "2019-06-30": "79.43800", "2019-03-31": "75.82200", "2018-12-31": "78.48300", "2018-09-30": "736.03400", "2018-06-30": "111.56700", "2018-03-31": "90.60100", "2017-12-31": "71.94400", "2017-09-30": "76.46400", "2017-06-30": "73.41500", "2017-03-31": "67.97000", "2016-12-31": "43.03900", "2016-09-30": "70.35800", "2016-06-30": "53.72400", "2016-03-31": "57.92700", "2015-12-31": "58.23700", "2015-09-30": "23.05700", "2015-06-30": "22.40700", "2015-03-31": "35.89700", "2014-12-31": "14.94700", "2014-09-30": "28.53700", "2014-06-30": "-0.20300", "2014-03-31": "7.24100", "2013-12-31": "17.83900", "2013-09-30": "25.64800", "2013-06-30": "27.34800", "2013-03-31": "26.15600", "2012-12-31": "28.55600", "2012-09-30": "31.46400", "2012-06-30": "19.31600", "2012-03-31": "10.56400", "2011-12-31": "12.69100", "2011-09-30": "0.42500", "2011-06-30": "2.64000", "2011-03-31": "10.78000", "2010-12-31": "10.59300", "2010-09-30": "8.91900", "2010-06-30": "6.22300", "2010-03-31": "-2.82200", "2009-12-31": "7.38000", "2009-09-30": "10.39400", "2009-06-30": "7.84600", "2009-03-31": "10.71000", "2008-12-31": "1.41600", "2008-09-30": "7.02000", "2008-06-30": "13.36600", "2008-03-31": "10.89800", "2007-12-31": "6.58380", "2007-09-30": "11.64670", "2007-06-30": "11.51160", "2007-03-31": "10.20400", "2006-12-31": "5.59380", "2006-09-30": "8.67350", "2006-06-30": "7.91510", "2006-03-31": "7.97760", "2005-12-31": "6.44450", "2005-09-30": "5.25610", "2005-06-30": "4.37980", "2005-03-31": "3.55990"}, "EBITDA": {"2020-12-31": "", "2020-09-30": "215.84200", "2020-06-30": "175.61000", "2020-03-31": "180.39800", "2019-12-31": "132.91700", "2019-09-30": "136.19400", "2019-06-30": "112.42900", "2019-03-31": "106.53600", "2018-12-31": "61.45100", "2018-09-30": "119.64500", "2018-06-30": "125.81100", "2018-03-31": "131.86600", "2017-12-31": "126.56800", "2017-09-30": "113.53100", "2017-06-30": "102.95900", "2017-03-31": "104.07200", "2016-12-31": "-57.18100", "2016-09-30": "114.32600", "2016-06-30": "104.03100", "2016-03-31": "126.07900", "2015-12-31": "117.03400", "2015-09-30": "79.20800", "2015-06-30": "64.74700", "2015-03-31": "80.16100", "2014-12-31": "53.44200", "2014-09-30": "68.10000", "2014-06-30": "37.96200", "2014-03-31": "43.71500", "2013-12-31": "46.41000", "2013-09-30": "50.41500", "2013-06-30": "48.48600", "2013-03-31": "50.60400", "2012-12-31": "47.80700", "2012-09-30": "46.69700", "2012-06-30": "42.90200", "2012-03-31": "31.49500", "2011-12-31": "25.12400", "2011-09-30": "31.98100", "2011-06-30": "30.96200", "2011-03-31": "26.87500", "2010-12-31": "13.94300", "2010-09-30": "23.07200", "2010-06-30": "23.06700", "2010-03-31": "14.55100", "2009-12-31": "20.71400", "2009-09-30": "27.53800", "2009-06-30": "24.53300", "2009-03-31": "26.90100", "2008-12-31": "15.23700", "2008-09-30": "28.84200", "2008-06-30": "31.93400", "2008-03-31": "19.41100", "2007-12-31": "25.56450", "2007-09-30": "19.14760", "2007-06-30": "19.53530", "2007-03-31": "10.81860", "2006-12-31": "2.64360", "2006-09-30": "11.55590", "2006-06-30": "8.47410", "2006-03-31": "8.59940", "2005-12-31": "6.73270", "2005-09-30": "5.94380", "2005-06-30": "6.17100", "2005-03-31": "4.90520"}, "EBIT": {"2020-12-31": "136.16600", "2020-09-30": "139.91500", "2020-06-30": "108.00000", "2020-03-31": "113.35500", "2019-12-31": "84.82100", "2019-09-30": "92.08000", "2019-06-30": "75.68500", "2019-03-31": "70.03400", "2018-12-31": "24.64700", "2018-09-30": "85.62500", "2018-06-30": "87.42700", "2018-03-31": "92.21900", "2017-12-31": "86.62100", "2017-09-30": "77.94200", "2017-06-30": "70.56600", "2017-03-31": "73.50100", "2016-12-31": "-86.87600", "2016-09-30": "87.87000", "2016-06-30": "78.49700", "2016-03-31": "102.55000", "2015-12-31": "94.56400", "2015-09-30": "57.10000", "2015-06-30": "47.86400", "2015-03-31": "63.71000", "2014-12-31": "37.30900", "2014-09-30": "53.16500", "2014-06-30": "23.78400", "2014-03-31": "28.69400", "2013-12-31": "33.65700", "2013-09-30": "40.47000", "2013-06-30": "38.63300", "2013-03-31": "40.77800", "2012-12-31": "38.23300", "2012-09-30": "36.86900", "2012-06-30": "33.01900", "2012-03-31": "21.73000", "2011-12-31": "14.13500", "2011-09-30": "20.40500", "2011-06-30": "17.83100", "2011-03-31": "17.80500", "2010-12-31": "6.11600", "2010-09-30": "15.62200", "2010-06-30": "14.43700", "2010-03-31": "6.03600", "2009-12-31": "12.53200", "2009-09-30": "19.49100", "2009-06-30": "16.33400", "2009-03-31": "19.19600", "2008-12-31": "6.96500", "2008-09-30": "17.50200", "2008-06-30": "21.06200", "2008-03-31": "15.39900", "2007-12-31": "16.25880", "2007-09-30": "15.28100", "2007-06-30": "16.07480", "2007-03-31": "8.14640", "2006-12-31": "-0.33220", "2006-09-30": "8.77470", "2006-06-30": "6.63660", "2006-03-31": "6.80690", "2005-12-31": "5.02460", "2005-09-30": "4.48820", "2005-06-30": "4.85270", "2005-03-31": "3.88730"}, "Basic Shares Outstanding": {"2020-12-31": "537.00300", "2020-09-30": "531.09500", "2020-06-30": "527.78100", "2020-03-31": "521.07600", "2019-12-31": "427.07500", "2019-09-30": "439.58100", "2019-06-30": "394.57400", "2019-03-31": "380.55100", "2018-12-31": "365.36400", "2018-09-30": "365.02400", "2018-06-30": "364.89700", "2018-03-31": "364.88200", "2017-12-31": "349.90200", "2017-09-30": "364.31500", "2017-06-30": "349.85600", "2017-03-31": "321.05700", "2016-12-31": "260.41400", "2016-09-30": "246.23000", "2016-06-30": "238.08200", "2016-03-31": "237.51000", "2015-12-31": "217.99700", "2015-09-30": "223.94800", "2015-06-30": "208.07100", "2015-03-31": "202.95800", "2014-12-31": "169.99900", "2014-09-30": "171.89300", "2014-06-30": "171.71800", "2014-03-31": "163.97300", "2013-12-31": "151.43900", "2013-09-30": "154.75800", "2013-06-30": "149.50900", "2013-03-31": "140.34700", "2012-12-31": "132.33100", "2012-09-30": "134.78100", "2012-06-30": "134.71500", "2012-03-31": "124.90600", "2011-12-31": "110.62300", "2011-09-30": "110.71400", "2011-06-30": "110.58900", "2011-03-31": "110.40000", "2010-12-31": "100.70600", "2010-09-30": "110.04600", "2010-06-30": "103.49800", "2010-03-31": "79.17600", "2009-12-31": "78.11700", "2009-09-30": "78.66500", "2009-06-30": "78.61600", "2009-03-31": "76.43200", "2008-12-31": "62.02700", "2008-09-30": "65.05900", "2008-06-30": "64.99590", "2008-03-31": "52.99200", "2007-12-31": "47.77000", "2007-09-30": "49.07200", "2007-06-30": "49.04000", "2007-03-31": "42.82400", "2006-12-31": "39.53800", "2006-09-30": "39.53000", "2006-06-30": "39.52000", "2006-03-31": "39.42800", "2005-12-31": "32.34300", "2005-09-30": "37.60600", "2005-06-30": "26.09600", "2005-03-31": "26.09900"}, "Shares Outstanding": {"2020-12-31": "538.35100", "2020-09-30": "532.43600", "2020-06-30": "528.88000", "2020-03-31": "522.17900", "2019-12-31": "428.29900", "2019-09-30": "440.93300", "2019-06-30": "395.69200", "2019-03-31": "381.67500", "2018-12-31": "366.27100", "2018-09-30": "366.46700", "2018-06-30": "365.54100", "2018-03-31": "365.34300", "2017-12-31": "350.44100", "2017-09-30": "365.04600", "2017-06-30": "350.31900", "2017-03-31": "321.42300", "2016-12-31": "261.07200", "2016-09-30": "247.46800", "2016-06-30": "239.00800", "2016-03-31": "237.81900", "2015-12-31": "218.30400", "2015-09-30": "223.94800", "2015-06-30": "208.64000", "2015-03-31": "203.61500", "2014-12-31": "170.54000", "2014-09-30": "172.63900", "2014-06-30": "172.36900", "2014-03-31": "164.54900", "2013-12-31": "152.59800", "2013-09-30": "155.96900", "2013-06-30": "151.05600", "2013-03-31": "141.52600", "2012-12-31": "132.33300", "2012-09-30": "134.78200", "2012-06-30": "134.71500", "2012-03-31": "124.90600", "2011-12-31": "110.62900", "2011-09-30": "110.71900", "2011-06-30": "110.60000", "2011-03-31": "110.40800", "2010-12-31": "100.70800", "2010-09-30": "110.04600", "2010-06-30": "103.49800", "2010-03-31": "79.17600", "2009-12-31": "78.11700", "2009-09-30": "78.66500", "2009-06-30": "78.61600", "2009-03-31": "76.43200", "2008-12-31": "62.03500", "2008-09-30": "65.06600", "2008-06-30": "65.00950", "2008-03-31": "53.00200", "2007-12-31": "47.80500", "2007-09-30": "49.37200", "2007-06-30": "49.29300", "2007-03-31": "43.07000", "2006-12-31": "39.70200", "2006-09-30": "39.85700", "2006-06-30": "39.75800", "2006-03-31": "39.50200", "2005-12-31": "32.37000", "2005-09-30": "37.65500", "2005-06-30": "26.11000", "2005-03-31": "26.10300"}, "Basic EPS": {"2020-12-31": "0.20000", "2020-09-30": "0.25000", "2020-06-30": "0.21000", "2020-03-31": "0.15000", "2019-12-31": "0.27000", "2019-09-30": "0.20000", "2019-06-30": "0.20000", "2019-03-31": "0.20000", "2018-12-31": "0.21000", "2018-09-30": "2.01000", "2018-06-30": "0.30000", "2018-03-31": "0.25000", "2017-12-31": "0.19000", "2017-09-30": "0.21000", "2017-06-30": "0.21000", "2017-03-31": "0.21000", "2016-12-31": "0.10000", "2016-09-30": "0.29000", "2016-06-30": "0.23000", "2016-03-31": "0.24000", "2015-12-31": "0.25000", "2015-09-30": "0.10000", "2015-06-30": "0.11000", "2015-03-31": "0.18000", "2014-12-31": "0.09120", "2014-09-30": "0.16000", "2014-06-30": "-0.00120", "2014-03-31": "0.04000", "2013-12-31": "0.11000", "2013-09-30": "0.16000", "2013-06-30": "0.18000", "2013-03-31": "0.19000", "2012-12-31": "0.22000", "2012-09-30": "0.23000", "2012-06-30": "0.14000", "2012-03-31": "0.08000", "2011-12-31": "0.11620", "2011-09-30": "0.00380", "2011-06-30": "0.02000", "2011-03-31": "0.09000", "2010-12-31": "0.12000", "2010-09-30": "0.08000", "2010-06-30": "0.06000", "2010-03-31": "-0.04000", "2009-12-31": "0.09000", "2009-09-30": "0.13000", "2009-06-30": "0.09000", "2009-03-31": "0.14000", "2008-12-31": "", "2008-09-30": "0.10000", "2008-06-30": "0.20000", "2008-03-31": "0.20000", "2007-12-31": "0.09000", "2007-09-30": "0.24000", "2007-06-30": "0.23000", "2007-03-31": "0.24000", "2006-12-31": "0.14000", "2006-09-30": "0.22000", "2006-06-30": "0.20000", "2006-03-31": "0.20000", "2005-12-31": "0.16000", "2005-09-30": "0.14000", "2005-06-30": "0.17000", "2005-03-31": "0.14000"}, "EPS - Earnings Per Share": {"2020-12-31": "0.20000", "2020-09-30": "0.25000", "2020-06-30": "0.21000", "2020-03-31": "0.15000", "2019-12-31": "0.27000", "2019-09-30": "0.20000", "2019-06-30": "0.20000", "2019-03-31": "0.20000", "2018-12-31": "0.21000", "2018-09-30": "2.00000", "2018-06-30": "0.30000", "2018-03-31": "0.25000", "2017-12-31": "0.19000", "2017-09-30": "0.21000", "2017-06-30": "0.21000", "2017-03-31": "0.21000", "2016-12-31": "0.12000", "2016-09-30": "0.28000", "2016-06-30": "0.22000", "2016-03-31": "0.24000", "2015-12-31": "0.25000", "2015-09-30": "0.10000", "2015-06-30": "0.11000", "2015-03-31": "0.17000", "2014-12-31": "0.09120", "2014-09-30": "0.16000", "2014-06-30": "-0.00120", "2014-03-31": "0.04000", "2013-12-31": "0.11000", "2013-09-30": "0.16000", "2013-06-30": "0.18000", "2013-03-31": "0.18000", "2012-12-31": "0.22000", "2012-09-30": "0.23000", "2012-06-30": "0.14000", "2012-03-31": "0.08000", "2011-12-31": "0.11620", "2011-09-30": "0.00380", "2011-06-30": "0.02000", "2011-03-31": "0.09000", "2010-12-31": "0.12000", "2010-09-30": "0.08000", "2010-06-30": "0.06000", "2010-03-31": "-0.04000", "2009-12-31": "0.09000", "2009-09-30": "0.13000", "2009-06-30": "0.09000", "2009-03-31": "0.14000", "2008-12-31": "0.00000", "2008-09-30": "0.10000", "2008-06-30": "0.20000", "2008-03-31": "0.20000", "2007-12-31": "0.09000", "2007-09-30": "0.24000", "2007-06-30": "0.23000", "2007-03-31": "0.24000", "2006-12-31": "0.14000", "2006-09-30": "0.22000", "2006-06-30": "0.20000", "2006-03-31": "0.20000", "2005-12-31": "0.16000", "2005-09-30": "0.14000", "2005-06-30": "0.17000", "2005-03-31": "0.14000"}}, "balance sheet": {"Cash On Hand": {"2020-12-31": "1673.50700", "2019-12-31": "2389.27600", "2018-12-31": "1340.92600", "2017-12-31": "171.47200", "2016-12-31": "83.24000", "2015-12-31": "195.54100", "2014-12-31": "144.54100", "2013-12-31": "45.97900", "2012-12-31": "37.31100", "2011-12-31": "102.72600", "2010-12-31": "98.40800", "2009-12-31": "15.30700", "2008-12-31": "11.74800", "2007-12-31": "94.21500", "2006-12-31": "4.10290", "2005-12-31": "59.11580"}, "Receivables": {"2020-12-31": "536.67000", "2019-12-31": "365.58800", "2018-12-31": "246.70300", "2017-12-31": "264.56200", "2016-12-31": "174.55900", "2015-12-31": "129.09400", "2014-12-31": "100.26500", "2013-12-31": "104.39400", "2012-12-31": "81.14900", "2011-12-31": "63.85500", "2010-12-31": "55.08800", "2009-12-31": "47.38400", "2008-12-31": "32.84000", "2007-12-31": "25.09000", "2006-12-31": "24.58050", "2005-12-31": "9.45030"}, "Inventory": {"2020-12-31": "", "2019-12-31": "", "2018-12-31": "", "2017-12-31": "", "2016-12-31": "", "2015-12-31": "", "2014-12-31": "", "2013-12-31": "", "2012-12-31": "", "2011-12-31": "", "2010-12-31": "", "2009-12-31": "", "2008-12-31": "", "2007-12-31": "", "2006-12-31": "", "2005-12-31": ""}, "Pre-Paid Expenses": {"2020-12-31": "", "2019-12-31": "", "2018-12-31": "", "2017-12-31": "", "2016-12-31": "", "2015-12-31": "", "2014-12-31": "", "2013-12-31": "", "2012-12-31": "", "2011-12-31": "", "2010-12-31": "", "2009-12-31": "", "2008-12-31": "", "2007-12-31": "", "2006-12-31": "", "2005-12-31": ""}, "Other Current Assets": {"2020-12-31": "", "2019-12-31": "", "2018-12-31": "", "2017-12-31": "", "2016-12-31": "", "2015-12-31": "", "2014-12-31": "", "2013-12-31": "", "2012-12-31": "", "2011-12-31": "", "2010-12-31": "", "2009-12-31": "", "2008-12-31": "", "2007-12-31": "", "2006-12-31": "", "2005-12-31": ""}, "Total Current Assets": {"2020-12-31": "2210.17700", "2019-12-31": "2754.86400", "2018-12-31": "1587.62900", "2017-12-31": "436.03400", "2016-12-31": "257.79900", "2015-12-31": "324.63500", "2014-12-31": "244.80600", "2013-12-31": "150.37300", "2012-12-31": "118.46000", "2011-12-31": "166.58100", "2010-12-31": "153.49600", "2009-12-31": "62.69100", "2008-12-31": "44.58800", "2007-12-31": "119.30500", "2006-12-31": "28.68340", "2005-12-31": "68.56620"}, "Property, Plant, And Equipment": {"2020-12-31": "13504.40000", "2019-12-31": "10868.04000", "2018-12-31": "6700.85000", "2017-12-31": "7965.55100", "2016-12-31": "5701.24300", "2015-12-31": "4424.35400", "2014-12-31": "2807.25800", "2013-12-31": "2525.45900", "2012-12-31": "1837.04300", "2011-12-31": "1336.66200", "2010-12-31": "1121.27500", "2009-12-31": "1123.33700", "2008-12-31": "1141.63000", "2007-12-31": "820.19100", "2006-12-31": "651.06790", "2005-12-31": "371.21960"}, "Long-Term Investments": {"2020-12-31": "", "2019-12-31": "", "2018-12-31": "", "2017-12-31": "", "2016-12-31": "", "2015-12-31": "", "2014-12-31": "", "2013-12-31": "", "2012-12-31": "", "2011-12-31": "", "2010-12-31": "", "2009-12-31": "", "2008-12-31": "", "2007-12-31": "", "2006-12-31": "", "2005-12-31": ""}, "Goodwill And Intangible Assets": {"2020-12-31": "", "2019-12-31": "", "2018-12-31": "", "2017-12-31": "", "2016-12-31": "", "2015-12-31": "", "2014-12-31": "", "2013-12-31": "", "2012-12-31": "", "2011-12-31": "", "2010-12-31": "", "2009-12-31": "", "2008-12-31": "", "2007-12-31": "", "2006-12-31": "", "2005-12-31": ""}, "Other Long-Term Assets": {"2020-12-31": "1114.43700", "2019-12-31": "844.43100", "2018-12-31": "555.16400", "2017-12-31": "618.70300", "2016-12-31": "459.49400", "2015-12-31": "860.36200", "2014-12-31": "668.26600", "2013-12-31": "228.86300", "2012-12-31": "223.38300", "2011-12-31": "118.63100", "2010-12-31": "74.04300", "2009-12-31": "123.87000", "2008-12-31": "122.77000", "2007-12-31": "98.93600", "2006-12-31": "58.11450", "2005-12-31": "53.44270"}, "Total Long-Term Assets": {"2020-12-31": "14618.84000", "2019-12-31": "11712.47000", "2018-12-31": "7256.01400", "2017-12-31": "8584.25400", "2016-12-31": "6160.73700", "2015-12-31": "5284.71600", "2014-12-31": "3475.52400", "2013-12-31": "2754.32200", "2012-12-31": "2060.42600", "2011-12-31": "1455.29300", "2010-12-31": "1195.31800", "2009-12-31": "1247.20700", "2008-12-31": "1266.78500", "2007-12-31": "932.35500", "2006-12-31": "716.07340", "2005-12-31": "426.88660"}, "Total Assets": {"2020-12-31": "16829.01000", "2019-12-31": "14467.33000", "2018-12-31": "8843.64300", "2017-12-31": "9020.28800", "2016-12-31": "6418.53600", "2015-12-31": "5609.35100", "2014-12-31": "3720.33000", "2013-12-31": "2904.69500", "2012-12-31": "2178.88600", "2011-12-31": "1621.87400", "2010-12-31": "1348.81400", "2009-12-31": "1309.89800", "2008-12-31": "1311.37300", "2007-12-31": "1051.66000", "2006-12-31": "744.75680", "2005-12-31": "495.45270"}, "Total Current Liabilities": {"2020-12-31": "438.75000", "2019-12-31": "291.48900", "2018-12-31": "204.32500", "2017-12-31": "211.18800", "2016-12-31": "207.71100", "2015-12-31": "137.35600", "2014-12-31": "112.62300", "2013-12-31": "94.29000", "2012-12-31": "65.96100", "2011-12-31": "51.12500", "2010-12-31": "35.97400", "2009-12-31": "29.24700", "2008-12-31": "24.71800", "2007-12-31": "21.09100", "2006-12-31": "30.04560", "2005-12-31": "17.61120"}, "Long Term Debt": {"2020-12-31": "8865.45800", "2019-12-31": "7023.67900", "2018-12-31": "4037.38900", "2017-12-31": "4898.66700", "2016-12-31": "2909.34100", "2015-12-31": "3322.54100", "2014-12-31": "2174.64800", "2013-12-31": "1421.68100", "2012-12-31": "1025.16000", "2011-12-31": "689.84900", "2010-12-31": "369.97000", "2009-12-31": "576.67800", "2008-12-31": "630.55700", "2007-12-31": "480.52500", "2006-12-31": "348.12750", "2005-12-31": "100.48450"}, "Other Non-Current Liabilities": {"2020-12-31": "180.94900", "2019-12-31": "124.00900", "2018-12-31": "40.99100", "2017-12-31": "75.22800", "2016-12-31": "48.25600", "2015-12-31": "42.18900", "2014-12-31": "51.01200", "2013-12-31": "44.51600", "2012-12-31": "37.95100", "2011-12-31": "52.08500", "2010-12-31": "43.29400", "2009-12-31": "32.39800", "2008-12-31": "29.75500", "2007-12-31": "36.84600", "2006-12-31": "21.46940", "2005-12-31": "16.58830"}, "Total Long Term Liabilities": {"2020-12-31": "9046.40700", "2019-12-31": "7147.68800", "2018-12-31": "4078.38000", "2017-12-31": "4973.89500", "2016-12-31": "2957.59700", "2015-12-31": "3364.73000", "2014-12-31": "2225.66000", "2013-12-31": "1466.19700", "2012-12-31": "1063.11100", "2011-12-31": "741.93400", "2010-12-31": "413.26400", "2009-12-31": "609.07600", "2008-12-31": "660.31200", "2007-12-31": "517.44800", "2006-12-31": "370.99000", "2005-12-31": "121.56440"}, "Total Liabilities": {"2020-12-31": "9485.15700", "2019-12-31": "7439.17700", "2018-12-31": "4282.70500", "2017-12-31": "5185.08300", "2016-12-31": "3165.30800", "2015-12-31": "3502.08600", "2014-12-31": "2338.28300", "2013-12-31": "1560.48700", "2012-12-31": "1129.07200", "2011-12-31": "793.05900", "2010-12-31": "449.23800", "2009-12-31": "638.32300", "2008-12-31": "685.03000", "2007-12-31": "538.53900", "2006-12-31": "401.03560", "2005-12-31": "139.17560"}, "Common Stock Net": {"2020-12-31": "0.54100", "2019-12-31": "0.51800", "2018-12-31": "0.37100", "2017-12-31": "0.36400", "2016-12-31": "0.32100", "2015-12-31": "0.23700", "2014-12-31": "0.17200", "2013-12-31": "0.16100", "2012-12-31": "0.13600", "2011-12-31": "0.11100", "2010-12-31": "0.11000", "2009-12-31": "0.07900", "2008-12-31": "0.06500", "2007-12-31": "0.05200", "2006-12-31": "0.03960", "2005-12-31": "0.03930"}, "Retained Earnings (Accumulated Deficit)": {"2020-12-31": "-71.41100", "2019-12-31": "83.01200", "2018-12-31": "162.76800", "2017-12-31": "-485.93200", "2016-12-31": "-434.11400", "2015-12-31": "-418.65000", "2014-12-31": "-361.33000", "2013-12-31": "-264.80400", "2012-12-31": "-233.49400", "2011-12-31": "-214.05900", "2010-12-31": "-148.53000", "2009-12-31": "-88.09300", "2008-12-31": "-59.94100", "2007-12-31": "-27.17000", "2006-12-31": "-12.99650", "2005-12-31": "-3.35060"}, "Comprehensive Income": {"2020-12-31": "-51.32400", "2019-12-31": "-62.90500", "2018-12-31": "-58.20200", "2017-12-31": "-26.04900", "2016-12-31": "-92.90300", "2015-12-31": "-72.88400", "2014-12-31": "-21.91400", "2013-12-31": "-8.94100", "2012-12-31": "-12.48200", "2011-12-31": "-12.23100", "2010-12-31": "-3.64100", "2009-12-31": "", "2008-12-31": "", "2007-12-31": "", "2006-12-31": "", "2005-12-31": ""}, "Other Share Holders Equity": {"2020-12-31": "", "2019-12-31": "", "2018-12-31": "", "2017-12-31": "", "2016-12-31": "", "2015-12-31": "", "2014-12-31": "", "2013-12-31": "", "2012-12-31": "", "2011-12-31": "", "2010-12-31": "", "2009-12-31": "", "2008-12-31": "", "2007-12-31": "", "2006-12-31": "", "2005-12-31": ""}, "Share Holder Equity": {"2020-12-31": "7343.85700", "2019-12-31": "7028.15400", "2018-12-31": "4560.93800", "2017-12-31": "3835.20500", "2016-12-31": "3253.22800", "2015-12-31": "2107.26500", "2014-12-31": "1382.04700", "2013-12-31": "1344.20800", "2012-12-31": "1049.81400", "2011-12-31": "828.81500", "2010-12-31": "899.57600", "2009-12-31": "671.57500", "2008-12-31": "626.34300", "2007-12-31": "513.12100", "2006-12-31": "343.72110", "2005-12-31": "356.27710"}, "Total Liabilities And Share Holders Equity": {"2020-12-31": "16829.01000", "2019-12-31": "14467.33000", "2018-12-31": "8843.64300", "2017-12-31": "9020.28800", "2016-12-31": "6418.53600", "2015-12-31": "5609.35100", "2014-12-31": "3720.33000", "2013-12-31": "2904.69500", "2012-12-31": "2178.88600", "2011-12-31": "1621.87400", "2010-12-31": "1348.81400", "2009-12-31": "1309.89800", "2008-12-31": "1311.37300", "2007-12-31": "1051.66000", "2006-12-31": "744.75680", "2005-12-31": "495.45270"}}, "balance sheet, quarterly": {"Cash On Hand": {"2020-12-31": "1673.50700", "2020-09-30": "1048.73800", "2020-06-30": "1216.06000", "2020-03-31": "1334.64300", "2019-12-31": "2389.27600", "2019-09-30": "1238.72400", "2019-06-30": "1250.71000", "2019-03-31": "1501.67100", "2018-12-31": "1340.92600", "2018-09-30": "710.96500", "2018-06-30": "146.56900", "2018-03-31": "138.31400", "2017-12-31": "171.47200", "2017-09-30": "188.22400", "2017-06-30": "236.36400", "2017-03-31": "446.94800", "2016-12-31": "83.24000", "2016-09-30": "1094.91700", "2016-06-30": "181.56100", "2016-03-31": "206.41000", "2015-12-31": "195.54100", "2015-09-30": "332.23500", "2015-06-30": "45.90400", "2015-03-31": "33.54800", "2014-12-31": "144.54100", "2014-09-30": "132.81200", "2014-06-30": "197.02300", "2014-03-31": "50.30900", "2013-12-31": "45.97900", "2013-09-30": "12.12400", "2013-06-30": "26.07200", "2013-03-31": "75.67500", "2012-12-31": "37.31100", "2012-09-30": "36.16300", "2012-06-30": "127.63900", "2012-03-31": "326.78500", "2011-12-31": "102.72600", "2011-09-30": "114.36800", "2011-06-30": "227.90600", "2011-03-31": "7.01000", "2010-12-31": "98.40800", "2010-09-30": "106.48100", "2010-06-30": "121.63700", "2010-03-31": "10.79800", "2009-12-31": "15.30700", "2009-09-30": "13.09400", "2009-06-30": "7.92200", "2009-03-31": "11.20900", "2008-12-31": "11.74800", "2008-09-30": "9.61130", "2008-06-30": "3.67670", "2008-03-31": "147.00180", "2007-12-31": "94.21500", "2007-09-30": "7.72040", "2007-06-30": "8.58890", "2007-03-31": "31.99670", "2006-12-31": "4.10290", "2006-09-30": "1.18700", "2006-06-30": "1.83360", "2006-03-31": "5.42460", "2005-12-31": "59.11580", "2005-09-30": "100.82670", "2005-06-30": "34.35790", "2005-03-31": ""}, "Receivables": {"2020-12-31": "536.67000", "2020-09-30": "479.28700", "2020-06-30": "419.32000", "2020-03-31": "394.19200", "2019-12-31": "365.58800", "2019-09-30": "325.64600", "2019-06-30": "293.00400", "2019-03-31": "268.34400", "2018-12-31": "246.70300", "2018-09-30": "283.26800", "2018-06-30": "300.47800", "2018-03-31": "284.28200", "2017-12-31": "264.56200", "2017-09-30": "271.95900", "2017-06-30": "216.29200", "2017-03-31": "191.79100", "2016-12-31": "174.55900", "2016-09-30": "157.96700", "2016-06-30": "143.68700", "2016-03-31": "141.25800", "2015-12-31": "129.09400", "2015-09-30": "121.12900", "2015-06-30": "125.71900", "2015-03-31": "104.05400", "2014-12-31": "100.26500", "2014-09-30": "106.64300", "2014-06-30": "97.54600", "2014-03-31": "111.19700", "2013-12-31": "104.39400", "2013-09-30": "98.74500", "2013-06-30": "95.57800", "2013-03-31": "88.39900", "2012-12-31": "81.14900", "2012-09-30": "80.15900", "2012-06-30": "75.01100", "2012-03-31": "69.14300", "2011-12-31": "63.85500", "2011-09-30": "63.42500", "2011-06-30": "59.66000", "2011-03-31": "57.65300", "2010-12-31": "55.08800", "2010-09-30": "56.88900", "2010-06-30": "57.13600", "2010-03-31": "55.62200", "2009-12-31": "47.38400", "2009-09-30": "44.40400", "2009-06-30": "39.32300", "2009-03-31": "33.72100", "2008-12-31": "32.84000", "2008-09-30": "38.48770", "2008-06-30": "31.69410", "2008-03-31": "26.95180", "2007-12-31": "25.09000", "2007-09-30": "30.81730", "2007-06-30": "26.06450", "2007-03-31": "26.96310", "2006-12-31": "24.58050", "2006-09-30": "25.99160", "2006-06-30": "21.66080", "2006-03-31": "18.06770", "2005-12-31": "9.45030", "2005-09-30": "11.25270", "2005-06-30": "8.65430", "2005-03-31": ""}, "Inventory": {"2020-12-31": "", "2020-09-30": "", "2020-06-30": "", "2020-03-31": "", "2019-12-31": "", "2019-09-30": "", "2019-06-30": "", "2019-03-31": "", "2018-12-31": "", "2018-09-30": "", "2018-06-30": "", "2018-03-31": "", "2017-12-31": "", "2017-09-30": "", "2017-06-30": "", "2017-03-31": "", "2016-12-31": "", "2016-09-30": "", "2016-06-30": "", "2016-03-31": "", "2015-12-31": "", "2015-09-30": "", "2015-06-30": "", "2015-03-31": "", "2014-12-31": "", "2014-09-30": "", "2014-06-30": "", "2014-03-31": "", "2013-12-31": "", "2013-09-30": "", "2013-06-30": "", "2013-03-31": "", "2012-12-31": "", "2012-09-30": "", "2012-06-30": "", "2012-03-31": "", "2011-12-31": "", "2011-09-30": "", "2011-06-30": "", "2011-03-31": "", "2010-12-31": "", "2010-09-30": "", "2010-06-30": "", "2010-03-31": "", "2009-12-31": "", "2009-09-30": "", "2009-06-30": "", "2009-03-31": "", "2008-12-31": "", "2008-09-30": "", "2008-06-30": "", "2008-03-31": "", "2007-12-31": "", "2007-09-30": "", "2007-06-30": "", "2007-03-31": "", "2006-12-31": "", "2006-09-30": "", "2006-06-30": "", "2006-03-31": "", "2005-12-31": "", "2005-09-30": "", "2005-06-30": "", "2005-03-31": ""}, "Pre-Paid Expenses": {"2020-12-31": "", "2020-09-30": "", "2020-06-30": "", "2020-03-31": "", "2019-12-31": "", "2019-09-30": "", "2019-06-30": "", "2019-03-31": "", "2018-12-31": "", "2018-09-30": "", "2018-06-30": "", "2018-03-31": "", "2017-12-31": "", "2017-09-30": "", "2017-06-30": "", "2017-03-31": "", "2016-12-31": "", "2016-09-30": "", "2016-06-30": "", "2016-03-31": "", "2015-12-31": "", "2015-09-30": "", "2015-06-30": "", "2015-03-31": "", "2014-12-31": "", "2014-09-30": "", "2014-06-30": "", "2014-03-31": "", "2013-12-31": "", "2013-09-30": "", "2013-06-30": "", "2013-03-31": "", "2012-12-31": "", "2012-09-30": "", "2012-06-30": "", "2012-03-31": "", "2011-12-31": "", "2011-09-30": "", "2011-06-30": "", "2011-03-31": "", "2010-12-31": "", "2010-09-30": "", "2010-06-30": "", "2010-03-31": "", "2009-12-31": "", "2009-09-30": "", "2009-06-30": "", "2009-03-31": "", "2008-12-31": "", "2008-09-30": "", "2008-06-30": "", "2008-03-31": "", "2007-12-31": "", "2007-09-30": "", "2007-06-30": "", "2007-03-31": "", "2006-12-31": "", "2006-09-30": "", "2006-06-30": "", "2006-03-31": "", "2005-12-31": "", "2005-09-30": "", "2005-06-30": "", "2005-03-31": ""}, "Other Current Assets": {"2020-12-31": "", "2020-09-30": "", "2020-06-30": "", "2020-03-31": "", "2019-12-31": "", "2019-09-30": "", "2019-06-30": "", "2019-03-31": "", "2018-12-31": "", "2018-09-30": "", "2018-06-30": "", "2018-03-31": "", "2017-12-31": "", "2017-09-30": "", "2017-06-30": "", "2017-03-31": "", "2016-12-31": "", "2016-09-30": "", "2016-06-30": "", "2016-03-31": "", "2015-12-31": "", "2015-09-30": "", "2015-06-30": "", "2015-03-31": "", "2014-12-31": "", "2014-09-30": "", "2014-06-30": "", "2014-03-31": "", "2013-12-31": "", "2013-09-30": "", "2013-06-30": "", "2013-03-31": "", "2012-12-31": "", "2012-09-30": "", "2012-06-30": "", "2012-03-31": "", "2011-12-31": "", "2011-09-30": "", "2011-06-30": "", "2011-03-31": "", "2010-12-31": "", "2010-09-30": "", "2010-06-30": "", "2010-03-31": "", "2009-12-31": "", "2009-09-30": "", "2009-06-30": "", "2009-03-31": "", "2008-12-31": "", "2008-09-30": "", "2008-06-30": "", "2008-03-31": "", "2007-12-31": "", "2007-09-30": "", "2007-06-30": "", "2007-03-31": "", "2006-12-31": "", "2006-09-30": "", "2006-06-30": "", "2006-03-31": "", "2005-12-31": "", "2005-09-30": "", "2005-06-30": "", "2005-03-31": ""}, "Total Current Assets": {"2020-12-31": "2210.17700", "2020-09-30": "1528.02500", "2020-06-30": "1635.38000", "2020-03-31": "1728.83500", "2019-12-31": "2754.86400", "2019-09-30": "1564.37000", "2019-06-30": "1543.71400", "2019-03-31": "1770.01500", "2018-12-31": "1587.62900", "2018-09-30": "994.23300", "2018-06-30": "447.04700", "2018-03-31": "422.59600", "2017-12-31": "436.03400", "2017-09-30": "460.18300", "2017-06-30": "452.65600", "2017-03-31": "638.73900", "2016-12-31": "257.79900", "2016-09-30": "1252.88400", "2016-06-30": "325.24800", "2016-03-31": "347.66800", "2015-12-31": "324.63500", "2015-09-30": "453.36400", "2015-06-30": "171.62300", "2015-03-31": "137.60200", "2014-12-31": "244.80600", "2014-09-30": "239.45500", "2014-06-30": "294.56900", "2014-03-31": "161.50600", "2013-12-31": "150.37300", "2013-09-30": "110.86900", "2013-06-30": "121.65000", "2013-03-31": "164.07400", "2012-12-31": "118.46000", "2012-09-30": "116.32200", "2012-06-30": "202.65000", "2012-03-31": "395.92800", "2011-12-31": "166.58100", "2011-09-30": "177.79300", "2011-06-30": "287.56600", "2011-03-31": "64.66300", "2010-12-31": "153.49600", "2010-09-30": "163.37000", "2010-06-30": "178.77300", "2010-03-31": "66.42000", "2009-12-31": "62.69100", "2009-09-30": "57.49800", "2009-06-30": "47.24500", "2009-03-31": "44.93000", "2008-12-31": "44.58800", "2008-09-30": "48.09900", "2008-06-30": "35.37090", "2008-03-31": "173.95350", "2007-12-31": "119.30500", "2007-09-30": "38.53770", "2007-06-30": "34.65340", "2007-03-31": "58.95990", "2006-12-31": "28.68340", "2006-09-30": "27.17870", "2006-06-30": "23.49440", "2006-03-31": "23.49240", "2005-12-31": "68.56620", "2005-09-30": "112.07940", "2005-06-30": "43.01210", "2005-03-31": ""}, "Property, Plant, And Equipment": {"2020-12-31": "13504.40000", "2020-09-30": "13272.14000", "2020-06-30": "12723.88000", "2020-03-31": "12649.69000", "2019-12-31": "10868.04000", "2019-09-30": "10087.09000", "2019-06-30": "7924.10500", "2019-03-31": "6794.50400", "2018-12-31": "6700.85000", "2018-09-30": "6613.14900", "2018-06-30": "7891.31800", "2018-03-31": "7986.92100", "2017-12-31": "7965.55100", "2017-09-30": "7849.79000", "2017-06-30": "6347.10400", "2017-03-31": "5669.73000", "2016-12-31": "5701.24300", "2016-09-30": "4434.56200", "2016-06-30": "4344.76700", "2016-03-31": "4503.79700", "2015-12-31": "4424.35400", "2015-09-30": "4347.18300", "2015-06-30": "3380.70900", "2015-03-31": "2961.40900", "2014-12-31": "2807.25800", "2014-09-30": "2691.38000", "2014-06-30": "2667.40800", "2014-03-31": "2656.25400", "2013-12-31": "2525.45900", "2013-09-30": "2227.92800", "2013-06-30": "1913.90600", "2013-03-31": "1842.82200", "2012-12-31": "1837.04300", "2012-09-30": "1829.82600", "2012-06-30": "1622.73100", "2012-03-31": "1434.88900", "2011-12-31": "1336.66200", "2011-09-30": "1322.51600", "2011-06-30": "1299.90800", "2011-03-31": "1304.52400", "2010-12-31": "1121.27500", "2010-09-30": "1118.66400", "2010-06-30": "1121.69500", "2010-03-31": "1117.19300", "2009-12-31": "1123.33700", "2009-09-30": "1126.05100", "2009-06-30": "1129.55400", "2009-03-31": "1135.66900", "2008-12-31": "1141.63000", "2008-09-30": "1101.36500", "2008-06-30": "1072.08000", "2008-03-31": "816.00830", "2007-12-31": "820.19100", "2007-09-30": "774.00190", "2007-06-30": "677.23400", "2007-03-31": "673.31980", "2006-12-31": "651.06790", "2006-09-30": "554.51620", "2006-06-30": "428.20770", "2006-03-31": "403.17850", "2005-12-31": "371.21960", "2005-09-30": "261.64110", "2005-06-30": "234.85710", "2005-03-31": ""}, "Long-Term Investments": {"2020-12-31": "", "2020-09-30": "", "2020-06-30": "", "2020-03-31": "", "2019-12-31": "", "2019-09-30": "", "2019-06-30": "", "2019-03-31": "", "2018-12-31": "", "2018-09-30": "", "2018-06-30": "", "2018-03-31": "", "2017-12-31": "", "2017-09-30": "", "2017-06-30": "", "2017-03-31": "", "2016-12-31": "", "2016-09-30": "", "2016-06-30": "", "2016-03-31": "", "2015-12-31": "", "2015-09-30": "", "2015-06-30": "", "2015-03-31": "", "2014-12-31": "", "2014-09-30": "", "2014-06-30": "", "2014-03-31": "", "2013-12-31": "", "2013-09-30": "", "2013-06-30": "", "2013-03-31": "", "2012-12-31": "", "2012-09-30": "", "2012-06-30": "", "2012-03-31": "", "2011-12-31": "", "2011-09-30": "", "2011-06-30": "", "2011-03-31": "", "2010-12-31": "", "2010-09-30": "", "2010-06-30": "", "2010-03-31": "", "2009-12-31": "", "2009-09-30": "", "2009-06-30": "", "2009-03-31": "", "2008-12-31": "", "2008-09-30": "", "2008-06-30": "", "2008-03-31": "", "2007-12-31": "", "2007-09-30": "", "2007-06-30": "", "2007-03-31": "", "2006-12-31": "", "2006-09-30": "", "2006-06-30": "", "2006-03-31": "", "2005-12-31": "", "2005-09-30": "", "2005-06-30": "", "2005-03-31": ""}, "Goodwill And Intangible Assets": {"2020-12-31": "", "2020-09-30": "", "2020-06-30": "", "2020-03-31": "", "2019-12-31": "", "2019-09-30": "", "2019-06-30": "", "2019-03-31": "", "2018-12-31": "", "2018-09-30": "", "2018-06-30": "", "2018-03-31": "", "2017-12-31": "", "2017-09-30": "", "2017-06-30": "", "2017-03-31": "", "2016-12-31": "", "2016-09-30": "", "2016-06-30": "", "2016-03-31": "", "2015-12-31": "", "2015-09-30": "", "2015-06-30": "", "2015-03-31": "", "2014-12-31": "", "2014-09-30": "", "2014-06-30": "", "2014-03-31": "", "2013-12-31": "", "2013-09-30": "", "2013-06-30": "", "2013-03-31": "", "2012-12-31": "", "2012-09-30": "", "2012-06-30": "", "2012-03-31": "", "2011-12-31": "", "2011-09-30": "", "2011-06-30": "", "2011-03-31": "", "2010-12-31": "", "2010-09-30": "", "2010-06-30": "", "2010-03-31": "", "2009-12-31": "", "2009-09-30": "", "2009-06-30": "", "2009-03-31": "", "2008-12-31": "", "2008-09-30": "", "2008-06-30": "", "2008-03-31": "", "2007-12-31": "", "2007-09-30": "", "2007-06-30": "", "2007-03-31": "", "2006-12-31": "", "2006-09-30": "", "2006-06-30": "", "2006-03-31": "", "2005-12-31": "", "2005-09-30": "", "2005-06-30": "", "2005-03-31": ""}, "Other Long-Term Assets": {"2020-12-31": "1114.43700", "2020-09-30": "1178.24700", "2020-06-30": "1088.80700", "2020-03-31": "859.56600", "2019-12-31": "844.43100", "2019-09-30": "800.69500", "2019-06-30": "655.39200", "2019-03-31": "666.93400", "2018-12-31": "555.16400", "2018-09-30": "1167.13400", "2018-06-30": "618.45900", "2018-03-31": "622.32300", "2017-12-31": "618.70300", "2017-09-30": "617.06700", "2017-06-30": "528.07700", "2017-03-31": "472.26100", "2016-12-31": "459.49400", "2016-09-30": "407.89100", "2016-06-30": "447.91800", "2016-03-31": "858.93000", "2015-12-31": "860.36200", "2015-09-30": "832.77600", "2015-06-30": "673.79300", "2015-03-31": "724.03800", "2014-12-31": "668.26600", "2014-09-30": "238.30500", "2014-06-30": "228.06700", "2014-03-31": "208.83200", "2013-12-31": "228.86300", "2013-09-30": "224.35300", "2013-06-30": "218.92000", "2013-03-31": "220.30000", "2012-12-31": "223.38300", "2012-09-30": "212.25100", "2012-06-30": "213.15000", "2012-03-31": "217.64500", "2011-12-31": "118.63100", "2011-09-30": "95.38000", "2011-06-30": "91.24600", "2011-03-31": "79.90100", "2010-12-31": "74.04300", "2010-09-30": "79.97500", "2010-06-30": "80.94200", "2010-03-31": "103.51300", "2009-12-31": "123.87000", "2009-09-30": "123.06400", "2009-06-30": "123.23000", "2009-03-31": "127.88400", "2008-12-31": "122.77000", "2008-09-30": "146.80270", "2008-06-30": "156.33120", "2008-03-31": "112.09910", "2007-12-31": "98.93600", "2007-09-30": "95.45900", "2007-06-30": "85.66550", "2007-03-31": "74.07440", "2006-12-31": "58.11450", "2006-09-30": "58.22540", "2006-06-30": "58.55750", "2006-03-31": "56.23650", "2005-12-31": "53.44270", "2005-09-30": "57.87210", "2005-06-30": "55.87520", "2005-03-31": ""}, "Total Long-Term Assets": {"2020-12-31": "14618.84000", "2020-09-30": "14450.39000", "2020-06-30": "13812.69000", "2020-03-31": "13509.25000", "2019-12-31": "11712.47000", "2019-09-30": "10887.78000", "2019-06-30": "8579.49700", "2019-03-31": "7461.43800", "2018-12-31": "7256.01400", "2018-09-30": "7780.28300", "2018-06-30": "8509.77700", "2018-03-31": "8609.24400", "2017-12-31": "8584.25400", "2017-09-30": "8466.85700", "2017-06-30": "6875.18100", "2017-03-31": "6141.99100", "2016-12-31": "6160.73700", "2016-09-30": "4842.45300", "2016-06-30": "4792.68500", "2016-03-31": "5362.72700", "2015-12-31": "5284.71600", "2015-09-30": "5179.95900", "2015-06-30": "4054.50200", "2015-03-31": "3685.44700", "2014-12-31": "3475.52400", "2014-09-30": "2929.68500", "2014-06-30": "2895.47500", "2014-03-31": "2865.08600", "2013-12-31": "2754.32200", "2013-09-30": "2452.28100", "2013-06-30": "2132.82600", "2013-03-31": "2063.12200", "2012-12-31": "2060.42600", "2012-09-30": "2042.07700", "2012-06-30": "1835.88100", "2012-03-31": "1652.53400", "2011-12-31": "1455.29300", "2011-09-30": "1417.89600", "2011-06-30": "1391.15400", "2011-03-31": "1384.42500", "2010-12-31": "1195.31800", "2010-09-30": "1198.63900", "2010-06-30": "1203.51200", "2010-03-31": "1221.89100", "2009-12-31": "1247.20700", "2009-09-30": "1250.30000", "2009-06-30": "1253.96900", "2009-03-31": "1264.72400", "2008-12-31": "1266.78500", "2008-09-30": "1250.45200", "2008-06-30": "1230.41700", "2008-03-31": "941.82270", "2007-12-31": "932.35500", "2007-09-30": "873.98070", "2007-06-30": "768.15370", "2007-03-31": "754.98950", "2006-12-31": "716.07340", "2006-09-30": "612.74160", "2006-06-30": "486.76520", "2006-03-31": "459.41490", "2005-12-31": "426.88660", "2005-09-30": "319.51320", "2005-06-30": "290.73220", "2005-03-31": ""}, "Total Assets": {"2020-12-31": "16829.01000", "2020-09-30": "15978.42000", "2020-06-30": "15448.07000", "2020-03-31": "15238.09000", "2019-12-31": "14467.33000", "2019-09-30": "12452.15000", "2019-06-30": "10123.21000", "2019-03-31": "9231.45300", "2018-12-31": "8843.64300", "2018-09-30": "8774.51600", "2018-06-30": "8956.82400", "2018-03-31": "9031.84000", "2017-12-31": "9020.28800", "2017-09-30": "8927.04000", "2017-06-30": "7327.83700", "2017-03-31": "6780.73000", "2016-12-31": "6418.53600", "2016-09-30": "6095.33700", "2016-06-30": "5117.93300", "2016-03-31": "5710.39500", "2015-12-31": "5609.35100", "2015-09-30": "5633.32300", "2015-06-30": "4226.12500", "2015-03-31": "3823.04900", "2014-12-31": "3720.33000", "2014-09-30": "3169.14000", "2014-06-30": "3190.04400", "2014-03-31": "3026.59200", "2013-12-31": "2904.69500", "2013-09-30": "2563.15000", "2013-06-30": "2254.47600", "2013-03-31": "2227.19600", "2012-12-31": "2178.88600", "2012-09-30": "2158.39900", "2012-06-30": "2038.53100", "2012-03-31": "2048.46200", "2011-12-31": "1621.87400", "2011-09-30": "1595.68900", "2011-06-30": "1678.72000", "2011-03-31": "1449.08800", "2010-12-31": "1348.81400", "2010-09-30": "1362.00900", "2010-06-30": "1382.28500", "2010-03-31": "1288.31100", "2009-12-31": "1309.89800", "2009-09-30": "1307.79800", "2009-06-30": "1301.21400", "2009-03-31": "1309.65400", "2008-12-31": "1311.37300", "2008-09-30": "1298.55100", "2008-06-30": "1265.78800", "2008-03-31": "1115.77600", "2007-12-31": "1051.66000", "2007-09-30": "912.51840", "2007-06-30": "802.80710", "2007-03-31": "813.94930", "2006-12-31": "744.75680", "2006-09-30": "639.92030", "2006-06-30": "510.25960", "2006-03-31": "482.90730", "2005-12-31": "495.45270", "2005-09-30": "431.59260", "2005-06-30": "333.74440", "2005-03-31": "0.00000"}, "Total Current Liabilities": {"2020-12-31": "438.75000", "2020-09-30": "431.18000", "2020-06-30": "443.45300", "2020-03-31": "428.13600", "2019-12-31": "291.48900", "2019-09-30": "249.64200", "2019-06-30": "192.94800", "2019-03-31": "188.95600", "2018-12-31": "204.32500", "2018-09-30": "202.03300", "2018-06-30": "204.50500", "2018-03-31": "206.89100", "2017-12-31": "211.18800", "2017-09-30": "180.63100", "2017-06-30": "219.52700", "2017-03-31": "194.31100", "2016-12-31": "207.71100", "2016-09-30": "149.19000", "2016-06-30": "148.21800", "2016-03-31": "139.44300", "2015-12-31": "137.35600", "2015-09-30": "123.88800", "2015-06-30": "130.50500", "2015-03-31": "111.18700", "2014-12-31": "112.62300", "2014-09-30": "85.42600", "2014-06-30": "84.23100", "2014-03-31": "74.18400", "2013-12-31": "94.29000", "2013-09-30": "73.85200", "2013-06-30": "58.69400", "2013-03-31": "65.62100", "2012-12-31": "65.96100", "2012-09-30": "64.29700", "2012-06-30": "59.08700", "2012-03-31": "62.27800", "2011-12-31": "51.12500", "2011-09-30": "57.66600", "2011-06-30": "46.37700", "2011-03-31": "37.81800", "2010-12-31": "35.97400", "2010-09-30": "45.36600", "2010-06-30": "38.05300", "2010-03-31": "30.07900", "2009-12-31": "29.24700", "2009-09-30": "33.04400", "2009-06-30": "26.08500", "2009-03-31": "28.87200", "2008-12-31": "24.71800", "2008-09-30": "31.82900", "2008-06-30": "27.76020", "2008-03-31": "23.67840", "2007-12-31": "21.09100", "2007-09-30": "22.05290", "2007-06-30": "19.83430", "2007-03-31": "35.67690", "2006-12-31": "30.04560", "2006-09-30": "27.73320", "2006-06-30": "26.73670", "2006-03-31": "24.22420", "2005-12-31": "17.61120", "2005-09-30": "11.53780", "2005-06-30": "11.59600", "2005-03-31": ""}, "Long Term Debt": {"2020-12-31": "8865.45800", "2020-09-30": "8190.66900", "2020-06-30": "7795.89000", "2020-03-31": "7684.29300", "2019-12-31": "7023.67900", "2019-09-30": "6096.23200", "2019-06-30": "4878.31000", "2019-03-31": "4023.56800", "2018-12-31": "4037.38900", "2018-09-30": "4043.84900", "2018-06-30": "4864.26100", "2018-03-31": "4898.36400", "2017-12-31": "4898.66700", "2017-09-30": "4832.26400", "2017-06-30": "3221.05400", "2017-03-31": "3277.98600", "2016-12-31": "2909.34100", "2016-09-30": "2728.54900", "2016-06-30": "2758.63500", "2016-03-31": "3396.60400", "2015-12-31": "3322.54100", "2015-09-30": "3364.11900", "2015-06-30": "2262.86100", "2015-03-31": "1882.31900", "2014-12-31": "2174.64800", "2014-09-30": "1618.98100", "2014-06-30": "1640.35300", "2014-03-31": "1472.04500", "2013-12-31": "1421.68100", "2013-09-30": "1086.97300", "2013-06-30": "929.07400", "2013-03-31": "900.13300", "2012-12-31": "1025.16000", "2012-09-30": "1025.18300", "2012-06-30": "900.20400", "2012-03-31": "900.22500", "2011-12-31": "689.84900", "2011-09-30": "649.01300", "2011-06-30": "718.30900", "2011-03-31": "476.35400", "2010-12-31": "369.97000", "2010-09-30": "370.01300", "2010-06-30": "382.30200", "2010-03-31": "565.22200", "2009-12-31": "576.67800", "2009-09-30": "566.18500", "2009-06-30": "562.69200", "2009-03-31": "563.01000", "2008-12-31": "630.55700", "2008-09-30": "605.40220", "2008-06-30": "567.39710", "2008-03-31": "415.37210", "2007-12-31": "480.52500", "2007-09-30": "380.38750", "2007-06-30": "279.85150", "2007-03-31": "274.16710", "2006-12-31": "348.12750", "2006-09-30": "232.63080", "2006-06-30": "101.45320", "2006-03-31": "75.51110", "2005-12-31": "100.48450", "2005-09-30": "40.36670", "2005-06-30": "73.20420", "2005-03-31": ""}, "Other Non-Current Liabilities": {"2020-12-31": "180.94900", "2020-09-30": "143.68900", "2020-06-30": "141.45000", "2020-03-31": "143.14800", "2019-12-31": "124.00900", "2019-09-30": "119.46100", "2019-06-30": "128.31800", "2019-03-31": "128.45300", "2018-12-31": "40.99100", "2018-09-30": "42.12600", "2018-06-30": "42.60300", "2018-03-31": "73.39600", "2017-12-31": "75.22800", "2017-09-30": "72.94100", "2017-06-30": "55.05100", "2017-03-31": "51.86200", "2016-12-31": "48.25600", "2016-09-30": "51.63200", "2016-06-30": "43.84200", "2016-03-31": "38.20000", "2015-12-31": "42.18900", "2015-09-30": "32.71300", "2015-06-30": "36.88200", "2015-03-31": "33.84200", "2014-12-31": "51.01200", "2014-09-30": "57.62700", "2014-06-30": "52.50600", "2014-03-31": "49.38300", "2013-12-31": "44.51600", "2013-09-30": "43.75600", "2013-06-30": "43.86800", "2013-03-31": "39.87100", "2012-12-31": "37.95100", "2012-09-30": "35.76100", "2012-06-30": "51.65700", "2012-03-31": "51.21200", "2011-12-31": "52.08500", "2011-09-30": "51.34600", "2011-06-30": "45.33200", "2011-03-31": "44.64500", "2010-12-31": "43.29400", "2010-09-30": "39.99000", "2010-06-30": "39.11600", "2010-03-31": "29.50200", "2009-12-31": "32.39800", "2009-09-30": "29.56300", "2009-06-30": "29.02200", "2009-03-31": "27.44800", "2008-12-31": "29.75500", "2008-09-30": "32.59900", "2008-06-30": "29.94000", "2008-03-31": "36.41600", "2007-12-31": "36.84600", "2007-09-30": "35.10430", "2007-06-30": "26.77420", "2007-03-31": "25.01320", "2006-12-31": "21.46940", "2006-09-30": "23.94920", "2006-06-30": "24.26070", "2006-03-31": "24.26420", "2005-12-31": "16.58830", "2005-09-30": "20.22870", "2005-06-30": "14.14620", "2005-03-31": ""}, "Total Long Term Liabilities": {"2020-12-31": "9046.40700", "2020-09-30": "8334.35800", "2020-06-30": "7937.34000", "2020-03-31": "7827.44100", "2019-12-31": "7147.68800", "2019-09-30": "6215.69300", "2019-06-30": "5006.62800", "2019-03-31": "4152.02100", "2018-12-31": "4078.38000", "2018-09-30": "4085.97500", "2018-06-30": "4906.86400", "2018-03-31": "4971.76000", "2017-12-31": "4973.89500", "2017-09-30": "4905.20500", "2017-06-30": "3276.10500", "2017-03-31": "3329.84800", "2016-12-31": "2957.59700", "2016-09-30": "2780.18100", "2016-06-30": "2802.47700", "2016-03-31": "3434.80400", "2015-12-31": "3364.73000", "2015-09-30": "3396.83200", "2015-06-30": "2299.74300", "2015-03-31": "1916.16100", "2014-12-31": "2225.66000", "2014-09-30": "1676.60800", "2014-06-30": "1692.85900", "2014-03-31": "1521.42800", "2013-12-31": "1466.19700", "2013-09-30": "1130.72900", "2013-06-30": "972.94200", "2013-03-31": "940.00400", "2012-12-31": "1063.11100", "2012-09-30": "1060.94400", "2012-06-30": "951.86100", "2012-03-31": "951.43700", "2011-12-31": "741.93400", "2011-09-30": "700.35900", "2011-06-30": "763.64100", "2011-03-31": "520.99900", "2010-12-31": "413.26400", "2010-09-30": "410.00300", "2010-06-30": "421.41800", "2010-03-31": "594.72400", "2009-12-31": "609.07600", "2009-09-30": "595.74800", "2009-06-30": "591.71400", "2009-03-31": "590.45800", "2008-12-31": "660.31200", "2008-09-30": "638.26030", "2008-06-30": "600.74220", "2008-03-31": "451.86690", "2007-12-31": "517.44800", "2007-09-30": "415.56810", "2007-06-30": "306.70070", "2007-03-31": "300.59380", "2006-12-31": "370.99000", "2006-09-30": "257.66910", "2006-06-30": "128.00950", "2006-03-31": "102.01400", "2005-12-31": "121.56440", "2005-09-30": "62.73290", "2005-06-30": "89.48790", "2005-03-31": ""}, "Total Liabilities": {"2020-12-31": "9485.15700", "2020-09-30": "8765.53800", "2020-06-30": "8380.79300", "2020-03-31": "8255.57700", "2019-12-31": "7439.17700", "2019-09-30": "6465.33500", "2019-06-30": "5199.57600", "2019-03-31": "4340.97700", "2018-12-31": "4282.70500", "2018-09-30": "4288.00800", "2018-06-30": "5111.36900", "2018-03-31": "5178.65100", "2017-12-31": "5185.08300", "2017-09-30": "5085.83600", "2017-06-30": "3495.63200", "2017-03-31": "3524.15900", "2016-12-31": "3165.30800", "2016-09-30": "2929.37100", "2016-06-30": "2950.69500", "2016-03-31": "3574.24700", "2015-12-31": "3502.08600", "2015-09-30": "3520.72000", "2015-06-30": "2430.24800", "2015-03-31": "2027.34800", "2014-12-31": "2338.28300", "2014-09-30": "1762.03400", "2014-06-30": "1777.09000", "2014-03-31": "1595.61200", "2013-12-31": "1560.48700", "2013-09-30": "1204.58100", "2013-06-30": "1031.63600", "2013-03-31": "1005.62500", "2012-12-31": "1129.07200", "2012-09-30": "1125.24100", "2012-06-30": "1010.94800", "2012-03-31": "1013.71500", "2011-12-31": "793.05900", "2011-09-30": "758.02500", "2011-06-30": "810.01800", "2011-03-31": "558.81700", "2010-12-31": "449.23800", "2010-09-30": "455.36900", "2010-06-30": "459.47100", "2010-03-31": "624.80300", "2009-12-31": "638.32300", "2009-09-30": "628.79200", "2009-06-30": "617.79900", "2009-03-31": "619.33000", "2008-12-31": "685.03000", "2008-09-30": "670.08920", "2008-06-30": "628.50250", "2008-03-31": "475.54530", "2007-12-31": "538.53900", "2007-09-30": "437.62100", "2007-06-30": "326.53500", "2007-03-31": "336.27070", "2006-12-31": "401.03560", "2006-09-30": "285.40230", "2006-06-30": "154.74620", "2006-03-31": "126.23830", "2005-12-31": "139.17560", "2005-09-30": "74.27070", "2005-06-30": "101.08390", "2005-03-31": ""}, "Common Stock Net": {"2020-12-31": "0.54100", "2020-09-30": "0.53600", "2020-06-30": "0.52900", "2020-03-31": "0.52200", "2019-12-31": "0.51800", "2019-09-30": "0.46000", "2019-06-30": "0.39400", "2019-03-31": "0.39200", "2018-12-31": "0.37100", "2018-09-30": "0.36500", "2018-06-30": "0.36500", "2018-03-31": "0.36500", "2017-12-31": "0.36400", "2017-09-30": "0.36400", "2017-06-30": "0.36400", "2017-03-31": "0.32100", "2016-12-31": "0.32100", "2016-09-30": "0.31000", "2016-06-30": "0.24000", "2016-03-31": "0.23700", "2015-12-31": "0.23700", "2015-09-30": "0.23600", "2015-06-30": "0.20800", "2015-03-31": "0.20700", "2014-12-31": "0.17200", "2014-09-30": "0.17200", "2014-06-30": "0.17100", "2014-03-31": "0.17000", "2013-12-31": "0.16100", "2013-09-30": "0.16000", "2013-06-30": "0.14900", "2013-03-31": "0.14900", "2012-12-31": "0.13600", "2012-09-30": "0.13500", "2012-06-30": "0.13400", "2012-03-31": "0.13400", "2011-12-31": "0.11100", "2011-09-30": "0.11100", "2011-06-30": "0.11100", "2011-03-31": "0.11000", "2010-12-31": "0.11000", "2010-09-30": "0.11000", "2010-06-30": "0.11000", "2010-03-31": "0.08000", "2009-12-31": "0.07900", "2009-09-30": "0.07800", "2009-06-30": "0.07800", "2009-03-31": "0.07900", "2008-12-31": "0.06500", "2008-09-30": "0.06500", "2008-06-30": "0.06500", "2008-03-31": "0.06490", "2007-12-31": "0.05200", "2007-09-30": "0.04900", "2007-06-30": "0.04900", "2007-03-31": "0.04890", "2006-12-31": "0.03960", "2006-09-30": "0.03950", "2006-06-30": "0.03950", "2006-03-31": "0.03940", "2005-12-31": "0.03930", "2005-09-30": "0.03930", "2005-06-30": "0.02610", "2005-03-31": ""}, "Retained Earnings (Accumulated Deficit)": {"2020-12-31": "-71.41100", "2020-09-30": "-33.61900", "2020-06-30": "-19.77100", "2020-03-31": "14.02500", "2019-12-31": "83.01200", "2019-09-30": "91.53500", "2019-06-30": "121.77200", "2019-03-31": "141.42700", "2018-12-31": "162.76800", "2018-09-30": "179.70300", "2018-06-30": "-464.78400", "2018-03-31": "-484.80400", "2017-12-31": "-485.93200", "2017-09-30": "-468.47300", "2017-06-30": "-457.41900", "2017-03-31": "-443.31500", "2016-12-31": "-434.11400", "2016-09-30": "-402.63200", "2016-06-30": "-414.65700", "2016-03-31": "-413.10800", "2015-12-31": "-418.65000", "2015-09-30": "-423.87400", "2015-06-30": "-395.07800", "2015-03-31": "-371.45900", "2014-12-31": "-361.33000", "2014-09-30": "-337.81700", "2014-06-30": "-330.07500", "2014-03-31": "-293.59600", "2013-12-31": "-264.80400", "2013-09-30": "-246.86500", "2013-06-30": "-240.13200", "2013-03-31": "-237.39800", "2012-12-31": "-233.49400", "2012-09-30": "-234.26400", "2012-06-30": "-238.54100", "2012-03-31": "-230.67600", "2011-12-31": "-214.05900", "2011-09-30": "-204.34300", "2011-06-30": "-179.93100", "2011-03-31": "-160.15400", "2010-12-31": "-148.53000", "2010-09-30": "-136.75000", "2010-06-30": "-123.34300", "2010-03-31": "-107.24000", "2009-12-31": "-88.09300", "2009-09-30": "-79.38300", "2009-06-30": "-73.59700", "2009-03-31": "-65.33600", "2008-12-31": "-59.94100", "2008-09-30": "-45.24650", "2008-06-30": "-34.72750", "2008-03-31": "-30.54690", "2007-12-31": "-27.17000", "2007-09-30": "-20.54640", "2007-06-30": "-18.07200", "2007-03-31": "-16.14710", "2006-12-31": "-12.99650", "2006-09-30": "-7.72380", "2006-06-30": "-5.93420", "2006-03-31": "-3.78620", "2005-12-31": "-3.35060", "2005-09-30": "-2.58440", "2005-06-30": "-1.04380", "2005-03-31": ""}, "Comprehensive Income": {"2020-12-31": "-51.32400", "2020-09-30": "-95.65400", "2020-06-30": "-113.01300", "2020-03-31": "-111.28000", "2019-12-31": "-62.90500", "2019-09-30": "-90.01900", "2019-06-30": "-66.53000", "2019-03-31": "-67.89200", "2018-12-31": "-58.20200", "2018-09-30": "-50.56900", "2018-06-30": "-42.35300", "2018-03-31": "-9.96100", "2017-12-31": "-26.04900", "2017-09-30": "-35.16500", "2017-06-30": "-52.59100", "2017-03-31": "-86.61100", "2016-12-31": "-92.90300", "2016-09-30": "-60.03600", "2016-06-30": "-65.34000", "2016-03-31": "-51.48200", "2015-12-31": "-72.88400", "2015-09-30": "-59.73100", "2015-06-30": "-59.88500", "2015-03-31": "-80.92200", "2014-12-31": "-21.91400", "2014-09-30": "-7.87200", "2014-06-30": "-7.68900", "2014-03-31": "-8.24800", "2013-12-31": "-8.94100", "2013-09-30": "-9.69400", "2013-06-30": "-9.87600", "2013-03-31": "-11.65500", "2012-12-31": "-12.48200", "2012-09-30": "-13.22000", "2012-06-30": "-12.77700", "2012-03-31": "-11.73200", "2011-12-31": "-12.23100", "2011-09-30": "-11.98200", "2011-06-30": "-6.71000", "2011-03-31": "-3.12400", "2010-12-31": "-3.64100", "2010-09-30": "-7.00500", "2010-06-30": "-3.16000", "2010-03-31": "", "2009-12-31": "", "2009-09-30": "", "2009-06-30": "", "2009-03-31": "", "2008-12-31": "", "2008-09-30": "", "2008-06-30": "", "2008-03-31": "", "2007-12-31": "", "2007-09-30": "", "2007-06-30": "", "2007-03-31": "", "2006-12-31": "", "2006-09-30": "", "2006-06-30": "", "2006-03-31": "", "2005-12-31": "", "2005-09-30": "", "2005-06-30": "", "2005-03-31": ""}, "Other Share Holders Equity": {"2020-12-31": "", "2020-09-30": "", "2020-06-30": "", "2020-03-31": "", "2019-12-31": "", "2019-09-30": "", "2019-06-30": "", "2019-03-31": "", "2018-12-31": "", "2018-09-30": "", "2018-06-30": "", "2018-03-31": "", "2017-12-31": "", "2017-09-30": "", "2017-06-30": "", "2017-03-31": "", "2016-12-31": "", "2016-09-30": "", "2016-06-30": "", "2016-03-31": "", "2015-12-31": "", "2015-09-30": "", "2015-06-30": "", "2015-03-31": "", "2014-12-31": "", "2014-09-30": "", "2014-06-30": "", "2014-03-31": "", "2013-12-31": "", "2013-09-30": "", "2013-06-30": "", "2013-03-31": "", "2012-12-31": "", "2012-09-30": "", "2012-06-30": "", "2012-03-31": "", "2011-12-31": "", "2011-09-30": "", "2011-06-30": "", "2011-03-31": "", "2010-12-31": "", "2010-09-30": "", "2010-06-30": "", "2010-03-31": "", "2009-12-31": "", "2009-09-30": "", "2009-06-30": "", "2009-03-31": "", "2008-12-31": "", "2008-09-30": "", "2008-06-30": "", "2008-03-31": "", "2007-12-31": "", "2007-09-30": "", "2007-06-30": "", "2007-03-31": "", "2006-12-31": "", "2006-09-30": "", "2006-06-30": "", "2006-03-31": "", "2005-12-31": "", "2005-09-30": "", "2005-06-30": "", "2005-03-31": ""}, "Share Holder Equity": {"2020-12-31": "7343.85700", "2020-09-30": "7212.87700", "2020-06-30": "7067.27700", "2020-03-31": "6982.51000", "2019-12-31": "7028.15400", "2019-09-30": "5986.81800", "2019-06-30": "4923.63500", "2019-03-31": "4890.47600", "2018-12-31": "4560.93800", "2018-09-30": "4486.50800", "2018-06-30": "3845.45500", "2018-03-31": "3853.18900", "2017-12-31": "3835.20500", "2017-09-30": "3841.20400", "2017-06-30": "3832.20500", "2017-03-31": "3256.57100", "2016-12-31": "3253.22800", "2016-09-30": "3165.96600", "2016-06-30": "2167.23800", "2016-03-31": "2136.14800", "2015-12-31": "2107.26500", "2015-09-30": "2112.60300", "2015-06-30": "1795.87700", "2015-03-31": "1795.70100", "2014-12-31": "1382.04700", "2014-09-30": "1407.10600", "2014-06-30": "1412.95400", "2014-03-31": "1430.98000", "2013-12-31": "1344.20800", "2013-09-30": "1358.56900", "2013-06-30": "1222.84000", "2013-03-31": "1221.57100", "2012-12-31": "1049.81400", "2012-09-30": "1033.15800", "2012-06-30": "1027.58300", "2012-03-31": "1034.74700", "2011-12-31": "828.81500", "2011-09-30": "837.66400", "2011-06-30": "868.70200", "2011-03-31": "890.27100", "2010-12-31": "899.57600", "2010-09-30": "906.64000", "2010-06-30": "922.81400", "2010-03-31": "663.50800", "2009-12-31": "671.57500", "2009-09-30": "679.00600", "2009-06-30": "683.41500", "2009-03-31": "690.32400", "2008-12-31": "626.34300", "2008-09-30": "628.46220", "2008-06-30": "637.28550", "2008-03-31": "640.23090", "2007-12-31": "513.12100", "2007-09-30": "474.89750", "2007-06-30": "476.27210", "2007-03-31": "477.67870", "2006-12-31": "343.72110", "2006-09-30": "354.51800", "2006-06-30": "355.51340", "2006-03-31": "356.66910", "2005-12-31": "356.27710", "2005-09-30": "357.32180", "2005-06-30": "232.66050", "2005-03-31": ""}, "Total Liabilities And Share Holders Equity": {"2020-12-31": "16829.01000", "2020-09-30": "15978.42000", "2020-06-30": "15448.07000", "2020-03-31": "15238.09000", "2019-12-31": "14467.33000", "2019-09-30": "12452.15000", "2019-06-30": "10123.21000", "2019-03-31": "9231.45300", "2018-12-31": "8843.64300", "2018-09-30": "8774.51600", "2018-06-30": "8956.82400", "2018-03-31": "9031.84000", "2017-12-31": "9020.28800", "2017-09-30": "8927.04000", "2017-06-30": "7327.83700", "2017-03-31": "6780.73000", "2016-12-31": "6418.53600", "2016-09-30": "6095.33700", "2016-06-30": "5117.93300", "2016-03-31": "5710.39500", "2015-12-31": "5609.35100", "2015-09-30": "5633.32300", "2015-06-30": "4226.12500", "2015-03-31": "3823.04900", "2014-12-31": "3720.33000", "2014-09-30": "3169.14000", "2014-06-30": "3190.04400", "2014-03-31": "3026.59200", "2013-12-31": "2904.69500", "2013-09-30": "2563.15000", "2013-06-30": "2254.47600", "2013-03-31": "2227.19600", "2012-12-31": "2178.88600", "2012-09-30": "2158.39900", "2012-06-30": "2038.53100", "2012-03-31": "2048.46200", "2011-12-31": "1621.87400", "2011-09-30": "1595.68900", "2011-06-30": "1678.72000", "2011-03-31": "1449.08800", "2010-12-31": "1348.81400", "2010-09-30": "1362.00900", "2010-06-30": "1382.28500", "2010-03-31": "1288.31100", "2009-12-31": "1309.89800", "2009-09-30": "1307.79800", "2009-06-30": "1301.21400", "2009-03-31": "1309.65400", "2008-12-31": "1311.37300", "2008-09-30": "1298.55100", "2008-06-30": "1265.78800", "2008-03-31": "1115.77600", "2007-12-31": "1051.66000", "2007-09-30": "912.51840", "2007-06-30": "802.80710", "2007-03-31": "813.94930", "2006-12-31": "744.75680", "2006-09-30": "639.92030", "2006-06-30": "510.25960", "2006-03-31": "482.90730", "2005-12-31": "495.45270", "2005-09-30": "431.59260", "2005-06-30": "333.74440", "2005-03-31": ""}}, "cash flow statement": {"Net Income/Loss": {"2020-12-31": "0.00000", "2019-12-31": "376.40100", "2018-12-31": "1018.47700", "2017-12-31": "291.23800", "2016-12-31": "225.93700", "2015-12-31": "139.92700", "2014-12-31": "50.79600", "2013-12-31": "97.21500", "2012-12-31": "90.07700", "2011-12-31": "26.71400", "2010-12-31": "23.01200", "2009-12-31": "36.36700", "2008-12-31": "32.73300", "2007-12-31": "40.25000", "2006-12-31": "30.16000", "2005-12-31": "19.64040"}, "Total Depreciation And Amortization - Cash Flow": {"2020-12-31": "", "2019-12-31": "165.45600", "2018-12-31": "148.85500", "2017-12-31": "138.50000", "2016-12-31": "105.21400", "2015-12-31": "77.91200", "2014-12-31": "60.26700", "2013-12-31": "42.37700", "2012-12-31": "39.05000", "2011-12-31": "44.76600", "2010-12-31": "32.42200", "2009-12-31": "32.13300", "2008-12-31": "34.49600", "2007-12-31": "19.30500", "2006-12-31": "9.38700", "2005-12-31": "5.49990"}, "Other Non-Cash Items": {"2020-12-31": "", "2019-12-31": "-100.86500", "2018-12-31": "-741.24000", "2017-12-31": "-41.51300", "2016-12-31": "-67.57500", "2015-12-31": "-25.52000", "2014-12-31": "36.74800", "2013-12-31": "-14.47800", "2012-12-31": "-13.15100", "2011-12-31": "8.24200", "2010-12-31": "5.69100", "2009-12-31": "-4.38200", "2008-12-31": "-5.78000", "2007-12-31": "-18.94600", "2006-12-31": "-0.80600", "2005-12-31": "-4.48080"}, "Total Non-Cash Items": {"2020-12-31": "", "2019-12-31": "64.59100", "2018-12-31": "-592.38500", "2017-12-31": "96.98700", "2016-12-31": "37.63900", "2015-12-31": "52.39200", "2014-12-31": "97.01500", "2013-12-31": "27.89900", "2012-12-31": "25.89900", "2011-12-31": "53.00800", "2010-12-31": "38.11300", "2009-12-31": "27.75100", "2008-12-31": "28.71600", "2007-12-31": "0.35900", "2006-12-31": "8.58100", "2005-12-31": "1.01910"}, "Change In Accounts Receivable": {"2020-12-31": "", "2019-12-31": "12.90600", "2018-12-31": "46.49800", "2017-12-31": "-21.11600", "2016-12-31": "-13.24700", "2015-12-31": "-5.59900", "2014-12-31": "-3.85600", "2013-12-31": "-13.21100", "2012-12-31": "-17.26100", "2011-12-31": "-6.11800", "2010-12-31": "-5.49000", "2009-12-31": "-2.43300", "2008-12-31": "-4.39200", "2007-12-31": "0.52400", "2006-12-31": "-0.28500", "2005-12-31": "-0.48650"}, "Change In Inventories": {"2020-12-31": "", "2019-12-31": "", "2018-12-31": "", "2017-12-31": "", "2016-12-31": "", "2015-12-31": "", "2014-12-31": "", "2013-12-31": "", "2012-12-31": "", "2011-12-31": "", "2010-12-31": "", "2009-12-31": "", "2008-12-31": "", "2007-12-31": "", "2006-12-31": "", "2005-12-31": ""}, "Change In Accounts Payable": {"2020-12-31": "", "2019-12-31": "", "2018-12-31": "", "2017-12-31": "", "2016-12-31": "", "2015-12-31": "", "2014-12-31": "", "2013-12-31": "", "2012-12-31": "", "2011-12-31": "", "2010-12-31": "", "2009-12-31": "", "2008-12-31": "", "2007-12-31": "", "2006-12-31": "", "2005-12-31": ""}, "Change In Assets/Liabilities": {"2020-12-31": "", "2019-12-31": "0.58900", "2018-12-31": "-17.90600", "2017-12-31": "-7.36800", "2016-12-31": "-28.07400", "2015-12-31": "-6.26400", "2014-12-31": "0.27900", "2013-12-31": "5.03200", "2012-12-31": "-2.60700", "2011-12-31": "0.31200", "2010-12-31": "8.17900", "2009-12-31": "-0.63400", "2008-12-31": "8.10300", "2007-12-31": "3.01700", "2006-12-31": "-2.30100", "2005-12-31": "-0.71810"}, "Total Change In Assets/Liabilities": {"2020-12-31": "", "2019-12-31": "53.12500", "2018-12-31": "22.99600", "2017-12-31": "-25.99000", "2016-12-31": "0.26200", "2015-12-31": "14.67700", "2014-12-31": "2.63200", "2013-12-31": "15.68800", "2012-12-31": "-10.66700", "2011-12-31": "-0.45200", "2010-12-31": "-0.48800", "2009-12-31": "-1.36700", "2008-12-31": "8.46800", "2007-12-31": "-9.31400", "2006-12-31": "4.39700", "2005-12-31": "3.49590"}, "Cash Flow From Operating Activities": {"2020-12-31": "", "2019-12-31": "494.11700", "2018-12-31": "449.08800", "2017-12-31": "362.23500", "2016-12-31": "263.83800", "2015-12-31": "206.99600", "2014-12-31": "150.44300", "2013-12-31": "140.80200", "2012-12-31": "105.30900", "2011-12-31": "79.27000", "2010-12-31": "60.63700", "2009-12-31": "62.75100", "2008-12-31": "69.91700", "2007-12-31": "31.29500", "2006-12-31": "43.13800", "2005-12-31": "24.15540"}, "Net Change In Property, Plant, And Equipment": {"2020-12-31": "", "2019-12-31": "27.96800", "2018-12-31": "1459.69900", "2017-12-31": "-9.45000", "2016-12-31": "27.55800", "2015-12-31": "-127.19700", "2014-12-31": "-67.68400", "2013-12-31": "-9.04300", "2012-12-31": "26.63200", "2011-12-31": "18.13100", "2010-12-31": "91.03100", "2009-12-31": "14.57900", "2008-12-31": "-340.75100", "2007-12-31": "-140.56200", "2006-12-31": "-222.25900", "2005-12-31": "-176.44660"}, "Net Change In Intangible Assets": {"2020-12-31": "", "2019-12-31": "", "2018-12-31": "", "2017-12-31": "", "2016-12-31": "", "2015-12-31": "", "2014-12-31": "", "2013-12-31": "", "2012-12-31": "", "2011-12-31": "", "2010-12-31": "", "2009-12-31": "", "2008-12-31": "", "2007-12-31": "", "2006-12-31": "", "2005-12-31": ""}, "Net Acquisitions/Divestitures": {"2020-12-31": "", "2019-12-31": "-4565.59400", "2018-12-31": "-1430.99500", "2017-12-31": "-2246.78800", "2016-12-31": "-1682.40900", "2015-12-31": "-2218.86900", "2014-12-31": "-767.69600", "2013-12-31": "-654.92200", "2012-12-31": "-621.49000", "2011-12-31": "-278.96300", "2010-12-31": "-137.80800", "2009-12-31": "", "2008-12-31": "", "2007-12-31": "", "2006-12-31": "", "2005-12-31": ""}, "Net Change In Short-term Investments": {"2020-12-31": "", "2019-12-31": "-293.16300", "2018-12-31": "-138.44100", "2017-12-31": "-94.97000", "2016-12-31": "-69.42300", "2015-12-31": "-17.33900", "2014-12-31": "-13.12600", "2013-12-31": "-52.11500", "2012-12-31": "-31.90800", "2011-12-31": "-8.21700", "2010-12-31": "-9.29100", "2009-12-31": "-7.77700", "2008-12-31": "-4.28600", "2007-12-31": "-5.52700", "2006-12-31": "-7.00500", "2005-12-31": ""}, "Net Change In Long-Term Investments": {"2020-12-31": "", "2019-12-31": "-54.08800", "2018-12-31": "-212.00200", "2017-12-31": "-19.33800", "2016-12-31": "-109.02700", "2015-12-31": "-354.00100", "2014-12-31": "-12.78200", "2013-12-31": "-3.74600", "2012-12-31": "-1.29300", "2011-12-31": "-0.86100", "2010-12-31": "-11.63700", "2009-12-31": "-23.24300", "2008-12-31": "-95.56700", "2007-12-31": "-128.98600", "2006-12-31": "-67.59700", "2005-12-31": "-45.99920"}, "Net Change In Investments - Total": {"2020-12-31": "", "2019-12-31": "-347.25100", "2018-12-31": "-350.44300", "2017-12-31": "-114.30800", "2016-12-31": "-178.45000", "2015-12-31": "-371.34000", "2014-12-31": "-25.90800", "2013-12-31": "-55.86100", "2012-12-31": "-33.20100", "2011-12-31": "-9.07800", "2010-12-31": "-20.92800", "2009-12-31": "-31.02000", "2008-12-31": "-99.85300", "2007-12-31": "-134.51300", "2006-12-31": "-74.60200", "2005-12-31": "-45.99920"}, "Investing Activities - Other": {"2020-12-31": "", "2019-12-31": "0.92000", "2018-12-31": "885.91700", "2017-12-31": "8.48000", "2016-12-31": "906.75700", "2015-12-31": "771.78500", "2014-12-31": "11.26500", "2013-12-31": "7.24900", "2012-12-31": "10.93100", "2011-12-31": "4.28900", "2010-12-31": "90.48600", "2009-12-31": "4.30500", "2008-12-31": "71.94100", "2007-12-31": "74.89400", "2006-12-31": "", "2005-12-31": "7.89100"}, "Cash Flow From Investing Activities": {"2020-12-31": "", "2019-12-31": "-4883.95700", "2018-12-31": "564.17800", "2017-12-31": "-2362.06600", "2016-12-31": "-926.54400", "2015-12-31": "-1945.62100", "2014-12-31": "-850.02300", "2013-12-31": "-712.57700", "2012-12-31": "-617.12800", "2011-12-31": "-265.62100", "2010-12-31": "22.78100", "2009-12-31": "-12.13600", "2008-12-31": "-368.66300", "2007-12-31": "-200.18100", "2006-12-31": "-296.86100", "2005-12-31": "-214.55480"}, "Net Long-Term Debt": {"2020-12-31": "", "2019-12-31": "2982.68800", "2018-12-31": "-51.98300", "2017-12-31": "1867.47400", "2016-12-31": "-385.29900", "2015-12-31": "1190.13200", "2014-12-31": "815.35900", "2013-12-31": "393.33100", "2012-12-31": "335.16800", "2011-12-31": "293.33800", "2010-12-31": "-205.46500", "2009-12-31": "-57.03200", "2008-12-31": "156.15500", "2007-12-31": "131.63000", "2006-12-31": "243.52100", "2005-12-31": "43.82850"}, "Net Current Debt": {"2020-12-31": "", "2019-12-31": "", "2018-12-31": "", "2017-12-31": "", "2016-12-31": "", "2015-12-31": "", "2014-12-31": "", "2013-12-31": "", "2012-12-31": "", "2011-12-31": "", "2010-12-31": "", "2009-12-31": "", "2008-12-31": "", "2007-12-31": "", "2006-12-31": "", "2005-12-31": ""}, "Debt Issuance/Retirement Net - Total": {"2020-12-31": "", "2019-12-31": "2982.68800", "2018-12-31": "-51.98300", "2017-12-31": "1867.47400", "2016-12-31": "-385.29900", "2015-12-31": "1190.13200", "2014-12-31": "815.35900", "2013-12-31": "393.33100", "2012-12-31": "335.16800", "2011-12-31": "293.33800", "2010-12-31": "-205.46500", "2009-12-31": "-57.03200", "2008-12-31": "156.15500", "2007-12-31": "131.63000", "2006-12-31": "243.52100", "2005-12-31": "43.82850"}, "Net Common Equity Issued/Repurchased": {"2020-12-31": "", "2019-12-31": "2533.21000", "2018-12-31": "94.23900", "2017-12-31": "547.78500", "2016-12-31": "1173.65100", "2015-12-31": "817.38900", "2014-12-31": "138.17300", "2013-12-31": "313.33000", "2012-12-31": "233.04800", "2011-12-31": "", "2010-12-31": "288.06600", "2009-12-31": "68.00300", "2008-12-31": "128.33100", "2007-12-31": "135.54700", "2006-12-31": "", "2005-12-31": "125.27230"}, "Net Total Equity Issued/Repurchased": {"2020-12-31": "", "2019-12-31": "2533.21000", "2018-12-31": "94.23900", "2017-12-31": "547.78500", "2016-12-31": "1173.65100", "2015-12-31": "817.38900", "2014-12-31": "138.17300", "2013-12-31": "313.33000", "2012-12-31": "233.04800", "2011-12-31": "", "2010-12-31": "288.06600", "2009-12-31": "68.00300", "2008-12-31": "128.33100", "2007-12-31": "135.54700", "2006-12-31": "", "2005-12-31": "125.27230"}, "Total Common And Preferred Stock Dividends Paid": {"2020-12-31": "", "2019-12-31": "", "2018-12-31": "", "2017-12-31": "", "2016-12-31": "", "2015-12-31": "", "2014-12-31": "", "2013-12-31": "", "2012-12-31": "", "2011-12-31": "", "2010-12-31": "", "2009-12-31": "", "2008-12-31": "", "2007-12-31": "", "2006-12-31": "", "2005-12-31": ""}, "Financial Activities - Other": {"2020-12-31": "", "2019-12-31": "-474.01400", "2018-12-31": "-388.12600", "2017-12-31": "-344.98200", "2016-12-31": "-235.78900", "2015-12-31": "-206.83100", "2014-12-31": "-150.96900", "2013-12-31": "-126.83800", "2012-12-31": "-121.81200", "2011-12-31": "-102.66900", "2010-12-31": "-82.91800", "2009-12-31": "-58.02700", "2008-12-31": "-68.20700", "2007-12-31": "-8.17900", "2006-12-31": "-44.81100", "2005-12-31": "-17.12930"}, "Cash Flow From Financial Activities": {"2020-12-31": "", "2019-12-31": "5041.88400", "2018-12-31": "-345.87000", "2017-12-31": "2070.27700", "2016-12-31": "552.56300", "2015-12-31": "1800.69000", "2014-12-31": "802.56300", "2013-12-31": "579.82300", "2012-12-31": "446.40400", "2011-12-31": "190.66900", "2010-12-31": "-0.31700", "2009-12-31": "-47.05600", "2008-12-31": "216.27900", "2007-12-31": "258.99800", "2006-12-31": "198.71000", "2005-12-31": "151.97160"}, "Net Cash Flow": {"2020-12-31": "", "2019-12-31": "645.56600", "2018-12-31": "650.17800", "2017-12-31": "87.36600", "2016-12-31": "-113.14600", "2015-12-31": "51.00000", "2014-12-31": "98.56200", "2013-12-31": "8.66800", "2012-12-31": "-65.41500", "2011-12-31": "4.31800", "2010-12-31": "83.10100", "2009-12-31": "3.55900", "2008-12-31": "-82.46700", "2007-12-31": "90.11200", "2006-12-31": "-55.01300", "2005-12-31": "-38.42790"}, "Stock-Based Compensation": {"2020-12-31": "", "2019-12-31": "32.18800", "2018-12-31": "16.50500", "2017-12-31": "9.94900", "2016-12-31": "7.94200", "2015-12-31": "11.12200", "2014-12-31": "9.16500", "2013-12-31": "8.83300", "2012-12-31": "7.63700", "2011-12-31": "6.98300", "2010-12-31": "6.61600", "2009-12-31": "5.48800", "2008-12-31": "6.38600", "2007-12-31": "4.48300", "2006-12-31": "3.11600", "2005-12-31": "1.34680"}, "Common Stock Dividends Paid": {"2020-12-31": "", "2019-12-31": "", "2018-12-31": "", "2017-12-31": "", "2016-12-31": "", "2015-12-31": "", "2014-12-31": "", "2013-12-31": "", "2012-12-31": "", "2011-12-31": "", "2010-12-31": "", "2009-12-31": "", "2008-12-31": "", "2007-12-31": "", "2006-12-31": "", "2005-12-31": ""}}, "cash flow statement, quarterly": {"Net Income/Loss": {"2020-12-31": -322.166, "2020-09-30": 131.357, "2020-06-30": 109.652, "2020-03-31": "81.15700", "2019-12-31": 129.923, "2019-09-30": 90.267, "2019-06-30": 79.92, "2019-03-31": "76.29100", "2018-12-31": 78.941, "2018-09-30": 736.476, "2018-06-30": 112.017, "2018-03-31": "91.04300", "2017-12-31": 72.376, "2017-09-30": 76.881, "2017-06-30": 73.796, "2017-03-31": "68.18500", "2016-12-31": 43.245, "2016-09-30": 70.543, "2016-06-30": 53.924, "2016-03-31": "58.22500", "2015-12-31": 58.338, "2015-09-30": 23.124, "2015-06-30": 22.489, "2015-03-31": "35.97600", "2014-12-31": 15.029, "2014-09-30": 28.664, "2014-06-30": -0.204, "2014-03-31": "7.30700", "2013-12-31": 17.898, "2013-09-30": 25.703, "2013-06-30": 27.404, "2013-03-31": "26.21000", "2012-12-31": 28.603, "2012-09-30": 31.507, "2012-06-30": 19.361, "2012-03-31": "10.60600", "2011-12-31": 12.739, "2011-09-30": 0.468, "2011-06-30": 2.683, "2011-03-31": "10.82400", "2010-12-31": 10.629, "2010-09-30": 8.965, "2010-06-30": 6.231, "2010-03-31": "-2.81300", "2009-12-31": 7.407, "2009-09-30": 10.385, "2009-06-30": 7.858, "2009-03-31": "10.71700", "2008-12-31": 1.413, "2008-09-30": 7.037, "2008-06-30": 13.383, "2008-03-31": "10.90000", "2007-12-31": 6.8878, "2007-09-30": 11.6467, "2007-06-30": 11.5115, "2007-03-31": "10.20400", "2006-12-31": 5.5938, "2006-09-30": 8.6735, "2006-06-30": 7.9151, "2006-03-31": "7.97760", "2005-12-31": 6.4446, "2005-09-30": 5.2561, "2005-06-30": 4.3798, "2005-03-31": "3.55990"}, "Total Depreciation And Amortization - Cash Flow": {"2020-12-31": -210.58, "2020-09-30": 75.927, "2020-06-30": 67.61, "2020-03-31": "67.04300", "2019-12-31": 48.096, "2019-09-30": 44.114, "2019-06-30": 36.744, "2019-03-31": "36.50200", "2018-12-31": 36.804, "2018-09-30": 34.02, "2018-06-30": 38.384, "2018-03-31": "39.64700", "2017-12-31": 39.947, "2017-09-30": 35.589, "2017-06-30": 32.393, "2017-03-31": "30.57100", "2016-12-31": 29.695, "2016-09-30": 26.456, "2016-06-30": 25.534, "2016-03-31": "23.52900", "2015-12-31": 22.47, "2015-09-30": 22.108, "2015-06-30": 16.883, "2015-03-31": "16.45100", "2014-12-31": 16.133, "2014-09-30": 14.935, "2014-06-30": 14.178, "2014-03-31": "15.02100", "2013-12-31": 12.753, "2013-09-30": 9.945, "2013-06-30": 9.853, "2013-03-31": "9.82600", "2012-12-31": 9.574, "2012-09-30": 9.828, "2012-06-30": 9.883, "2012-03-31": "9.76500", "2011-12-31": 10.989, "2011-09-30": 11.576, "2011-06-30": 13.131, "2011-03-31": "9.07000", "2010-12-31": 7.827, "2010-09-30": 7.45, "2010-06-30": 8.63, "2010-03-31": "8.51500", "2009-12-31": 8.182, "2009-09-30": 8.047, "2009-06-30": 8.199, "2009-03-31": "7.70500", "2008-12-31": 8.272, "2008-09-30": 11.34, "2008-06-30": 10.872, "2008-03-31": "4.01200", "2007-12-31": 9.3057, "2007-09-30": 3.8667, "2007-06-30": 3.4605, "2007-03-31": "2.67210", "2006-12-31": 2.9758, "2006-09-30": 2.7812, "2006-06-30": 1.8375, "2006-03-31": "1.79250", "2005-12-31": 1.708, "2005-09-30": 1.4557, "2005-06-30": 1.3183, "2005-03-31": "1.01790"}, "Other Non-Cash Items": {"2020-12-31": 84.978, "2020-09-30": -36.18, "2020-06-30": -9.596, "2020-03-31": "-39.20200", "2019-12-31": -55.054, "2019-09-30": -21.61, "2019-06-30": -9.465, "2019-03-31": "-14.73600", "2018-12-31": -4.321, "2018-09-30": -670.195, "2018-06-30": -47.238, "2018-03-31": "-19.48600", "2017-12-31": 0.953, "2017-09-30": -14.329, "2017-06-30": -18.3, "2017-03-31": "-9.83700", "2016-12-31": -2.846, "2016-09-30": -34.006, "2016-06-30": -18.736, "2016-03-31": "-11.98700", "2015-12-31": -14.4, "2015-09-30": -1.123, "2015-06-30": -5.2, "2015-03-31": "-4.79700", "2014-12-31": -5.523, "2014-09-30": 4.738, "2014-06-30": 17.264, "2014-03-31": "20.26900", "2013-12-31": -10.233, "2013-09-30": -3.095, "2013-06-30": 1.497, "2013-03-31": "-2.64700", "2012-12-31": -1.738, "2012-09-30": -11.755, "2012-06-30": 0.456, "2012-03-31": "-0.11400", "2011-12-31": -0.463, "2011-09-30": 11.519, "2011-06-30": -0.676, "2011-03-31": "-2.13800", "2010-12-31": -1.925, "2010-09-30": 0.66, "2010-06-30": -4.722, "2010-03-31": "11.67800", "2009-12-31": 3.646, "2009-09-30": -4.116, "2009-06-30": -0.052, "2009-03-31": "-3.86000", "2008-12-31": -3.835, "2008-09-30": -1.93, "2008-06-30": 0.946, "2008-03-31": "-0.96100", "2007-12-31": -10.8546, "2007-09-30": -0.9553, "2007-06-30": -4.3791, "2007-03-31": "-2.75700", "2006-12-31": 5.7636, "2006-09-30": -3.367, "2006-06-30": -5.9222, "2006-03-31": "2.71960", "2005-12-31": -1.2411, "2005-09-30": -0.455, "2005-06-30": -1.4793, "2005-03-31": "-1.30540"}, "Total Non-Cash Items": {"2020-12-31": -125.602, "2020-09-30": 39.747, "2020-06-30": 58.014, "2020-03-31": "27.84100", "2019-12-31": -6.958, "2019-09-30": 22.504, "2019-06-30": 27.279, "2019-03-31": "21.76600", "2018-12-31": 32.483, "2018-09-30": -636.175, "2018-06-30": -8.854, "2018-03-31": "20.16100", "2017-12-31": 40.9, "2017-09-30": 21.26, "2017-06-30": 14.093, "2017-03-31": "20.73400", "2016-12-31": 26.849, "2016-09-30": -7.55, "2016-06-30": 6.798, "2016-03-31": "11.54200", "2015-12-31": 8.07, "2015-09-30": 20.985, "2015-06-30": 11.683, "2015-03-31": "11.65400", "2014-12-31": 10.61, "2014-09-30": 19.673, "2014-06-30": 31.442, "2014-03-31": "35.29000", "2013-12-31": 2.52, "2013-09-30": 6.85, "2013-06-30": 11.35, "2013-03-31": "7.17900", "2012-12-31": 7.836, "2012-09-30": -1.927, "2012-06-30": 10.339, "2012-03-31": "9.65100", "2011-12-31": 10.526, "2011-09-30": 23.095, "2011-06-30": 12.455, "2011-03-31": "6.93200", "2010-12-31": 5.902, "2010-09-30": 8.11, "2010-06-30": 3.908, "2010-03-31": "20.19300", "2009-12-31": 11.828, "2009-09-30": 3.931, "2009-06-30": 8.147, "2009-03-31": "3.84500", "2008-12-31": 4.437, "2008-09-30": 9.41, "2008-06-30": 11.818, "2008-03-31": "3.05100", "2007-12-31": -1.5489, "2007-09-30": 2.9113, "2007-06-30": -0.9186, "2007-03-31": "-0.08480", "2006-12-31": 8.7394, "2006-09-30": -0.5858, "2006-06-30": -4.0846, "2006-03-31": "4.51200", "2005-12-31": 0.467, "2005-09-30": 1.0006, "2005-06-30": -0.161, "2005-03-31": "-0.28750"}, "Change In Accounts Receivable": {"2020-12-31": 6.189, "2020-09-30": -6.375, "2020-06-30": -1.951, "2020-03-31": "2.13700", "2019-12-31": 12.378, "2019-09-30": 0.793, "2019-06-30": 0.928, "2019-03-31": "-1.19300", "2018-12-31": 56.656, "2018-09-30": -2.873, "2018-06-30": -3.607, "2018-03-31": "-3.67800", "2017-12-31": -6.503, "2017-09-30": -3.827, "2017-06-30": -6.578, "2017-03-31": "-4.20800", "2016-12-31": -0.457, "2016-09-30": -10.047, "2016-06-30": 0.71, "2016-03-31": "-3.45300", "2015-12-31": -0.128, "2015-09-30": 10.214, "2015-06-30": -16.352, "2015-03-31": "0.66700", "2014-12-31": 9.101, "2014-09-30": -3.893, "2014-06-30": -4.39, "2014-03-31": "-4.67400", "2013-12-31": -3.995, "2013-09-30": -0.273, "2013-06-30": -4.393, "2013-03-31": "-4.55000", "2012-12-31": -5.029, "2012-09-30": -4.056, "2012-06-30": -4.389, "2012-03-31": "-3.78700", "2011-12-31": -3.472, "2011-09-30": -2.145, "2011-06-30": 0.3, "2011-03-31": "-0.80100", "2010-12-31": -5.49, "2010-09-30": 0, "2010-06-30": 3.09, "2010-03-31": "-3.09000", "2009-12-31": -2.433, "2009-09-30": 0, "2009-06-30": -2.413, "2009-03-31": "2.41300", "2008-12-31": -4.392, "2008-09-30": 0, "2008-06-30": 0, "2008-03-31": "", "2007-12-31": 0.524, "2007-09-30": 0, "2007-06-30": 0, "2007-03-31": "", "2006-12-31": -0.285, "2006-09-30": 0, "2006-06-30": 0, "2006-03-31": "", "2005-12-31": 0.2174, "2005-09-30": 0.0716, "2005-06-30": -0.4466, "2005-03-31": "-0.32890"}, "Change In Inventories": {"2020-12-31": 0, "2020-09-30": 0, "2020-06-30": 0, "2020-03-31": "", "2019-12-31": 0, "2019-09-30": 0, "2019-06-30": 0, "2019-03-31": "", "2018-12-31": 0, "2018-09-30": 0, "2018-06-30": 0, "2018-03-31": "", "2017-12-31": 0, "2017-09-30": 0, "2017-06-30": 0, "2017-03-31": "", "2016-12-31": 0, "2016-09-30": 0, "2016-06-30": 0, "2016-03-31": "", "2015-12-31": 0, "2015-09-30": 0, "2015-06-30": 0, "2015-03-31": "", "2014-12-31": 0, "2014-09-30": 0, "2014-06-30": 0, "2014-03-31": "", "2013-12-31": 0, "2013-09-30": 0, "2013-06-30": 0, "2013-03-31": "", "2012-12-31": 0, "2012-09-30": 0, "2012-06-30": 0, "2012-03-31": "", "2011-12-31": 0, "2011-09-30": 0, "2011-06-30": 0, "2011-03-31": "", "2010-12-31": 0, "2010-09-30": 0, "2010-06-30": 0, "2010-03-31": "", "2009-12-31": 0, "2009-09-30": 0, "2009-06-30": 0, "2009-03-31": "", "2008-12-31": 0, "2008-09-30": 0, "2008-06-30": 0, "2008-03-31": "", "2007-12-31": 0, "2007-09-30": 0, "2007-06-30": 0, "2007-03-31": "", "2006-12-31": 0, "2006-09-30": 0, "2006-06-30": 0, "2006-03-31": "", "2005-12-31": 0, "2005-09-30": 0, "2005-06-30": 0, "2005-03-31": ""}, "Change In Accounts Payable": {"2020-12-31": 0, "2020-09-30": 0, "2020-06-30": 0, "2020-03-31": "", "2019-12-31": 0, "2019-09-30": 0, "2019-06-30": 0, "2019-03-31": "", "2018-12-31": 0, "2018-09-30": 0, "2018-06-30": 0, "2018-03-31": "", "2017-12-31": 0, "2017-09-30": 0, "2017-06-30": 0, "2017-03-31": "", "2016-12-31": 0, "2016-09-30": 0, "2016-06-30": 0, "2016-03-31": "", "2015-12-31": 0, "2015-09-30": 0, "2015-06-30": 0, "2015-03-31": "", "2014-12-31": 0, "2014-09-30": 0, "2014-06-30": 0, "2014-03-31": "", "2013-12-31": 0, "2013-09-30": 0, "2013-06-30": 0, "2013-03-31": "", "2012-12-31": 0, "2012-09-30": 0, "2012-06-30": 0, "2012-03-31": "", "2011-12-31": 0, "2011-09-30": 0, "2011-06-30": 0, "2011-03-31": "", "2010-12-31": 0, "2010-09-30": 0, "2010-06-30": 0, "2010-03-31": "", "2009-12-31": 0, "2009-09-30": 0, "2009-06-30": 0, "2009-03-31": "", "2008-12-31": 0, "2008-09-30": 0, "2008-06-30": 0, "2008-03-31": "", "2007-12-31": 0, "2007-09-30": 0, "2007-06-30": 0, "2007-03-31": "", "2006-12-31": 0, "2006-09-30": 0, "2006-06-30": 0, "2006-03-31": "", "2005-12-31": 0, "2005-09-30": 0, "2005-06-30": 0, "2005-03-31": ""}, "Change In Assets/Liabilities": {"2020-12-31": -12.117, "2020-09-30": 12.117, "2020-06-30": 0, "2020-03-31": "", "2019-12-31": -3.82, "2019-09-30": 4.409, "2019-06-30": 0, "2019-03-31": "", "2018-12-31": -17.906, "2018-09-30": 0, "2018-06-30": 0, "2018-03-31": "", "2017-12-31": -7.368, "2017-09-30": 0, "2017-06-30": 0, "2017-03-31": "", "2016-12-31": -28.074, "2016-09-30": 0, "2016-06-30": 0, "2016-03-31": "", "2015-12-31": -6.264, "2015-09-30": 0, "2015-06-30": 0, "2015-03-31": "", "2014-12-31": 0.279, "2014-09-30": 0, "2014-06-30": 0, "2014-03-31": "", "2013-12-31": 5.032, "2013-09-30": 0, "2013-06-30": 0, "2013-03-31": "", "2012-12-31": -2.607, "2012-09-30": 0, "2012-06-30": 0, "2012-03-31": "", "2011-12-31": 0.312, "2011-09-30": 0, "2011-06-30": 0, "2011-03-31": "", "2010-12-31": 8.179, "2010-09-30": 0, "2010-06-30": 3.838, "2010-03-31": "-3.83800", "2009-12-31": -0.634, "2009-09-30": 0, "2009-06-30": 0, "2009-03-31": "", "2008-12-31": 8.103, "2008-09-30": 0, "2008-06-30": 0, "2008-03-31": "", "2007-12-31": 3.017, "2007-09-30": 0, "2007-06-30": 0, "2007-03-31": "", "2006-12-31": -2.301, "2006-09-30": 0, "2006-06-30": 0, "2006-03-31": "", "2005-12-31": -0.1295, "2005-09-30": -0.8348, "2005-06-30": 0.7151, "2005-03-31": "-0.46890"}, "Total Change In Assets/Liabilities": {"2020-12-31": 5.55, "2020-09-30": -17.952, "2020-06-30": 14.486, "2020-03-31": "-2.08400", "2019-12-31": 43.775, "2019-09-30": 16.5, "2019-06-30": 3.983, "2019-03-31": "-11.13300", "2018-12-31": 38.541, "2018-09-30": 2.343, "2018-06-30": -1.481, "2018-03-31": "-16.40700", "2017-12-31": 29.001, "2017-09-30": -33.079, "2017-06-30": 2.724, "2017-03-31": "-24.63600", "2016-12-31": 25.455, "2016-09-30": -31.994, "2016-06-30": 7.232, "2016-03-31": "-0.43100", "2015-12-31": 8.404, "2015-09-30": 0.631, "2015-06-30": 11.246, "2015-03-31": "-5.60400", "2014-12-31": 29.06, "2014-09-30": -2.848, "2014-06-30": 0.735, "2014-03-31": "-24.31500", "2013-12-31": 18.82, "2013-09-30": 12.766, "2013-06-30": -9.56, "2013-03-31": "-6.33800", "2012-12-31": -5.839, "2012-09-30": 0.706, "2012-06-30": -8.629, "2012-03-31": "3.09500", "2011-12-31": -11.123, "2011-09-30": 3.873, "2011-06-30": 5.268, "2011-03-31": "1.53000", "2010-12-31": -3.387, "2010-09-30": 3.468, "2010-06-30": 5.741, "2010-03-31": "-6.31000", "2009-12-31": -6.927, "2009-09-30": 6.961, "2009-06-30": -5.15, "2009-03-31": "3.74900", "2008-12-31": 1.249, "2008-09-30": 4.075, "2008-06-30": 3.144, "2008-03-31": "", "2007-12-31": 1.7692, "2007-09-30": 1.9994, "2007-06-30": -13.0826, "2007-03-31": "", "2006-12-31": -0.3334, "2006-09-30": 0.556, "2006-06-30": 4.1744, "2006-03-31": "", "2005-12-31": 1.2845, "2005-09-30": 6.234, "2005-06-30": -2.394, "2005-03-31": "-1.62860"}, "Cash Flow From Operating Activities": {"2020-12-31": -442.218, "2020-09-30": 153.152, "2020-06-30": 182.152, "2020-03-31": "106.91400", "2019-12-31": 166.74, "2019-09-30": 129.271, "2019-06-30": 111.182, "2019-03-31": "86.92400", "2018-12-31": 149.965, "2018-09-30": 102.644, "2018-06-30": 101.682, "2018-03-31": "94.79700", "2017-12-31": 142.277, "2017-09-30": 65.062, "2017-06-30": 90.613, "2017-03-31": "64.28300", "2016-12-31": 95.549, "2016-09-30": 30.999, "2016-06-30": 67.954, "2016-03-31": "69.33600", "2015-12-31": 74.812, "2015-09-30": 44.74, "2015-06-30": 45.418, "2015-03-31": "42.02600", "2014-12-31": 54.699, "2014-09-30": 45.489, "2014-06-30": 31.973, "2014-03-31": "18.28200", "2013-12-31": 39.238, "2013-09-30": 45.319, "2013-06-30": 29.194, "2013-03-31": "27.05100", "2012-12-31": 30.6, "2012-09-30": 30.286, "2012-06-30": 21.071, "2012-03-31": "23.35200", "2011-12-31": 12.142, "2011-09-30": 27.436, "2011-06-30": 20.406, "2011-03-31": "19.28600", "2010-12-31": 13.144, "2010-09-30": 20.543, "2010-06-30": 15.88, "2010-03-31": "11.07000", "2009-12-31": 12.308, "2009-09-30": 21.277, "2009-06-30": 10.855, "2009-03-31": "18.31100", "2008-12-31": 7.099, "2008-09-30": 20.522, "2008-06-30": 28.345, "2008-03-31": "13.95100", "2007-12-31": 7.1081, "2007-09-30": 16.5574, "2007-06-30": -2.4896, "2007-03-31": "10.11910", "2006-12-31": 13.9997, "2006-09-30": 8.6438, "2006-06-30": 8.0049, "2006-03-31": "12.48960", "2005-12-31": 8.196, "2005-09-30": 12.4908, "2005-06-30": 1.8248, "2005-03-31": "1.64380"}, "Net Change In Property, Plant, And Equipment": {"2020-12-31": -50.815, "2020-09-30": -27.949, "2020-06-30": 69.167, "2020-03-31": "9.59700", "2019-12-31": 78.277, "2019-09-30": -53.758, "2019-06-30": 3.449, "2019-03-31": "", "2018-12-31": -21.542, "2018-09-30": 1282.185, "2018-06-30": 58.646, "2018-03-31": "140.41000", "2017-12-31": -20.859, "2017-09-30": -16.924, "2017-06-30": -9.104, "2017-03-31": "37.43700", "2016-12-31": -31.873, "2016-09-30": 71.379, "2016-06-30": 43.353, "2016-03-31": "-55.30100", "2015-12-31": -30.672, "2015-09-30": -10.472, "2015-06-30": -39.542, "2015-03-31": "-46.51100", "2014-12-31": -5.331, "2014-09-30": -7.194, "2014-06-30": -27.234, "2014-03-31": "-27.92500", "2013-12-31": 35.97, "2013-09-30": -30.251, "2013-06-30": -1.236, "2013-03-31": "-13.52600", "2012-12-31": 28.452, "2012-09-30": 2.835, "2012-06-30": 1.438, "2012-03-31": "-6.09300", "2011-12-31": 30.428, "2011-09-30": 175.666, "2011-06-30": -9.83, "2011-03-31": "-178.13300", "2010-12-31": 105.46, "2010-09-30": -0.99, "2010-06-30": -11.991, "2010-03-31": "-1.44800", "2009-12-31": 19.436, "2009-09-30": -3.154, "2009-06-30": -0.355, "2009-03-31": "-1.34800", "2008-12-31": -42.906, "2008-09-30": -42.573, "2008-06-30": -255.125, "2008-03-31": "-0.14700", "2007-12-31": -68.3834, "2007-09-30": -101.5332, "2007-06-30": -23.1267, "2007-03-31": "52.48130", "2006-12-31": -97.8519, "2006-09-30": -62.6789, "2006-06-30": -28.0254, "2006-03-31": "-33.70280", "2005-12-31": -66.0977, "2005-09-30": -27.292, "2005-06-30": -42.6019, "2005-03-31": "-40.45500"}, "Net Change In Intangible Assets": {"2020-12-31": 0, "2020-09-30": 0, "2020-06-30": 0, "2020-03-31": "", "2019-12-31": 0, "2019-09-30": 0, "2019-06-30": 0, "2019-03-31": "", "2018-12-31": 0, "2018-09-30": 0, "2018-06-30": 0, "2018-03-31": "", "2017-12-31": 0, "2017-09-30": 0, "2017-06-30": 0, "2017-03-31": "", "2016-12-31": 0, "2016-09-30": 0, "2016-06-30": 0, "2016-03-31": "", "2015-12-31": 0, "2015-09-30": 0, "2015-06-30": 0, "2015-03-31": "", "2014-12-31": 0, "2014-09-30": 0, "2014-06-30": 0, "2014-03-31": "", "2013-12-31": 0, "2013-09-30": 0, "2013-06-30": 0, "2013-03-31": "", "2012-12-31": 0, "2012-09-30": 0, "2012-06-30": 0, "2012-03-31": "", "2011-12-31": 0, "2011-09-30": 0, "2011-06-30": 0, "2011-03-31": "", "2010-12-31": 0, "2010-09-30": 0, "2010-06-30": 0, "2010-03-31": "", "2009-12-31": 0, "2009-09-30": 0, "2009-06-30": 0, "2009-03-31": "", "2008-12-31": 0, "2008-09-30": 0, "2008-06-30": 0, "2008-03-31": "", "2007-12-31": 0, "2007-09-30": 0, "2007-06-30": 0, "2007-03-31": "", "2006-12-31": 0, "2006-09-30": 0, "2006-06-30": 0, "2006-03-31": "", "2005-12-31": 0, "2005-09-30": 0, "2005-06-30": 0, "2005-03-31": ""}, "Net Acquisitions/Divestitures": {"2020-12-31": 3524.91, "2020-09-30": -1298.608, "2020-06-30": -252.641, "2020-03-31": "-1973.66100", "2019-12-31": -862.502, "2019-09-30": -2300.777, "2019-06-30": -1395.823, "2019-03-31": "-6.49200", "2018-12-31": -264.377, "2018-09-30": -892.89, "2018-06-30": -273.728, "2018-03-31": "", "2017-12-31": -94.719, "2017-09-30": -1551.288, "2017-06-30": -591.777, "2017-03-31": "-9.00400", "2016-12-31": -1469.309, "2016-09-30": -103.109, "2016-06-30": -109.991, "2016-03-31": "", "2015-12-31": -198.671, "2015-09-30": -1457.565, "2015-06-30": -396.933, "2015-03-31": "-165.70000", "2014-12-31": -584.714, "2014-09-30": -67.982, "2014-06-30": 0, "2014-03-31": "-115.00000", "2013-12-31": -283.422, "2013-09-30": -296.5, "2013-06-30": -75, "2013-03-31": "", "2012-12-31": -14.99, "2012-09-30": -210, "2012-06-30": 0, "2012-03-31": "-396.50000", "2011-12-31": -70.05, "2011-09-30": -208.913, "2011-06-30": 0, "2011-03-31": "", "2010-12-31": -137.808, "2010-09-30": 0, "2010-06-30": 0, "2010-03-31": "", "2009-12-31": 0, "2009-09-30": 0, "2009-06-30": 0, "2009-03-31": "", "2008-12-31": 0, "2008-09-30": 0, "2008-06-30": 0, "2008-03-31": "", "2007-12-31": 0, "2007-09-30": 0, "2007-06-30": 0, "2007-03-31": "", "2006-12-31": 0, "2006-09-30": 0, "2006-06-30": 0, "2006-03-31": "", "2005-12-31": 0, "2005-09-30": 0, "2005-06-30": 0, "2005-03-31": ""}, "Net Change In Short-term Investments": {"2020-12-31": -54.76, "2020-09-30": 25.438, "2020-06-30": -42.26, "2020-03-31": "71.58200", "2019-12-31": -80.067, "2019-09-30": -7.623, "2019-06-30": -44.737, "2019-03-31": "-160.73600", "2018-12-31": -75.361, "2018-09-30": -42.68, "2018-06-30": -20.4, "2018-03-31": "", "2017-12-31": -20.988, "2017-09-30": -6.881, "2017-06-30": -67.101, "2017-03-31": "", "2016-12-31": -16.722, "2016-09-30": -45.749, "2016-06-30": -6.952, "2016-03-31": "", "2015-12-31": -7.536, "2015-09-30": -9.803, "2015-06-30": 0, "2015-03-31": "", "2014-12-31": -13.126, "2014-09-30": 0, "2014-06-30": 0, "2014-03-31": "", "2013-12-31": -52.115, "2013-09-30": 0, "2013-06-30": 0, "2013-03-31": "", "2012-12-31": -31.908, "2012-09-30": 0, "2012-06-30": 0, "2012-03-31": "", "2011-12-31": -8.217, "2011-09-30": 0, "2011-06-30": 0, "2011-03-31": "", "2010-12-31": -9.291, "2010-09-30": 0, "2010-06-30": 0, "2010-03-31": "", "2009-12-31": -7.777, "2009-09-30": 0, "2009-06-30": 0, "2009-03-31": "", "2008-12-31": -4.286, "2008-09-30": 0, "2008-06-30": 0, "2008-03-31": "", "2007-12-31": -5.527, "2007-09-30": 0, "2007-06-30": 0, "2007-03-31": "", "2006-12-31": -7.005, "2006-09-30": 0, "2006-06-30": 0, "2006-03-31": "", "2005-12-31": 0, "2005-09-30": 0, "2005-06-30": 0, "2005-03-31": ""}, "Net Change In Long-Term Investments": {"2020-12-31": 65.708, "2020-09-30": -3.644, "2020-06-30": -59.757, "2020-03-31": "-2.30700", "2019-12-31": -19.939, "2019-09-30": -31.157, "2019-06-30": -1.807, "2019-03-31": "-1.18500", "2018-12-31": -37.508, "2018-09-30": -5.059, "2018-06-30": -20.355, "2018-03-31": "-149.08000", "2017-12-31": -0.764, "2017-09-30": -15, "2017-06-30": -2.164, "2017-03-31": "-1.41000", "2016-12-31": -6.118, "2016-09-30": -6.405, "2016-06-30": -96.504, "2016-03-31": "", "2015-12-31": 0.001, "2015-09-30": -6.234, "2015-06-30": -267.467, "2015-03-31": "-80.30100", "2014-12-31": -3.68, "2014-09-30": -3.501, "2014-06-30": -3.216, "2014-03-31": "-2.38500", "2013-12-31": -2.301, "2013-09-30": -0.145, "2013-06-30": -0.5, "2013-03-31": "-0.80000", "2012-12-31": 0, "2012-09-30": 0, "2012-06-30": -1.293, "2012-03-31": "", "2011-12-31": 3.537, "2011-09-30": -4.169, "2011-06-30": 5.234, "2011-03-31": "-5.46300", "2010-12-31": -2.011, "2010-09-30": -1.233, "2010-06-30": -6.045, "2010-03-31": "-2.34800", "2009-12-31": -16.926, "2009-09-30": -0.636, "2009-06-30": -0.6, "2009-03-31": "-5.08100", "2008-12-31": -21.811, "2008-09-30": -6.575, "2008-06-30": -65.301, "2008-03-31": "-1.88000", "2007-12-31": -2.2779, "2007-09-30": -3.4248, "2007-06-30": -28.7198, "2007-03-31": "-94.56350", "2006-12-31": -1.4215, "2006-09-30": -64.7655, "2006-06-30": -1.1, "2006-03-31": "-0.31000", "2005-12-31": -41.0644, "2005-09-30": 0, "2005-06-30": -4.9348, "2005-03-31": ""}, "Net Change In Investments - Total": {"2020-12-31": 10.948, "2020-09-30": 21.794, "2020-06-30": -102.017, "2020-03-31": "69.27500", "2019-12-31": -100.006, "2019-09-30": -38.78, "2019-06-30": -46.544, "2019-03-31": "-161.92100", "2018-12-31": -112.869, "2018-09-30": -47.739, "2018-06-30": -40.755, "2018-03-31": "-149.08000", "2017-12-31": -21.752, "2017-09-30": -21.881, "2017-06-30": -69.265, "2017-03-31": "-1.41000", "2016-12-31": -22.84, "2016-09-30": -52.154, "2016-06-30": -103.456, "2016-03-31": "", "2015-12-31": -7.535, "2015-09-30": -16.037, "2015-06-30": -267.467, "2015-03-31": "-80.30100", "2014-12-31": -16.806, "2014-09-30": -3.501, "2014-06-30": -3.216, "2014-03-31": "-2.38500", "2013-12-31": -54.416, "2013-09-30": -0.145, "2013-06-30": -0.5, "2013-03-31": "-0.80000", "2012-12-31": -31.908, "2012-09-30": 0, "2012-06-30": -1.293, "2012-03-31": "", "2011-12-31": -4.68, "2011-09-30": -4.169, "2011-06-30": 5.234, "2011-03-31": "-5.46300", "2010-12-31": -11.302, "2010-09-30": -1.233, "2010-06-30": -6.045, "2010-03-31": "-2.34800", "2009-12-31": -24.703, "2009-09-30": -0.636, "2009-06-30": -0.6, "2009-03-31": "-5.08100", "2008-12-31": -26.097, "2008-09-30": -6.575, "2008-06-30": -65.301, "2008-03-31": "-1.88000", "2007-12-31": -7.8049, "2007-09-30": -3.4248, "2007-06-30": -28.7198, "2007-03-31": "-94.56350", "2006-12-31": -8.4265, "2006-09-30": -64.7655, "2006-06-30": -1.1, "2006-03-31": "-0.31000", "2005-12-31": -41.0644, "2005-09-30": 0, "2005-06-30": -4.9348, "2005-03-31": ""}, "Investing Activities - Other": {"2020-12-31": -738.036, "2020-09-30": 738.036, "2020-06-30": 0, "2020-03-31": "", "2019-12-31": 0, "2019-09-30": 0.5, "2019-06-30": 0, "2019-03-31": "0.42000", "2018-12-31": 354.145, "2018-09-30": 268.91, "2018-06-30": 261.128, "2018-03-31": "1.73400", "2017-12-31": 1.72, "2017-09-30": 1.572, "2017-06-30": 1.955, "2017-03-31": "3.23300", "2016-12-31": 101.948, "2016-09-30": 99.308, "2016-06-30": 703.547, "2016-03-31": "1.95400", "2015-12-31": 73.745, "2015-09-30": 343.088, "2015-06-30": 353.486, "2015-03-31": "1.46600", "2014-12-31": 2.884, "2014-09-30": 1.552, "2014-06-30": 5.36, "2014-03-31": "1.46900", "2013-12-31": 2.555, "2013-09-30": 1.401, "2013-06-30": 1.203, "2013-03-31": "2.09000", "2012-12-31": 1.424, "2012-09-30": 1.541, "2012-06-30": 6.782, "2012-03-31": "1.18400", "2011-12-31": 1.391, "2011-09-30": 1.429, "2011-06-30": 0.889, "2011-03-31": "0.58000", "2010-12-31": 43.954, "2010-09-30": 0.65, "2010-06-30": 40.635, "2010-03-31": "5.24700", "2009-12-31": 1.032, "2009-09-30": 0.248, "2009-06-30": 2.789, "2009-03-31": "0.23600", "2008-12-31": 44.112, "2008-09-30": 18.902, "2008-06-30": 12.472, "2008-03-31": "-3.54500", "2007-12-31": 25.3921, "2007-09-30": 0.8721, "2007-06-30": 40.8994, "2007-03-31": "7.73040", "2006-12-31": 0, "2006-09-30": 0, "2006-06-30": 0, "2006-03-31": "", "2005-12-31": 0.165, "2005-09-30": 0, "2005-06-30": 0, "2005-03-31": "7.72600"}, "Cash Flow From Investing Activities": {"2020-12-31": 2747.007, "2020-09-30": -566.727, "2020-06-30": -285.491, "2020-03-31": "-1894.78900", "2019-12-31": -884.231, "2019-09-30": -2392.815, "2019-06-30": -1438.918, "2019-03-31": "-167.99300", "2018-12-31": -44.643, "2018-09-30": 610.466, "2018-06-30": 5.291, "2018-03-31": "-6.93600", "2017-12-31": -135.61, "2017-09-30": -1588.521, "2017-06-30": -668.191, "2017-03-31": "30.25600", "2016-12-31": -1422.074, "2016-09-30": 15.424, "2016-06-30": 533.453, "2016-03-31": "-53.34700", "2015-12-31": -163.133, "2015-09-30": -1140.986, "2015-06-30": -350.456, "2015-03-31": "-291.04600", "2014-12-31": -603.967, "2014-09-30": -77.125, "2014-06-30": -25.09, "2014-03-31": "-143.84100", "2013-12-31": -299.313, "2013-09-30": -325.495, "2013-06-30": -75.533, "2013-03-31": "-12.23600", "2012-12-31": -17.022, "2012-09-30": -205.624, "2012-06-30": 6.927, "2012-03-31": "-401.40900", "2011-12-31": -42.911, "2011-09-30": -35.987, "2011-06-30": -3.707, "2011-03-31": "-183.01600", "2010-12-31": 0.304, "2010-09-30": -1.573, "2010-06-30": 22.599, "2010-03-31": "1.45100", "2009-12-31": -4.235, "2009-09-30": -3.542, "2009-06-30": 1.834, "2009-03-31": "-6.19300", "2008-12-31": -24.891, "2008-09-30": -30.246, "2008-06-30": -307.954, "2008-03-31": "-5.57200", "2007-12-31": -50.7962, "2007-09-30": -104.0858, "2007-06-30": -10.9472, "2007-03-31": "-34.35180", "2006-12-31": -106.2784, "2006-09-30": -127.4444, "2006-06-30": -29.1254, "2006-03-31": "-34.01280", "2005-12-31": -106.9971, "2005-09-30": -27.2919, "2005-06-30": -47.5367, "2005-03-31": "-32.72910"}, "Net Long-Term Debt": {"2020-12-31": -1140.95, "2020-09-30": 225, "2020-06-30": 0, "2020-03-31": "915.95000", "2019-12-31": 832.859, "2019-09-30": 1299.613, "2019-06-30": 841.119, "2019-03-31": "9.09700", "2018-12-31": 6.398, "2018-09-30": -53.763, "2018-06-30": 28.972, "2018-03-31": "-33.59000", "2017-12-31": 45.326, "2017-09-30": 1582.058, "2017-06-30": -129.989, "2017-03-31": "370.07900", "2016-12-31": 229.922, "2016-09-30": -40.074, "2016-06-30": -620.073, "2016-03-31": "44.92600", "2015-12-31": 13.05, "2015-09-30": 1096.636, "2015-06-30": 365.517, "2015-03-31": "-285.07100", "2014-12-31": 595.556, "2014-09-30": -0.065, "2014-06-30": 169.936, "2014-03-31": "49.93200", "2013-12-31": 331.516, "2013-09-30": 157.939, "2013-06-30": 28.94, "2013-03-31": "-125.06400", "2012-12-31": -0.061, "2012-09-30": 124.943, "2012-06-30": -0.056, "2012-03-31": "210.34200", "2011-12-31": 41.548, "2011-09-30": -80.074, "2011-06-30": 240.409, "2011-03-31": "91.45500", "2010-12-31": -0.44, "2010-09-30": -12.229, "2010-06-30": -180.511, "2010-03-31": "-12.28500", "2009-12-31": 9.675, "2009-09-30": 2.699, "2009-06-30": -1.101, "2009-03-31": "-68.30500", "2008-12-31": 32.617, "2008-09-30": 37.76, "2008-06-30": 151.108, "2008-03-31": "-65.33000", "2007-12-31": 99.9383, "2007-09-30": 100.3537, "2007-06-30": 5.5, "2007-03-31": "-74.16200", "2006-12-31": 114.2298, "2006-09-30": 128.3225, "2006-06-30": 25.9423, "2006-03-31": "-24.97360", "2005-12-31": 59.4618, "2005-09-30": -32.8375, "2005-06-30": -0.9375, "2005-03-31": "18.14170"}, "Net Current Debt": {"2020-12-31": 0, "2020-09-30": 0, "2020-06-30": 0, "2020-03-31": "", "2019-12-31": 0, "2019-09-30": 0, "2019-06-30": 0, "2019-03-31": "", "2018-12-31": 0, "2018-09-30": 0, "2018-06-30": 0, "2018-03-31": "", "2017-12-31": 0, "2017-09-30": 0, "2017-06-30": 0, "2017-03-31": "", "2016-12-31": 0, "2016-09-30": 0, "2016-06-30": 0, "2016-03-31": "", "2015-12-31": 0, "2015-09-30": 0, "2015-06-30": 0, "2015-03-31": "", "2014-12-31": 0, "2014-09-30": 0, "2014-06-30": 0, "2014-03-31": "", "2013-12-31": 0, "2013-09-30": 0, "2013-06-30": 0, "2013-03-31": "", "2012-12-31": 0, "2012-09-30": 0, "2012-06-30": 0, "2012-03-31": "", "2011-12-31": 0, "2011-09-30": 0, "2011-06-30": 0, "2011-03-31": "", "2010-12-31": 0, "2010-09-30": 0, "2010-06-30": 0, "2010-03-31": "", "2009-12-31": 0, "2009-09-30": 0, "2009-06-30": 0, "2009-03-31": "", "2008-12-31": 0, "2008-09-30": 0, "2008-06-30": 0, "2008-03-31": "", "2007-12-31": 0, "2007-09-30": 0, "2007-06-30": 0, "2007-03-31": "", "2006-12-31": 0, "2006-09-30": 0, "2006-06-30": 0, "2006-03-31": "", "2005-12-31": 0, "2005-09-30": 0, "2005-06-30": 0, "2005-03-31": ""}, "Debt Issuance/Retirement Net - Total": {"2020-12-31": -1140.95, "2020-09-30": 225, "2020-06-30": 0, "2020-03-31": "915.95000", "2019-12-31": 832.859, "2019-09-30": 1299.613, "2019-06-30": 841.119, "2019-03-31": "9.09700", "2018-12-31": 6.398, "2018-09-30": -53.763, "2018-06-30": 28.972, "2018-03-31": "-33.59000", "2017-12-31": 45.326, "2017-09-30": 1582.058, "2017-06-30": -129.989, "2017-03-31": "370.07900", "2016-12-31": 229.922, "2016-09-30": -40.074, "2016-06-30": -620.073, "2016-03-31": "44.92600", "2015-12-31": 13.05, "2015-09-30": 1096.636, "2015-06-30": 365.517, "2015-03-31": "-285.07100", "2014-12-31": 595.556, "2014-09-30": -0.065, "2014-06-30": 169.936, "2014-03-31": "49.93200", "2013-12-31": 331.516, "2013-09-30": 157.939, "2013-06-30": 28.94, "2013-03-31": "-125.06400", "2012-12-31": -0.061, "2012-09-30": 124.943, "2012-06-30": -0.056, "2012-03-31": "210.34200", "2011-12-31": 41.548, "2011-09-30": -80.074, "2011-06-30": 240.409, "2011-03-31": "91.45500", "2010-12-31": -0.44, "2010-09-30": -12.229, "2010-06-30": -180.511, "2010-03-31": "-12.28500", "2009-12-31": 9.675, "2009-09-30": 2.699, "2009-06-30": -1.101, "2009-03-31": "-68.30500", "2008-12-31": 32.617, "2008-09-30": 37.76, "2008-06-30": 151.108, "2008-03-31": "-65.33000", "2007-12-31": 99.9383, "2007-09-30": 100.3537, "2007-06-30": 5.5, "2007-03-31": "-74.16200", "2006-12-31": 114.2298, "2006-09-30": 128.3225, "2006-06-30": 25.9423, "2006-03-31": "-24.97360", "2005-12-31": 59.4618, "2005-09-30": -32.8375, "2005-06-30": -0.9375, "2005-03-31": "18.14170"}, "Net Common Equity Issued/Repurchased": {"2020-12-31": -294.374, "2020-09-30": 124.587, "2020-06-30": 108.105, "2020-03-31": "61.68200", "2019-12-31": 1025.847, "2019-09-30": 1108.01, "2019-06-30": 45.323, "2019-03-31": "354.03000", "2018-12-31": 94.239, "2018-09-30": 0, "2018-06-30": 0.094, "2018-03-31": "-0.09400", "2017-12-31": -0.27, "2017-09-30": -0.008, "2017-06-30": 548.063, "2017-03-31": "", "2016-12-31": 149.563, "2016-09-30": 979.782, "2016-06-30": 44.306, "2016-03-31": "", "2015-12-31": -0.144, "2015-09-30": 337.631, "2015-06-30": -0.064, "2015-03-31": "479.96600", "2014-12-31": 9.903, "2014-09-30": -0.062, "2014-06-30": 15.749, "2014-03-31": "112.58300", "2013-12-31": 0.011, "2013-09-30": 140.466, "2013-06-30": -0.061, "2013-03-31": "172.91400", "2012-12-31": 12.941, "2012-09-30": -0.053, "2012-06-30": -0.033, "2012-03-31": "220.19300", "2011-12-31": 0, "2011-09-30": 0, "2011-06-30": 0, "2011-03-31": "", "2010-12-31": 288.066, "2010-09-30": -288.47, "2010-06-30": 278.915, "2010-03-31": "9.55500", "2009-12-31": 68.003, "2009-09-30": -67.848, "2009-06-30": -0.042, "2009-03-31": "67.89000", "2008-12-31": 0.081, "2008-09-30": 0.221, "2008-06-30": -0.573, "2008-03-31": "128.60200", "2007-12-31": -0.2624, "2007-09-30": 0, "2007-06-30": -0.2922, "2007-03-31": "136.10160", "2006-12-31": 0, "2006-09-30": 0, "2006-06-30": 0, "2006-03-31": "", "2005-12-31": -0.9521, "2005-09-30": 126.2994, "2005-06-30": -0.075, "2005-03-31": ""}, "Net Total Equity Issued/Repurchased": {"2020-12-31": -294.374, "2020-09-30": 124.587, "2020-06-30": 108.105, "2020-03-31": "61.68200", "2019-12-31": 1025.847, "2019-09-30": 1108.01, "2019-06-30": 45.323, "2019-03-31": "354.03000", "2018-12-31": 94.239, "2018-09-30": 0, "2018-06-30": 0.094, "2018-03-31": "-0.09400", "2017-12-31": -0.27, "2017-09-30": -0.008, "2017-06-30": 548.063, "2017-03-31": "", "2016-12-31": 149.563, "2016-09-30": 979.782, "2016-06-30": 44.306, "2016-03-31": "", "2015-12-31": -0.144, "2015-09-30": 337.631, "2015-06-30": -0.064, "2015-03-31": "479.96600", "2014-12-31": 9.903, "2014-09-30": -0.062, "2014-06-30": 15.749, "2014-03-31": "112.58300", "2013-12-31": 0.011, "2013-09-30": 140.466, "2013-06-30": -0.061, "2013-03-31": "172.91400", "2012-12-31": 12.941, "2012-09-30": -0.053, "2012-06-30": -0.033, "2012-03-31": "220.19300", "2011-12-31": 0, "2011-09-30": 0, "2011-06-30": 0, "2011-03-31": "", "2010-12-31": 288.066, "2010-09-30": -288.47, "2010-06-30": 278.915, "2010-03-31": "9.55500", "2009-12-31": 68.003, "2009-09-30": -67.848, "2009-06-30": -0.042, "2009-03-31": "67.89000", "2008-12-31": 0.081, "2008-09-30": 0.221, "2008-06-30": -0.573, "2008-03-31": "128.60200", "2007-12-31": -0.2624, "2007-09-30": 0, "2007-06-30": -0.2922, "2007-03-31": "136.10160", "2006-12-31": 0, "2006-09-30": 0, "2006-06-30": 0, "2006-03-31": "", "2005-12-31": -0.9521, "2005-09-30": 126.2994, "2005-06-30": -0.075, "2005-03-31": ""}, "Total Common And Preferred Stock Dividends Paid": {"2020-12-31": 0, "2020-09-30": 0, "2020-06-30": 0, "2020-03-31": "", "2019-12-31": 0, "2019-09-30": 0, "2019-06-30": 0, "2019-03-31": "", "2018-12-31": 0, "2018-09-30": 0, "2018-06-30": 0, "2018-03-31": "", "2017-12-31": 0, "2017-09-30": 0, "2017-06-30": 0, "2017-03-31": "", "2016-12-31": 0, "2016-09-30": 0, "2016-06-30": 0, "2016-03-31": "", "2015-12-31": 0, "2015-09-30": 0, "2015-06-30": 0, "2015-03-31": "", "2014-12-31": 0, "2014-09-30": 0, "2014-06-30": 0, "2014-03-31": "", "2013-12-31": 0, "2013-09-30": 0, "2013-06-30": 0, "2013-03-31": "", "2012-12-31": 0, "2012-09-30": 0, "2012-06-30": 0, "2012-03-31": "", "2011-12-31": 0, "2011-09-30": 0, "2011-06-30": 0, "2011-03-31": "", "2010-12-31": 0, "2010-09-30": 0, "2010-06-30": 0, "2010-03-31": "", "2009-12-31": 0, "2009-09-30": 0, "2009-06-30": 0, "2009-03-31": "", "2008-12-31": 0, "2008-09-30": 0, "2008-06-30": 0, "2008-03-31": "", "2007-12-31": 0, "2007-09-30": 0, "2007-06-30": 0, "2007-03-31": "", "2006-12-31": 0, "2006-09-30": 0, "2006-06-30": 0, "2006-03-31": "", "2005-12-31": 0, "2005-09-30": 0, "2005-06-30": 0, "2005-03-31": ""}, "Financial Activities - Other": {"2020-12-31": 417.564, "2020-09-30": -135.819, "2020-06-30": -139.332, "2020-03-31": "-142.41300", "2019-12-31": -149.803, "2019-09-30": -125.682, "2019-06-30": -106.11, "2019-03-31": "-92.41900", "2018-12-31": -87.149, "2018-09-30": -89.835, "2018-06-30": -121.489, "2018-03-31": "-89.65300", "2017-12-31": -70.258, "2017-09-30": -112.279, "2017-06-30": -75.349, "2017-03-31": "-87.09600", "2016-12-31": -58.196, "2016-09-30": -73.933, "2016-06-30": -46.456, "2016-03-31": "-57.20400", "2015-12-31": -55.371, "2015-09-30": -51.858, "2015-06-30": -45.696, "2015-03-31": "-53.90600", "2014-12-31": -42.065, "2014-09-30": -30.509, "2014-06-30": -45.756, "2014-03-31": "-32.63900", "2013-12-31": -38.217, "2013-09-30": -32.177, "2013-06-30": -32.143, "2013-03-31": "-24.30100", "2012-12-31": -25.31, "2012-09-30": -41.028, "2012-06-30": -26.77, "2012-03-31": "-28.70400", "2011-12-31": -22.421, "2011-09-30": -24.913, "2011-06-30": -36.212, "2011-03-31": "-19.12300", "2010-12-31": -309.147, "2010-09-30": 266.573, "2010-06-30": -26.044, "2010-03-31": "-14.30000", "2009-12-31": -83.538, "2009-09-30": 52.586, "2009-06-30": -14.833, "2009-03-31": "-12.24200", "2008-12-31": -12.769, "2008-09-30": -22.323, "2008-06-30": -14.251, "2008-03-31": "-18.86400", "2007-12-31": 30.5066, "2007-09-30": -13.6937, "2007-06-30": -15.1788, "2007-03-31": "-9.81310", "2006-12-31": -19.0353, "2006-09-30": -10.1685, "2006-06-30": -8.4128, "2006-03-31": "-7.19440", "2005-12-31": -1.4197, "2005-09-30": -12.1918, "2005-06-30": -0.9709, "2005-03-31": "-2.54690"}, "Cash Flow From Financial Activities": {"2020-12-31": -1017.76, "2020-09-30": 213.768, "2020-06-30": -31.227, "2020-03-31": "835.21900", "2019-12-31": 1708.903, "2019-09-30": 2281.941, "2019-06-30": 780.332, "2019-03-31": "270.70800", "2018-12-31": 13.488, "2018-09-30": -143.598, "2018-06-30": -92.423, "2018-03-31": "-123.33700", "2017-12-31": -25.202, "2017-09-30": 1469.771, "2017-06-30": 342.725, "2017-03-31": "282.98300", "2016-12-31": 321.289, "2016-09-30": 865.775, "2016-06-30": -622.223, "2016-03-31": "-12.27800", "2015-12-31": -42.465, "2015-09-30": 1382.409, "2015-06-30": 319.757, "2015-03-31": "140.98900", "2014-12-31": 563.394, "2014-09-30": -30.636, "2014-06-30": 139.929, "2014-03-31": "129.87600", "2013-12-31": 293.31, "2013-09-30": 266.228, "2013-06-30": -3.264, "2013-03-31": "23.54900", "2012-12-31": -12.43, "2012-09-30": 83.862, "2012-06-30": -26.859, "2012-03-31": "401.83100", "2011-12-31": 19.127, "2011-09-30": -104.987, "2011-06-30": 204.197, "2011-03-31": "72.33200", "2010-12-31": -21.521, "2010-09-30": -34.126, "2010-06-30": 72.36, "2010-03-31": "-17.03000", "2009-12-31": -5.86, "2009-09-30": -12.563, "2009-06-30": -15.976, "2009-03-31": "-12.65700", "2008-12-31": 19.929, "2008-09-30": 15.658, "2008-06-30": 136.284, "2008-03-31": "44.40800", "2007-12-31": 130.1825, "2007-09-30": 86.66, "2007-06-30": -9.9711, "2007-03-31": "52.12660", "2006-12-31": 95.1945, "2006-09-30": 118.1541, "2006-06-30": 17.5294, "2006-03-31": "-32.16800", "2005-12-31": 57.0902, "2005-09-30": 81.27, "2005-06-30": -1.9834, "2005-03-31": "15.59480"}, "Net Cash Flow": {"2020-12-31": 1277.913, "2020-09-30": -190.846, "2020-06-30": -125.254, "2020-03-31": "-961.81300", "2019-12-31": 1001.579, "2019-09-30": 9.802, "2019-06-30": -544.004, "2019-03-31": "178.18900", "2018-12-31": 109.905, "2018-09-30": 564.676, "2018-06-30": 8.299, "2018-03-31": "-32.70200", "2017-12-31": -16.751, "2017-09-30": -48.14, "2017-06-30": -215.182, "2017-03-31": "367.43900", "2016-12-31": -1012.522, "2016-09-30": 913.356, "2016-06-30": -24.849, "2016-03-31": "10.86900", "2015-12-31": -136.694, "2015-09-30": 286.331, "2015-06-30": 12.356, "2015-03-31": "-110.99300", "2014-12-31": 11.729, "2014-09-30": -64.211, "2014-06-30": 146.714, "2014-03-31": "4.33000", "2013-12-31": 33.855, "2013-09-30": -13.948, "2013-06-30": -49.603, "2013-03-31": "38.36400", "2012-12-31": 1.148, "2012-09-30": -91.476, "2012-06-30": 1.139, "2012-03-31": "23.77400", "2011-12-31": -11.642, "2011-09-30": -113.538, "2011-06-30": 220.896, "2011-03-31": "-91.39800", "2010-12-31": -8.073, "2010-09-30": -15.156, "2010-06-30": 110.839, "2010-03-31": "-4.50900", "2009-12-31": 2.213, "2009-09-30": 5.172, "2009-06-30": -3.287, "2009-03-31": "-0.53900", "2008-12-31": 2.137, "2008-09-30": 5.934, "2008-06-30": -143.325, "2008-03-31": "52.78700", "2007-12-31": 86.4945, "2007-09-30": -0.8685, "2007-06-30": -23.4079, "2007-03-31": "27.89390", "2006-12-31": 2.9158, "2006-09-30": -0.6466, "2006-06-30": -3.591, "2006-03-31": "-53.69120", "2005-12-31": -41.7109, "2005-09-30": 66.4688, "2005-06-30": -47.6954, "2005-03-31": "-15.49040"}, "Stock-Based Compensation": {"2020-12-31": -34.6, "2020-09-30": 12.372, "2020-06-30": 12.192, "2020-03-31": "10.03600", "2019-12-31": 10.069, "2019-09-30": 9.087, "2019-06-30": 6.317, "2019-03-31": "6.71500", "2018-12-31": 4.81, "2018-09-30": 4.97, "2018-06-30": 4.869, "2018-03-31": "1.85600", "2017-12-31": 2.801, "2017-09-30": 2.771, "2017-06-30": 2.406, "2017-03-31": "1.97100", "2016-12-31": 2.11, "2016-09-30": 1.68, "2016-06-30": 2.132, "2016-03-31": "2.02000", "2015-12-31": 2.739, "2015-09-30": 2.738, "2015-06-30": 2.82, "2015-03-31": "2.82500", "2014-12-31": 2.594, "2014-09-30": 2.138, "2014-06-30": 2.146, "2014-03-31": "2.28700", "2013-12-31": 2.814, "2013-09-30": 1.815, "2013-06-30": 2.285, "2013-03-31": "1.91900", "2012-12-31": 2.207, "2012-09-30": 1.793, "2012-06-30": 1.779, "2012-03-31": "1.85800", "2011-12-31": 1.69, "2011-09-30": 1.632, "2011-06-30": 1.823, "2011-03-31": "1.83800", "2010-12-31": 1.366, "2010-09-30": 1.366, "2010-06-30": 2.355, "2010-03-31": "1.52900", "2009-12-31": 1.206, "2009-09-30": 1.386, "2009-06-30": 1.409, "2009-03-31": "1.48700", "2008-12-31": 1.256, "2008-09-30": 1.462, "2008-06-30": 1.795, "2008-03-31": "1.87300", "2007-12-31": 1.8084, "2007-09-30": 1.0879, "2007-06-30": 0.7915, "2007-03-31": "0.79520", "2006-12-31": 0.7532, "2006-09-30": 0.7798, "2006-06-30": 0.9774, "2006-03-31": "0.60560", "2005-12-31": 0.6627, "2005-09-30": 0.5613, "2005-06-30": 0.0478, "2005-03-31": "0.07500"}, "Common Stock Dividends Paid": {"2020-12-31": 0, "2020-09-30": 0, "2020-06-30": 0, "2020-03-31": "", "2019-12-31": 0, "2019-09-30": 0, "2019-06-30": 0, "2019-03-31": "", "2018-12-31": 0, "2018-09-30": 0, "2018-06-30": 0, "2018-03-31": "", "2017-12-31": 0, "2017-09-30": 0, "2017-06-30": 0, "2017-03-31": "", "2016-12-31": 0, "2016-09-30": 0, "2016-06-30": 0, "2016-03-31": "", "2015-12-31": 0, "2015-09-30": 0, "2015-06-30": 0, "2015-03-31": "", "2014-12-31": 0, "2014-09-30": 0, "2014-06-30": 0, "2014-03-31": "", "2013-12-31": 0, "2013-09-30": 0, "2013-06-30": 0, "2013-03-31": "", "2012-12-31": 0, "2012-09-30": 0, "2012-06-30": 0, "2012-03-31": "", "2011-12-31": 0, "2011-09-30": 0, "2011-06-30": 0, "2011-03-31": "", "2010-12-31": 0, "2010-09-30": 0, "2010-06-30": 0, "2010-03-31": "", "2009-12-31": 0, "2009-09-30": 0, "2009-06-30": 0, "2009-03-31": "", "2008-12-31": 0, "2008-09-30": 0, "2008-06-30": 0, "2008-03-31": "", "2007-12-31": 0, "2007-09-30": 0, "2007-06-30": 0, "2007-03-31": "", "2006-12-31": 0, "2006-09-30": 0, "2006-06-30": 0, "2006-03-31": "", "2005-12-31": 0, "2005-09-30": 0, "2005-06-30": 0, "2005-03-31": ""}}, "financial ratios": {"Current Ratio": {"2019-12-31": "", "2018-12-31": "", "2017-12-31": "", "2016-12-31": "", "2015-12-31": "", "2014-12-31": "", "2013-12-31": "", "2012-12-31": "", "2011-12-31": "", "2010-12-31": "", "2009-12-31": "", "2008-12-31": "", "2007-12-31": "", "2006-12-31": "", "2005-12-31": ""}, "Long-term Debt / Capital": {"2019-12-31": "0.49980", "2018-12-31": "0.46960", "2017-12-31": "0.56090", "2016-12-31": "0.47210", "2015-12-31": "0.61190", "2014-12-31": "0.61140", "2013-12-31": "0.51400", "2012-12-31": "0.49410", "2011-12-31": "0.45420", "2010-12-31": "0.29140", "2009-12-31": "0.46200", "2008-12-31": "0.50170", "2007-12-31": "0.48360", "2006-12-31": "0.50320", "2005-12-31": "0.22000"}, "Debt/Equity Ratio": {"2019-12-31": "0.99940", "2018-12-31": "0.88520", "2017-12-31": "1.27730", "2016-12-31": "0.89430", "2015-12-31": "1.57670", "2014-12-31": "1.57350", "2013-12-31": "1.05760", "2012-12-31": "0.97650", "2011-12-31": "0.83230", "2010-12-31": "0.41130", "2009-12-31": "0.85870", "2008-12-31": "1.00670", "2007-12-31": "0.93650", "2006-12-31": "1.01280", "2005-12-31": "0.28200"}, "Gross Margin": {"2019-12-31": "", "2018-12-31": "", "2017-12-31": "", "2016-12-31": "", "2015-12-31": "", "2014-12-31": "", "2013-12-31": "", "2012-12-31": "", "2011-12-31": "", "2010-12-31": "", "2009-12-31": "", "2008-12-31": "", "2007-12-31": "", "2006-12-31": "", "2005-12-31": ""}, "Operating Margin": {"2019-12-31": "37.76880", "2018-12-31": "36.95470", "2017-12-31": "43.79310", "2016-12-31": "33.64050", "2015-12-31": "59.57260", "2014-12-31": "45.74000", "2013-12-31": "63.30860", "2012-12-31": "65.53990", "2011-12-31": "53.03430", "2010-12-31": "39.07560", "2009-12-31": "59.23730", "2008-12-31": "56.90480", "2007-12-31": "68.17920", "2006-12-31": "60.12140", "2005-12-31": "59.93860"}, "EBIT Margin": {"2019-12-31": "37.76880", "2018-12-31": "36.95470", "2017-12-31": "43.79310", "2016-12-31": "33.64050", "2015-12-31": "59.57260", "2014-12-31": "45.74000", "2013-12-31": "63.30860", "2012-12-31": "65.53990", "2011-12-31": "53.03430", "2010-12-31": "39.07560", "2009-12-31": "59.23730", "2008-12-31": "56.90480", "2007-12-31": "68.17920", "2006-12-31": "60.12140", "2005-12-31": "59.93860"}, "EBITDA Margin": {"2019-12-31": "57.13860", "2018-12-31": "55.92870", "2017-12-31": "63.44560", "2016-12-31": "53.08360", "2015-12-31": "77.20460", "2014-12-31": "65.02340", "2013-12-31": "80.78200", "2012-12-31": "85.24970", "2011-12-31": "86.86540", "2010-12-31": "69.08930", "2009-12-31": "87.41470", "2008-12-31": "89.12300", "2007-12-31": "91.78340", "2006-12-31": "85.90780", "2005-12-31": "77.99920"}, "Pre-Tax Profit Margin": {"2019-12-31": "43.75810", "2018-12-31": "129.93950", "2017-12-31": "41.70570", "2016-12-31": "40.49010", "2015-12-31": "32.00660", "2014-12-31": "16.36250", "2013-12-31": "37.12100", "2012-12-31": "36.78940", "2011-12-31": "9.25620", "2010-12-31": "2.80400", "2009-12-31": "26.25880", "2008-12-31": "17.36250", "2007-12-31": "32.51780", "2006-12-31": "49.39980", "2005-12-31": "61.81020"}, "Net Profit Margin": {"2019-12-31": "43.86390", "2018-12-31": "129.59290", "2017-12-31": "41.12030", "2016-12-31": "41.58800", "2015-12-31": "31.59200", "2014-12-31": "16.16540", "2013-12-31": "39.99250", "2012-12-31": "45.37540", "2011-12-31": "20.05410", "2010-12-31": "21.21100", "2009-12-31": "31.85780", "2008-12-31": "30.54080", "2007-12-31": "48.84210", "2006-12-31": "82.85030", "2005-12-31": "64.49490"}, "Asset Turnover": {"2019-12-31": "0.05900", "2018-12-31": "0.08870", "2017-12-31": "0.07810", "2016-12-31": "0.08430", "2015-12-31": "0.07880", "2014-12-31": "0.08400", "2013-12-31": "0.08350", "2012-12-31": "0.09090", "2011-12-31": "0.08160", "2010-12-31": "0.08010", "2009-12-31": "0.08710", "2008-12-31": "0.08160", "2007-12-31": "0.07780", "2006-12-31": "0.04890", "2005-12-31": "0.06150"}, "Inventory Turnover Ratio": {"2019-12-31": "", "2018-12-31": "", "2017-12-31": "", "2016-12-31": "", "2015-12-31": "", "2014-12-31": "", "2013-12-31": "", "2012-12-31": "", "2011-12-31": "", "2010-12-31": "", "2009-12-31": "", "2008-12-31": "", "2007-12-31": "", "2006-12-31": "", "2005-12-31": ""}, "Receiveable Turnover": {"2019-12-31": "", "2018-12-31": "", "2017-12-31": "", "2016-12-31": "", "2015-12-31": "", "2014-12-31": "", "2013-12-31": "", "2012-12-31": "", "2011-12-31": "", "2010-12-31": "", "2009-12-31": "", "2008-12-31": "", "2007-12-31": "", "2006-12-31": "", "2005-12-31": ""}, "Days Sales In Receivables": {"2019-12-31": "", "2018-12-31": "", "2017-12-31": "", "2016-12-31": "", "2015-12-31": "", "2014-12-31": "", "2013-12-31": "", "2012-12-31": "", "2011-12-31": "", "2010-12-31": "", "2009-12-31": "", "2008-12-31": "", "2007-12-31": "", "2006-12-31": "", "2005-12-31": ""}, "ROE - Return On Equity": {"2019-12-31": "5.35560", "2018-12-31": "22.33040", "2017-12-31": "7.59380", "2016-12-31": "6.94500", "2015-12-31": "6.64020", "2014-12-31": "3.67560", "2013-12-31": "6.64340", "2012-12-31": "6.94120", "2011-12-31": "1.46230", "2010-12-31": "0.33670", "2009-12-31": "4.45890", "2008-12-31": "2.96800", "2007-12-31": "5.18300", "2006-12-31": "5.23190", "2005-12-31": "5.28320"}, "Return On Tangible Equity": {"2019-12-31": "5.35560", "2018-12-31": "22.33040", "2017-12-31": "7.59380", "2016-12-31": "6.94500", "2015-12-31": "6.64020", "2014-12-31": "3.67560", "2013-12-31": "6.64340", "2012-12-31": "6.94120", "2011-12-31": "1.46230", "2010-12-31": "0.33670", "2009-12-31": "4.45890", "2008-12-31": "2.96800", "2007-12-31": "5.18300", "2006-12-31": "5.23190", "2005-12-31": "5.28320"}, "ROA - Return On Assets": {"2019-12-31": "2.60170", "2018-12-31": "11.51650", "2017-12-31": "3.22870", "2016-12-31": "3.52010", "2015-12-31": "2.49450", "2014-12-31": "1.36540", "2013-12-31": "3.07440", "2012-12-31": "3.34440", "2011-12-31": "0.74730", "2010-12-31": "0.22460", "2009-12-31": "2.28610", "2008-12-31": "1.41760", "2007-12-31": "2.52890", "2006-12-31": "2.41460", "2005-12-31": "3.79910"}, "ROI - Return On Investment": {"2019-12-31": "2.67870", "2018-12-31": "11.84510", "2017-12-31": "3.33460", "2016-12-31": "3.66630", "2015-12-31": "2.57700", "2014-12-31": "1.42820", "2013-12-31": "3.22870", "2012-12-31": "3.51190", "2011-12-31": "0.79810", "2010-12-31": "0.23860", "2009-12-31": "2.39900", "2008-12-31": "1.47900", "2007-12-31": "2.67650", "2006-12-31": "2.59930", "2005-12-31": "4.12090"}, "Book Value Per Share": {"2019-12-31": "13.58040", "2018-12-31": "12.30570", "2017-12-31": "10.52400", "2016-12-31": "10.15000", "2015-12-31": "8.90100", "2014-12-31": "8.00060", "2013-12-31": "8.33310", "2012-12-31": "7.70030", "2011-12-31": "7.48120", "2010-12-31": "8.16130", "2009-12-31": "8.53060", "2008-12-31": "9.62780", "2007-12-31": "9.84250", "2006-12-31": "8.68290", "2005-12-31": "9.05520"}, "Operating Cash Flow Per Share": {"2019-12-31": -0.0724, "2018-12-31": 0.1924, "2017-12-31": 0.0231, "2016-12-31": 0.0624, "2015-12-31": 0.066, "2014-12-31": -0.0405, "2013-12-31": 0.1269, "2012-12-31": 0.0793, "2011-12-31": 0.1144, "2010-12-31": -0.2012, "2009-12-31": -0.3238, "2008-12-31": 0.4725, "2007-12-31": -0.4319, "2006-12-31": 0.3403, "2005-12-31": 0.7462}, "Free Cash Flow Per Share": {"2019-12-31": -3.9924, "2018-12-31": 4.2047, "2017-12-31": -0.1095, "2016-12-31": 0.7507, "2015-12-31": -0.1198, "2014-12-31": -0.3781, "2013-12-31": -0.1336, "2012-12-31": 0.1166, "2011-12-31": -0.6256, "2010-12-31": 0.5161, "2009-12-31": 5.3557, "2008-12-31": -2.0801, "2007-12-31": 2.2259, "2006-12-31": 0.1931, "2005-12-31": -4.7047}}, "financial ratios, quarterly": {"Current Ratio": {"2020-09-30": "", "2020-06-30": "", "2020-03-31": "", "2019-12-31": "", "2019-09-30": "", "2019-06-30": "", "2019-03-31": "", "2018-12-31": "", "2018-09-30": "", "2018-06-30": "", "2018-03-31": "", "2017-12-31": "", "2017-09-30": "", "2017-06-30": "", "2017-03-31": "", "2016-12-31": "", "2016-09-30": "", "2016-06-30": "", "2016-03-31": "", "2015-12-31": "", "2015-09-30": "", "2015-06-30": "", "2015-03-31": "", "2014-12-31": "", "2014-09-30": "", "2014-06-30": "", "2014-03-31": "", "2013-12-31": "", "2013-09-30": "", "2013-06-30": "", "2013-03-31": "", "2012-12-31": "", "2012-09-30": "", "2012-06-30": "", "2012-03-31": "", "2011-12-31": "", "2011-09-30": "", "2011-06-30": "", "2011-03-31": "", "2010-12-31": "", "2010-09-30": "", "2010-06-30": "", "2010-03-31": "", "2009-12-31": "", "2009-09-30": "", "2009-06-30": "", "2009-03-31": "", "2008-12-31": "", "2008-09-30": "", "2008-06-30": "", "2008-03-31": "", "2007-12-31": "", "2007-09-30": "", "2007-06-30": "", "2007-03-31": "", "2006-12-31": "", "2006-09-30": "", "2006-06-30": "", "2006-03-31": "", "2005-12-31": "", "2005-09-30": "", "2005-06-30": "", "2005-03-31": ""}, "Long-term Debt / Capital": {"2020-09-30": "0.53170", "2020-06-30": "0.52450", "2020-03-31": "0.52390", "2019-12-31": "0.49980", "2019-09-30": "0.50450", "2019-06-30": "0.49770", "2019-03-31": "0.45140", "2018-12-31": "0.46960", "2018-09-30": "0.47410", "2018-06-30": "0.55850", "2018-03-31": "0.55970", "2017-12-31": "0.56090", "2017-09-30": "0.55710", "2017-06-30": "0.45670", "2017-03-31": "0.50160", "2016-12-31": "0.47210", "2016-09-30": "0.46290", "2016-06-30": "0.56000", "2016-03-31": "0.61390", "2015-12-31": "0.61190", "2015-09-30": "0.61430", "2015-06-30": "0.55750", "2015-03-31": "0.51180", "2014-12-31": "0.61140", "2014-09-30": "0.53500", "2014-06-30": "0.53720", "2014-03-31": "0.50710", "2013-12-31": "0.51400", "2013-09-30": "0.44450", "2013-06-30": "0.43170", "2013-03-31": "0.42430", "2012-12-31": "0.49410", "2012-09-30": "0.49810", "2012-06-30": "0.46700", "2012-03-31": "0.46520", "2011-12-31": "0.45420", "2011-09-30": "0.43660", "2011-06-30": "0.45260", "2011-03-31": "0.34860", "2010-12-31": "0.29140", "2010-09-30": "0.28980", "2010-06-30": "0.29290", "2010-03-31": "0.46000", "2009-12-31": "0.46200", "2009-09-30": "0.45470", "2009-06-30": "0.45160", "2009-03-31": "0.44920", "2008-12-31": "0.50170", "2008-09-30": "0.49070", "2008-06-30": "0.47100", "2008-03-31": "0.39350", "2007-12-31": "0.48360", "2007-09-30": "0.44470", "2007-06-30": "0.37010", "2007-03-31": "0.36470", "2006-12-31": "0.50320", "2006-09-30": "0.39620", "2006-06-30": "0.22200", "2006-03-31": "0.17470", "2005-12-31": "0.22000", "2005-09-30": "0.10150", "2005-06-30": "0.23930", "2005-03-31": ""}, "Debt/Equity Ratio": {"2020-09-30": "1.13560", "2020-06-30": "1.10310", "2020-03-31": "1.10050", "2019-12-31": "0.99940", "2019-09-30": "1.01830", "2019-06-30": "0.99080", "2019-03-31": "0.82270", "2018-12-31": "0.88520", "2018-09-30": "0.90130", "2018-06-30": "1.26490", "2018-03-31": "1.27120", "2017-12-31": "1.27730", "2017-09-30": "1.25800", "2017-06-30": "0.84050", "2017-03-31": "1.00660", "2016-12-31": "0.89430", "2016-09-30": "0.86180", "2016-06-30": "1.27290", "2016-03-31": "1.59010", "2015-12-31": "1.57670", "2015-09-30": "1.59240", "2015-06-30": "1.26000", "2015-03-31": "1.04820", "2014-12-31": "1.57350", "2014-09-30": "1.15060", "2014-06-30": "1.16090", "2014-03-31": "1.02870", "2013-12-31": "1.05760", "2013-09-30": "0.80010", "2013-06-30": "0.75980", "2013-03-31": "0.73690", "2012-12-31": "0.97650", "2012-09-30": "0.99230", "2012-06-30": "0.87600", "2012-03-31": "0.87000", "2011-12-31": "0.83230", "2011-09-30": "0.77480", "2011-06-30": "0.82690", "2011-03-31": "0.53510", "2010-12-31": "0.41130", "2010-09-30": "0.40810", "2010-06-30": "0.41430", "2010-03-31": "0.85190", "2009-12-31": "0.85870", "2009-09-30": "0.83380", "2009-06-30": "0.82340", "2009-03-31": "0.81560", "2008-12-31": "1.00670", "2008-09-30": "0.96330", "2008-06-30": "0.89030", "2008-03-31": "0.64880", "2007-12-31": "0.93650", "2007-09-30": "0.80100", "2007-06-30": "0.58760", "2007-03-31": "0.57400", "2006-12-31": "1.01280", "2006-09-30": "0.65620", "2006-06-30": "0.28540", "2006-03-31": "0.21170", "2005-12-31": "0.28200", "2005-09-30": "0.11300", "2005-06-30": "0.31460", "2005-03-31": ""}, "Gross Margin": {"2020-09-30": "", "2020-06-30": "", "2020-03-31": "", "2019-12-31": "", "2019-09-30": "", "2019-06-30": "", "2019-03-31": "", "2018-12-31": "", "2018-09-30": "", "2018-06-30": "", "2018-03-31": "", "2017-12-31": "", "2017-09-30": "", "2017-06-30": "", "2017-03-31": "", "2016-12-31": "", "2016-09-30": "", "2016-06-30": "", "2016-03-31": "", "2015-12-31": "", "2015-09-30": "", "2015-06-30": "", "2015-03-31": "", "2014-12-31": "", "2014-09-30": "", "2014-06-30": "", "2014-03-31": "", "2013-12-31": "", "2013-09-30": "", "2013-06-30": "", "2013-03-31": "", "2012-12-31": "", "2012-09-30": "", "2012-06-30": "", "2012-03-31": "", "2011-12-31": "", "2011-09-30": "", "2011-06-30": "", "2011-03-31": "", "2010-12-31": "", "2010-09-30": "", "2010-06-30": "", "2010-03-31": "", "2009-12-31": "", "2009-09-30": "", "2009-06-30": "", "2009-03-31": "", "2008-12-31": "", "2008-09-30": "", "2008-06-30": "", "2008-03-31": "", "2007-12-31": "", "2007-09-30": "", "2007-06-30": "", "2007-03-31": "", "2006-12-31": "", "2006-09-30": "", "2006-06-30": "", "2006-03-31": "", "2005-12-31": "", "2005-09-30": "", "2005-06-30": "", "2005-03-31": ""}, "Operating Margin": {"2020-09-30": "42.46820", "2020-06-30": "37.00630", "2020-03-31": "38.53880", "2019-12-31": "33.07660", "2019-09-30": "40.96890", "2019-06-30": "39.30690", "2019-03-31": "38.80990", "2018-12-31": "13.64900", "2018-09-30": "43.46540", "2018-06-30": "43.30170", "2018-03-31": "44.97480", "2017-12-31": "42.26220", "2017-09-30": "44.13980", "2017-06-30": "42.30400", "2017-03-31": "46.99640", "2016-12-31": "-56.67680", "2016-09-30": "69.43230", "2016-06-30": "62.15120", "2016-03-31": "75.96350", "2015-12-31": "71.88660", "2015-09-30": "49.83850", "2015-06-30": "47.95940", "2015-03-31": "66.39160", "2014-12-31": "45.44000", "2014-09-30": "65.81700", "2014-06-30": "31.06580", "2014-03-31": "39.25900", "2013-12-31": "49.72960", "2013-09-30": "67.33110", "2013-06-30": "67.63010", "2013-03-31": "70.77920", "2012-12-31": "69.40480", "2012-09-30": "69.75760", "2012-06-30": "67.49870", "2012-03-31": "52.65710", "2011-12-31": "49.79390", "2011-09-30": "58.91950", "2011-06-30": "51.00990", "2011-03-31": "51.83860", "2010-12-31": "34.11230", "2010-09-30": "54.53850", "2010-06-30": "47.19050", "2010-03-31": "19.56060", "2009-12-31": "58.59910", "2009-09-30": "62.19410", "2009-06-30": "55.67140", "2009-03-31": "60.03820", "2008-12-31": "35.82640", "2008-09-30": "52.84900", "2008-06-30": "67.56920", "2008-03-31": "65.97400", "2007-12-31": "66.80410", "2007-09-30": "71.30950", "2007-06-30": "75.52020", "2007-03-31": "55.29210", "2006-12-31": "-18.25410", "2006-09-30": "67.93820", "2006-06-30": "60.83130", "2006-03-31": "63.27520", "2005-12-31": "58.93780", "2005-09-30": "54.70090", "2005-06-30": "67.01000", "2005-03-31": "59.98450"}, "EBIT Margin": {"2020-09-30": "42.46820", "2020-06-30": "37.00630", "2020-03-31": "38.53880", "2019-12-31": "33.07660", "2019-09-30": "40.96890", "2019-06-30": "39.30690", "2019-03-31": "38.80990", "2018-12-31": "13.64890", "2018-09-30": "43.46540", "2018-06-30": "43.30170", "2018-03-31": "44.97480", "2017-12-31": "42.26220", "2017-09-30": "44.13980", "2017-06-30": "42.30400", "2017-03-31": "46.99640", "2016-12-31": "-56.67680", "2016-09-30": "69.43230", "2016-06-30": "62.15120", "2016-03-31": "75.96350", "2015-12-31": "71.88660", "2015-09-30": "49.83850", "2015-06-30": "47.95940", "2015-03-31": "66.39160", "2014-12-31": "45.44010", "2014-09-30": "65.81700", "2014-06-30": "31.06580", "2014-03-31": "39.25900", "2013-12-31": "49.72960", "2013-09-30": "67.33110", "2013-06-30": "67.63010", "2013-03-31": "70.77920", "2012-12-31": "69.40480", "2012-09-30": "69.75760", "2012-06-30": "67.49870", "2012-03-31": "52.65710", "2011-12-31": "49.79400", "2011-09-30": "58.91950", "2011-06-30": "51.00990", "2011-03-31": "51.83860", "2010-12-31": "34.11230", "2010-09-30": "54.53850", "2010-06-30": "47.19050", "2010-03-31": "19.56060", "2009-12-31": "58.59910", "2009-09-30": "62.19410", "2009-06-30": "55.67140", "2009-03-31": "60.03820", "2008-12-31": "35.82640", "2008-09-30": "52.84900", "2008-06-30": "67.56920", "2008-03-31": "65.97400", "2007-12-31": "66.80410", "2007-09-30": "71.30950", "2007-06-30": "75.52020", "2007-03-31": "55.29210", "2006-12-31": "-18.25410", "2006-09-30": "67.93820", "2006-06-30": "60.83130", "2006-03-31": "63.27520", "2005-12-31": "58.93780", "2005-09-30": "54.70090", "2005-06-30": "67.01000", "2005-03-31": "59.98450"}, "EBITDA Margin": {"2020-09-30": "", "2020-06-30": "", "2020-03-31": "", "2019-12-31": "", "2019-09-30": "", "2019-06-30": "", "2019-03-31": "", "2018-12-31": "", "2018-09-30": "", "2018-06-30": "", "2018-03-31": "", "2017-12-31": "", "2017-09-30": "", "2017-06-30": "", "2017-03-31": "", "2016-12-31": "", "2016-09-30": "", "2016-06-30": "", "2016-03-31": "", "2015-12-31": "", "2015-09-30": "", "2015-06-30": "", "2015-03-31": "", "2014-12-31": "", "2014-09-30": "", "2014-06-30": "", "2014-03-31": "", "2013-12-31": "", "2013-09-30": "", "2013-06-30": "", "2013-03-31": "", "2012-12-31": "", "2012-09-30": "", "2012-06-30": "", "2012-03-31": "", "2011-12-31": "", "2011-09-30": "", "2011-06-30": "", "2011-03-31": "", "2010-12-31": "", "2010-09-30": "", "2010-06-30": "", "2010-03-31": "", "2009-12-31": "", "2009-09-30": "", "2009-06-30": "", "2009-03-31": "", "2008-12-31": "", "2008-09-30": "", "2008-06-30": "", "2008-03-31": "", "2007-12-31": "", "2007-09-30": "", "2007-06-30": "", "2007-03-31": "", "2006-12-31": "", "2006-09-30": "", "2006-06-30": "", "2006-03-31": "", "2005-12-31": "", "2005-09-30": "", "2005-06-30": "", "2005-03-31": ""}, "Pre-Tax Profit Margin": {"2020-09-30": "44.72250", "2020-06-30": "39.22710", "2020-03-31": "28.95540", "2019-12-31": "50.94950", "2019-09-30": "39.83080", "2019-06-30": "41.36400", "2019-03-31": "40.98440", "2018-12-31": "41.56990", "2018-09-30": "374.90100", "2018-06-30": "56.25500", "2018-03-31": "44.97430", "2017-12-31": "36.23810", "2017-09-30": "43.83910", "2017-06-30": "43.87230", "2017-03-31": "44.15170", "2016-12-31": "22.99080", "2016-09-30": "56.12820", "2016-06-30": "42.98340", "2016-03-31": "43.36700", "2015-12-31": "44.71740", "2015-09-30": "20.25230", "2015-06-30": "23.09800", "2015-03-31": "37.88100", "2014-12-31": "18.43590", "2014-09-30": "35.79240", "2014-06-30": "-0.21290", "2014-03-31": "9.92220", "2013-12-31": "20.35170", "2013-09-30": "42.40180", "2013-06-30": "44.02000", "2013-03-31": "44.47090", "2012-12-31": "40.14200", "2012-09-30": "43.26150", "2012-06-30": "38.82420", "2012-03-31": "21.61290", "2011-12-31": "9.94820", "2011-09-30": "-5.49780", "2011-06-30": "4.79460", "2011-03-31": "28.10140", "2010-12-31": "-10.54720", "2010-09-30": "30.24370", "2010-06-30": "-0.99700", "2010-03-31": "-11.14140", "2009-12-31": "14.77600", "2009-09-30": "32.21230", "2009-06-30": "23.71170", "2009-03-31": "30.44130", "2008-12-31": "-22.02560", "2008-09-30": "20.01090", "2008-06-30": "26.30010", "2008-03-31": "34.47580", "2007-12-31": "16.70940", "2007-09-30": "39.31200", "2007-06-30": "50.70450", "2007-03-31": "22.47540", "2006-12-31": "-211.67150", "2006-09-30": "60.52720", "2006-06-30": "63.78080", "2006-03-31": "65.62030", "2005-12-31": "66.00300", "2005-09-30": "64.06010", "2005-06-30": "60.47980", "2005-03-31": "54.93280"}, "Net Profit Margin": {"2020-09-30": "39.79450", "2020-06-30": "37.50930", "2020-03-31": "27.53590", "2019-12-31": "50.55330", "2019-09-30": "39.94820", "2019-06-30": "41.25600", "2019-03-31": "42.01740", "2018-12-31": "43.46210", "2018-09-30": "373.62890", "2018-06-30": "55.25800", "2018-03-31": "44.18570", "2017-12-31": "35.10130", "2017-09-30": "43.30280", "2017-06-30": "44.01190", "2017-03-31": "43.45990", "2016-12-31": "28.07810", "2016-09-30": "55.59480", "2016-06-30": "42.53680", "2016-03-31": "42.90920", "2015-12-31": "44.27120", "2015-09-30": "20.12480", "2015-06-30": "22.45170", "2015-03-31": "37.40790", "2014-12-31": "18.20450", "2014-09-30": "35.32810", "2014-06-30": "-0.26520", "2014-03-31": "9.90710", "2013-12-31": "26.35790", "2013-09-30": "42.67130", "2013-06-30": "47.87480", "2013-03-31": "45.39950", "2012-12-31": "51.83800", "2012-09-30": "59.53120", "2012-06-30": "39.48650", "2012-03-31": "25.59920", "2011-12-31": "44.70710", "2011-09-30": "1.22720", "2011-06-30": "7.55240", "2011-03-31": "31.38560", "2010-12-31": "59.08310", "2010-09-30": "31.13740", "2010-06-30": "20.34130", "2010-03-31": "-9.14510", "2009-12-31": "34.50860", "2009-09-30": "33.16630", "2009-06-30": "26.74170", "2009-03-31": "33.49700", "2008-12-31": "7.28360", "2008-09-30": "21.19760", "2008-06-30": "42.87960", "2008-03-31": "46.69040", "2007-12-31": "27.05150", "2007-09-30": "54.34970", "2007-06-30": "54.08210", "2007-03-31": "69.25700", "2006-12-31": "307.37760", "2006-09-30": "67.15520", "2006-06-30": "72.55000", "2006-03-31": "74.15740", "2005-12-31": "75.59280", "2005-09-30": "64.06010", "2005-06-30": "60.47980", "2005-03-31": "54.93280"}, "Asset Turnover": {"2020-09-30": "0.02060", "2020-06-30": "0.01890", "2020-03-31": "0.01930", "2019-12-31": "0.01770", "2019-09-30": "0.01800", "2019-06-30": "0.01900", "2019-03-31": "0.01950", "2018-12-31": "0.02040", "2018-09-30": "0.02250", "2018-06-30": "0.02250", "2018-03-31": "0.02270", "2017-12-31": "0.02270", "2017-09-30": "0.01980", "2017-06-30": "0.02280", "2017-03-31": "0.02310", "2016-12-31": "0.02390", "2016-09-30": "0.02080", "2016-06-30": "0.02470", "2016-03-31": "0.02360", "2015-12-31": "0.02350", "2015-09-30": "0.02030", "2015-06-30": "0.02360", "2015-03-31": "0.02510", "2014-12-31": "0.02210", "2014-09-30": "0.02550", "2014-06-30": "0.02400", "2014-03-31": "0.02410", "2013-12-31": "0.02330", "2013-09-30": "0.02350", "2013-06-30": "0.02530", "2013-03-31": "0.02590", "2012-12-31": "0.02530", "2012-09-30": "0.02450", "2012-06-30": "0.02400", "2012-03-31": "0.02010", "2011-12-31": "0.01750", "2011-09-30": "0.02170", "2011-06-30": "0.02080", "2011-03-31": "0.02370", "2010-12-31": "0.01330", "2010-09-30": "0.02100", "2010-06-30": "0.02210", "2010-03-31": "0.02400", "2009-12-31": "0.01630", "2009-09-30": "0.02400", "2009-06-30": "0.02250", "2009-03-31": "0.02440", "2008-12-31": "0.01480", "2008-09-30": "0.02550", "2008-06-30": "0.02460", "2008-03-31": "0.02090", "2007-12-31": "0.02310", "2007-09-30": "0.02350", "2007-06-30": "0.02650", "2007-03-31": "0.01810", "2006-12-31": "0.00240", "2006-09-30": "0.02020", "2006-06-30": "0.02140", "2006-03-31": "0.02230", "2005-12-31": "0.01720", "2005-09-30": "0.01900", "2005-06-30": "0.02170", "2005-03-31": ""}, "Inventory Turnover Ratio": {"2020-09-30": "", "2020-06-30": "", "2020-03-31": "", "2019-12-31": "", "2019-09-30": "", "2019-06-30": "", "2019-03-31": "", "2018-12-31": "", "2018-09-30": "", "2018-06-30": "", "2018-03-31": "", "2017-12-31": "", "2017-09-30": "", "2017-06-30": "", "2017-03-31": "", "2016-12-31": "", "2016-09-30": "", "2016-06-30": "", "2016-03-31": "", "2015-12-31": "", "2015-09-30": "", "2015-06-30": "", "2015-03-31": "", "2014-12-31": "", "2014-09-30": "", "2014-06-30": "", "2014-03-31": "", "2013-12-31": "", "2013-09-30": "", "2013-06-30": "", "2013-03-31": "", "2012-12-31": "", "2012-09-30": "", "2012-06-30": "", "2012-03-31": "", "2011-12-31": "", "2011-09-30": "", "2011-06-30": "", "2011-03-31": "", "2010-12-31": "", "2010-09-30": "", "2010-06-30": "", "2010-03-31": "", "2009-12-31": "", "2009-09-30": "", "2009-06-30": "", "2009-03-31": "", "2008-12-31": "", "2008-09-30": "", "2008-06-30": "", "2008-03-31": "", "2007-12-31": "", "2007-09-30": "", "2007-06-30": "", "2007-03-31": "", "2006-12-31": "", "2006-09-30": "", "2006-06-30": "", "2006-03-31": "", "2005-12-31": "", "2005-09-30": "", "2005-06-30": "", "2005-03-31": ""}, "Receiveable Turnover": {"2020-09-30": "", "2020-06-30": "", "2020-03-31": "", "2019-12-31": "", "2019-09-30": "", "2019-06-30": "", "2019-03-31": "", "2018-12-31": "", "2018-09-30": "", "2018-06-30": "", "2018-03-31": "", "2017-12-31": "", "2017-09-30": "", "2017-06-30": "", "2017-03-31": "", "2016-12-31": "", "2016-09-30": "", "2016-06-30": "", "2016-03-31": "", "2015-12-31": "", "2015-09-30": "", "2015-06-30": "", "2015-03-31": "", "2014-12-31": "", "2014-09-30": "", "2014-06-30": "", "2014-03-31": "", "2013-12-31": "", "2013-09-30": "", "2013-06-30": "", "2013-03-31": "", "2012-12-31": "", "2012-09-30": "", "2012-06-30": "", "2012-03-31": "", "2011-12-31": "", "2011-09-30": "", "2011-06-30": "", "2011-03-31": "", "2010-12-31": "", "2010-09-30": "", "2010-06-30": "", "2010-03-31": "", "2009-12-31": "", "2009-09-30": "", "2009-06-30": "", "2009-03-31": "", "2008-12-31": "", "2008-09-30": "", "2008-06-30": "", "2008-03-31": "", "2007-12-31": "", "2007-09-30": "", "2007-06-30": "", "2007-03-31": "", "2006-12-31": "", "2006-09-30": "", "2006-06-30": "", "2006-03-31": "", "2005-12-31": "", "2005-09-30": "", "2005-06-30": "", "2005-03-31": ""}, "Days Sales In Receivables": {"2020-09-30": "", "2020-06-30": "", "2020-03-31": "", "2019-12-31": "", "2019-09-30": "", "2019-06-30": "", "2019-03-31": "", "2018-12-31": "", "2018-09-30": "", "2018-06-30": "", "2018-03-31": "", "2017-12-31": "", "2017-09-30": "", "2017-06-30": "", "2017-03-31": "", "2016-12-31": "", "2016-09-30": "", "2016-06-30": "", "2016-03-31": "", "2015-12-31": "", "2015-09-30": "", "2015-06-30": "", "2015-03-31": "", "2014-12-31": "", "2014-09-30": "", "2014-06-30": "", "2014-03-31": "", "2013-12-31": "", "2013-09-30": "", "2013-06-30": "", "2013-03-31": "", "2012-12-31": "", "2012-09-30": "", "2012-06-30": "", "2012-03-31": "", "2011-12-31": "", "2011-09-30": "", "2011-06-30": "", "2011-03-31": "", "2010-12-31": "", "2010-09-30": "", "2010-06-30": "", "2010-03-31": "", "2009-12-31": "", "2009-09-30": "", "2009-06-30": "", "2009-03-31": "", "2008-12-31": "", "2008-09-30": "", "2008-06-30": "", "2008-03-31": "", "2007-12-31": "", "2007-09-30": "", "2007-06-30": "", "2007-03-31": "", "2006-12-31": "", "2006-09-30": "", "2006-06-30": "", "2006-03-31": "", "2005-12-31": "", "2005-09-30": "", "2005-06-30": "", "2005-03-31": ""}, "ROE - Return On Equity": {"2020-09-30": "1.82110", "2020-06-30": "1.55150", "2020-03-31": "1.16230", "2019-12-31": "1.84860", "2019-09-30": "1.50780", "2019-06-30": "1.62320", "2019-03-31": "1.56000", "2018-12-31": "1.73080", "2018-09-30": "16.41540", "2018-06-30": "2.91300", "2018-03-31": "2.36280", "2017-12-31": "1.88710", "2017-09-30": "2.00150", "2017-06-30": "1.92570", "2017-03-31": "2.09380", "2016-12-31": "1.32930", "2016-09-30": "2.22820", "2016-06-30": "2.48810", "2016-03-31": "2.72570", "2015-12-31": "2.76850", "2015-09-30": "1.09450", "2015-06-30": "1.25230", "2015-03-31": "2.00350", "2014-12-31": "1.08740", "2014-09-30": "2.03700", "2014-06-30": "-0.01440", "2014-03-31": "0.51080", "2013-12-31": "0.99010", "2013-09-30": "1.86900", "2013-06-30": "2.04700", "2013-03-31": "2.09310", "2012-12-31": "2.10460", "2012-09-30": "2.21310", "2012-06-30": "1.84820", "2012-03-31": "0.86190", "2011-12-31": "0.32530", "2011-09-30": "-0.22730", "2011-06-30": "0.19290", "2011-03-31": "1.08420", "2010-12-31": "-0.21020", "2010-09-30": "0.95550", "2010-06-30": "-0.03310", "2010-03-31": "-0.51820", "2009-12-31": "0.47050", "2009-09-30": "1.48670", "2009-06-30": "1.01800", "2009-03-31": "1.40990", "2008-12-31": "-0.68370", "2008-09-30": "1.05450", "2008-06-30": "1.28640", "2008-03-31": "1.25690", "2007-12-31": "0.79250", "2007-09-30": "1.77390", "2007-06-30": "2.26610", "2007-03-31": "0.69320", "2006-12-31": "-1.12070", "2006-09-30": "2.20510", "2006-06-30": "1.95730", "2006-03-31": "1.97920", "2005-12-31": "1.57940", "2005-09-30": "1.47100", "2005-06-30": "1.88250", "2005-03-31": ""}, "Return On Tangible Equity": {"2020-09-30": "1.82110", "2020-06-30": "1.55150", "2020-03-31": "1.16230", "2019-12-31": "1.84860", "2019-09-30": "1.50780", "2019-06-30": "1.62320", "2019-03-31": "1.56000", "2018-12-31": "1.73080", "2018-09-30": "16.41540", "2018-06-30": "2.91300", "2018-03-31": "2.36280", "2017-12-31": "1.88710", "2017-09-30": "2.00150", "2017-06-30": "1.92570", "2017-03-31": "2.09380", "2016-12-31": "1.32930", "2016-09-30": "2.22820", "2016-06-30": "2.48810", "2016-03-31": "2.72570", "2015-12-31": "2.76850", "2015-09-30": "1.09450", "2015-06-30": "1.25230", "2015-03-31": "2.00350", "2014-12-31": "1.08740", "2014-09-30": "2.03700", "2014-06-30": "-0.01440", "2014-03-31": "0.51080", "2013-12-31": "0.99010", "2013-09-30": "1.86900", "2013-06-30": "2.04700", "2013-03-31": "2.09310", "2012-12-31": "2.10460", "2012-09-30": "2.21310", "2012-06-30": "1.84820", "2012-03-31": "0.86190", "2011-12-31": "0.32530", "2011-09-30": "-0.22730", "2011-06-30": "0.19290", "2011-03-31": "1.08420", "2010-12-31": "-0.21020", "2010-09-30": "0.95550", "2010-06-30": "-0.03310", "2010-03-31": "-0.51820", "2009-12-31": "0.47050", "2009-09-30": "1.48670", "2009-06-30": "1.01800", "2009-03-31": "1.40990", "2008-12-31": "-0.68370", "2008-09-30": "1.05450", "2008-06-30": "1.28640", "2008-03-31": "1.25690", "2007-12-31": "0.79250", "2007-09-30": "1.77390", "2007-06-30": "2.26610", "2007-03-31": "0.69320", "2006-12-31": "-1.12070", "2006-09-30": "2.20510", "2006-06-30": "1.95730", "2006-03-31": "1.97920", "2005-12-31": "1.57940", "2005-09-30": "1.47100", "2005-06-30": "1.88250", "2005-03-31": ""}, "ROA - Return On Assets": {"2020-09-30": "0.82210", "2020-06-30": "0.70980", "2020-03-31": "0.53260", "2019-12-31": "0.89800", "2019-09-30": "0.72490", "2019-06-30": "0.78950", "2019-03-31": "0.82640", "2018-12-31": "0.89260", "2018-09-30": "8.39340", "2018-06-30": "1.25060", "2018-03-31": "1.00800", "2017-12-31": "0.80240", "2017-09-30": "0.86120", "2017-06-30": "1.00710", "2017-03-31": "1.00560", "2016-12-31": "0.67370", "2016-09-30": "1.15730", "2016-06-30": "1.05360", "2016-03-31": "1.01960", "2015-12-31": "1.04000", "2015-09-30": "0.41050", "2015-06-30": "0.53210", "2015-03-31": "0.94100", "2014-12-31": "0.40400", "2014-09-30": "0.90440", "2014-06-30": "-0.00640", "2014-03-31": "0.24150", "2013-12-31": "0.45820", "2013-09-30": "0.99070", "2013-06-30": "1.11030", "2013-03-31": "1.14800", "2012-12-31": "1.01400", "2012-09-30": "1.05940", "2012-06-30": "0.93170", "2012-03-31": "0.43540", "2011-12-31": "0.16620", "2011-09-30": "-0.11930", "2011-06-30": "0.09980", "2011-03-31": "0.66610", "2010-12-31": "-0.14020", "2010-09-30": "0.63600", "2010-06-30": "-0.02210", "2010-03-31": "-0.26690", "2009-12-31": "0.24120", "2009-09-30": "0.77190", "2009-06-30": "0.53470", "2009-03-31": "0.74320", "2008-12-31": "-0.32650", "2008-09-30": "0.51030", "2008-06-30": "0.64770", "2008-03-31": "0.72120", "2007-12-31": "0.38670", "2007-09-30": "0.92320", "2007-06-30": "1.34440", "2007-03-31": "0.40680", "2006-12-31": "-0.51720", "2006-09-30": "1.22160", "2006-06-30": "1.36370", "2006-03-31": "1.46180", "2005-12-31": "1.13570", "2005-09-30": "1.21780", "2005-06-30": "1.31230", "2005-03-31": ""}, "ROI - Return On Investment": {"2020-09-30": "0.85280", "2020-06-30": "0.73770", "2020-03-31": "0.55330", "2019-12-31": "0.92460", "2019-09-30": "0.74710", "2019-06-30": "0.81530", "2019-03-31": "0.85590", "2018-12-31": "0.91810", "2018-09-30": "8.63360", "2018-06-30": "1.28610", "2018-03-31": "1.04030", "2017-12-31": "0.82870", "2017-09-30": "0.88640", "2017-06-30": "1.04630", "2017-03-31": "1.04350", "2016-12-31": "0.70170", "2016-09-30": "1.19680", "2016-06-30": "1.09470", "2016-03-31": "1.05240", "2015-12-31": "1.07440", "2015-09-30": "0.42220", "2015-06-30": "0.55410", "2015-03-31": "0.97810", "2014-12-31": "0.42260", "2014-09-30": "0.94720", "2014-06-30": "-0.00660", "2014-03-31": "0.25180", "2013-12-31": "0.48120", "2013-09-30": "1.03830", "2013-06-30": "1.16320", "2013-03-31": "1.20510", "2012-12-31": "1.06480", "2012-09-30": "1.11080", "2012-06-30": "0.98520", "2012-03-31": "0.46090", "2011-12-31": "0.17750", "2011-09-30": "-0.12810", "2011-06-30": "0.10560", "2011-03-31": "0.70630", "2010-12-31": "-0.14900", "2010-09-30": "0.67860", "2010-06-30": "-0.02340", "2010-03-31": "-0.27980", "2009-12-31": "0.25320", "2009-09-30": "0.81070", "2009-06-30": "0.55830", "2009-03-31": "0.77660", "2008-12-31": "-0.34070", "2008-09-30": "0.53710", "2008-06-30": "0.68050", "2008-03-31": "0.76230", "2007-12-31": "0.40930", "2007-09-30": "0.98500", "2007-06-30": "1.42740", "2007-03-31": "0.44040", "2006-12-31": "-0.55680", "2006-09-30": "1.33140", "2006-06-30": "1.52270", "2006-03-31": "1.63340", "2005-12-31": "1.23190", "2005-09-30": "1.32170", "2005-06-30": "1.43190", "2005-03-31": ""}, "Book Value Per Share": {"2020-09-30": "13.46760", "2020-06-30": "13.36880", "2020-03-31": "13.36530", "2019-12-31": "13.58040", "2019-09-30": "13.02110", "2019-06-30": "12.48310", "2019-03-31": "12.48080", "2018-12-31": "12.30570", "2018-09-30": "12.29660", "2018-06-30": "10.54330", "2018-03-31": "10.56550", "2017-12-31": "10.52400", "2017-09-30": "10.55030", "2017-06-30": "10.52750", "2017-03-31": "10.15140", "2016-12-31": "10.15000", "2016-09-30": "10.21970", "2016-06-30": "9.01730", "2016-03-31": "9.00410", "2015-12-31": "8.90100", "2015-09-30": "8.92690", "2015-06-30": "8.64220", "2015-03-31": "8.64440", "2014-12-31": "8.00060", "2014-09-30": "8.19870", "2014-06-30": "8.23640", "2014-03-31": "8.40700", "2013-12-31": "8.33310", "2013-09-30": "8.44460", "2013-06-30": "8.18970", "2013-03-31": "8.19070", "2012-12-31": "7.70030", "2012-09-30": "7.67250", "2012-06-30": "7.63490", "2012-03-31": "7.69190", "2011-12-31": "7.48120", "2011-09-30": "7.57060", "2011-06-30": "7.85650", "2011-03-31": "8.06370", "2010-12-31": "8.16130", "2010-09-30": "8.24140", "2010-06-30": "8.39300", "2010-03-31": "8.30610", "2009-12-31": "8.53060", "2009-09-30": "8.63240", "2009-06-30": "8.69330", "2009-03-31": "8.79340", "2008-12-31": "9.62780", "2008-09-30": "9.66570", "2008-06-30": "9.81160", "2008-03-31": "9.86460", "2007-12-31": "9.84250", "2007-09-30": "9.68270", "2007-06-30": "9.72260", "2007-03-31": "9.76530", "2006-12-31": "8.68290", "2006-09-30": "8.96760", "2006-06-30": "9.00670", "2006-03-31": "9.04820", "2005-12-31": "9.05520", "2005-09-30": "9.09380", "2005-06-30": "8.92000", "2005-03-31": ""}, "Operating Cash Flow Per Share": {"2020-09-30": 0.284, "2020-06-30": 0.3419, "2020-03-31": "0.20470", "2019-12-31": 0.4112, "2019-09-30": 0.2418, "2019-06-30": 0.273, "2019-03-31": "0.22770", "2018-12-31": 0.4099, "2018-09-30": 0.2787, "2018-06-30": 0.278, "2018-03-31": "0.25950", "2017-12-31": 0.4312, "2017-09-30": 0.1603, "2017-06-30": 0.2422, "2017-03-31": "0.20000", "2016-12-31": 0.3306, "2016-09-30": 0.1056, "2016-06-30": 0.2829, "2016-03-31": "0.29150", "2015-12-31": 0.358, "2015-09-30": 0.1711, "2015-06-30": 0.2127, "2015-03-31": "0.20640", "2014-12-31": 0.3276, "2014-09-30": 0.263, "2014-06-30": 0.1805, "2014-03-31": "0.11110", "2013-12-31": 0.2715, "2013-09-30": 0.2789, "2013-06-30": 0.1812, "2013-03-31": "0.19110", "2012-12-31": 0.2415, "2012-09-30": 0.2245, "2012-06-30": 0.1428, "2012-03-31": "0.18700", "2011-12-31": 0.1102, "2011-09-30": 0.2474, "2011-06-30": 0.1842, "2011-03-31": "0.17470", "2010-12-31": 0.1705, "2010-09-30": 0.1712, "2010-06-30": 0.1206, "2010-03-31": "0.13980", "2009-12-31": 0.1621, "2009-09-30": 0.2702, "2009-06-30": 0.1314, "2009-03-31": "0.23960", "2008-12-31": 0.1616, "2008-09-30": 0.3149, "2008-06-30": 0.3874, "2008-03-31": "0.26320", "2007-12-31": 0.1647, "2007-09-30": 0.3351, "2007-06-30": -0.0801, "2007-03-31": "0.23490", "2006-12-31": 0.3554, "2006-09-30": 0.2156, "2006-06-30": 0.1993, "2006-03-31": "0.31620", "2005-12-31": 0.3224, "2005-09-30": 0.291, "2005-06-30": 0.0698, "2005-03-31": "0.06300"}, "Free Cash Flow Per Share": {"2020-09-30": 0.2305, "2020-06-30": 0.4724, "2020-03-31": "0.22310", "2019-12-31": 0.5906, "2019-09-30": 0.119, "2019-06-30": 0.2817, "2019-03-31": "0.22770", "2018-12-31": 0.3532, "2018-09-30": 3.7761, "2018-06-30": 0.4383, "2018-03-31": "0.64380", "2017-12-31": 0.3729, "2017-09-30": 0.1108, "2017-06-30": 0.2065, "2017-03-31": "0.31650", "2016-12-31": 0.196, "2016-09-30": 0.3958, "2016-06-30": 0.4654, "2016-03-31": "0.05900", "2015-12-31": 0.2063, "2015-09-30": 0.1525, "2015-06-30": 0.0287, "2015-03-31": "-0.02200", "2014-12-31": 0.2919, "2014-09-30": 0.2219, "2014-06-30": 0.0301, "2014-03-31": "-0.05860", "2013-12-31": 0.5008, "2013-09-30": 0.088, "2013-06-30": 0.179, "2013-03-31": "0.09560", "2012-12-31": 0.4562, "2012-09-30": 0.2456, "2012-06-30": 0.157, "2012-03-31": "0.13820", "2011-12-31": 0.3852, "2011-09-30": 1.8358, "2011-06-30": 0.0981, "2011-03-31": "-1.43870", "2010-12-31": 1.2055, "2010-09-30": 0.17, "2010-06-30": 0.009, "2010-03-31": "0.12150", "2009-12-31": 0.4104, "2009-09-30": 0.2302, "2009-06-30": 0.1274, "2009-03-31": "0.22190", "2008-12-31": -0.7537, "2008-09-30": -0.336, "2008-06-30": -3.5365, "2008-03-31": "0.26040", "2007-12-31": -1.3137, "2007-09-30": -1.7223, "2007-06-30": -0.7032, "2007-03-31": "1.45350", "2006-12-31": -2.1213, "2006-09-30": -1.3532, "2006-06-30": -0.5001, "2006-03-31": "-0.53700", "2005-12-31": -2.198, "2005-09-30": 0.5415, "2005-06-30": -1.5614, "2005-03-31": "-1.48680"}}, "revenue": {"Medical Properties Trust Annual Revenue (Millions of US $)": {"2020": "$1,249", "2019": "$854", "2018": "$785", "2017": "$705", "2016": "$541", "2015": "$442", "2014": "$313", "2013": "$243", "2012": "$198", "2011": "$132", "2010": "$108", "2009": "$114", "2008": "$107", "2007": "$82", "2006": "$36", "2005": "$30"}, "Medical Properties Trust Quarterly Revenue (Millions of US $)": {"2020-12-31": "$334", "2020-09-30": "$329", "2020-06-30": "$292", "2020-03-31": "$294", "2019-12-31": "$256", "2019-09-30": "$225", "2019-06-30": "$193", "2019-03-31": "$180", "2018-12-31": "$181", "2018-09-30": "$197", "2018-06-30": "$202", "2018-03-31": "$205", "2017-12-31": "$205", "2017-09-30": "$177", "2017-06-30": "$167", "2017-03-31": "$156", "2016-12-31": "$153", "2016-09-30": "$127", "2016-06-30": "$126", "2016-03-31": "$135", "2015-12-31": "$132", "2015-09-30": "$115", "2015-06-30": "$100", "2015-03-31": "$96", "2014-12-31": "$82", "2014-09-30": "$81", "2014-06-30": "$77", "2014-03-31": "$73", "2013-12-31": "$68", "2013-09-30": "$60", "2013-06-30": "$57", "2013-03-31": "$58", "2012-12-31": "$55", "2012-09-30": "$53", "2012-06-30": "$49", "2012-03-31": "$41", "2011-12-31": "$28", "2011-09-30": "$35", "2011-06-30": "$35", "2011-03-31": "$34", "2010-12-31": "$18", "2010-09-30": "$29", "2010-06-30": "$31", "2010-03-31": "$31", "2009-12-31": "$21", "2009-09-30": "$31", "2009-06-30": "$29", "2009-03-31": "$32", "2008-12-31": "$19", "2008-09-30": "$33", "2008-06-30": "$31", "2008-03-31": "$23", "2007-12-31": "$24", "2007-09-30": "$21", "2007-06-30": "$21", "2007-03-31": "$15", "2006-12-31": "$2", "2006-09-30": "$13", "2006-06-30": "$11", "2006-03-31": "$11", "2005-12-31": "$9", "2005-09-30": "$8", "2005-06-30": "$7", "2005-03-31": "$6"}}, "gross-profit": {"Medical Properties Trust Annual Gross Profit (Millions of US $)": {"2020": "$1,224", "2019": "$830", "2018": "$775", "2017": "$699", "2016": "$538", "2015": "$438", "2014": "$311", "2013": "$240", "2012": "$197", "2011": "$132", "2010": "$104", "2009": "$110", "2008": "$103", "2007": "$82", "2006": "$36", "2005": "$30"}, "Medical Properties Trust Quarterly Gross Profit (Millions of US $)": {"2020-12-31": "$328", "2020-09-30": "$324", "2020-06-30": "$282", "2020-03-31": "$289", "2019-12-31": "$248", "2019-09-30": "$221", "2019-06-30": "$184", "2019-03-31": "$177", "2018-12-31": "$178", "2018-09-30": "$194", "2018-06-30": "$200", "2018-03-31": "$203", "2017-12-31": "$203", "2017-09-30": "$175", "2017-06-30": "$166", "2017-03-31": "$155", "2016-12-31": "$152", "2016-09-30": "$127", "2016-06-30": "$126", "2016-03-31": "$134", "2015-12-31": "$130", "2015-09-30": "$113", "2015-06-30": "$99", "2015-03-31": "$96", "2014-12-31": "$82", "2014-09-30": "$80", "2014-06-30": "$77", "2014-03-31": "$72", "2013-12-31": "$67", "2013-09-30": "$60", "2013-06-30": "$56", "2013-03-31": "$57", "2012-12-31": "$55", "2012-09-30": "$53", "2012-06-30": "$48", "2012-03-31": "$41", "2011-12-31": "$28", "2011-09-30": "$34", "2011-06-30": "$35", "2011-03-31": "$34", "2010-12-31": "$16", "2010-09-30": "$28", "2010-06-30": "$30", "2010-03-31": "$30", "2009-12-31": "$21", "2009-09-30": "$30", "2009-06-30": "$28", "2009-03-31": "$31", "2008-12-31": "$16", "2008-09-30": "$33", "2008-06-30": "$31", "2008-03-31": "$23", "2007-12-31": "$24", "2007-09-30": "$21", "2007-06-30": "$21", "2007-03-31": "$15", "2006-12-31": "$2", "2006-09-30": "$13", "2006-06-30": "$11", "2006-03-31": "$11", "2005-12-31": "$9", "2005-09-30": "$8", "2005-06-30": "$7", "2005-03-31": "$6"}}, "operating-income": {"Medical Properties Trust Annual Operating Income (Millions of US $)": {"2020": "$500", "2019": "$323", "2018": "$290", "2017": "$309", "2016": "$182", "2015": "$263", "2014": "$143", "2013": "$154", "2012": "$130", "2011": "$70", "2010": "$42", "2009": "$68", "2008": "$61", "2007": "$56", "2006": "$22", "2005": "$18"}, "Medical Properties Trust Quarterly Operating Income (Millions of US $)": {"2020-12-31": "$136", "2020-09-30": "$140", "2020-06-30": "$108", "2020-03-31": "$113", "2019-12-31": "$85", "2019-09-30": "$92", "2019-06-30": "$76", "2019-03-31": "$70", "2018-12-31": "$25", "2018-09-30": "$86", "2018-06-30": "$87", "2018-03-31": "$92", "2017-12-31": "$87", "2017-09-30": "$78", "2017-06-30": "$71", "2017-03-31": "$74", "2016-12-31": "$-87", "2016-09-30": "$88", "2016-06-30": "$78", "2016-03-31": "$103", "2015-12-31": "$95", "2015-09-30": "$57", "2015-06-30": "$48", "2015-03-31": "$64", "2014-12-31": "$37", "2014-09-30": "$53", "2014-06-30": "$24", "2014-03-31": "$29", "2013-12-31": "$34", "2013-09-30": "$40", "2013-06-30": "$39", "2013-03-31": "$41", "2012-12-31": "$38", "2012-09-30": "$37", "2012-06-30": "$33", "2012-03-31": "$22", "2011-12-31": "$14", "2011-09-30": "$20", "2011-06-30": "$18", "2011-03-31": "$18", "2010-12-31": "$6", "2010-09-30": "$16", "2010-06-30": "$14", "2010-03-31": "$6", "2009-12-31": "$13", "2009-09-30": "$19", "2009-06-30": "$16", "2009-03-31": "$19", "2008-12-31": "$7", "2008-09-30": "$18", "2008-06-30": "$21", "2008-03-31": "$15", "2007-12-31": "$16", "2007-09-30": "$15", "2007-06-30": "$16", "2007-03-31": "$8", "2006-12-31": "$-0", "2006-09-30": "$9", "2006-06-30": "$7", "2006-03-31": "$7", "2005-12-31": "$5", "2005-09-30": "$4", "2005-06-30": "$5", "2005-03-31": "$4"}}, "ebitda": {"Medical Properties Trust Annual EBITDA (Millions of US $)": {"2019": "$488", "2018": "$439", "2017": "$447", "2016": "$287", "2015": "$341", "2014": "$203", "2013": "$196", "2012": "$169", "2011": "$115", "2010": "$75", "2009": "$100", "2008": "$95", "2007": "$75", "2006": "$31", "2005": "$24"}, "Medical Properties Trust Quarterly EBITDA (Millions of US $)": {"2020-09-30": "$216", "2020-06-30": "$176", "2020-03-31": "$180", "2019-12-31": "$133", "2019-09-30": "$136", "2019-06-30": "$112", "2019-03-31": "$107", "2018-12-31": "$61", "2018-09-30": "$120", "2018-06-30": "$126", "2018-03-31": "$132", "2017-12-31": "$127", "2017-09-30": "$114", "2017-06-30": "$103", "2017-03-31": "$104", "2016-12-31": "$-57", "2016-09-30": "$114", "2016-06-30": "$104", "2016-03-31": "$126", "2015-12-31": "$117", "2015-09-30": "$79", "2015-06-30": "$65", "2015-03-31": "$80", "2014-12-31": "$53", "2014-09-30": "$68", "2014-06-30": "$38", "2014-03-31": "$44", "2013-12-31": "$46", "2013-09-30": "$50", "2013-06-30": "$48", "2013-03-31": "$51", "2012-12-31": "$48", "2012-09-30": "$47", "2012-06-30": "$43", "2012-03-31": "$31", "2011-12-31": "$25", "2011-09-30": "$32", "2011-06-30": "$31", "2011-03-31": "$27", "2010-12-31": "$14", "2010-09-30": "$23", "2010-06-30": "$23", "2010-03-31": "$15", "2009-12-31": "$21", "2009-09-30": "$28", "2009-06-30": "$25", "2009-03-31": "$27", "2008-12-31": "$15", "2008-09-30": "$29", "2008-06-30": "$32", "2008-03-31": "$19", "2007-12-31": "$26", "2007-09-30": "$19", "2007-06-30": "$20", "2007-03-31": "$11", "2006-12-31": "$3", "2006-09-30": "$12", "2006-06-30": "$8", "2006-03-31": "$9", "2005-12-31": "$7", "2005-09-30": "$6", "2005-06-30": "$6", "2005-03-31": "$5"}}, "net-income": {"Medical Properties Trust Annual Net Income (Millions of US $)": {"2020": "$431", "2019": "$375", "2018": "$1,017", "2017": "$290", "2016": "$225", "2015": "$140", "2014": "$51", "2013": "$97", "2012": "$90", "2011": "$27", "2010": "$23", "2009": "$36", "2008": "$33", "2007": "$40", "2006": "$30", "2005": "$20"}, "Medical Properties Trust Quarterly Net Income (Millions of US $)": {"2020-12-31": "$110", "2020-09-30": "$131", "2020-06-30": "$109", "2020-03-31": "$81", "2019-12-31": "$130", "2019-09-30": "$90", "2019-06-30": "$79", "2019-03-31": "$76", "2018-12-31": "$78", "2018-09-30": "$736", "2018-06-30": "$112", "2018-03-31": "$91", "2017-12-31": "$72", "2017-09-30": "$76", "2017-06-30": "$73", "2017-03-31": "$68", "2016-12-31": "$43", "2016-09-30": "$70", "2016-06-30": "$54", "2016-03-31": "$58", "2015-12-31": "$58", "2015-09-30": "$23", "2015-06-30": "$22", "2015-03-31": "$36", "2014-12-31": "$15", "2014-09-30": "$29", "2014-06-30": "$-0", "2014-03-31": "$7", "2013-12-31": "$18", "2013-09-30": "$26", "2013-06-30": "$27", "2013-03-31": "$26", "2012-12-31": "$29", "2012-09-30": "$31", "2012-06-30": "$19", "2012-03-31": "$11", "2011-12-31": "$13", "2011-09-30": "$0", "2011-06-30": "$3", "2011-03-31": "$11", "2010-12-31": "$11", "2010-09-30": "$9", "2010-06-30": "$6", "2010-03-31": "$-3", "2009-12-31": "$7", "2009-09-30": "$10", "2009-06-30": "$8", "2009-03-31": "$11", "2008-12-31": "$1", "2008-09-30": "$7", "2008-06-30": "$13", "2008-03-31": "$11", "2007-12-31": "$7", "2007-09-30": "$12", "2007-06-30": "$12", "2007-03-31": "$10", "2006-12-31": "$6", "2006-09-30": "$9", "2006-06-30": "$8", "2006-03-31": "$8", "2005-12-31": "$6", "2005-09-30": "$5", "2005-06-30": "$4", "2005-03-31": "$4"}}, "eps-earnings-per-share-diluted": {"Medical Properties Trust Annual EPS": {"2020": "$0.81", "2019": "$0.87", "2018": "$2.76", "2017": "$0.82", "2016": "$0.86", "2015": "$0.63", "2014": "$0.29", "2013": "$0.63", "2012": "$0.67", "2011": "$0.23", "2010": "$0.22", "2009": "$0.45", "2008": "$0.50", "2007": "$0.80", "2006": "$0.76", "2005": "$0.61"}, "Medical Properties Trust Quarterly EPS": {"2020-12-31": "$0.20", "2020-09-30": "$0.25", "2020-06-30": "$0.21", "2020-03-31": "$0.15", "2019-12-31": "$0.27", "2019-09-30": "$0.20", "2019-06-30": "$0.20", "2019-03-31": "$0.20", "2018-12-31": "$0.21", "2018-09-30": "$2.00", "2018-06-30": "$0.30", "2018-03-31": "$0.25", "2017-12-31": "$0.19", "2017-09-30": "$0.21", "2017-06-30": "$0.21", "2017-03-31": "$0.21", "2016-12-31": "$0.12", "2016-09-30": "$0.28", "2016-06-30": "$0.22", "2016-03-31": "$0.24", "2015-12-31": "$0.25", "2015-09-30": "$0.10", "2015-06-30": "$0.11", "2015-03-31": "$0.17", "2014-12-31": "$0.09", "2014-09-30": "$0.16", "2014-06-30": "$-0.00", "2014-03-31": "$0.04", "2013-12-31": "$0.11", "2013-09-30": "$0.16", "2013-06-30": "$0.18", "2013-03-31": "$0.18", "2012-12-31": "$0.22", "2012-09-30": "$0.23", "2012-06-30": "$0.14", "2012-03-31": "$0.08", "2011-12-31": "$0.12", "2011-09-30": "$0.00", "2011-06-30": "$0.02", "2011-03-31": "$0.09", "2010-12-31": "$0.12", "2010-09-30": "$0.08", "2010-06-30": "$0.06", "2010-03-31": "$-0.04", "2009-12-31": "$0.09", "2009-09-30": "$0.13", "2009-06-30": "$0.09", "2009-03-31": "$0.14", "2008-12-31": "$0.00", "2008-09-30": "$0.10", "2008-06-30": "$0.20", "2008-03-31": "$0.20", "2007-12-31": "$0.09", "2007-09-30": "$0.24", "2007-06-30": "$0.23", "2007-03-31": "$0.24", "2006-12-31": "$0.14", "2006-09-30": "$0.22", "2006-06-30": "$0.20", "2006-03-31": "$0.20", "2005-12-31": "$0.16", "2005-09-30": "$0.14", "2005-06-30": "$0.17", "2005-03-31": "$0.14"}}, "shares-outstanding": {"Medical Properties Trust Annual Shares Outstanding (Millions of Shares)": {"2020": "530", "2019": "428", "2018": "366", "2017": "350", "2016": "261", "2015": "218", "2014": "171", "2013": "153", "2012": "132", "2011": "111", "2010": "101", "2009": "78", "2008": "62", "2007": "48", "2006": "40", "2005": "32"}, "Medical Properties Trust Quarterly Shares Outstanding (Millions of Shares)": {"2020-12-31": "538", "2020-09-30": "532", "2020-06-30": "529", "2020-03-31": "522", "2019-12-31": "428", "2019-09-30": "441", "2019-06-30": "396", "2019-03-31": "382", "2018-12-31": "366", "2018-09-30": "366", "2018-06-30": "366", "2018-03-31": "365", "2017-12-31": "350", "2017-09-30": "365", "2017-06-30": "350", "2017-03-31": "321", "2016-12-31": "261", "2016-09-30": "247", "2016-06-30": "239", "2016-03-31": "238", "2015-12-31": "218", "2015-09-30": "224", "2015-06-30": "209", "2015-03-31": "204", "2014-12-31": "171", "2014-09-30": "173", "2014-06-30": "172", "2014-03-31": "165", "2013-12-31": "153", "2013-09-30": "156", "2013-06-30": "151", "2013-03-31": "142", "2012-12-31": "132", "2012-09-30": "135", "2012-06-30": "135", "2012-03-31": "125", "2011-12-31": "111", "2011-09-30": "111", "2011-06-30": "111", "2011-03-31": "110", "2010-12-31": "101", "2010-09-30": "110", "2010-06-30": "103", "2010-03-31": "79", "2009-12-31": "78", "2009-09-30": "79", "2009-06-30": "79", "2009-03-31": "76", "2008-12-31": "62", "2008-09-30": "65", "2008-06-30": "65", "2008-03-31": "53", "2007-12-31": "48", "2007-09-30": "49", "2007-06-30": "49", "2007-03-31": "43", "2006-12-31": "40", "2006-09-30": "40", "2006-06-30": "40", "2006-03-31": "40", "2005-12-31": "32", "2005-09-30": "38", "2005-06-30": "26", "2005-03-31": "26"}}, "total-assets": {"Medical Properties Trust Annual Total Assets (Millions of US $)": {"2019": "$14,467", "2018": "$8,844", "2017": "$9,020", "2016": "$6,419", "2015": "$5,609", "2014": "$3,720", "2013": "$2,905", "2012": "$2,179", "2011": "$1,622", "2010": "$1,349", "2009": "$1,310", "2008": "$1,311", "2007": "$1,052", "2006": "$745", "2005": "$495"}, "Medical Properties Trust Quarterly Total Assets (Millions of US $)": {"2020-09-30": "$15,978", "2020-06-30": "$15,448", "2020-03-31": "$15,238", "2019-12-31": "$14,467", "2019-09-30": "$12,452", "2019-06-30": "$10,123", "2019-03-31": "$9,231", "2018-12-31": "$8,844", "2018-09-30": "$8,775", "2018-06-30": "$8,957", "2018-03-31": "$9,032", "2017-12-31": "$9,020", "2017-09-30": "$8,927", "2017-06-30": "$7,328", "2017-03-31": "$6,781", "2016-12-31": "$6,419", "2016-09-30": "$6,095", "2016-06-30": "$5,118", "2016-03-31": "$5,710", "2015-12-31": "$5,609", "2015-09-30": "$5,633", "2015-06-30": "$4,226", "2015-03-31": "$3,823", "2014-12-31": "$3,720", "2014-09-30": "$3,169", "2014-06-30": "$3,190", "2014-03-31": "$3,027", "2013-12-31": "$2,905", "2013-09-30": "$2,563", "2013-06-30": "$2,254", "2013-03-31": "$2,227", "2012-12-31": "$2,179", "2012-09-30": "$2,158", "2012-06-30": "$2,039", "2012-03-31": "$2,048", "2011-12-31": "$1,622", "2011-09-30": "$1,596", "2011-06-30": "$1,679", "2011-03-31": "$1,449", "2010-12-31": "$1,349", "2010-09-30": "$1,362", "2010-06-30": "$1,382", "2010-03-31": "$1,288", "2009-12-31": "$1,310", "2009-09-30": "$1,308", "2009-06-30": "$1,301", "2009-03-31": "$1,310", "2008-12-31": "$1,311", "2008-09-30": "$1,299", "2008-06-30": "$1,266", "2008-03-31": "$1,116", "2007-12-31": "$1,052", "2007-09-30": "$913", "2007-06-30": "$803", "2007-03-31": "$814", "2006-12-31": "$745", "2006-09-30": "$640", "2006-06-30": "$510", "2006-03-31": "$483", "2005-12-31": "$495", "2005-09-30": "$432", "2005-06-30": "$334", "2005-03-31": "$0"}}, "cash-on-hand": {"Medical Properties Trust Annual Cash on Hand (Millions of US $)": {"2019": "$2,389", "2018": "$1,341", "2017": "$171", "2016": "$83", "2015": "$196", "2014": "$145", "2013": "$46", "2012": "$37", "2011": "$103", "2010": "$98", "2009": "$15", "2008": "$12", "2007": "$94", "2006": "$4", "2005": "$59"}, "Medical Properties Trust Quarterly Cash on Hand (Millions of US $)": {"2020-09-30": "$1,049", "2020-06-30": "$1,216", "2020-03-31": "$1,335", "2019-12-31": "$2,389", "2019-09-30": "$1,239", "2019-06-30": "$1,251", "2019-03-31": "$1,502", "2018-12-31": "$1,341", "2018-09-30": "$711", "2018-06-30": "$147", "2018-03-31": "$138", "2017-12-31": "$171", "2017-09-30": "$188", "2017-06-30": "$236", "2017-03-31": "$447", "2016-12-31": "$83", "2016-09-30": "$1,095", "2016-06-30": "$182", "2016-03-31": "$206", "2015-12-31": "$196", "2015-09-30": "$332", "2015-06-30": "$46", "2015-03-31": "$34", "2014-12-31": "$145", "2014-09-30": "$133", "2014-06-30": "$197", "2014-03-31": "$50", "2013-12-31": "$46", "2013-09-30": "$12", "2013-06-30": "$26", "2013-03-31": "$76", "2012-12-31": "$37", "2012-09-30": "$36", "2012-06-30": "$128", "2012-03-31": "$327", "2011-12-31": "$103", "2011-09-30": "$114", "2011-06-30": "$228", "2011-03-31": "$7", "2010-12-31": "$98", "2010-09-30": "$106", "2010-06-30": "$122", "2010-03-31": "$11", "2009-12-31": "$15", "2009-09-30": "$13", "2009-06-30": "$8", "2009-03-31": "$11", "2008-12-31": "$12", "2008-09-30": "$10", "2008-06-30": "$4", "2008-03-31": "$147", "2007-12-31": "$94", "2007-09-30": "$8", "2007-06-30": "$9", "2007-03-31": "$32", "2006-12-31": "$4", "2006-09-30": "$1", "2006-06-30": "$2", "2006-03-31": "$5", "2005-12-31": "$59", "2005-09-30": "$101", "2005-06-30": "$34", "2005-03-31": ""}}, "long-term-debt": {"Medical Properties Trust Annual Long Term Debt (Millions of US $)": {"2019": "$7,024", "2018": "$4,037", "2017": "$4,899", "2016": "$2,909", "2015": "$3,323", "2014": "$2,175", "2013": "$1,422", "2012": "$1,025", "2011": "$690", "2010": "$370", "2009": "$577", "2008": "$631", "2007": "$481", "2006": "$348", "2005": "$100"}, "Medical Properties Trust Quarterly Long Term Debt (Millions of US $)": {"2020-09-30": "$8,191", "2020-06-30": "$7,796", "2020-03-31": "$7,684", "2019-12-31": "$7,024", "2019-09-30": "$6,096", "2019-06-30": "$4,878", "2019-03-31": "$4,024", "2018-12-31": "$4,037", "2018-09-30": "$4,044", "2018-06-30": "$4,864", "2018-03-31": "$4,898", "2017-12-31": "$4,899", "2017-09-30": "$4,832", "2017-06-30": "$3,221", "2017-03-31": "$3,278", "2016-12-31": "$2,909", "2016-09-30": "$2,729", "2016-06-30": "$2,759", "2016-03-31": "$3,397", "2015-12-31": "$3,323", "2015-09-30": "$3,364", "2015-06-30": "$2,263", "2015-03-31": "$1,882", "2014-12-31": "$2,175", "2014-09-30": "$1,619", "2014-06-30": "$1,640", "2014-03-31": "$1,472", "2013-12-31": "$1,422", "2013-09-30": "$1,087", "2013-06-30": "$929", "2013-03-31": "$900", "2012-12-31": "$1,025", "2012-09-30": "$1,025", "2012-06-30": "$900", "2012-03-31": "$900", "2011-12-31": "$690", "2011-09-30": "$649", "2011-06-30": "$718", "2011-03-31": "$476", "2010-12-31": "$370", "2010-09-30": "$370", "2010-06-30": "$382", "2010-03-31": "$565", "2009-12-31": "$577", "2009-09-30": "$566", "2009-06-30": "$563", "2009-03-31": "$563", "2008-12-31": "$631", "2008-09-30": "$605", "2008-06-30": "$567", "2008-03-31": "$415", "2007-12-31": "$481", "2007-09-30": "$380", "2007-06-30": "$280", "2007-03-31": "$274", "2006-12-31": "$348", "2006-09-30": "$233", "2006-06-30": "$101", "2006-03-31": "$76", "2005-12-31": "$100", "2005-09-30": "$40", "2005-06-30": "$73", "2005-03-31": ""}}, "total-liabilities": {"Medical Properties Trust Annual Total Liabilities (Millions of US $)": {"2019": "$7,439", "2018": "$4,283", "2017": "$5,185", "2016": "$3,165", "2015": "$3,502", "2014": "$2,338", "2013": "$1,560", "2012": "$1,129", "2011": "$793", "2010": "$449", "2009": "$638", "2008": "$685", "2007": "$539", "2006": "$401", "2005": "$139"}, "Medical Properties Trust Quarterly Total Liabilities (Millions of US $)": {"2020-09-30": "$8,766", "2020-06-30": "$8,381", "2020-03-31": "$8,256", "2019-12-31": "$7,439", "2019-09-30": "$6,465", "2019-06-30": "$5,200", "2019-03-31": "$4,341", "2018-12-31": "$4,283", "2018-09-30": "$4,288", "2018-06-30": "$5,111", "2018-03-31": "$5,179", "2017-12-31": "$5,185", "2017-09-30": "$5,086", "2017-06-30": "$3,496", "2017-03-31": "$3,524", "2016-12-31": "$3,165", "2016-09-30": "$2,929", "2016-06-30": "$2,951", "2016-03-31": "$3,574", "2015-12-31": "$3,502", "2015-09-30": "$3,521", "2015-06-30": "$2,430", "2015-03-31": "$2,027", "2014-12-31": "$2,338", "2014-09-30": "$1,762", "2014-06-30": "$1,777", "2014-03-31": "$1,596", "2013-12-31": "$1,560", "2013-09-30": "$1,205", "2013-06-30": "$1,032", "2013-03-31": "$1,006", "2012-12-31": "$1,129", "2012-09-30": "$1,125", "2012-06-30": "$1,011", "2012-03-31": "$1,014", "2011-12-31": "$793", "2011-09-30": "$758", "2011-06-30": "$810", "2011-03-31": "$559", "2010-12-31": "$449", "2010-09-30": "$455", "2010-06-30": "$459", "2010-03-31": "$625", "2009-12-31": "$638", "2009-09-30": "$629", "2009-06-30": "$618", "2009-03-31": "$619", "2008-12-31": "$685", "2008-09-30": "$670", "2008-06-30": "$629", "2008-03-31": "$476", "2007-12-31": "$539", "2007-09-30": "$438", "2007-06-30": "$327", "2007-03-31": "$336", "2006-12-31": "$401", "2006-09-30": "$285", "2006-06-30": "$155", "2006-03-31": "$126", "2005-12-31": "$139", "2005-09-30": "$74", "2005-06-30": "$101", "2005-03-31": ""}}, "total-share-holder-equity": {"Medical Properties Trust Annual Share Holder Equity (Millions of US $)": {"2019": "$7,028", "2018": "$4,561", "2017": "$3,835", "2016": "$3,253", "2015": "$2,107", "2014": "$1,382", "2013": "$1,344", "2012": "$1,050", "2011": "$829", "2010": "$900", "2009": "$672", "2008": "$626", "2007": "$513", "2006": "$344", "2005": "$356"}, "Medical Properties Trust Quarterly Share Holder Equity (Millions of US $)": {"2020-09-30": "$7,213", "2020-06-30": "$7,067", "2020-03-31": "$6,983", "2019-12-31": "$7,028", "2019-09-30": "$5,987", "2019-06-30": "$4,924", "2019-03-31": "$4,890", "2018-12-31": "$4,561", "2018-09-30": "$4,487", "2018-06-30": "$3,845", "2018-03-31": "$3,853", "2017-12-31": "$3,835", "2017-09-30": "$3,841", "2017-06-30": "$3,832", "2017-03-31": "$3,257", "2016-12-31": "$3,253", "2016-09-30": "$3,166", "2016-06-30": "$2,167", "2016-03-31": "$2,136", "2015-12-31": "$2,107", "2015-09-30": "$2,113", "2015-06-30": "$1,796", "2015-03-31": "$1,796", "2014-12-31": "$1,382", "2014-09-30": "$1,407", "2014-06-30": "$1,413", "2014-03-31": "$1,431", "2013-12-31": "$1,344", "2013-09-30": "$1,359", "2013-06-30": "$1,223", "2013-03-31": "$1,222", "2012-12-31": "$1,050", "2012-09-30": "$1,033", "2012-06-30": "$1,028", "2012-03-31": "$1,035", "2011-12-31": "$829", "2011-09-30": "$838", "2011-06-30": "$869", "2011-03-31": "$890", "2010-12-31": "$900", "2010-09-30": "$907", "2010-06-30": "$923", "2010-03-31": "$664", "2009-12-31": "$672", "2009-09-30": "$679", "2009-06-30": "$683", "2009-03-31": "$690", "2008-12-31": "$626", "2008-09-30": "$628", "2008-06-30": "$637", "2008-03-31": "$640", "2007-12-31": "$513", "2007-09-30": "$475", "2007-06-30": "$476", "2007-03-31": "$478", "2006-12-31": "$344", "2006-09-30": "$355", "2006-06-30": "$356", "2006-03-31": "$357", "2005-12-31": "$356", "2005-09-30": "$357", "2005-06-30": "$233", "2005-03-31": ""}}, "profit-margins": {"current": "34.54%"}, "gross margin": {"2020-12-31": "97.92%", "2020-09-30": "97.61%", "2020-06-30": "97.47%", "2020-03-31": "97.31%", "2019-12-31": "97.19%", "2019-09-30": "97.56%", "2019-06-30": "97.60%", "2019-03-31": "98.55%", "2018-12-31": "98.73%", "2018-09-30": "98.89%", "2018-06-30": "98.99%", "2018-03-31": "99.07%", "2017-12-31": "99.15%", "2017-09-30": "99.23%", "2017-06-30": "99.50%", "2017-03-31": "99.64%", "2016-12-31": "99.63%", "2016-09-30": "99.42%", "2016-06-30": "99.02%", "2016-03-31": "98.76%", "2015-12-31": "98.87%", "2015-09-30": "99.24%", "2015-06-30": "99.44%", "2015-03-31": "99.70%", "2014-12-31": "99.36%", "2014-09-30": "99.00%", "2014-06-30": "99.28%", "2014-03-31": "98.84%", "2013-12-31": "98.77%", "2013-09-30": "99.13%", "2013-06-30": "99.10%", "2013-03-31": "99.07%", "2012-12-31": "99.49%", "2012-09-30": "99.42%", "2012-06-30": "98.69%", "2012-03-31": "99.28%", "2011-12-31": "99.24%", "2011-09-30": "97.54%", "2011-06-30": "97.41%", "2011-03-31": "96.43%", "2010-12-31": "95.41%", "2010-09-30": "97.32%", "2010-06-30": "97.37%", "2010-03-31": "97.32%", "2009-12-31": "97.35%", "2009-09-30": "94.59%", "2009-06-30": "95.58%", "2009-03-31": "96.52%", "2008-12-31": "97.17%", "2008-09-30": "100.00%", "2008-06-30": "100.00%", "2008-03-31": "100.00%", "2007-12-31": "100.00%", "2007-09-30": "100.00%", "2007-06-30": "100.00%", "2007-03-31": "100.00%", "2006-12-31": "100.00%", "2006-09-30": "100.00%", "2006-06-30": "100.00%", "2006-03-31": "100.00%", "2005-12-31": "100.00%"}, "operating margin": {"2020-12-31": "39.79%", "2020-09-30": "38.09%", "2020-06-30": "37.30%", "2020-03-31": "37.81%", "2019-12-31": "37.82%", "2019-09-30": "33.76%", "2019-06-30": "34.22%", "2019-03-31": "35.26%", "2018-12-31": "36.94%", "2018-09-30": "43.51%", "2018-06-30": "43.60%", "2018-03-31": "43.50%", "2017-12-31": "43.97%", "2017-09-30": "20.83%", "2017-06-30": "24.21%", "2017-03-31": "27.22%", "2016-12-31": "33.64%", "2016-09-30": "70.00%", "2016-06-30": "65.55%", "2016-03-31": "62.86%", "2015-12-31": "59.59%", "2015-09-30": "52.42%", "2015-06-30": "56.27%", "2015-03-31": "52.98%", "2014-12-31": "45.69%", "2014-09-30": "46.82%", "2014-06-30": "45.68%", "2014-03-31": "55.04%", "2013-12-31": "63.37%", "2013-09-30": "68.70%", "2013-06-30": "69.51%", "2013-03-31": "69.30%", "2012-12-31": "65.66%", "2012-09-30": "61.99%", "2012-06-30": "58.17%", "2012-03-31": "53.24%", "2011-12-31": "53.03%", "2011-09-30": "50.82%", "2011-06-30": "50.00%", "2011-03-31": "48.21%", "2010-12-31": "38.53%", "2010-09-30": "43.75%", "2010-06-30": "45.61%", "2010-03-31": "48.21%", "2009-12-31": "59.29%", "2009-09-30": "54.95%", "2009-06-30": "53.10%", "2009-03-31": "56.52%", "2008-12-31": "57.55%", "2008-09-30": "63.06%", "2008-06-30": "67.68%", "2008-03-31": "69.66%", "2007-12-31": "67.90%", "2007-09-30": "66.10%", "2007-06-30": "64.71%", "2007-03-31": "58.54%", "2006-12-31": "62.16%", "2006-09-30": "63.64%", "2006-06-30": "58.97%", "2006-03-31": "60.00%", "2005-12-31": "60.00%"}, "ebitda margin": {"2020-09-30": "60.20%", "2020-06-30": "58.58%", "2020-03-31": "57.95%", "2019-12-31": "57.14%", "2019-09-30": "53.40%", "2019-06-30": "53.26%", "2019-03-31": "54.47%", "2018-12-31": "55.92%", "2018-09-30": "62.42%", "2018-06-30": "63.24%", "2018-03-31": "63.13%", "2017-12-31": "63.55%", "2017-09-30": "40.43%", "2017-06-30": "43.78%", "2017-03-31": "47.15%", "2016-12-31": "53.05%", "2016-09-30": "88.65%", "2016-06-30": "83.86%", "2016-03-31": "80.29%", "2015-12-31": "76.98%", "2015-09-30": "70.48%", "2015-06-30": "74.09%", "2015-03-31": "71.13%", "2014-12-31": "64.86%", "2014-09-30": "65.55%", "2014-06-30": "64.03%", "2014-03-31": "72.87%", "2013-12-31": "80.25%", "2013-09-30": "85.65%", "2013-06-30": "87.00%", "2013-03-31": "87.91%", "2012-12-31": "85.35%", "2012-09-30": "85.38%", "2012-06-30": "85.62%", "2012-03-31": "85.61%", "2011-12-31": "87.12%", "2011-09-30": "85.25%", "2011-06-30": "81.90%", "2011-03-31": "77.68%", "2010-12-31": "68.81%", "2010-09-30": "73.21%", "2010-06-30": "76.32%", "2010-03-31": "79.46%", "2009-12-31": "89.38%", "2009-09-30": "85.59%", "2009-06-30": "84.96%", "2009-03-31": "89.57%", "2008-12-31": "89.62%", "2008-09-30": "95.50%", "2008-06-30": "96.97%", "2008-03-31": "94.38%", "2007-12-31": "93.83%", "2007-09-30": "89.83%", "2007-06-30": "90.20%", "2007-03-31": "82.93%", "2006-12-31": "86.49%", "2006-09-30": "81.82%", "2006-06-30": "76.92%", "2006-03-31": "80.00%", "2005-12-31": "80.00%"}, "pre tax profit margin": {"2020-12-31": "36.99%", "2020-09-30": "40.73%", "2020-06-30": "39.36%", "2020-03-31": "39.88%", "2019-12-31": "43.91%", "2019-09-30": "40.95%", "2019-06-30": "128.89%", "2019-03-31": "131.84%", "2018-12-31": "129.94%", "2018-09-30": "125.96%", "2018-06-30": "45.25%", "2018-03-31": "41.91%", "2017-12-31": "41.56%", "2017-09-30": "38.90%", "2017-06-30": "41.13%", "2017-03-31": "40.75%", "2016-12-31": "40.48%", "2016-09-30": "46.73%", "2016-06-30": "38.39%", "2016-03-31": "34.02%", "2015-12-31": "31.83%", "2015-09-30": "24.68%", "2015-06-30": "28.69%", "2015-03-31": "23.81%", "2014-12-31": "16.29%", "2014-09-30": "16.72%", "2014-06-30": "16.55%", "2014-03-31": "27.52%", "2013-12-31": "37.04%", "2013-09-30": "42.61%", "2013-06-30": "43.05%", "2013-03-31": "41.86%", "2012-12-31": "36.87%", "2012-09-30": "31.58%", "2012-06-30": "18.95%", "2012-03-31": "8.63%", "2011-12-31": "9.85%", "2011-09-30": "6.56%", "2011-06-30": "16.38%", "2011-03-31": "15.18%", "2010-12-31": "3.67%", "2010-09-30": "8.04%", "2010-06-30": "8.77%", "2010-03-31": "15.18%", "2009-12-31": "26.55%", "2009-09-30": "20.72%", "2009-06-30": "17.70%", "2009-03-31": "18.26%", "2008-12-31": "17.92%", "2008-09-30": "24.32%", "2008-06-30": "28.28%", "2008-03-31": "34.83%", "2007-12-31": "32.10%", "2007-09-30": "30.51%", "2007-06-30": "35.29%", "2007-03-31": "34.15%", "2006-12-31": "48.65%", "2006-09-30": "63.64%", "2006-06-30": "64.10%", "2006-03-31": "62.86%", "2005-12-31": "63.33%"}, "net profit margin": {"2020-12-31": "34.51%", "2020-09-30": "38.51%", "2020-06-30": "38.43%", "2020-03-31": "39.26%", "2019-12-31": "43.91%", "2019-09-30": "41.46%", "2019-06-30": "129.03%", "2019-03-31": "131.84%", "2018-12-31": "129.55%", "2018-09-30": "124.97%", "2018-06-30": "44.49%", "2018-03-31": "41.38%", "2017-12-31": "40.99%", "2017-09-30": "39.82%", "2017-06-30": "42.12%", "2017-03-31": "41.81%", "2016-12-31": "41.59%", "2016-09-30": "46.15%", "2016-06-30": "37.99%", "2016-03-31": "33.40%", "2015-12-31": "31.38%", "2015-09-30": "24.43%", "2015-06-30": "28.41%", "2015-03-31": "23.81%", "2014-12-31": "16.29%", "2014-09-30": "18.06%", "2014-06-30": "18.35%", "2014-03-31": "30.23%", "2013-12-31": "39.92%", "2013-09-30": "46.96%", "2013-06-30": "50.67%", "2013-03-31": "48.84%", "2012-12-31": "45.45%", "2012-09-30": "43.27%", "2012-06-30": "28.10%", "2012-03-31": "19.42%", "2011-12-31": "20.45%", "2011-09-30": "20.49%", "2011-06-30": "29.31%", "2011-03-31": "33.04%", "2010-12-31": "21.10%", "2010-09-30": "16.96%", "2010-06-30": "17.54%", "2010-03-31": "19.64%", "2009-12-31": "31.86%", "2009-09-30": "27.03%", "2009-06-30": "23.89%", "2009-03-31": "27.83%", "2008-12-31": "30.19%", "2008-09-30": "34.23%", "2008-06-30": "43.43%", "2008-03-31": "47.19%", "2007-12-31": "50.62%", "2007-09-30": "67.80%", "2007-06-30": "72.55%", "2007-03-31": "80.49%", "2006-12-31": "83.78%", "2006-09-30": "70.45%", "2006-06-30": "69.23%", "2006-03-31": "65.71%", "2005-12-31": "63.33%"}, "pe ratio": {"current": "13.94", "2021-02-05": "35.87", "2020-12-31": "35.72", "2020-09-30": "20.00", "2020-06-30": "22.30", "2020-03-31": "20.48", "2019-12-31": "23.23", "2019-09-30": "22.57", "2019-06-30": "6.16", "2019-03-31": "6.21", "2018-12-31": "5.23", "2018-09-30": "4.81", "2018-06-30": "12.84", "2018-03-31": "12.90", "2017-12-31": "14.07", "2017-09-30": "14.21", "2017-06-30": "12.53", "2017-03-31": "12.17", "2016-12-31": "11.00", "2016-09-30": "11.51", "2016-06-30": "14.28", "2016-03-31": "13.91", "2015-12-31": "13.48", "2015-09-30": "17.13", "2015-06-30": "17.60", "2015-03-31": "24.69", "2014-12-31": "33.27", "2014-09-30": "26.33", "2014-06-30": "27.98", "2014-03-31": "16.84", "2013-12-31": "12.31", "2013-09-30": "10.41", "2013-06-30": "11.00", "2013-03-31": "12.79", "2012-12-31": "10.68", "2012-09-30": "10.78", "2012-06-30": "16.32", "2012-03-31": "23.80", "2011-12-31": "24.79", "2011-09-30": "23.06", "2011-06-30": "21.04", "2011-03-31": "18.28", "2010-12-31": "27.74", "2010-09-30": "26.82", "2010-06-30": "19.38", "2010-03-31": "18.74", "2009-12-31": "10.54", "2009-09-30": "9.31", "2009-06-30": "7.24", "2009-03-31": "3.21", "2008-12-31": "4.64", "2008-09-30": "6.60", "2008-06-30": "4.90", "2008-03-31": "5.23", "2007-12-31": "4.44", "2007-09-30": "5.81", "2007-06-30": "5.79", "2007-03-31": "6.53", "2006-12-31": "7.04"}, "price sales": {"2021-02-05": "9.30", "2020-12-31": "9.26", "2020-09-30": "7.46", "2020-06-30": "8.22", "2020-03-31": "7.69", "2019-12-31": "9.66", "2019-09-30": "9.32", "2019-06-30": "8.08", "2019-03-31": "8.19", "2018-12-31": "6.73", "2018-09-30": "5.89", "2018-06-30": "5.59", "2018-03-31": "5.27", "2017-12-31": "5.68", "2017-09-30": "5.31", "2017-06-30": "5.04", "2017-03-31": "4.84", "2016-12-31": "4.36", "2016-09-30": "5.10", "2016-06-30": "5.17", "2016-03-31": "4.44", "2015-12-31": "4.05", "2015-09-30": "4.06", "2015-06-30": "4.82", "2015-03-31": "5.43", "2014-12-31": "5.07", "2014-09-30": "4.54", "2014-06-30": "5.05", "2014-03-31": "5.00", "2013-12-31": "4.80", "2013-09-30": "4.79", "2013-06-30": "5.52", "2013-03-31": "6.16", "2012-12-31": "4.76", "2012-09-30": "4.58", "2012-06-30": "4.39", "2012-03-31": "4.31", "2011-12-31": "4.56", "2011-09-30": "4.33", "2011-06-30": "5.73", "2011-03-31": "5.77", "2010-12-31": "4.94", "2010-09-30": "4.18", "2010-06-30": "3.43", "2010-03-31": "3.53", "2009-12-31": "3.24", "2009-09-30": "2.41", "2009-06-30": "1.70", "2009-03-31": "0.93", "2008-12-31": "1.52", "2008-09-30": "2.38", "2008-06-30": "2.16", "2008-03-31": "2.42", "2007-12-31": "2.25", "2007-09-30": "3.94", "2007-06-30": "4.20", "2007-03-31": "5.30", "2006-12-31": "5.83"}, "price book": {"current": "1.61", "2021-02-05": "1.62", "2020-09-30": "1.29", "2020-06-30": "1.37", "2020-03-31": "1.24", "2019-12-31": "1.47", "2019-09-30": "1.40", "2019-06-30": "1.29", "2019-03-31": "1.35", "2018-12-31": "1.17", "2018-09-30": "1.07", "2018-06-30": "1.16", "2018-03-31": "1.05", "2017-12-31": "1.10", "2017-09-30": "1.02", "2017-06-30": "0.99", "2017-03-31": "1.01", "2016-12-31": "0.94", "2016-09-30": "1.10", "2016-06-30": "1.27", "2016-03-31": "1.07", "2015-12-31": "0.94", "2015-09-30": "0.88", "2015-06-30": "1.06", "2015-03-31": "1.17", "2014-12-31": "1.16", "2014-09-30": "1.00", "2014-06-30": "1.05", "2014-03-31": "0.98", "2013-12-31": "0.93", "2013-09-30": "0.90", "2013-06-30": "1.07", "2013-03-31": "1.19", "2012-12-31": "0.93", "2012-09-30": "0.80", "2012-06-30": "0.73", "2012-03-31": "0.68", "2011-12-31": "0.73", "2011-09-30": "0.64", "2011-06-30": "0.78", "2011-03-31": "0.75", "2010-12-31": "0.68", "2010-09-30": "0.62", "2010-06-30": "0.55", "2010-03-31": "0.61", "2009-12-31": "0.56", "2009-09-30": "0.42", "2009-06-30": "0.32", "2009-03-31": "0.18", "2008-12-31": "0.27", "2008-09-30": "0.48", "2008-06-30": "0.41", "2008-03-31": "0.45", "2007-12-31": "0.39", "2007-09-30": "0.51", "2007-06-30": "0.49", "2007-03-31": "0.54", "2006-12-31": "0.62", "2006-09-30": "0.51", "2006-06-30": "0.41", "2006-03-31": "0.39"}, "price fcf": {"2021-02-05": "", "2020-09-30": "$1.52", "2020-06-30": "$1.41", "2020-03-31": "$1.21", "2019-12-31": "$1.22", "2019-09-30": "$0.98", "2019-06-30": "$4.64", "2019-03-31": "$4.80", "2018-12-31": "$5.21", "2018-09-30": "$5.23", "2018-06-30": "$1.57", "2018-03-31": "$1.33", "2017-12-31": "$1.01", "2017-09-30": "$0.83", "2017-06-30": "$1.11", "2017-03-31": "$1.37", "2016-12-31": "$1.12", "2016-09-30": "$1.13", "2016-06-30": "$0.88", "2016-03-31": "$0.45", "2015-12-31": "$0.37", "2015-09-30": "$0.45", "2015-06-30": "$0.52", "2015-03-31": "$0.52", "2014-12-31": "$0.49", "2014-09-30": "$0.69", "2014-06-30": "$0.56", "2014-03-31": "$0.71", "2013-12-31": "$0.86", "2013-09-30": "$0.82", "2013-06-30": "$0.98", "2013-03-31": "$0.95", "2012-12-31": "$1.00", "2012-09-30": "$0.93", "2012-06-30": "$2.52", "2012-03-31": "$2.46", "2011-12-31": "$0.88", "2011-09-30": "$1.70", "2011-06-30": "$0.03", "2011-03-31": "$-0.05", "2010-12-31": "$1.51", "2010-09-30": "$0.71", "2010-06-30": "$0.77", "2010-03-31": "$0.89", "2009-12-31": "$0.99", "2009-09-30": "$-0.17", "2009-06-30": "$-0.74", "2009-03-31": "$-4.40", "2008-12-31": "$-4.37", "2008-09-30": "$-4.93", "2008-06-30": "$-6.31", "2008-03-31": "$-3.48", "2007-12-31": "$-2.29", "2007-09-30": "$-3.09", "2007-06-30": "$-2.72", "2007-03-31": "$-2.52", "2006-12-31": "$-4.51"}, "net worth": {"value": "$11.85B"}, "current ratio": {"2020-12-31": "5.04", "2020-09-30": "3.54", "2020-06-30": "3.69", "2020-03-31": "4.04", "2019-12-31": "9.45", "2019-09-30": "6.27", "2019-06-30": "8.00", "2019-03-31": "9.37", "2018-12-31": "7.77", "2018-09-30": "4.92", "2018-06-30": "2.19", "2018-03-31": "2.04", "2017-12-31": "2.07", "2017-09-30": "2.55", "2017-06-30": "2.06", "2017-03-31": "3.29", "2016-12-31": "1.24", "2016-09-30": "8.40", "2016-06-30": "2.19", "2016-03-31": "2.49", "2015-12-31": "2.36", "2015-09-30": "3.66", "2015-06-30": "1.32", "2015-03-31": "1.24", "2014-12-31": "2.17", "2014-09-30": "2.80", "2014-06-30": "3.50", "2014-03-31": "2.18", "2013-12-31": "1.60", "2013-09-30": "1.50", "2013-06-30": "2.07", "2013-03-31": "2.50", "2012-12-31": "1.80", "2012-09-30": "1.81", "2012-06-30": "3.43", "2012-03-31": "6.36", "2011-12-31": "3.26", "2011-09-30": "3.08", "2011-06-30": "6.20", "2011-03-31": "1.71", "2010-12-31": "4.27", "2010-09-30": "3.60", "2010-06-30": "4.70", "2010-03-31": "2.21", "2009-12-31": "2.14", "2009-09-30": "1.74", "2009-06-30": "1.81", "2009-03-31": "1.56", "2008-12-31": "1.80", "2008-09-30": "1.51", "2008-06-30": "1.27", "2008-03-31": "7.35", "2007-12-31": "5.66", "2007-09-30": "1.75", "2007-06-30": "1.75", "2007-03-31": "1.65", "2006-12-31": "0.96", "2006-09-30": "0.98", "2006-06-30": "0.88", "2006-03-31": "0.97", "2005-12-31": "3.89", "2005-09-30": "9.71", "2005-06-30": "3.71", "2005-03-31": "0.00"}, "quick ratio": {"2020-12-31": "0.00", "2020-09-30": "0.00", "2020-06-30": "0.00", "2020-03-31": "0.00", "2019-12-31": "0.00", "2019-09-30": "0.00", "2019-06-30": "0.00", "2019-03-31": "0.00", "2018-12-31": "0.00", "2018-09-30": "0.00", "2018-06-30": "0.00", "2018-03-31": "0.00", "2017-12-31": "0.00", "2017-09-30": "0.00", "2017-06-30": "0.00", "2017-03-31": "0.00", "2016-12-31": "0.00", "2016-09-30": "0.00", "2016-06-30": "0.00", "2016-03-31": "0.00", "2015-12-31": "0.00", "2015-09-30": "0.00", "2015-06-30": "0.00", "2015-03-31": "0.00", "2014-12-31": "0.00", "2014-09-30": "0.00", "2014-06-30": "0.00", "2014-03-31": "0.00", "2013-12-31": "0.00", "2013-09-30": "0.00", "2013-06-30": "0.00", "2013-03-31": "0.00", "2012-12-31": "0.00", "2012-09-30": "0.00", "2012-06-30": "0.00", "2012-03-31": "0.00", "2011-12-31": "0.00", "2011-09-30": "0.00", "2011-06-30": "0.00", "2011-03-31": "0.00", "2010-12-31": "0.00", "2010-09-30": "0.00", "2010-06-30": "0.00", "2010-03-31": "0.00", "2009-12-31": "0.00", "2009-09-30": "0.00", "2009-06-30": "0.00", "2009-03-31": "0.00", "2008-12-31": "0.00", "2008-09-30": "0.00", "2008-06-30": "0.00", "2008-03-31": "0.00", "2007-12-31": "0.00", "2007-09-30": "0.00", "2007-06-30": "0.00", "2007-03-31": "0.00", "2006-12-31": "0.00", "2006-09-30": "0.00", "2006-06-30": "0.00", "2006-03-31": "0.00", "2005-12-31": "0.00", "2005-09-30": "0.00", "2005-06-30": "0.00", "2005-03-31": "0.00"}, "debt equity ratio": {"current": "1.21", "2020-12-31": "1.29", "2020-09-30": "1.22", "2020-06-30": "1.19", "2020-03-31": "1.18", "2019-12-31": "1.06", "2019-09-30": "1.08", "2019-06-30": "1.06", "2019-03-31": "0.89", "2018-12-31": "0.94", "2018-09-30": "0.96", "2018-06-30": "1.33", "2018-03-31": "1.34", "2017-12-31": "1.35", "2017-09-30": "1.32", "2017-06-30": "0.91", "2017-03-31": "1.08", "2016-12-31": "0.97", "2016-09-30": "0.93", "2016-06-30": "1.36", "2016-03-31": "1.67", "2015-12-31": "1.66", "2015-09-30": "1.67", "2015-06-30": "1.35", "2015-03-31": "1.13", "2014-12-31": "1.69", "2014-09-30": "1.25", "2014-06-30": "1.26", "2014-03-31": "1.12", "2013-12-31": "1.16", "2013-09-30": "0.89", "2013-06-30": "0.84", "2013-03-31": "0.82", "2012-12-31": "1.08", "2012-09-30": "1.09", "2012-06-30": "0.98", "2012-03-31": "0.98", "2011-12-31": "0.96", "2011-09-30": "0.91", "2011-06-30": "0.93", "2011-03-31": "0.63", "2010-12-31": "0.50", "2010-09-30": "0.50", "2010-06-30": "0.50", "2010-03-31": "0.94", "2009-12-31": "0.95", "2009-09-30": "0.93", "2009-06-30": "0.90", "2009-03-31": "0.90", "2008-12-31": "1.09", "2008-09-30": "1.07", "2008-06-30": "0.99", "2008-03-31": "0.74", "2007-12-31": "1.05", "2007-09-30": "0.92", "2007-06-30": "0.69", "2007-03-31": "0.70", "2006-12-31": "1.17", "2006-09-30": "0.81", "2006-06-30": "0.44", "2006-03-31": "0.35", "2005-12-31": "0.39", "2005-09-30": "0.21", "2005-06-30": "0.43", "2005-03-31": "0.00"}, "return on equity": {"2020-12-31": "6.03%", "2020-09-30": "6.38%", "2020-06-30": "6.06%", "2020-03-31": "6.10%", "2019-12-31": "6.57%", "2019-09-30": "6.35%", "2019-06-30": "20.55%", "2019-03-31": "22.54%", "2018-12-31": "24.29%", "2018-09-30": "25.24%", "2018-06-30": "9.13%", "2018-03-31": "8.12%", "2017-12-31": "7.83%", "2017-09-30": "7.33%", "2017-06-30": "7.52%", "2017-03-31": "7.94%", "2016-12-31": "8.39%", "2016-09-30": "10.03%", "2016-06-30": "9.06%", "2016-03-31": "7.90%", "2015-12-31": "7.12%", "2015-09-30": "5.42%", "2015-06-30": "6.39%", "2015-03-31": "5.34%", "2014-12-31": "3.62%", "2014-09-30": "3.86%", "2014-06-30": "3.68%", "2014-03-31": "5.82%", "2013-12-31": "7.54%", "2013-09-30": "8.90%", "2013-06-30": "9.98%", "2013-03-31": "9.69%", "2012-12-31": "8.68%", "2012-09-30": "7.54%", "2012-06-30": "4.61%", "2012-03-31": "3.02%", "2011-12-31": "3.15%", "2011-09-30": "2.86%", "2011-06-30": "3.81%", "2011-03-31": "4.09%", "2010-12-31": "2.71%", "2010-09-30": "2.40%", "2010-06-30": "2.72%", "2010-03-31": "3.26%", "2009-12-31": "5.29%", "2009-09-30": "4.48%", "2009-06-30": "4.11%", "2009-03-31": "4.96%", "2008-12-31": "5.06%", "2008-09-30": "6.29%", "2008-06-30": "7.59%", "2008-03-31": "7.98%", "2007-12-31": "8.44%", "2007-09-30": "9.02%", "2007-06-30": "8.95%", "2007-03-31": "8.61%", "2006-12-31": "8.78%", "2006-09-30": "8.71%", "2006-06-30": "7.57%", "2006-03-31": "7.06%", "2005-12-31": "8.03%"}, "return on assets": {"2020-12-31": "2.72%", "2020-09-30": "2.95%", "2020-06-30": "2.85%", "2020-03-31": "2.91%", "2019-12-31": "3.24%", "2019-09-30": "3.18%", "2019-06-30": "10.48%", "2019-03-31": "11.19%", "2018-12-31": "11.42%", "2018-09-30": "11.30%", "2018-06-30": "3.91%", "2018-03-31": "3.64%", "2017-12-31": "3.61%", "2017-09-30": "3.53%", "2017-06-30": "3.82%", "2017-03-31": "3.85%", "2016-12-31": "3.86%", "2016-09-30": "4.26%", "2016-06-30": "3.50%", "2016-03-31": "3.04%", "2015-12-31": "2.88%", "2015-09-30": "2.21%", "2015-06-30": "2.73%", "2015-03-31": "2.30%", "2014-12-31": "1.56%", "2014-09-30": "1.76%", "2014-06-30": "1.75%", "2014-03-31": "2.90%", "2013-12-31": "3.90%", "2013-09-30": "4.68%", "2013-06-30": "5.13%", "2013-03-31": "4.88%", "2012-12-31": "4.27%", "2012-09-30": "3.76%", "2012-06-30": "2.35%", "2012-03-31": "1.56%", "2011-12-31": "1.70%", "2011-09-30": "1.65%", "2011-06-30": "2.33%", "2011-03-31": "2.67%", "2010-12-31": "1.71%", "2010-09-30": "1.42%", "2010-06-30": "1.51%", "2010-03-31": "1.69%", "2009-12-31": "2.75%", "2009-09-30": "2.29%", "2009-06-30": "2.07%", "2009-03-31": "2.47%", "2008-12-31": "2.56%", "2008-09-30": "3.21%", "2008-06-30": "3.96%", "2008-03-31": "4.33%", "2007-12-31": "4.58%", "2007-09-30": "4.89%", "2007-06-30": "4.93%", "2007-03-31": "4.87%", "2006-12-31": "5.21%", "2006-09-30": "5.83%", "2006-06-30": "5.63%", "2006-03-31": "5.28%", "2005-12-31": "6.03%"}, "return on investments": {"2020-12-31": "3.25%", "2020-09-30": "3.02%", "2020-06-30": "2.86%", "2020-03-31": "2.89%", "2019-12-31": "2.88%", "2019-09-30": "2.67%", "2019-06-30": "2.87%", "2019-03-31": "3.08%", "2018-12-31": "3.35%", "2018-09-30": "4.05%", "2018-06-30": "3.95%", "2018-03-31": "3.95%", "2017-12-31": "4.00%", "2017-09-30": "1.91%", "2017-06-30": "2.28%", "2017-03-31": "2.60%", "2016-12-31": "3.23%", "2016-09-30": "6.68%", "2016-06-30": "6.23%", "2016-03-31": "5.91%", "2015-12-31": "5.66%", "2015-09-30": "4.91%", "2015-06-30": "5.64%", "2015-03-31": "5.35%", "2014-12-31": "4.56%", "2014-09-30": "4.77%", "2014-06-30": "4.55%", "2014-03-31": "5.53%", "2013-12-31": "6.49%", "2013-09-30": "7.19%", "2013-06-30": "7.37%", "2013-03-31": "7.28%", "2012-12-31": "6.50%", "2012-09-30": "5.70%", "2012-06-30": "5.18%", "2012-03-31": "4.53%", "2011-12-31": "4.70%", "2011-09-30": "4.34%", "2011-06-30": "4.22%", "2011-03-31": "4.14%", "2010-12-31": "3.31%", "2010-09-30": "3.87%", "2010-06-30": "4.14%", "2010-03-31": "4.35%", "2009-12-31": "5.37%", "2009-09-30": "4.88%", "2009-06-30": "4.81%", "2009-03-31": "5.25%", "2008-12-31": "5.13%", "2008-09-30": "6.24%", "2008-06-30": "6.52%", "2008-03-31": "6.77%", "2007-12-31": "6.55%", "2007-09-30": "5.11%", "2007-06-30": "4.74%", "2007-03-31": "3.86%", "2006-12-31": "4.24%", "2006-09-30": "5.79%", "2006-06-30": "5.28%", "2006-03-31": "5.27%", "2005-12-31": "6.20%"}, "return on tangible equity": {"2020-09-30": "6.38%", "2020-06-30": "6.06%", "2020-03-31": "6.10%", "2019-12-31": "6.57%", "2019-09-30": "6.35%", "2019-06-30": "20.55%", "2019-03-31": "22.54%", "2018-12-31": "24.29%", "2018-09-30": "25.24%", "2018-06-30": "9.13%", "2018-03-31": "8.12%", "2017-12-31": "7.83%", "2017-09-30": "7.33%", "2017-06-30": "7.52%", "2017-03-31": "7.94%", "2016-12-31": "8.39%", "2016-09-30": "10.03%", "2016-06-30": "9.06%", "2016-03-31": "7.90%", "2015-12-31": "7.12%", "2015-09-30": "5.42%", "2015-06-30": "6.39%", "2015-03-31": "5.34%", "2014-12-31": "3.62%", "2014-09-30": "3.86%", "2014-06-30": "3.68%", "2014-03-31": "5.82%", "2013-12-31": "7.54%", "2013-09-30": "8.90%", "2013-06-30": "9.98%", "2013-03-31": "9.69%", "2012-12-31": "8.68%", "2012-09-30": "7.54%", "2012-06-30": "4.61%", "2012-03-31": "3.02%", "2011-12-31": "3.15%", "2011-09-30": "2.86%", "2011-06-30": "3.81%", "2011-03-31": "4.09%", "2010-12-31": "2.71%", "2010-09-30": "2.40%", "2010-06-30": "2.72%", "2010-03-31": "3.26%", "2009-12-31": "5.29%", "2009-09-30": "4.48%", "2009-06-30": "4.11%", "2009-03-31": "4.96%", "2008-12-31": "5.06%", "2008-09-30": "6.29%", "2008-06-30": "7.59%", "2008-03-31": "7.98%", "2007-12-31": "8.44%", "2007-09-30": "9.02%", "2007-06-30": "8.95%", "2007-03-31": "8.61%", "2006-12-31": "8.78%", "2006-09-30": "8.71%", "2006-06-30": "7.57%", "2006-03-31": "7.06%", "2005-12-31": "8.03%"}, "dividend yield history": {"last payout": "$1.08", "last yield": "4.94%"}}