{"ticker": "MD", "price": {"title": "MEDNAX Historical Annual Stock Price Data", "value": 25.85, "historical": {"2021": {"Average Stock Price": "24.8729", "Year Open": "23.8800", "Year High": "28.6000", "Year Low": "22.5900", "Year Close": "25.8500", "Annual % Change": "5.34%"}, "2020": {"Average Stock Price": "18.2011", "Year Open": "27.4900", "Year High": "27.7100", "Year Low": "7.8900", "Year Close": "24.5400", "Annual % Change": "-11.69%"}, "2019": {"Average Stock Price": "26.9892", "Year Open": "32.7600", "Year High": "36.8600", "Year Low": "20.5900", "Year Close": "27.7900", "Annual % Change": "-15.79%"}, "2018": {"Average Stock Price": "47.1541", "Year Open": "54.7400", "Year High": "58.6200", "Year Low": "32.2600", "Year Close": "33.0000", "Annual % Change": "-38.25%"}, "2017": {"Average Stock Price": "55.8055", "Year Open": "66.9700", "Year High": "72.0300", "Year Low": "41.1900", "Year Close": "53.4400", "Annual % Change": "-19.83%"}, "2016": {"Average Stock Price": "67.1500", "Year Open": "71.0500", "Year High": "76.2900", "Year Low": "60.3800", "Year Close": "66.6600", "Annual % Change": "-6.98%"}, "2015": {"Average Stock Price": "74.1010", "Year Open": "66.0800", "Year High": "85.4700", "Year Low": "64.5300", "Year Close": "71.6600", "Annual % Change": "8.40%"}, "2014": {"Average Stock Price": "58.7028", "Year Open": "53.0200", "Year High": "67.2000", "Year Low": "51.2500", "Year Close": "66.1100", "Annual % Change": "23.85%"}, "2013": {"Average Stock Price": "47.6226", "Year Open": "42.0450", "Year High": "56.3050", "Year Low": "41.0250", "Year Close": "53.3800", "Annual % Change": "34.26%"}, "2012": {"Average Stock Price": "35.4402", "Year Open": "35.3400", "Year High": "40.6750", "Year Low": "30.0050", "Year Close": "39.7600", "Annual % Change": "10.43%"}, "2011": {"Average Stock Price": "33.7017", "Year Open": "34.5800", "Year High": "37.5900", "Year Low": "29.3100", "Year Close": "36.0050", "Annual % Change": "7.01%"}, "2010": {"Average Stock Price": "28.1501", "Year Open": "30.0000", "Year High": "34.1750", "Year Low": "23.1700", "Year Close": "33.6450", "Annual % Change": "11.94%"}, "2009": {"Average Stock Price": "22.0860", "Year Open": "15.3750", "Year High": "30.6050", "Year Low": "12.5100", "Year Close": "30.0550", "Annual % Change": "89.62%"}, "2008": {"Average Stock Price": "26.6266", "Year Open": "33.9750", "Year High": "35.8450", "Year Low": "12.1650", "Year Close": "15.8500", "Annual % Change": "-53.48%"}, "2007": {"Average Stock Price": "29.2583", "Year Open": "24.2650", "Year High": "34.3100", "Year Low": "24.2650", "Year Close": "34.0750", "Annual % Change": "39.37%"}, "2006": {"Average Stock Price": "23.2732", "Year Open": "22.4975", "Year High": "26.1725", "Year Low": "20.9300", "Year Close": "24.4500", "Annual % Change": "10.42%"}, "2005": {"Average Stock Price": "18.5272", "Year Open": "15.6375", "Year High": "22.6525", "Year Low": "15.3975", "Year Close": "22.1425", "Annual % Change": "38.28%"}, "2004": {"Average Stock Price": "15.8087", "Year Open": "13.8000", "Year High": "17.9125", "Year Low": "13.1625", "Year Close": "16.0125", "Annual % Change": "16.26%"}, "2003": {"Average Stock Price": "10.0714", "Year Open": "10.2750", "Year High": "14.2525", "Year Low": "5.8250", "Year Close": "13.7725", "Annual % Change": "37.52%"}, "2002": {"Average Stock Price": "8.9497", "Year Open": "8.3075", "Year High": "12.1500", "Year Low": "5.5750", "Year Close": "10.0150", "Annual % Change": "18.10%"}, "2001": {"Average Stock Price": "7.3234", "Year Open": "5.9850", "Year High": "10.5250", "Year Low": "4.9100", "Year Close": "8.4800", "Annual % Change": "40.98%"}, "2000": {"Average Stock Price": "3.0293", "Year Open": "1.7813", "Year High": "6.3450", "Year Low": "1.6563", "Year Close": "6.0150", "Annual % Change": "243.71%"}, "1999": {"Average Stock Price": "4.2605", "Year Open": "7.3750", "Year High": "8.5000", "Year Low": "1.6720", "Year Close": "1.7500", "Annual % Change": "-76.64%"}, "1998": {"Average Stock Price": "5.3514", "Year Open": "5.2888", "Year High": "7.5625", "Year Low": "4.0625", "Year Close": "7.4925", "Annual % Change": "40.21%"}, "1997": {"Average Stock Price": "5.1189", "Year Open": "4.6250", "Year High": "6.2500", "Year Low": "3.6250", "Year Close": "5.3438", "Annual % Change": "15.54%"}, "1996": {"Average Stock Price": "5.2925", "Year Open": "3.4688", "Year High": "7.9375", "Year Low": "3.0000", "Year Close": "4.6250", "Annual % Change": "34.55%"}}}, "market cap": {"value": "$2.21B"}, "income statement": {"Revenue": {"2019-12-31": "3513.54200", "2018-12-31": "3454.81000", "2017-12-31": "3253.39100", "2016-12-31": "3183.15900", "2015-12-31": "2779.99600", "2014-12-31": "2438.91300", "2013-12-31": "2154.01200", "2012-12-31": "1816.61200", "2011-12-31": "1588.24800", "2010-12-31": "1401.55900", "2009-12-31": "1288.26400", "2008-12-31": "1068.27700", "2007-12-31": "917.64400", "2006-12-31": "804.69600", "2005-12-31": "680.76300"}, "Cost Of Goods Sold": {"2019-12-31": "2621.54400", "2018-12-31": "2535.22700", "2017-12-31": "2333.77900", "2016-12-31": "2149.63600", "2015-12-31": "1851.98500", "2014-12-31": "1632.39700", "2013-12-31": "1443.70600", "2012-12-31": "1202.73600", "2011-12-31": "1037.21100", "2010-12-31": "912.43100", "2009-12-31": "835.72500", "2008-12-31": "688.21200", "2007-12-31": "567.38400", "2006-12-31": "495.41500", "2005-12-31": "415.56000"}, "Gross Profit": {"2019-12-31": "891.99800", "2018-12-31": "919.58300", "2017-12-31": "919.61210", "2016-12-31": "1033.52300", "2015-12-31": "928.01110", "2014-12-31": "806.51610", "2013-12-31": "710.30590", "2012-12-31": "613.87610", "2011-12-31": "551.03710", "2010-12-31": "489.12800", "2009-12-31": "452.53910", "2008-12-31": "380.06490", "2007-12-31": "350.25990", "2006-12-31": "309.28100", "2005-12-31": "265.20300"}, "Research And Development Expenses": {"2019-12-31": "", "2018-12-31": "", "2017-12-31": "", "2016-12-31": "", "2015-12-31": "", "2014-12-31": "", "2013-12-31": "", "2012-12-31": "", "2011-12-31": "", "2010-12-31": "", "2009-12-31": "", "2008-12-31": "", "2007-12-31": "", "2006-12-31": "", "2005-12-31": ""}, "SG&A Expenses": {"2019-12-31": "404.64300", "2018-12-31": "403.93400", "2017-12-31": "385.86400", "2016-12-31": "372.57200", "2015-12-31": "305.91500", "2014-12-31": "247.52700", "2013-12-31": "218.20900", "2012-12-31": "193.54000", "2011-12-31": "170.35600", "2010-12-31": "154.26700", "2009-12-31": "147.16200", "2008-12-31": "124.96500", "2007-12-31": "119.76600", "2006-12-31": "106.78600", "2005-12-31": "113.90100"}, "Other Operating Income Or Expenses": {"2019-12-31": "", "2018-12-31": "", "2017-12-31": "", "2016-12-31": "", "2015-12-31": "", "2014-12-31": "", "2013-12-31": "", "2012-12-31": "", "2011-12-31": "", "2010-12-31": "", "2009-12-31": "", "2008-12-31": "", "2007-12-31": "", "2006-12-31": "", "2005-12-31": ""}, "Operating Expenses": {"2019-12-31": "4649.59100", "2018-12-31": "3022.99300", "2017-12-31": "2798.49900", "2016-12-31": "2611.47200", "2015-12-31": "2222.12800", "2014-12-31": "1925.91400", "2013-12-31": "1701.88100", "2012-12-31": "1427.09200", "2011-12-31": "1232.85900", "2010-12-31": "1088.64800", "2009-12-31": "999.33500", "2008-12-31": "826.24800", "2007-12-31": "696.74400", "2006-12-31": "610.28500", "2005-12-31": "537.88400"}, "Operating Income": {"2019-12-31": "-1136.04900", "2018-12-31": "431.81690", "2017-12-31": "454.89210", "2016-12-31": "571.68700", "2015-12-31": "557.86820", "2014-12-31": "512.99910", "2013-12-31": "452.13100", "2012-12-31": "389.52000", "2011-12-31": "355.38920", "2010-12-31": "312.91100", "2009-12-31": "288.92910", "2008-12-31": "242.02890", "2007-12-31": "220.90000", "2006-12-31": "194.41090", "2005-12-31": "142.87900"}, "Total Non-Operating Income/Expense": {"2019-12-31": "-105.93100", "2018-12-31": "-76.75300", "2017-12-31": "-69.21900", "2016-12-31": "-57.88800", "2015-12-31": "-18.13900", "2014-12-31": "-4.38300", "2013-12-31": "-3.71900", "2012-12-31": "-1.34900", "2011-12-31": "-2.14400", "2010-12-31": "-1.75900", "2009-12-31": "-1.22900", "2008-12-31": "-0.61100", "2007-12-31": "6.10600", "2006-12-31": "2.80400", "2005-12-31": "-1.06500"}, "Pre-Tax Income": {"2019-12-31": "-1241.98000", "2018-12-31": "355.06400", "2017-12-31": "385.67300", "2016-12-31": "513.79900", "2015-12-31": "539.72900", "2014-12-31": "508.61600", "2013-12-31": "448.41200", "2012-12-31": "388.17100", "2011-12-31": "353.24500", "2010-12-31": "311.15200", "2009-12-31": "287.70000", "2008-12-31": "241.41800", "2007-12-31": "227.00600", "2006-12-31": "197.21500", "2005-12-31": "141.81400"}, "Income Taxes": {"2019-12-31": "-91.88600", "2018-12-31": "96.45300", "2017-12-31": "80.23100", "2016-12-31": "189.20300", "2015-12-31": "204.03800", "2014-12-31": "191.41300", "2013-12-31": "167.89500", "2012-12-31": "147.26400", "2011-12-31": "135.24800", "2010-12-31": "108.46100", "2009-12-31": "111.89600", "2008-12-31": "94.73600", "2007-12-31": "86.98700", "2006-12-31": "75.10700", "2005-12-31": "56.08000"}, "Income After Taxes": {"2019-12-31": "-1150.09400", "2018-12-31": "258.61100", "2017-12-31": "305.44200", "2016-12-31": "324.59600", "2015-12-31": "335.69100", "2014-12-31": "317.20300", "2013-12-31": "280.51700", "2012-12-31": "240.90700", "2011-12-31": "217.99700", "2010-12-31": "202.69100", "2009-12-31": "175.80400", "2008-12-31": "146.68200", "2007-12-31": "140.01900", "2006-12-31": "122.10800", "2005-12-31": "85.73400"}, "Other Income": {"2019-12-31": "", "2018-12-31": "", "2017-12-31": "", "2016-12-31": "", "2015-12-31": "", "2014-12-31": "", "2013-12-31": "", "2012-12-31": "", "2011-12-31": "", "2010-12-31": "", "2009-12-31": "", "2008-12-31": "", "2007-12-31": "", "2006-12-31": "", "2005-12-31": ""}, "Income From Continuous Operations": {"2019-12-31": "-1150.09400", "2018-12-31": "258.61100", "2017-12-31": "305.44200", "2016-12-31": "324.59600", "2015-12-31": "335.69100", "2014-12-31": "317.20300", "2013-12-31": "280.51700", "2012-12-31": "240.90700", "2011-12-31": "217.99700", "2010-12-31": "202.69100", "2009-12-31": "175.80400", "2008-12-31": "146.68200", "2007-12-31": "140.01900", "2006-12-31": "122.10800", "2005-12-31": "85.73400"}, "Income From Discontinued Operations": {"2019-12-31": "-347.60800", "2018-12-31": "10.01800", "2017-12-31": "14.93000", "2016-12-31": "", "2015-12-31": "", "2014-12-31": "", "2013-12-31": "", "2012-12-31": "", "2011-12-31": "", "2010-12-31": "", "2009-12-31": "", "2008-12-31": "22.51900", "2007-12-31": "2.70300", "2006-12-31": "2.35700", "2005-12-31": "1.77500"}, "Net Income": {"2019-12-31": "-1497.70200", "2018-12-31": "268.62900", "2017-12-31": "320.37200", "2016-12-31": "324.91400", "2015-12-31": "336.32000", "2014-12-31": "317.28100", "2013-12-31": "280.51700", "2012-12-31": "240.90700", "2011-12-31": "217.99700", "2010-12-31": "202.69100", "2009-12-31": "175.80400", "2008-12-31": "169.20100", "2007-12-31": "142.72200", "2006-12-31": "124.46500", "2005-12-31": "87.50900"}, "EBITDA": {"2019-12-31": "397.69760", "2018-12-31": "520.22090", "2017-12-31": "539.26210", "2016-12-31": "665.76700", "2015-12-31": "623.63710", "2014-12-31": "560.21910", "2013-12-31": "492.09700", "2012-12-31": "420.33600", "2011-12-31": "380.68120", "2010-12-31": "334.86100", "2009-12-31": "305.37710", "2008-12-31": "255.23890", "2007-12-31": "231.46300", "2006-12-31": "203.88100", "2005-12-31": "152.79400"}, "EBIT": {"2019-12-31": "-1136.04900", "2018-12-31": "431.81690", "2017-12-31": "454.89210", "2016-12-31": "571.68700", "2015-12-31": "557.86820", "2014-12-31": "512.99910", "2013-12-31": "452.13100", "2012-12-31": "389.52000", "2011-12-31": "355.38920", "2010-12-31": "312.91100", "2009-12-31": "288.92910", "2008-12-31": "242.02890", "2007-12-31": "220.90000", "2006-12-31": "194.41090", "2005-12-31": "142.87900"}, "Basic Shares Outstanding": {"2019-12-31": "83.49500", "2018-12-31": "91.10400", "2017-12-31": "92.43100", "2016-12-31": "92.42200", "2015-12-31": "93.07700", "2014-12-31": "98.58800", "2013-12-31": "99.11200", "2012-12-31": "97.38600", "2011-12-31": "95.41200", "2010-12-31": "93.26000", "2009-12-31": "91.14600", "2008-12-31": "92.24200", "2007-12-31": "96.91600", "2006-12-31": "95.84800", "2005-12-31": "92.96800"}, "Shares Outstanding": {"2019-12-31": "83.49500", "2018-12-31": "91.60600", "2017-12-31": "92.95800", "2016-12-31": "93.10900", "2015-12-31": "93.96000", "2014-12-31": "99.88700", "2013-12-31": "100.96900", "2012-12-31": "99.38200", "2011-12-31": "97.59200", "2010-12-31": "95.14000", "2009-12-31": "92.94200", "2008-12-31": "94.32200", "2007-12-31": "99.80800", "2006-12-31": "98.77400", "2005-12-31": "96.08000"}, "Basic EPS": {"2019-12-31": "-17.94000", "2018-12-31": "2.95000", "2017-12-31": "3.47000", "2016-12-31": "3.52000", "2015-12-31": "3.61000", "2014-12-31": "3.22000", "2013-12-31": "2.83000", "2012-12-31": "2.47000", "2011-12-31": "2.28000", "2010-12-31": "2.17500", "2009-12-31": "1.93000", "2008-12-31": "1.83500", "2007-12-31": "1.47500", "2006-12-31": "1.30000", "2005-12-31": "0.94000"}, "EPS - Earnings Per Share": {"2019-12-31": "-17.94000", "2018-12-31": "2.93000", "2017-12-31": "3.45000", "2016-12-31": "3.49000", "2015-12-31": "3.58000", "2014-12-31": "3.18000", "2013-12-31": "2.78000", "2012-12-31": "2.42000", "2011-12-31": "2.23000", "2010-12-31": "2.13000", "2009-12-31": "1.89000", "2008-12-31": "1.79500", "2007-12-31": "1.43000", "2006-12-31": "1.26000", "2005-12-31": "0.91000"}}, "income statement, quarterly": {"Revenue": {"2020-09-30": "460.63500", "2020-06-30": "509.20300", "2020-03-31": "845.91800", "2019-12-31": "1646.20900", "2019-09-30": "454.91300", "2019-06-30": "561.23700", "2019-03-31": "851.18300", "2018-12-31": "888.43600", "2018-09-30": "848.75900", "2018-06-30": "864.98700", "2018-03-31": "852.62800", "2017-12-31": "705.89920", "2017-09-30": "868.95100", "2017-06-30": "842.94400", "2017-03-31": "835.59700", "2016-12-31": "830.76980", "2016-09-30": "828.00600", "2016-06-30": "771.75900", "2016-03-31": "752.62400", "2015-12-31": "741.74010", "2015-09-30": "722.27300", "2015-06-30": "676.58800", "2015-03-31": "639.39500", "2014-12-31": "650.52500", "2014-09-30": "626.50600", "2014-06-30": "595.54400", "2014-03-31": "566.33800", "2013-12-31": "567.38710", "2013-09-30": "554.73000", "2013-06-30": "529.18000", "2013-03-31": "502.71500", "2012-12-31": "471.33200", "2012-09-30": "473.13400", "2012-06-30": "449.53000", "2012-03-31": "422.61600", "2011-12-31": "404.89800", "2011-09-30": "407.66500", "2011-06-30": "393.40200", "2011-03-31": "382.28300", "2010-12-31": "368.48000", "2010-09-30": "351.05800", "2010-06-30": "349.09400", "2010-03-31": "332.92700", "2009-12-31": "333.28800", "2009-09-30": "331.27600", "2009-06-30": "319.81500", "2009-03-31": "303.88500", "2008-12-31": "297.81490", "2008-09-30": "267.18500", "2008-06-30": "257.70400", "2008-03-31": "245.57300", "2007-12-31": "250.35600", "2007-09-30": "233.10200", "2007-06-30": "223.26200", "2007-03-31": "210.92400", "2006-12-31": "197.45500", "2006-09-30": "215.75500", "2006-06-30": "203.80700", "2006-03-31": "187.67900", "2005-12-31": "164.75800", "2005-09-30": "178.09900", "2005-06-30": "173.75600", "2005-03-31": "164.15000"}, "Cost Of Goods Sold": {"2020-09-30": "332.34400", "2020-06-30": "370.69100", "2020-03-31": "677.98500", "2019-12-31": "1264.34100", "2019-09-30": "323.88700", "2019-06-30": "385.98600", "2019-03-31": "647.33000", "2018-12-31": "655.91820", "2018-09-30": "626.57500", "2018-06-30": "621.37600", "2018-03-31": "631.35800", "2017-12-31": "525.33510", "2017-09-30": "615.97300", "2017-06-30": "592.29000", "2017-03-31": "600.18100", "2016-12-31": "565.68910", "2016-09-30": "553.47300", "2016-06-30": "511.61700", "2016-03-31": "518.85700", "2015-12-31": "487.23800", "2015-09-30": "474.04000", "2015-06-30": "447.68100", "2015-03-31": "443.02600", "2014-12-31": "427.89400", "2014-09-30": "416.36400", "2014-06-30": "394.68200", "2014-03-31": "393.45700", "2013-12-31": "377.34310", "2013-09-30": "366.32400", "2013-06-30": "351.33800", "2013-03-31": "348.70100", "2012-12-31": "309.94700", "2012-09-30": "309.63600", "2012-06-30": "293.90700", "2012-03-31": "289.24600", "2011-12-31": "263.27690", "2011-09-30": "263.40500", "2011-06-30": "251.54500", "2011-03-31": "258.98400", "2010-12-31": "237.24600", "2010-09-30": "225.86400", "2010-06-30": "222.82400", "2010-03-31": "226.49700", "2009-12-31": "213.19300", "2009-09-30": "211.32900", "2009-06-30": "204.55400", "2009-03-31": "206.64900", "2008-12-31": "194.96910", "2008-09-30": "170.94400", "2008-06-30": "161.22500", "2008-03-31": "161.07400", "2007-12-31": "155.02600", "2007-09-30": "139.58800", "2007-06-30": "134.56000", "2007-03-31": "138.21000", "2006-12-31": "123.09300", "2006-09-30": "128.92800", "2006-06-30": "123.02300", "2006-03-31": "120.37100", "2005-12-31": "100.17900", "2005-09-30": "106.21600", "2005-06-30": "105.11200", "2005-03-31": "104.05300"}, "Gross Profit": {"2020-09-30": "128.29100", "2020-06-30": "138.51200", "2020-03-31": "167.93300", "2019-12-31": "381.86780", "2019-09-30": "131.02600", "2019-06-30": "175.25100", "2019-03-31": "203.85300", "2018-12-31": "232.51780", "2018-09-30": "222.18400", "2018-06-30": "243.61100", "2018-03-31": "221.27000", "2017-12-31": "180.56410", "2017-09-30": "252.97800", "2017-06-30": "250.65400", "2017-03-31": "235.41600", "2016-12-31": "265.08060", "2016-09-30": "274.53300", "2016-06-30": "260.14200", "2016-03-31": "233.76700", "2015-12-31": "254.50210", "2015-09-30": "248.23300", "2015-06-30": "228.90700", "2015-03-31": "196.36900", "2014-12-31": "222.63110", "2014-09-30": "210.14200", "2014-06-30": "200.86200", "2014-03-31": "172.88100", "2013-12-31": "190.04400", "2013-09-30": "188.40600", "2013-06-30": "177.84200", "2013-03-31": "154.01400", "2012-12-31": "161.38500", "2012-09-30": "163.49800", "2012-06-30": "155.62300", "2012-03-31": "133.37000", "2011-12-31": "141.62120", "2011-09-30": "144.26000", "2011-06-30": "141.85700", "2011-03-31": "123.29900", "2010-12-31": "131.23400", "2010-09-30": "125.19400", "2010-06-30": "126.27000", "2010-03-31": "106.43000", "2009-12-31": "120.09500", "2009-09-30": "119.94700", "2009-06-30": "115.26100", "2009-03-31": "97.23600", "2008-12-31": "102.84590", "2008-09-30": "96.24100", "2008-06-30": "96.47900", "2008-03-31": "84.49900", "2007-12-31": "95.33000", "2007-09-30": "93.51400", "2007-06-30": "88.70200", "2007-03-31": "72.71400", "2006-12-31": "74.36200", "2006-09-30": "86.82700", "2006-06-30": "80.78400", "2006-03-31": "67.30800", "2005-12-31": "64.57900", "2005-09-30": "71.88300", "2005-06-30": "68.64400", "2005-03-31": "60.09700"}, "Research And Development Expenses": {"2020-09-30": "", "2020-06-30": "", "2020-03-31": "", "2019-12-31": "", "2019-09-30": "", "2019-06-30": "", "2019-03-31": "", "2018-12-31": "", "2018-09-30": "", "2018-06-30": "", "2018-03-31": "", "2017-12-31": "", "2017-09-30": "", "2017-06-30": "", "2017-03-31": "", "2016-12-31": "", "2016-09-30": "", "2016-06-30": "", "2016-03-31": "", "2015-12-31": "", "2015-09-30": "", "2015-06-30": "", "2015-03-31": "", "2014-12-31": "", "2014-09-30": "", "2014-06-30": "", "2014-03-31": "", "2013-12-31": "", "2013-09-30": "", "2013-06-30": "", "2013-03-31": "", "2012-12-31": "", "2012-09-30": "", "2012-06-30": "", "2012-03-31": "", "2011-12-31": "", "2011-09-30": "", "2011-06-30": "", "2011-03-31": "", "2010-12-31": "", "2010-09-30": "", "2010-06-30": "", "2010-03-31": "", "2009-12-31": "", "2009-09-30": "", "2009-06-30": "", "2009-03-31": "", "2008-12-31": "", "2008-09-30": "", "2008-06-30": "", "2008-03-31": "", "2007-12-31": "", "2007-09-30": "", "2007-06-30": "", "2007-03-31": "", "2006-12-31": "", "2006-09-30": "", "2006-06-30": "", "2006-03-31": "", "2005-12-31": "", "2005-09-30": "", "2005-06-30": "", "2005-03-31": ""}, "SG&A Expenses": {"2020-09-30": "66.34600", "2020-06-30": "77.67400", "2020-03-31": "105.23500", "2019-12-31": "155.31900", "2019-09-30": "63.28400", "2019-06-30": "84.21900", "2019-03-31": "101.82100", "2018-12-31": "105.53200", "2018-09-30": "95.77100", "2018-06-30": "100.93800", "2018-03-31": "101.69300", "2017-12-31": "77.65400", "2017-09-30": "101.43000", "2017-06-30": "103.01500", "2017-03-31": "103.76500", "2016-12-31": "97.04900", "2016-09-30": "93.45700", "2016-06-30": "92.11600", "2016-03-31": "89.95000", "2015-12-31": "85.39300", "2015-09-30": "80.18500", "2015-06-30": "72.40100", "2015-03-31": "67.93600", "2014-12-31": "67.64100", "2014-09-30": "60.64300", "2014-06-30": "60.82900", "2014-03-31": "58.41400", "2013-12-31": "55.63600", "2013-09-30": "54.65400", "2013-06-30": "54.60100", "2013-03-31": "53.31800", "2012-12-31": "50.27100", "2012-09-30": "48.20000", "2012-06-30": "48.20000", "2012-03-31": "46.86900", "2011-12-31": "42.84600", "2011-09-30": "43.01000", "2011-06-30": "42.70200", "2011-03-31": "41.79800", "2010-12-31": "39.50500", "2010-09-30": "37.49900", "2010-06-30": "39.16400", "2010-03-31": "38.09900", "2009-12-31": "36.56900", "2009-09-30": "37.64800", "2009-06-30": "36.29500", "2009-03-31": "36.65000", "2008-12-31": "33.44400", "2008-09-30": "30.74900", "2008-06-30": "31.01600", "2008-03-31": "29.75600", "2007-12-31": "28.11900", "2007-09-30": "29.31600", "2007-06-30": "29.30000", "2007-03-31": "33.03100", "2006-12-31": "26.60300", "2006-09-30": "27.97100", "2006-06-30": "24.82000", "2006-03-31": "27.39200", "2005-12-31": "38.08800", "2005-09-30": "25.10500", "2005-06-30": "22.57900", "2005-03-31": "28.12900"}, "Other Operating Income Or Expenses": {"2020-09-30": "", "2020-06-30": "", "2020-03-31": "", "2019-12-31": "", "2019-09-30": "", "2019-06-30": "", "2019-03-31": "", "2018-12-31": "", "2018-09-30": "", "2018-06-30": "", "2018-03-31": "", "2017-12-31": "", "2017-09-30": "", "2017-06-30": "", "2017-03-31": "", "2016-12-31": "", "2016-09-30": "", "2016-06-30": "", "2016-03-31": "", "2015-12-31": "", "2015-09-30": "", "2015-06-30": "", "2015-03-31": "", "2014-12-31": "", "2014-09-30": "", "2014-06-30": "", "2014-03-31": "", "2013-12-31": "", "2013-09-30": "", "2013-06-30": "", "2013-03-31": "", "2012-12-31": "", "2012-09-30": "", "2012-06-30": "", "2012-03-31": "", "2011-12-31": "", "2011-09-30": "", "2011-06-30": "", "2011-03-31": "", "2010-12-31": "", "2010-09-30": "", "2010-06-30": "", "2010-03-31": "", "2009-12-31": "", "2009-09-30": "", "2009-06-30": "", "2009-03-31": "", "2008-12-31": "", "2008-09-30": "", "2008-06-30": "", "2008-03-31": "", "2007-12-31": "", "2007-09-30": "", "2007-06-30": "", "2007-03-31": "", "2006-12-31": "", "2006-09-30": "", "2006-06-30": "", "2006-03-31": "", "2005-12-31": "", "2005-09-30": "", "2005-06-30": "", "2005-03-31": ""}, "Operating Expenses": {"2020-09-30": "440.17600", "2020-06-30": "474.29500", "2020-03-31": "832.79990", "2019-12-31": "2968.66800", "2019-09-30": "406.34500", "2019-06-30": "501.85000", "2019-03-31": "772.72800", "2018-12-31": "782.88320", "2018-09-30": "744.55100", "2018-06-30": "742.59400", "2018-03-31": "752.96500", "2017-12-31": "605.37990", "2017-09-30": "742.51900", "2017-06-30": "721.04000", "2017-03-31": "729.56000", "2016-12-31": "687.99190", "2016-09-30": "671.11500", "2016-06-30": "623.97400", "2016-03-31": "628.39100", "2015-12-31": "590.78000", "2015-09-30": "571.14290", "2015-06-30": "535.63100", "2015-03-31": "524.57400", "2014-12-31": "509.43790", "2014-09-30": "488.36300", "2014-06-30": "465.87200", "2014-03-31": "462.24100", "2013-12-31": "443.47000", "2013-09-30": "431.43900", "2013-06-30": "415.80900", "2013-03-31": "411.16300", "2012-12-31": "368.30910", "2012-09-30": "365.76100", "2012-06-30": "349.79400", "2012-03-31": "343.22800", "2011-12-31": "313.38880", "2011-09-30": "312.62800", "2011-06-30": "300.27900", "2011-03-31": "306.56300", "2010-12-31": "282.59400", "2010-09-30": "269.68400", "2010-06-30": "266.99400", "2010-03-31": "269.37600", "2009-12-31": "254.10400", "2009-09-30": "252.93300", "2009-06-30": "245.03600", "2009-03-31": "247.26200", "2008-12-31": "232.43300", "2008-09-30": "204.98900", "2008-06-30": "195.18000", "2008-03-31": "193.64600", "2007-12-31": "185.97600", "2007-09-30": "171.27000", "2007-06-30": "166.07900", "2007-03-31": "173.41900", "2006-12-31": "150.72000", "2006-09-30": "159.20700", "2006-06-30": "150.24700", "2006-03-31": "150.11100", "2005-12-31": "139.17500", "2005-09-30": "133.66000", "2005-06-30": "130.22000", "2005-03-31": "134.82900"}, "Operating Income": {"2020-09-30": "20.45900", "2020-06-30": "34.90800", "2020-03-31": "13.11810", "2019-12-31": "-1322.45900", "2019-09-30": "48.56800", "2019-06-30": "59.38700", "2019-03-31": "78.45500", "2018-12-31": "105.55280", "2018-09-30": "104.20790", "2018-06-30": "122.39300", "2018-03-31": "99.66300", "2017-12-31": "100.51930", "2017-09-30": "126.43190", "2017-06-30": "121.90400", "2017-03-31": "106.03700", "2016-12-31": "142.77780", "2016-09-30": "156.89100", "2016-06-30": "147.78500", "2016-03-31": "124.23300", "2015-12-31": "150.96010", "2015-09-30": "151.13010", "2015-06-30": "140.95700", "2015-03-31": "114.82100", "2014-12-31": "141.08710", "2014-09-30": "138.14300", "2014-06-30": "129.67200", "2014-03-31": "104.09700", "2013-12-31": "123.91710", "2013-09-30": "123.29100", "2013-06-30": "113.37100", "2013-03-31": "91.55200", "2012-12-31": "103.02290", "2012-09-30": "107.37300", "2012-06-30": "99.73600", "2012-03-31": "79.38800", "2011-12-31": "91.50930", "2011-09-30": "95.03700", "2011-06-30": "93.12300", "2011-03-31": "75.72000", "2010-12-31": "85.88600", "2010-09-30": "81.37400", "2010-06-30": "82.10000", "2010-03-31": "63.55100", "2009-12-31": "79.18410", "2009-09-30": "78.34300", "2009-06-30": "74.77900", "2009-03-31": "56.62300", "2008-12-31": "65.38190", "2008-09-30": "62.19600", "2008-06-30": "62.52400", "2008-03-31": "51.92700", "2007-12-31": "64.38000", "2007-09-30": "61.83200", "2007-06-30": "57.18300", "2007-03-31": "37.50500", "2006-12-31": "46.73490", "2006-09-30": "56.54800", "2006-06-30": "53.56000", "2006-03-31": "37.56800", "2005-12-31": "25.58300", "2005-09-30": "44.43900", "2005-06-30": "43.53600", "2005-03-31": "29.32100"}, "Total Non-Operating Income/Expense": {"2020-09-30": "-16.43400", "2020-06-30": "-23.93500", "2020-03-31": "-26.94200", "2019-12-31": "-21.91600", "2019-09-30": "-28.32100", "2019-06-30": "-27.85400", "2019-03-31": "-27.84000", "2018-12-31": "-22.19000", "2018-09-30": "-18.49100", "2018-06-30": "-19.13600", "2018-03-31": "-16.93600", "2017-12-31": "-16.92600", "2017-09-30": "-18.43300", "2017-06-30": "-17.48100", "2017-03-31": "-16.37900", "2016-12-31": "-14.78000", "2016-09-30": "-16.19800", "2016-06-30": "-13.85900", "2016-03-31": "-13.05100", "2015-12-31": "-6.96500", "2015-09-30": "-4.85000", "2015-06-30": "-4.02000", "2015-03-31": "-2.30400", "2014-12-31": "-2.21300", "2014-09-30": "-0.73100", "2014-06-30": "-1.70300", "2014-03-31": "0.26400", "2013-12-31": "-0.52000", "2013-09-30": "-1.13500", "2013-06-30": "-1.27700", "2013-03-31": "-0.78700", "2012-12-31": "-0.53800", "2012-09-30": "-0.20200", "2012-06-30": "-0.48300", "2012-03-31": "-0.12600", "2011-12-31": "-0.18000", "2011-09-30": "-0.71900", "2011-06-30": "-0.65900", "2011-03-31": "-0.58600", "2010-12-31": "-0.55700", "2010-09-30": "-0.04300", "2010-06-30": "-0.85300", "2010-03-31": "-0.30600", "2009-12-31": "-0.12400", "2009-09-30": "-0.14000", "2009-06-30": "-0.39500", "2009-03-31": "-0.57000", "2008-12-31": "-1.21000", "2008-09-30": "-0.63900", "2008-06-30": "0.31000", "2008-03-31": "0.92800", "2007-12-31": "0.95000", "2007-09-30": "1.97400", "2007-06-30": "1.53900", "2007-03-31": "1.64300", "2006-12-31": "1.64500", "2006-09-30": "1.05100", "2006-06-30": "0.06700", "2006-03-31": "0.04100", "2005-12-31": "0.34500", "2005-09-30": "-0.10000", "2005-06-30": "-0.64700", "2005-03-31": "-0.66300"}, "Pre-Tax Income": {"2020-09-30": "4.02500", "2020-06-30": "10.97300", "2020-03-31": "-13.82400", "2019-12-31": "-1344.37500", "2019-09-30": "20.24700", "2019-06-30": "31.53300", "2019-03-31": "50.61500", "2018-12-31": "83.36300", "2018-09-30": "85.71700", "2018-06-30": "103.25700", "2018-03-31": "82.72700", "2017-12-31": "83.59300", "2017-09-30": "107.99900", "2017-06-30": "104.42300", "2017-03-31": "89.65800", "2016-12-31": "127.99800", "2016-09-30": "140.69300", "2016-06-30": "133.92600", "2016-03-31": "111.18200", "2015-12-31": "143.99500", "2015-09-30": "146.28000", "2015-06-30": "136.93700", "2015-03-31": "112.51700", "2014-12-31": "138.87400", "2014-09-30": "137.41200", "2014-06-30": "127.96900", "2014-03-31": "104.36100", "2013-12-31": "123.39700", "2013-09-30": "122.15600", "2013-06-30": "112.09400", "2013-03-31": "90.76500", "2012-12-31": "102.48500", "2012-09-30": "107.17100", "2012-06-30": "99.25300", "2012-03-31": "79.26200", "2011-12-31": "91.32900", "2011-09-30": "94.31800", "2011-06-30": "92.46400", "2011-03-31": "75.13400", "2010-12-31": "85.32900", "2010-09-30": "81.33100", "2010-06-30": "81.24700", "2010-03-31": "63.24500", "2009-12-31": "79.06000", "2009-09-30": "78.20300", "2009-06-30": "74.38400", "2009-03-31": "56.05300", "2008-12-31": "64.17200", "2008-09-30": "61.55700", "2008-06-30": "62.83400", "2008-03-31": "52.85500", "2007-12-31": "65.33000", "2007-09-30": "63.80600", "2007-06-30": "58.72200", "2007-03-31": "39.14800", "2006-12-31": "48.38000", "2006-09-30": "57.59900", "2006-06-30": "53.62700", "2006-03-31": "37.60900", "2005-12-31": "25.92800", "2005-09-30": "44.33900", "2005-06-30": "42.88900", "2005-03-31": "28.65800"}, "Income Taxes": {"2020-09-30": "6.67700", "2020-06-30": "3.37300", "2020-03-31": "2.28600", "2019-12-31": "-119.69400", "2019-09-30": "7.36000", "2019-06-30": "11.48600", "2019-03-31": "8.96200", "2018-12-31": "21.70100", "2018-09-30": "23.55000", "2018-06-30": "28.48200", "2018-03-31": "22.72000", "2017-12-31": "-37.58000", "2017-09-30": "42.11900", "2017-06-30": "40.72500", "2017-03-31": "34.96700", "2016-12-31": "49.91900", "2016-09-30": "44.27200", "2016-06-30": "51.60100", "2016-03-31": "43.41100", "2015-12-31": "51.58100", "2015-09-30": "55.64000", "2015-06-30": "52.88900", "2015-03-31": "43.92800", "2014-12-31": "50.59400", "2014-09-30": "51.17400", "2014-06-30": "48.94400", "2014-03-31": "40.70100", "2013-12-31": "44.42300", "2013-09-30": "45.19800", "2013-06-30": "42.87600", "2013-03-31": "35.39800", "2012-12-31": "36.38200", "2012-09-30": "41.26100", "2012-06-30": "38.70900", "2012-03-31": "30.91200", "2011-12-31": "32.97000", "2011-09-30": "36.07700", "2011-06-30": "36.52300", "2011-03-31": "29.67800", "2010-12-31": "31.52900", "2010-09-30": "20.06100", "2010-06-30": "31.88900", "2010-03-31": "24.98200", "2009-12-31": "28.65900", "2009-09-30": "30.06900", "2009-06-30": "31.16700", "2009-03-31": "22.00100", "2008-12-31": "25.18700", "2008-09-30": "24.16100", "2008-06-30": "24.66200", "2008-03-31": "20.72600", "2007-12-31": "24.80600", "2007-09-30": "25.00700", "2007-06-30": "23.01900", "2007-03-31": "14.15500", "2006-12-31": "18.32200", "2006-09-30": "22.43400", "2006-06-30": "20.16900", "2006-03-31": "14.18200", "2005-12-31": "12.65700", "2005-09-30": "16.64600", "2005-06-30": "16.10200", "2005-03-31": "10.67500"}, "Income After Taxes": {"2020-09-30": "-2.65200", "2020-06-30": "7.60000", "2020-03-31": "-16.11000", "2019-12-31": "-1224.68100", "2019-09-30": "12.88700", "2019-06-30": "20.04700", "2019-03-31": "41.65300", "2018-12-31": "61.66200", "2018-09-30": "62.16700", "2018-06-30": "74.77500", "2018-03-31": "60.00700", "2017-12-31": "121.17300", "2017-09-30": "65.88000", "2017-06-30": "63.69800", "2017-03-31": "54.69100", "2016-12-31": "78.07900", "2016-09-30": "96.42100", "2016-06-30": "82.32500", "2016-03-31": "67.77100", "2015-12-31": "92.41400", "2015-09-30": "90.64000", "2015-06-30": "84.04800", "2015-03-31": "68.58900", "2014-12-31": "88.28000", "2014-09-30": "86.23800", "2014-06-30": "79.02500", "2014-03-31": "63.66000", "2013-12-31": "78.97400", "2013-09-30": "76.95800", "2013-06-30": "69.21800", "2013-03-31": "55.36700", "2012-12-31": "66.10300", "2012-09-30": "65.91000", "2012-06-30": "60.54400", "2012-03-31": "48.35000", "2011-12-31": "58.35900", "2011-09-30": "58.24100", "2011-06-30": "55.94100", "2011-03-31": "45.45600", "2010-12-31": "53.80000", "2010-09-30": "61.27000", "2010-06-30": "49.35800", "2010-03-31": "38.26300", "2009-12-31": "50.40100", "2009-09-30": "48.13400", "2009-06-30": "43.21700", "2009-03-31": "34.05200", "2008-12-31": "38.98500", "2008-09-30": "37.39600", "2008-06-30": "38.17200", "2008-03-31": "32.12900", "2007-12-31": "40.52400", "2007-09-30": "38.79900", "2007-06-30": "35.70300", "2007-03-31": "24.99300", "2006-12-31": "30.05800", "2006-09-30": "35.16500", "2006-06-30": "33.45800", "2006-03-31": "23.42700", "2005-12-31": "13.27100", "2005-09-30": "27.69300", "2005-06-30": "26.78700", "2005-03-31": "17.98300"}, "Other Income": {"2020-09-30": "", "2020-06-30": "", "2020-03-31": "", "2019-12-31": "", "2019-09-30": "", "2019-06-30": "", "2019-03-31": "", "2018-12-31": "", "2018-09-30": "", "2018-06-30": "", "2018-03-31": "", "2017-12-31": "", "2017-09-30": "", "2017-06-30": "", "2017-03-31": "", "2016-12-31": "", "2016-09-30": "", "2016-06-30": "", "2016-03-31": "", "2015-12-31": "", "2015-09-30": "", "2015-06-30": "", "2015-03-31": "", "2014-12-31": "", "2014-09-30": "", "2014-06-30": "", "2014-03-31": "", "2013-12-31": "", "2013-09-30": "", "2013-06-30": "", "2013-03-31": "", "2012-12-31": "", "2012-09-30": "", "2012-06-30": "", "2012-03-31": "", "2011-12-31": "", "2011-09-30": "", "2011-06-30": "", "2011-03-31": "", "2010-12-31": "", "2010-09-30": "", "2010-06-30": "", "2010-03-31": "", "2009-12-31": "", "2009-09-30": "", "2009-06-30": "", "2009-03-31": "", "2008-12-31": "", "2008-09-30": "", "2008-06-30": "", "2008-03-31": "", "2007-12-31": "", "2007-09-30": "", "2007-06-30": "", "2007-03-31": "", "2006-12-31": "", "2006-09-30": "", "2006-06-30": "", "2006-03-31": "", "2005-12-31": "", "2005-09-30": "", "2005-06-30": "", "2005-03-31": ""}, "Income From Continuous Operations": {"2020-09-30": "-2.65200", "2020-06-30": "7.60000", "2020-03-31": "-16.11000", "2019-12-31": "-1224.68100", "2019-09-30": "12.88700", "2019-06-30": "20.04700", "2019-03-31": "41.65300", "2018-12-31": "61.66200", "2018-09-30": "62.16700", "2018-06-30": "74.77500", "2018-03-31": "60.00700", "2017-12-31": "121.17300", "2017-09-30": "65.88000", "2017-06-30": "63.69800", "2017-03-31": "54.69100", "2016-12-31": "78.07900", "2016-09-30": "96.42100", "2016-06-30": "82.32500", "2016-03-31": "67.77100", "2015-12-31": "92.41400", "2015-09-30": "90.64000", "2015-06-30": "84.04800", "2015-03-31": "68.58900", "2014-12-31": "88.28000", "2014-09-30": "86.23800", "2014-06-30": "79.02500", "2014-03-31": "63.66000", "2013-12-31": "78.97400", "2013-09-30": "76.95800", "2013-06-30": "69.21800", "2013-03-31": "55.36700", "2012-12-31": "66.10300", "2012-09-30": "65.91000", "2012-06-30": "60.54400", "2012-03-31": "48.35000", "2011-12-31": "58.35900", "2011-09-30": "58.24100", "2011-06-30": "55.94100", "2011-03-31": "45.45600", "2010-12-31": "53.80000", "2010-09-30": "61.27000", "2010-06-30": "49.35800", "2010-03-31": "38.26300", "2009-12-31": "50.40100", "2009-09-30": "48.13400", "2009-06-30": "43.21700", "2009-03-31": "34.05200", "2008-12-31": "38.98500", "2008-09-30": "37.39600", "2008-06-30": "38.17200", "2008-03-31": "32.12900", "2007-12-31": "40.52400", "2007-09-30": "38.79900", "2007-06-30": "35.70300", "2007-03-31": "24.99300", "2006-12-31": "30.05800", "2006-09-30": "35.16500", "2006-06-30": "33.45800", "2006-03-31": "23.42700", "2005-12-31": "13.27100", "2005-09-30": "27.69300", "2005-06-30": "26.78700", "2005-03-31": "17.98300"}, "Income From Discontinued Operations": {"2020-09-30": "-38.39200", "2020-06-30": "-680.03600", "2020-03-31": "-2.60200", "2019-12-31": "1234.01200", "2019-09-30": "-1268.80300", "2019-06-30": "-28.29200", "2019-03-31": "-284.52500", "2018-12-31": "-1.44800", "2018-09-30": "3.40800", "2018-06-30": "4.63700", "2018-03-31": "3.42100", "2017-12-31": "", "2017-09-30": "", "2017-06-30": "", "2017-03-31": "", "2016-12-31": "", "2016-09-30": "", "2016-06-30": "", "2016-03-31": "", "2015-12-31": "", "2015-09-30": "", "2015-06-30": "", "2015-03-31": "", "2014-12-31": "", "2014-09-30": "", "2014-06-30": "", "2014-03-31": "", "2013-12-31": "", "2013-09-30": "", "2013-06-30": "", "2013-03-31": "", "2012-12-31": "", "2012-09-30": "", "2012-06-30": "", "2012-03-31": "", "2011-12-31": "", "2011-09-30": "", "2011-06-30": "", "2011-03-31": "", "2010-12-31": "", "2010-09-30": "", "2010-06-30": "", "2010-03-31": "", "2009-12-31": "", "2009-09-30": "", "2009-06-30": "", "2009-03-31": "", "2008-12-31": "0.00000", "2008-09-30": "", "2008-06-30": "-1.15800", "2008-03-31": "23.67700", "2007-12-31": "0.74300", "2007-09-30": "0.75900", "2007-06-30": "0.61200", "2007-03-31": "0.58900", "2006-12-31": "", "2006-09-30": "", "2006-06-30": "", "2006-03-31": "", "2005-12-31": "", "2005-09-30": "", "2005-06-30": "", "2005-03-31": ""}, "Net Income": {"2020-09-30": "-41.04400", "2020-06-30": "-672.43600", "2020-03-31": "-18.71200", "2019-12-31": "9.33100", "2019-09-30": "-1255.91600", "2019-06-30": "-8.24500", "2019-03-31": "-242.87200", "2018-12-31": "60.21400", "2018-09-30": "65.57500", "2018-06-30": "79.41200", "2018-03-31": "63.42800", "2017-12-31": "136.10300", "2017-09-30": "65.88000", "2017-06-30": "63.69800", "2017-03-31": "54.69100", "2016-12-31": "78.07900", "2016-09-30": "96.50900", "2016-06-30": "82.42700", "2016-03-31": "67.89900", "2015-12-31": "92.70200", "2015-09-30": "90.78100", "2015-06-30": "84.13000", "2015-03-31": "68.70700", "2014-12-31": "88.39800", "2014-09-30": "86.20700", "2014-06-30": "79.01600", "2014-03-31": "63.66000", "2013-12-31": "78.97400", "2013-09-30": "76.95800", "2013-06-30": "69.21800", "2013-03-31": "55.36700", "2012-12-31": "66.10300", "2012-09-30": "65.91000", "2012-06-30": "60.54400", "2012-03-31": "48.35000", "2011-12-31": "58.35900", "2011-09-30": "58.24100", "2011-06-30": "55.94100", "2011-03-31": "45.45600", "2010-12-31": "53.80000", "2010-09-30": "61.27000", "2010-06-30": "49.35800", "2010-03-31": "38.26300", "2009-12-31": "50.40100", "2009-09-30": "48.13400", "2009-06-30": "43.21700", "2009-03-31": "34.05200", "2008-12-31": "38.98500", "2008-09-30": "37.39600", "2008-06-30": "37.01400", "2008-03-31": "55.80600", "2007-12-31": "41.26700", "2007-09-30": "39.55800", "2007-06-30": "36.31500", "2007-03-31": "25.58200", "2006-12-31": "32.41500", "2006-09-30": "35.16500", "2006-06-30": "33.45800", "2006-03-31": "23.42700", "2005-12-31": "15.04600", "2005-09-30": "27.69300", "2005-06-30": "26.78700", "2005-03-31": "17.98300"}, "EBITDA": {"2020-09-30": "13.70700", "2020-06-30": "46.35400", "2020-03-31": "33.24910", "2019-12-31": "188.16480", "2019-09-30": "41.17300", "2019-06-30": "68.35200", "2019-03-31": "100.00800", "2018-12-31": "128.24480", "2018-09-30": "127.51290", "2018-06-30": "143.79700", "2018-03-31": "120.66600", "2017-12-31": "104.34630", "2017-09-30": "152.88590", "2017-06-30": "148.99600", "2017-03-31": "133.03400", "2016-12-31": "168.77080", "2016-09-30": "182.46000", "2016-06-30": "169.42300", "2016-03-31": "145.11300", "2015-12-31": "169.41410", "2015-09-30": "168.52210", "2015-06-30": "156.88700", "2015-03-31": "128.81400", "2014-12-31": "156.21910", "2014-09-30": "149.49900", "2014-06-30": "140.03400", "2014-03-31": "114.46700", "2013-12-31": "134.40810", "2013-09-30": "133.75200", "2013-06-30": "123.24100", "2013-03-31": "100.69600", "2012-12-31": "111.11390", "2012-09-30": "115.29800", "2012-06-30": "107.42300", "2012-03-31": "86.50100", "2011-12-31": "98.77530", "2011-09-30": "101.25000", "2011-06-30": "99.15500", "2011-03-31": "81.50100", "2010-12-31": "91.72900", "2010-09-30": "87.69500", "2010-06-30": "87.10600", "2010-03-31": "68.33100", "2009-12-31": "83.52610", "2009-09-30": "82.29900", "2009-06-30": "78.96600", "2009-03-31": "60.58600", "2008-12-31": "69.40190", "2008-09-30": "65.49200", "2008-06-30": "65.46300", "2008-03-31": "54.88200", "2007-12-31": "67.42700", "2007-09-30": "64.40900", "2007-06-30": "59.64900", "2007-03-31": "39.97800", "2006-12-31": "49.14490", "2006-09-30": "58.85600", "2006-06-30": "55.96400", "2006-03-31": "39.91600", "2005-12-31": "27.98300", "2005-09-30": "46.77800", "2005-06-30": "46.06500", "2005-03-31": "31.96800"}, "EBIT": {"2020-09-30": "20.45900", "2020-06-30": "34.90800", "2020-03-31": "13.11810", "2019-12-31": "-1322.45900", "2019-09-30": "48.56800", "2019-06-30": "59.38700", "2019-03-31": "78.45500", "2018-12-31": "105.55290", "2018-09-30": "104.20790", "2018-06-30": "122.39300", "2018-03-31": "99.66300", "2017-12-31": "100.51920", "2017-09-30": "126.43190", "2017-06-30": "121.90400", "2017-03-31": "106.03700", "2016-12-31": "142.77800", "2016-09-30": "156.89100", "2016-06-30": "147.78500", "2016-03-31": "124.23300", "2015-12-31": "150.96000", "2015-09-30": "151.13010", "2015-06-30": "140.95700", "2015-03-31": "114.82100", "2014-12-31": "141.08720", "2014-09-30": "138.14300", "2014-06-30": "129.67200", "2014-03-31": "104.09700", "2013-12-31": "123.91700", "2013-09-30": "123.29100", "2013-06-30": "113.37100", "2013-03-31": "91.55200", "2012-12-31": "103.02300", "2012-09-30": "107.37300", "2012-06-30": "99.73600", "2012-03-31": "79.38800", "2011-12-31": "91.50920", "2011-09-30": "95.03700", "2011-06-30": "93.12300", "2011-03-31": "75.72000", "2010-12-31": "85.88600", "2010-09-30": "81.37400", "2010-06-30": "82.10000", "2010-03-31": "63.55100", "2009-12-31": "79.18410", "2009-09-30": "78.34300", "2009-06-30": "74.77900", "2009-03-31": "56.62300", "2008-12-31": "65.38190", "2008-09-30": "62.19600", "2008-06-30": "62.52400", "2008-03-31": "51.92700", "2007-12-31": "64.38000", "2007-09-30": "61.83200", "2007-06-30": "57.18300", "2007-03-31": "37.50500", "2006-12-31": "46.73490", "2006-09-30": "56.54800", "2006-06-30": "53.56000", "2006-03-31": "37.56800", "2005-12-31": "25.58300", "2005-09-30": "44.43900", "2005-06-30": "43.53600", "2005-03-31": "29.32100"}, "Basic Shares Outstanding": {"2020-09-30": "83.86200", "2020-06-30": "83.49000", "2020-03-31": "82.79900", "2019-12-31": "83.49500", "2019-09-30": "82.44100", "2019-06-30": "83.23400", "2019-03-31": "86.07300", "2018-12-31": "91.10400", "2018-09-30": "90.98400", "2018-06-30": "92.98700", "2018-03-31": "92.85900", "2017-12-31": "92.43100", "2017-09-30": "92.58900", "2017-06-30": "92.18100", "2017-03-31": "92.36000", "2016-12-31": "92.42200", "2016-09-30": "92.60400", "2016-06-30": "92.18200", "2016-03-31": "92.26900", "2015-12-31": "93.07700", "2015-09-30": "92.94900", "2015-06-30": "92.50000", "2015-03-31": "94.23100", "2014-12-31": "98.58800", "2014-09-30": "99.08800", "2014-06-30": "98.41100", "2014-03-31": "99.07600", "2013-12-31": "99.11200", "2013-09-30": "99.50600", "2013-06-30": "99.11600", "2013-03-31": "98.61800", "2012-12-31": "97.38600", "2012-09-30": "97.87600", "2012-06-30": "97.08600", "2012-03-31": "96.53800", "2011-12-31": "95.41200", "2011-09-30": "95.98000", "2011-06-30": "95.06200", "2011-03-31": "94.29800", "2010-12-31": "93.26000", "2010-09-30": "93.57600", "2010-06-30": "93.03200", "2010-03-31": "92.60000", "2009-12-31": "91.14600", "2009-09-30": "91.32600", "2009-06-30": "90.89200", "2009-03-31": "90.56400", "2008-12-31": "92.24200", "2008-09-30": "90.41400", "2008-06-30": "92.96200", "2008-03-31": "95.14400", "2007-12-31": "96.91600", "2007-09-30": "97.82400", "2007-06-30": "97.07400", "2007-03-31": "96.73200", "2006-12-31": "95.84800", "2006-09-30": "96.36800", "2006-06-30": "96.00600", "2006-03-31": "94.53600", "2005-12-31": "92.96800", "2005-09-30": "93.75200", "2005-06-30": "92.46200", "2005-03-31": "90.76000"}, "Shares Outstanding": {"2020-09-30": "83.86200", "2020-06-30": "83.74500", "2020-03-31": "82.79900", "2019-12-31": "83.49500", "2019-09-30": "82.88300", "2019-06-30": "83.68900", "2019-03-31": "86.54500", "2018-12-31": "91.60600", "2018-09-30": "91.35900", "2018-06-30": "93.52900", "2018-03-31": "93.50500", "2017-12-31": "92.95800", "2017-09-30": "92.88100", "2017-06-30": "92.81200", "2017-03-31": "93.14300", "2016-12-31": "93.10900", "2016-09-30": "93.14600", "2016-06-30": "92.94500", "2016-03-31": "93.09100", "2015-12-31": "93.96000", "2015-09-30": "93.64600", "2015-06-30": "93.49500", "2015-03-31": "95.32500", "2014-12-31": "99.88700", "2014-09-30": "100.14500", "2014-06-30": "99.86600", "2014-03-31": "100.69600", "2013-12-31": "100.96900", "2013-09-30": "101.17800", "2013-06-30": "101.09800", "2013-03-31": "100.78400", "2012-12-31": "99.38200", "2012-09-30": "99.61800", "2012-06-30": "99.09000", "2012-03-31": "98.79800", "2011-12-31": "97.59200", "2011-09-30": "97.87000", "2011-06-30": "97.46000", "2011-03-31": "96.72200", "2010-12-31": "95.14000", "2010-09-30": "94.96400", "2010-06-30": "95.05600", "2010-03-31": "94.53400", "2009-12-31": "92.94200", "2009-09-30": "93.32800", "2009-06-30": "92.50600", "2009-03-31": "91.86200", "2008-12-31": "94.32200", "2008-09-30": "92.35600", "2008-06-30": "95.30800", "2008-03-31": "97.86600", "2007-12-31": "99.80800", "2007-09-30": "100.52800", "2007-06-30": "100.25000", "2007-03-31": "99.82000", "2006-12-31": "98.77400", "2006-09-30": "99.03000", "2006-06-30": "98.92200", "2006-03-31": "97.81200", "2005-12-31": "96.08000", "2005-09-30": "96.61000", "2005-06-30": "95.63800", "2005-03-31": "93.82000"}, "Basic EPS": {"2020-09-30": "-0.49000", "2020-06-30": "-8.05000", "2020-03-31": "-0.23000", "2019-12-31": "0.21000", "2019-09-30": "-15.23000", "2019-06-30": "-0.10000", "2019-03-31": "-2.82000", "2018-12-31": "0.70000", "2018-09-30": "0.72000", "2018-06-30": "0.85000", "2018-03-31": "0.68000", "2017-12-31": "1.48000", "2017-09-30": "0.71000", "2017-06-30": "0.69000", "2017-03-31": "0.59000", "2016-12-31": "0.85000", "2016-09-30": "1.04000", "2016-06-30": "0.89000", "2016-03-31": "0.74000", "2015-12-31": "0.99000", "2015-09-30": "0.98000", "2015-06-30": "0.91000", "2015-03-31": "0.73000", "2014-12-31": "0.91000", "2014-09-30": "0.87000", "2014-06-30": "0.80000", "2014-03-31": "0.64000", "2013-12-31": "0.80000", "2013-09-30": "0.77000", "2013-06-30": "0.70000", "2013-03-31": "0.56000", "2012-12-31": "0.67000", "2012-09-30": "0.67500", "2012-06-30": "0.62500", "2012-03-31": "0.50000", "2011-12-31": "0.60500", "2011-09-30": "0.60500", "2011-06-30": "0.59000", "2011-03-31": "0.48000", "2010-12-31": "0.57500", "2010-09-30": "0.65500", "2010-06-30": "0.53000", "2010-03-31": "0.41500", "2009-12-31": "0.55500", "2009-09-30": "0.52500", "2009-06-30": "0.47500", "2009-03-31": "0.37500", "2008-12-31": "0.43500", "2008-09-30": "0.41500", "2008-06-30": "0.40000", "2008-03-31": "0.58500", "2007-12-31": "0.43000", "2007-09-30": "0.40500", "2007-06-30": "0.37500", "2007-03-31": "0.26500", "2006-12-31": "0.33500", "2006-09-30": "0.36500", "2006-06-30": "0.35000", "2006-03-31": "0.25000", "2005-12-31": "0.15500", "2005-09-30": "0.29500", "2005-06-30": "0.29000", "2005-03-31": "0.20000"}, "EPS - Earnings Per Share": {"2020-09-30": "-0.49000", "2020-06-30": "-8.03000", "2020-03-31": "-0.23000", "2019-12-31": "0.12000", "2019-09-30": "-15.15000", "2019-06-30": "-0.10000", "2019-03-31": "-2.81000", "2018-12-31": "0.68000", "2018-09-30": "0.72000", "2018-06-30": "0.85000", "2018-03-31": "0.68000", "2017-12-31": "1.46000", "2017-09-30": "0.71000", "2017-06-30": "0.69000", "2017-03-31": "0.59000", "2016-12-31": "0.83000", "2016-09-30": "1.04000", "2016-06-30": "0.89000", "2016-03-31": "0.73000", "2015-12-31": "0.99000", "2015-09-30": "0.97000", "2015-06-30": "0.90000", "2015-03-31": "0.72000", "2014-12-31": "0.90000", "2014-09-30": "0.86000", "2014-06-30": "0.79000", "2014-03-31": "0.63000", "2013-12-31": "0.79000", "2013-09-30": "0.76000", "2013-06-30": "0.68000", "2013-03-31": "0.55000", "2012-12-31": "0.66000", "2012-09-30": "0.66000", "2012-06-30": "0.61000", "2012-03-31": "0.49000", "2011-12-31": "0.59000", "2011-09-30": "0.59500", "2011-06-30": "0.57500", "2011-03-31": "0.47000", "2010-12-31": "0.56000", "2010-09-30": "0.64500", "2010-06-30": "0.52000", "2010-03-31": "0.40500", "2009-12-31": "0.54000", "2009-09-30": "0.51500", "2009-06-30": "0.46500", "2009-03-31": "0.37000", "2008-12-31": "0.43000", "2008-09-30": "0.40500", "2008-06-30": "0.39000", "2008-03-31": "0.57000", "2007-12-31": "0.42000", "2007-09-30": "0.39500", "2007-06-30": "0.36000", "2007-03-31": "0.25500", "2006-12-31": "0.32500", "2006-09-30": "0.35500", "2006-06-30": "0.34000", "2006-03-31": "0.24000", "2005-12-31": "0.15500", "2005-09-30": "0.28500", "2005-06-30": "0.28000", "2005-03-31": "0.19000"}}, "balance sheet": {"Cash On Hand": {"2019-12-31": "187.27700", "2018-12-31": "67.41400", "2017-12-31": "70.49200", "2016-12-31": "66.98400", "2015-12-31": "60.42500", "2014-12-31": "53.96300", "2013-12-31": "37.59400", "2012-12-31": "27.86400", "2011-12-31": "22.73500", "2010-12-31": "43.63200", "2009-12-31": "31.88300", "2008-12-31": "35.11000", "2007-12-31": "120.88500", "2006-12-31": "135.25500", "2005-12-31": "22.11200"}, "Receivables": {"2019-12-31": "498.86900", "2018-12-31": "506.72300", "2017-12-31": "503.99900", "2016-12-31": "495.27600", "2015-12-31": "444.73700", "2014-12-31": "352.19100", "2013-12-31": "285.39700", "2012-12-31": "248.06600", "2011-12-31": "230.38800", "2010-12-31": "181.39500", "2009-12-31": "170.14800", "2008-12-31": "162.39500", "2007-12-31": "145.50400", "2006-12-31": "125.57300", "2005-12-31": "111.72500"}, "Inventory": {"2019-12-31": "", "2018-12-31": "", "2017-12-31": "", "2016-12-31": "", "2015-12-31": "", "2014-12-31": "", "2013-12-31": "", "2012-12-31": "", "2011-12-31": "", "2010-12-31": "", "2009-12-31": "", "2008-12-31": "", "2007-12-31": "", "2006-12-31": "", "2005-12-31": ""}, "Pre-Paid Expenses": {"2019-12-31": "21.91900", "2018-12-31": "17.12300", "2017-12-31": "15.58400", "2016-12-31": "11.05100", "2015-12-31": "9.63900", "2014-12-31": "7.03600", "2013-12-31": "6.36100", "2012-12-31": "4.85200", "2011-12-31": "6.30500", "2010-12-31": "5.16200", "2009-12-31": "5.10200", "2008-12-31": "5.81300", "2007-12-31": "5.85200", "2006-12-31": "4.86300", "2005-12-31": "4.45900"}, "Other Current Assets": {"2019-12-31": "23.44200", "2018-12-31": "68.71700", "2017-12-31": "37.16000", "2016-12-31": "13.81700", "2015-12-31": "12.96800", "2014-12-31": "7.90100", "2013-12-31": "8.00700", "2012-12-31": "9.22800", "2011-12-31": "7.53100", "2010-12-31": "5.24100", "2009-12-31": "13.09800", "2008-12-31": "11.19900", "2007-12-31": "38.49500", "2006-12-31": "5.33900", "2005-12-31": "1.92800"}, "Total Current Assets": {"2019-12-31": "731.50700", "2018-12-31": "659.97700", "2017-12-31": "627.23500", "2016-12-31": "587.12800", "2015-12-31": "527.76900", "2014-12-31": "467.05200", "2013-12-31": "368.12500", "2012-12-31": "359.04400", "2011-12-31": "337.27300", "2010-12-31": "296.00900", "2009-12-31": "292.66500", "2008-12-31": "284.90100", "2007-12-31": "364.12600", "2006-12-31": "301.59900", "2005-12-31": "164.62400"}, "Property, Plant, And Equipment": {"2019-12-31": "94.49200", "2018-12-31": "90.43400", "2017-12-31": "123.53600", "2016-12-31": "103.06800", "2015-12-31": "83.63400", "2014-12-31": "66.04800", "2013-12-31": "59.91100", "2012-12-31": "59.73800", "2011-12-31": "60.53000", "2010-12-31": "42.77400", "2009-12-31": "43.27200", "2008-12-31": "38.80700", "2007-12-31": "31.16200", "2006-12-31": "29.93900", "2005-12-31": "27.85500"}, "Long-Term Investments": {"2019-12-31": "", "2018-12-31": "69.69900", "2017-12-31": "80.68200", "2016-12-31": "78.97500", "2015-12-31": "63.28800", "2014-12-31": "64.08200", "2013-12-31": "57.51100", "2012-12-31": "47.59300", "2011-12-31": "44.99100", "2010-12-31": "27.39300", "2009-12-31": "28.49100", "2008-12-31": "16.24100", "2007-12-31": "17.46900", "2006-12-31": "6.66900", "2005-12-31": "4.07100"}, "Goodwill And Intangible Assets": {"2019-12-31": "2984.69900", "2018-12-31": "4374.60400", "2017-12-31": "4923.89100", "2016-12-31": "4513.68600", "2015-12-31": "3790.36900", "2014-12-31": "2974.32400", "2013-12-31": "2393.73100", "2012-12-31": "2165.67200", "2011-12-31": "1746.76200", "2010-12-31": "1601.31900", "2009-12-31": "1270.13700", "2008-12-31": "1127.95900", "2007-12-31": "858.91900", "2006-12-31": "770.28900", "2005-12-31": "680.09700"}, "Other Long-Term Assets": {"2019-12-31": "89.99400", "2018-12-31": "720.85700", "2017-12-31": "111.93400", "2016-12-31": "56.54300", "2015-12-31": "82.15400", "2014-12-31": "36.74200", "2013-12-31": "129.43800", "2012-12-31": "118.29000", "2011-12-31": "83.09200", "2010-12-31": "70.15100", "2009-12-31": "54.78500", "2008-12-31": "28.96600", "2007-12-31": "31.12600", "2006-12-31": "26.67400", "2005-12-31": "23.75600"}, "Total Long-Term Assets": {"2019-12-31": "3414.39400", "2018-12-31": "5277.50400", "2017-12-31": "5240.04200", "2016-12-31": "4752.27200", "2015-12-31": "4019.44500", "2014-12-31": "3141.19600", "2013-12-31": "2640.59100", "2012-12-31": "2391.29300", "2011-12-31": "1935.37500", "2010-12-31": "1741.63700", "2009-12-31": "1396.68500", "2008-12-31": "1211.97300", "2007-12-31": "938.67600", "2006-12-31": "833.57100", "2005-12-31": "735.77900"}, "Total Assets": {"2019-12-31": "4145.90100", "2018-12-31": "5937.48100", "2017-12-31": "5867.27800", "2016-12-31": "5339.40000", "2015-12-31": "4547.21400", "2014-12-31": "3608.24800", "2013-12-31": "3008.71600", "2012-12-31": "2750.33700", "2011-12-31": "2272.64800", "2010-12-31": "2037.64600", "2009-12-31": "1689.35000", "2008-12-31": "1496.87400", "2007-12-31": "1302.80200", "2006-12-31": "1135.17000", "2005-12-31": "900.40300"}, "Total Current Liabilities": {"2019-12-31": "541.81800", "2018-12-31": "502.76200", "2017-12-31": "531.42500", "2016-12-31": "448.94900", "2015-12-31": "428.77100", "2014-12-31": "416.27300", "2013-12-31": "326.79200", "2012-12-31": "268.33800", "2011-12-31": "254.30100", "2010-12-31": "221.06100", "2009-12-31": "346.70400", "2008-12-31": "317.12500", "2007-12-31": "264.88700", "2006-12-31": "221.31500", "2005-12-31": "177.65800"}, "Long Term Debt": {"2019-12-31": "1730.29500", "2018-12-31": "1974.28100", "2017-12-31": "1851.42300", "2016-12-31": "1683.62800", "2015-12-31": "1262.82000", "2014-12-31": "558.30800", "2013-12-31": "27.14300", "2012-12-31": "263.80300", "2011-12-31": "29.32700", "2010-12-31": "246.34200", "2009-12-31": "50.20900", "2008-12-31": "139.85600", "2007-12-31": "0.45500", "2006-12-31": "0.37700", "2005-12-31": "0.62200"}, "Other Non-Current Liabilities": {"2019-12-31": "22.90000", "2018-12-31": "67.91300", "2017-12-31": "57.90500", "2016-12-31": "45.17400", "2015-12-31": "52.28900", "2014-12-31": "58.96300", "2013-12-31": "60.98500", "2012-12-31": "56.95100", "2011-12-31": "54.54400", "2010-12-31": "48.72300", "2009-12-31": "42.88500", "2008-12-31": "27.88200", "2007-12-31": "37.91900", "2006-12-31": "13.40500", "2005-12-31": ""}, "Total Long Term Liabilities": {"2019-12-31": "2105.08700", "2018-12-31": "2346.83500", "2017-12-31": "2269.39900", "2016-12-31": "2129.68400", "2015-12-31": "1680.59700", "2014-12-31": "926.40900", "2013-12-31": "338.93600", "2012-12-31": "446.63100", "2011-12-31": "287.33100", "2010-12-31": "369.13100", "2009-12-31": "152.54800", "2008-12-31": "214.61100", "2007-12-31": "78.86300", "2006-12-31": "48.05400", "2005-12-31": "40.61100"}, "Total Liabilities": {"2019-12-31": "2646.90500", "2018-12-31": "2849.59700", "2017-12-31": "2800.82400", "2016-12-31": "2578.63300", "2015-12-31": "2109.36800", "2014-12-31": "1342.68200", "2013-12-31": "665.72800", "2012-12-31": "714.96900", "2011-12-31": "541.63200", "2010-12-31": "590.19200", "2009-12-31": "499.25200", "2008-12-31": "531.73600", "2007-12-31": "343.75000", "2006-12-31": "269.36900", "2005-12-31": "218.26900"}, "Common Stock Net": {"2019-12-31": "0.84200", "2018-12-31": "0.87800", "2017-12-31": "0.93700", "2016-12-31": "0.93700", "2015-12-31": "0.93700", "2014-12-31": "0.96000", "2013-12-31": "1.01200", "2012-12-31": "1.00000", "2011-12-31": "0.48900", "2010-12-31": "0.47900", "2009-12-31": "0.47000", "2008-12-31": "0.45600", "2007-12-31": "0.48400", "2006-12-31": "0.48900", "2005-12-31": "0.47500"}, "Retained Earnings (Accumulated Deficit)": {"2019-12-31": "510.21200", "2018-12-31": "2094.35900", "2017-12-31": "2048.18900", "2016-12-31": "1785.52600", "2015-12-31": "1510.35600", "2014-12-31": "1376.78200", "2013-12-31": "1484.02300", "2012-12-31": "1246.78800", "2011-12-31": "1005.88100", "2010-12-31": "787.88400", "2009-12-31": "585.19300", "2008-12-31": "409.38900", "2007-12-31": "401.73200", "2006-12-31": "348.92800", "2005-12-31": "224.46300"}, "Comprehensive Income": {"2019-12-31": "", "2018-12-31": "", "2017-12-31": "", "2016-12-31": "", "2015-12-31": "", "2014-12-31": "", "2013-12-31": "", "2012-12-31": "", "2011-12-31": "", "2010-12-31": "", "2009-12-31": "", "2008-12-31": "", "2007-12-31": "", "2006-12-31": "", "2005-12-31": ""}, "Other Share Holders Equity": {"2019-12-31": "", "2018-12-31": "", "2017-12-31": "", "2016-12-31": "", "2015-12-31": "", "2014-12-31": "", "2013-12-31": "", "2012-12-31": "", "2011-12-31": "", "2010-12-31": "", "2009-12-31": "", "2008-12-31": "", "2007-12-31": "", "2006-12-31": "", "2005-12-31": ""}, "Share Holder Equity": {"2019-12-31": "1498.99600", "2018-12-31": "3087.88400", "2017-12-31": "3066.45400", "2016-12-31": "2760.76700", "2015-12-31": "2437.84600", "2014-12-31": "2265.56600", "2013-12-31": "2342.98800", "2012-12-31": "2035.36800", "2011-12-31": "1731.01600", "2010-12-31": "1447.45400", "2009-12-31": "1190.09800", "2008-12-31": "965.13800", "2007-12-31": "959.05200", "2006-12-31": "865.80100", "2005-12-31": "682.13400"}, "Total Liabilities And Share Holders Equity": {"2019-12-31": "4145.90100", "2018-12-31": "5937.48100", "2017-12-31": "5867.27800", "2016-12-31": "5339.40000", "2015-12-31": "4547.21400", "2014-12-31": "3608.24800", "2013-12-31": "3008.71600", "2012-12-31": "2750.33700", "2011-12-31": "2272.64800", "2010-12-31": "2037.64600", "2009-12-31": "1689.35000", "2008-12-31": "1496.87400", "2007-12-31": "1302.80200", "2006-12-31": "1135.17000", "2005-12-31": "900.40300"}}, "balance sheet, quarterly": {"Cash On Hand": {"2020-09-30": "376.08600", "2020-06-30": "222.79300", "2020-03-31": "397.19600", "2019-12-31": "182.38000", "2019-09-30": "107.26100", "2019-06-30": "123.07700", "2019-03-31": "132.69900", "2018-12-31": "67.41400", "2018-09-30": "68.42600", "2018-06-30": "66.95800", "2018-03-31": "51.78300", "2017-12-31": "70.49200", "2017-09-30": "59.37700", "2017-06-30": "51.58400", "2017-03-31": "52.97700", "2016-12-31": "66.98400", "2016-09-30": "63.29400", "2016-06-30": "62.48100", "2016-03-31": "64.27900", "2015-12-31": "60.42500", "2015-09-30": "68.93600", "2015-06-30": "70.42600", "2015-03-31": "56.98800", "2014-12-31": "53.96300", "2014-09-30": "79.10300", "2014-06-30": "25.28100", "2014-03-31": "27.50000", "2013-12-31": "37.59400", "2013-09-30": "21.16200", "2013-06-30": "20.17200", "2013-03-31": "39.96000", "2012-12-31": "27.86400", "2012-09-30": "71.88900", "2012-06-30": "15.46300", "2012-03-31": "26.32600", "2011-12-31": "22.73500", "2011-09-30": "42.95800", "2011-06-30": "34.93900", "2011-03-31": "29.70700", "2010-12-31": "43.63200", "2010-09-30": "75.60700", "2010-06-30": "37.10900", "2010-03-31": "31.64000", "2009-12-31": "31.88300", "2009-09-30": "28.02400", "2009-06-30": "31.19000", "2009-03-31": "38.18100", "2008-12-31": "35.11000", "2008-09-30": "36.84800", "2008-06-30": "37.22200", "2008-03-31": "61.00300", "2007-12-31": "120.88500", "2007-09-30": "79.59000", "2007-06-30": "151.14100", "2007-03-31": "88.81700", "2006-12-31": "135.25500", "2006-09-30": "76.27900", "2006-06-30": "41.29400", "2006-03-31": "14.46500", "2005-12-31": "22.11200", "2005-09-30": "16.67300", "2005-06-30": "17.02100", "2005-03-31": "15.41200"}, "Receivables": {"2020-09-30": "289.92200", "2020-06-30": "410.11000", "2020-03-31": "503.44000", "2019-12-31": "434.26600", "2019-09-30": "494.69900", "2019-06-30": "504.19000", "2019-03-31": "522.63800", "2018-12-31": "506.72300", "2018-09-30": "522.82600", "2018-06-30": "527.99700", "2018-03-31": "542.60900", "2017-12-31": "503.99900", "2017-09-30": "520.01200", "2017-06-30": "480.40200", "2017-03-31": "487.68500", "2016-12-31": "495.27600", "2016-09-30": "486.95700", "2016-06-30": "461.16000", "2016-03-31": "465.82600", "2015-12-31": "444.73700", "2015-09-30": "406.76100", "2015-06-30": "380.54500", "2015-03-31": "360.87400", "2014-12-31": "352.19100", "2014-09-30": "345.16900", "2014-06-30": "327.41000", "2014-03-31": "315.68900", "2013-12-31": "285.39700", "2013-09-30": "272.81400", "2013-06-30": "269.77400", "2013-03-31": "263.82000", "2012-12-31": "248.06600", "2012-09-30": "250.50700", "2012-06-30": "240.92000", "2012-03-31": "236.71700", "2011-12-31": "230.38800", "2011-09-30": "207.06000", "2011-06-30": "194.03200", "2011-03-31": "188.17000", "2010-12-31": "181.39500", "2010-09-30": "174.72200", "2010-06-30": "178.98300", "2010-03-31": "173.98500", "2009-12-31": "170.14800", "2009-09-30": "164.02300", "2009-06-30": "163.43500", "2009-03-31": "165.22800", "2008-12-31": "162.39500", "2008-09-30": "151.41000", "2008-06-30": "148.60500", "2008-03-31": "144.03400", "2007-12-31": "145.50400", "2007-09-30": "142.81500", "2007-06-30": "132.83600", "2007-03-31": "127.77300", "2006-12-31": "125.57300", "2006-09-30": "122.60300", "2006-06-30": "113.76100", "2006-03-31": "115.75900", "2005-12-31": "111.72500", "2005-09-30": "109.87400", "2005-06-30": "105.85000", "2005-03-31": "105.40900"}, "Inventory": {"2020-09-30": "", "2020-06-30": "", "2020-03-31": "", "2019-12-31": "", "2019-09-30": "", "2019-06-30": "", "2019-03-31": "", "2018-12-31": "", "2018-09-30": "", "2018-06-30": "", "2018-03-31": "", "2017-12-31": "", "2017-09-30": "", "2017-06-30": "", "2017-03-31": "", "2016-12-31": "", "2016-09-30": "", "2016-06-30": "", "2016-03-31": "", "2015-12-31": "", "2015-09-30": "", "2015-06-30": "", "2015-03-31": "", "2014-12-31": "", "2014-09-30": "", "2014-06-30": "", "2014-03-31": "", "2013-12-31": "", "2013-09-30": "", "2013-06-30": "", "2013-03-31": "", "2012-12-31": "", "2012-09-30": "", "2012-06-30": "", "2012-03-31": "", "2011-12-31": "", "2011-09-30": "", "2011-06-30": "", "2011-03-31": "", "2010-12-31": "", "2010-09-30": "", "2010-06-30": "", "2010-03-31": "", "2009-12-31": "", "2009-09-30": "", "2009-06-30": "", "2009-03-31": "", "2008-12-31": "", "2008-09-30": "", "2008-06-30": "", "2008-03-31": "", "2007-12-31": "", "2007-09-30": "", "2007-06-30": "", "2007-03-31": "", "2006-12-31": "", "2006-09-30": "", "2006-06-30": "", "2006-03-31": "", "2005-12-31": "", "2005-09-30": "", "2005-06-30": "", "2005-03-31": ""}, "Pre-Paid Expenses": {"2020-09-30": "13.31700", "2020-06-30": "14.34300", "2020-03-31": "19.40900", "2019-12-31": "17.10800", "2019-09-30": "20.93700", "2019-06-30": "14.81600", "2019-03-31": "12.86200", "2018-12-31": "17.12300", "2018-09-30": "17.84100", "2018-06-30": "15.75200", "2018-03-31": "11.69100", "2017-12-31": "15.58400", "2017-09-30": "13.32300", "2017-06-30": "12.31500", "2017-03-31": "9.82200", "2016-12-31": "11.05100", "2016-09-30": "13.24800", "2016-06-30": "11.45300", "2016-03-31": "8.29700", "2015-12-31": "9.63900", "2015-09-30": "10.03900", "2015-06-30": "9.25600", "2015-03-31": "4.47400", "2014-12-31": "7.03600", "2014-09-30": "8.77800", "2014-06-30": "7.69700", "2014-03-31": "4.57600", "2013-12-31": "6.36100", "2013-09-30": "6.07600", "2013-06-30": "7.05500", "2013-03-31": "3.95900", "2012-12-31": "4.85200", "2012-09-30": "5.14900", "2012-06-30": "7.77500", "2012-03-31": "4.99800", "2011-12-31": "6.30500", "2011-09-30": "8.88200", "2011-06-30": "5.31600", "2011-03-31": "4.67300", "2010-12-31": "5.16200", "2010-09-30": "5.05100", "2010-06-30": "5.56400", "2010-03-31": "4.30700", "2009-12-31": "5.10200", "2009-09-30": "5.84600", "2009-06-30": "6.07800", "2009-03-31": "4.76700", "2008-12-31": "5.81300", "2008-09-30": "5.34900", "2008-06-30": "5.84100", "2008-03-31": "3.96400", "2007-12-31": "5.85200", "2007-09-30": "5.82900", "2007-06-30": "5.52800", "2007-03-31": "3.85500", "2006-12-31": "4.86300", "2006-09-30": "5.67300", "2006-06-30": "6.43500", "2006-03-31": "5.98800", "2005-12-31": "4.45900", "2005-09-30": "4.75400", "2005-06-30": "5.21200", "2005-03-31": "3.61500"}, "Other Current Assets": {"2020-09-30": "971.83500", "2020-06-30": "41.08300", "2020-03-31": "20.85100", "2019-12-31": "97.75300", "2019-09-30": "342.40400", "2019-06-30": "343.43700", "2019-03-31": "389.21700", "2018-12-31": "68.71700", "2018-09-30": "16.30800", "2018-06-30": "14.22300", "2018-03-31": "16.59200", "2017-12-31": "37.16000", "2017-09-30": "60.61100", "2017-06-30": "13.26900", "2017-03-31": "11.95400", "2016-12-31": "13.81700", "2016-09-30": "11.95800", "2016-06-30": "13.38300", "2016-03-31": "13.03700", "2015-12-31": "12.96800", "2015-09-30": "11.98200", "2015-06-30": "10.71500", "2015-03-31": "8.46400", "2014-12-31": "7.90100", "2014-09-30": "10.81800", "2014-06-30": "10.87600", "2014-03-31": "11.27200", "2013-12-31": "8.00700", "2013-09-30": "9.41500", "2013-06-30": "9.77600", "2013-03-31": "9.25800", "2012-12-31": "9.22800", "2012-09-30": "6.89800", "2012-06-30": "6.80100", "2012-03-31": "6.68300", "2011-12-31": "7.53100", "2011-09-30": "6.54700", "2011-06-30": "5.04600", "2011-03-31": "5.98000", "2010-12-31": "5.24100", "2010-09-30": "5.60200", "2010-06-30": "5.36800", "2010-03-31": "10.36500", "2009-12-31": "13.09800", "2009-09-30": "12.39500", "2009-06-30": "16.19500", "2009-03-31": "11.17400", "2008-12-31": "11.19900", "2008-09-30": "9.43100", "2008-06-30": "9.97800", "2008-03-31": "9.51000", "2007-12-31": "38.49500", "2007-09-30": "4.91400", "2007-06-30": "4.67700", "2007-03-31": "4.49500", "2006-12-31": "5.33900", "2006-09-30": "2.94800", "2006-06-30": "2.18800", "2006-03-31": "2.30900", "2005-12-31": "1.92800", "2005-09-30": "1.70900", "2005-06-30": "2.13600", "2005-03-31": "2.03700"}, "Total Current Assets": {"2020-09-30": "1651.16000", "2020-06-30": "688.32900", "2020-03-31": "940.89600", "2019-12-31": "731.50700", "2019-09-30": "965.30100", "2019-06-30": "985.52000", "2019-03-31": "1057.41600", "2018-12-31": "659.97700", "2018-09-30": "625.40100", "2018-06-30": "624.93000", "2018-03-31": "622.67500", "2017-12-31": "627.23500", "2017-09-30": "653.32300", "2017-06-30": "557.57000", "2017-03-31": "562.43800", "2016-12-31": "587.12800", "2016-09-30": "575.45700", "2016-06-30": "548.47700", "2016-03-31": "551.43900", "2015-12-31": "527.76900", "2015-09-30": "573.17800", "2015-06-30": "525.50400", "2015-03-31": "477.95700", "2014-12-31": "467.05200", "2014-09-30": "481.06100", "2014-06-30": "407.69800", "2014-03-31": "395.99600", "2013-12-31": "368.12500", "2013-09-30": "372.96300", "2013-06-30": "367.69100", "2013-03-31": "394.62800", "2012-12-31": "359.04400", "2012-09-30": "402.80600", "2012-06-30": "340.22300", "2012-03-31": "361.26500", "2011-12-31": "337.27300", "2011-09-30": "334.00300", "2011-06-30": "305.32100", "2011-03-31": "292.17400", "2010-12-31": "296.00900", "2010-09-30": "333.97700", "2010-06-30": "298.80800", "2010-03-31": "296.84700", "2009-12-31": "292.66500", "2009-09-30": "288.64600", "2009-06-30": "293.37200", "2009-03-31": "296.80000", "2008-12-31": "284.90100", "2008-09-30": "251.55900", "2008-06-30": "246.00400", "2008-03-31": "266.59100", "2007-12-31": "364.12600", "2007-09-30": "280.35000", "2007-06-30": "331.86500", "2007-03-31": "266.90700", "2006-12-31": "301.59900", "2006-09-30": "223.41300", "2006-06-30": "186.03900", "2006-03-31": "161.46000", "2005-12-31": "164.62400", "2005-09-30": "156.33700", "2005-06-30": "147.96900", "2005-03-31": "146.96400"}, "Property, Plant, And Equipment": {"2020-09-30": "78.57000", "2020-06-30": "98.46900", "2020-03-31": "100.22700", "2019-12-31": "72.67700", "2019-09-30": "93.73100", "2019-06-30": "92.72000", "2019-03-31": "89.03700", "2018-12-31": "90.43400", "2018-09-30": "137.83200", "2018-06-30": "131.92200", "2018-03-31": "127.05500", "2017-12-31": "123.53600", "2017-09-30": "114.83900", "2017-06-30": "110.47600", "2017-03-31": "108.26100", "2016-12-31": "103.06800", "2016-09-30": "98.49500", "2016-06-30": "89.89600", "2016-03-31": "87.74200", "2015-12-31": "83.63400", "2015-09-30": "82.87300", "2015-06-30": "81.36200", "2015-03-31": "67.27400", "2014-12-31": "66.04800", "2014-09-30": "63.59600", "2014-06-30": "60.17800", "2014-03-31": "60.70000", "2013-12-31": "59.91100", "2013-09-30": "60.93100", "2013-06-30": "61.40800", "2013-03-31": "60.27500", "2012-12-31": "59.73800", "2012-09-30": "59.20700", "2012-06-30": "59.87400", "2012-03-31": "59.57100", "2011-12-31": "60.53000", "2011-09-30": "61.63900", "2011-06-30": "60.10600", "2011-03-31": "60.57200", "2010-12-31": "42.77400", "2010-09-30": "44.04300", "2010-06-30": "44.54800", "2010-03-31": "44.66300", "2009-12-31": "43.27200", "2009-09-30": "42.15800", "2009-06-30": "42.12800", "2009-03-31": "40.90700", "2008-12-31": "38.80700", "2008-09-30": "37.46900", "2008-06-30": "35.04600", "2008-03-31": "33.98100", "2007-12-31": "31.16200", "2007-09-30": "30.04500", "2007-06-30": "29.67700", "2007-03-31": "29.63600", "2006-12-31": "29.93900", "2006-09-30": "27.56500", "2006-06-30": "27.87100", "2006-03-31": "27.65800", "2005-12-31": "27.85500", "2005-09-30": "27.11600", "2005-06-30": "27.43200", "2005-03-31": "26.45200"}, "Long-Term Investments": {"2020-09-30": "", "2020-06-30": "", "2020-03-31": "", "2019-12-31": "", "2019-09-30": "", "2019-06-30": "", "2019-03-31": "", "2018-12-31": "69.69900", "2018-09-30": "81.22600", "2018-06-30": "90.18600", "2018-03-31": "90.29900", "2017-12-31": "80.68200", "2017-09-30": "82.28500", "2017-06-30": "86.28600", "2017-03-31": "87.22500", "2016-12-31": "78.97500", "2016-09-30": "79.14600", "2016-06-30": "74.48000", "2016-03-31": "69.19900", "2015-12-31": "63.28800", "2015-09-30": "59.27000", "2015-06-30": "61.93300", "2015-03-31": "63.80200", "2014-12-31": "64.08200", "2014-09-30": "61.79100", "2014-06-30": "58.07600", "2014-03-31": "56.51200", "2013-12-31": "57.51100", "2013-09-30": "61.81000", "2013-06-30": "59.85100", "2013-03-31": "58.64500", "2012-12-31": "47.59300", "2012-09-30": "40.50100", "2012-06-30": "49.12600", "2012-03-31": "43.56800", "2011-12-31": "44.99100", "2011-09-30": "35.01900", "2011-06-30": "25.66600", "2011-03-31": "32.86600", "2010-12-31": "27.39300", "2010-09-30": "29.47300", "2010-06-30": "23.99800", "2010-03-31": "25.41700", "2009-12-31": "28.49100", "2009-09-30": "31.38200", "2009-06-30": "26.63400", "2009-03-31": "17.57200", "2008-12-31": "16.24100", "2008-09-30": "14.62700", "2008-06-30": "10.92800", "2008-03-31": "12.11900", "2007-12-31": "17.46900", "2007-09-30": "20.01200", "2007-06-30": "17.87600", "2007-03-31": "12.42800", "2006-12-31": "6.66900", "2006-09-30": "7.58000", "2006-06-30": "6.98300", "2006-03-31": "6.56700", "2005-12-31": "4.07100", "2005-09-30": "3.03100", "2005-06-30": "", "2005-03-31": ""}, "Goodwill And Intangible Assets": {"2020-09-30": "1508.33300", "2020-06-30": "2365.42800", "2020-03-31": "2973.60000", "2019-12-31": "1508.43700", "2019-09-30": "2914.47900", "2019-06-30": "4355.66500", "2019-03-31": "4366.16800", "2018-12-31": "4374.60400", "2018-09-30": "4898.84200", "2018-06-30": "4918.96600", "2018-03-31": "4930.81600", "2017-12-31": "4923.89100", "2017-09-30": "4761.44800", "2017-06-30": "4591.34100", "2017-03-31": "4606.48600", "2016-12-31": "4513.68600", "2016-09-30": "4500.54900", "2016-06-30": "3956.61400", "2016-03-31": "3827.16600", "2015-12-31": "3790.36900", "2015-09-30": "3347.82300", "2015-06-30": "3163.86600", "2015-03-31": "2813.67300", "2014-12-31": "2974.32400", "2014-09-30": "2659.33100", "2014-06-30": "2516.25300", "2014-03-31": "2457.57400", "2013-12-31": "2393.73100", "2013-09-30": "2354.18900", "2013-06-30": "2273.28800", "2013-03-31": "2165.16900", "2012-12-31": "2165.67200", "2012-09-30": "1939.78200", "2012-06-30": "1807.62800", "2012-03-31": "1771.34000", "2011-12-31": "1746.76200", "2011-09-30": "1683.33600", "2011-06-30": "1614.81500", "2011-03-31": "1611.40100", "2010-12-31": "1601.31900", "2010-09-30": "1340.47300", "2010-06-30": "1337.87800", "2010-03-31": "1317.46400", "2009-12-31": "1270.13700", "2009-09-30": "1236.56300", "2009-06-30": "1192.85200", "2009-03-31": "1139.09400", "2008-12-31": "1127.95900", "2008-09-30": "1101.31100", "2008-06-30": "904.67500", "2008-03-31": "865.22000", "2007-12-31": "858.91900", "2007-09-30": "874.71700", "2007-06-30": "781.50500", "2007-03-31": "780.81100", "2006-12-31": "770.28900", "2006-09-30": "761.24400", "2006-06-30": "746.17400", "2006-03-31": "742.70300", "2005-12-31": "680.09700", "2005-09-30": "674.05200", "2005-06-30": "653.84800", "2005-03-31": "625.47200"}, "Other Long-Term Assets": {"2020-09-30": "64.82000", "2020-06-30": "97.94200", "2020-03-31": "92.34600", "2019-12-31": "1690.22300", "2019-09-30": "90.64000", "2019-06-30": "115.04900", "2019-03-31": "102.65300", "2018-12-31": "720.85700", "2018-09-30": "95.42300", "2018-06-30": "93.63400", "2018-03-31": "112.22900", "2017-12-31": "111.93400", "2017-09-30": "68.62800", "2017-06-30": "61.72300", "2017-03-31": "60.47500", "2016-12-31": "56.54300", "2016-09-30": "90.21700", "2016-06-30": "101.94700", "2016-03-31": "100.74100", "2015-12-31": "82.15400", "2015-09-30": "483.35100", "2015-06-30": "442.47400", "2015-03-31": "223.60800", "2014-12-31": "36.74200", "2014-09-30": "212.43800", "2014-06-30": "132.29500", "2014-03-31": "128.36200", "2013-12-31": "129.43800", "2013-09-30": "129.97200", "2013-06-30": "127.15200", "2013-03-31": "113.93900", "2012-12-31": "118.29000", "2012-09-30": "90.67300", "2012-06-30": "90.11500", "2012-03-31": "89.29300", "2011-12-31": "83.09200", "2011-09-30": "65.81900", "2011-06-30": "66.81900", "2011-03-31": "68.78700", "2010-12-31": "70.15100", "2010-09-30": "53.03300", "2010-06-30": "54.46200", "2010-03-31": "55.92300", "2009-12-31": "54.78500", "2009-09-30": "53.42500", "2009-06-30": "28.45900", "2009-03-31": "27.54000", "2008-12-31": "28.96600", "2008-09-30": "30.05900", "2008-06-30": "30.10400", "2008-03-31": "29.26600", "2007-12-31": "31.12600", "2007-09-30": "32.82700", "2007-06-30": "28.04800", "2007-03-31": "28.58600", "2006-12-31": "26.67400", "2006-09-30": "24.84500", "2006-06-30": "23.99200", "2006-03-31": "24.62900", "2005-12-31": "23.75600", "2005-09-30": "23.69600", "2005-06-30": "21.91200", "2005-03-31": "21.48600"}, "Total Long-Term Assets": {"2020-09-30": "1773.66600", "2020-06-30": "2698.88300", "2020-03-31": "3378.76600", "2019-12-31": "3414.39400", "2019-09-30": "3325.36000", "2019-06-30": "4653.29100", "2019-03-31": "4648.84100", "2018-12-31": "5277.50400", "2018-09-30": "5213.32300", "2018-06-30": "5234.70800", "2018-03-31": "5260.39900", "2017-12-31": "5240.04200", "2017-09-30": "5027.20000", "2017-06-30": "4849.82700", "2017-03-31": "4862.44700", "2016-12-31": "4752.27200", "2016-09-30": "4768.40700", "2016-06-30": "4222.93700", "2016-03-31": "4084.84800", "2015-12-31": "4019.44500", "2015-09-30": "3973.31700", "2015-06-30": "3749.63500", "2015-03-31": "3168.35700", "2014-12-31": "3141.19600", "2014-09-30": "2997.15600", "2014-06-30": "2766.80200", "2014-03-31": "2703.14800", "2013-12-31": "2640.59100", "2013-09-30": "2606.90200", "2013-06-30": "2521.69900", "2013-03-31": "2398.02800", "2012-12-31": "2391.29300", "2012-09-30": "2130.16300", "2012-06-30": "2006.74300", "2012-03-31": "1963.77200", "2011-12-31": "1935.37500", "2011-09-30": "1845.81300", "2011-06-30": "1767.40600", "2011-03-31": "1773.62600", "2010-12-31": "1741.63700", "2010-09-30": "1467.02200", "2010-06-30": "1460.88600", "2010-03-31": "1443.46700", "2009-12-31": "1396.68500", "2009-09-30": "1363.52800", "2009-06-30": "1290.07300", "2009-03-31": "1225.11300", "2008-12-31": "1211.97300", "2008-09-30": "1183.46600", "2008-06-30": "980.75300", "2008-03-31": "940.58590", "2007-12-31": "938.67600", "2007-09-30": "957.60100", "2007-06-30": "857.10600", "2007-03-31": "851.46100", "2006-12-31": "833.57100", "2006-09-30": "821.23400", "2006-06-30": "805.02000", "2006-03-31": "801.55700", "2005-12-31": "735.77900", "2005-09-30": "727.89500", "2005-06-30": "703.19200", "2005-03-31": "673.41000"}, "Total Assets": {"2020-09-30": "3424.82600", "2020-06-30": "3387.21200", "2020-03-31": "4319.66200", "2019-12-31": "4145.90100", "2019-09-30": "4290.66100", "2019-06-30": "5638.81100", "2019-03-31": "5706.25700", "2018-12-31": "5937.48100", "2018-09-30": "5838.72400", "2018-06-30": "5859.63800", "2018-03-31": "5883.07400", "2017-12-31": "5867.27800", "2017-09-30": "5680.52300", "2017-06-30": "5407.39600", "2017-03-31": "5424.88500", "2016-12-31": "5339.40000", "2016-09-30": "5343.86400", "2016-06-30": "4771.41400", "2016-03-31": "4636.28700", "2015-12-31": "4547.21400", "2015-09-30": "4546.49500", "2015-06-30": "4275.13900", "2015-03-31": "3646.31400", "2014-12-31": "3608.24800", "2014-09-30": "3478.21700", "2014-06-30": "3174.50000", "2014-03-31": "3099.14400", "2013-12-31": "3008.71600", "2013-09-30": "2979.86500", "2013-06-30": "2889.39000", "2013-03-31": "2792.65600", "2012-12-31": "2750.33700", "2012-09-30": "2532.96900", "2012-06-30": "2346.96600", "2012-03-31": "2325.03700", "2011-12-31": "2272.64800", "2011-09-30": "2179.81600", "2011-06-30": "2072.72700", "2011-03-31": "2065.80000", "2010-12-31": "2037.64600", "2010-09-30": "1800.99900", "2010-06-30": "1759.69400", "2010-03-31": "1740.31400", "2009-12-31": "1689.35000", "2009-09-30": "1652.17400", "2009-06-30": "1583.44500", "2009-03-31": "1521.91300", "2008-12-31": "1496.87400", "2008-09-30": "1435.02500", "2008-06-30": "1226.75700", "2008-03-31": "1207.17700", "2007-12-31": "1302.80200", "2007-09-30": "1237.95100", "2007-06-30": "1188.97100", "2007-03-31": "1118.36800", "2006-12-31": "1135.17000", "2006-09-30": "1044.64700", "2006-06-30": "991.05900", "2006-03-31": "963.01700", "2005-12-31": "900.40300", "2005-09-30": "884.23200", "2005-06-30": "851.16100", "2005-03-31": "820.37400"}, "Total Current Liabilities": {"2020-09-30": "488.36400", "2020-06-30": "383.93300", "2020-03-31": "346.40000", "2019-12-31": "541.81800", "2019-09-30": "500.79000", "2019-06-30": "441.04600", "2019-03-31": "415.18300", "2018-12-31": "502.76200", "2018-09-30": "435.94100", "2018-06-30": "411.21300", "2018-03-31": "356.98900", "2017-12-31": "531.42500", "2017-09-30": "475.99400", "2017-06-30": "350.14800", "2017-03-31": "328.61300", "2016-12-31": "448.94900", "2016-09-30": "413.03300", "2016-06-30": "332.10400", "2016-03-31": "312.74400", "2015-12-31": "428.77100", "2015-09-30": "404.57200", "2015-06-30": "311.81000", "2015-03-31": "267.42700", "2014-12-31": "416.27300", "2014-09-30": "329.28000", "2014-06-30": "262.80700", "2014-03-31": "222.19500", "2013-12-31": "326.79200", "2013-09-30": "273.99400", "2013-06-30": "212.77300", "2013-03-31": "190.89500", "2012-12-31": "268.33800", "2012-09-30": "244.88100", "2012-06-30": "197.20900", "2012-03-31": "172.86800", "2011-12-31": "254.30100", "2011-09-30": "215.06900", "2011-06-30": "174.80200", "2011-03-31": "149.68100", "2010-12-31": "221.06100", "2010-09-30": "311.24200", "2010-06-30": "285.35200", "2010-03-31": "258.81900", "2009-12-31": "346.70400", "2009-09-30": "349.15400", "2009-06-30": "289.62500", "2009-03-31": "258.99800", "2008-12-31": "317.12500", "2008-09-30": "266.04100", "2008-06-30": "221.37900", "2008-03-31": "211.66900", "2007-12-31": "264.88700", "2007-09-30": "216.07800", "2007-06-30": "174.53500", "2007-03-31": "141.92900", "2006-12-31": "221.31500", "2006-09-30": "174.39400", "2006-06-30": "165.37000", "2006-03-31": "126.99200", "2005-12-31": "177.65800", "2005-09-30": "147.25400", "2005-06-30": "118.76400", "2005-03-31": "102.90700"}, "Long Term Debt": {"2020-09-30": "1742.26300", "2020-06-30": "1737.17600", "2020-03-31": "2101.96900", "2019-12-31": "1730.23800", "2019-09-30": "1939.17700", "2019-06-30": "2079.91800", "2019-03-31": "2119.48200", "2018-12-31": "1974.28100", "2018-09-30": "2005.95800", "2018-06-30": "1891.11200", "2018-03-31": "1965.26800", "2017-12-31": "1851.42300", "2017-09-30": "1797.15000", "2017-06-30": "1746.13100", "2017-03-31": "1877.99600", "2016-12-31": "1683.62800", "2016-09-30": "1949.16600", "2016-06-30": "1422.47800", "2016-03-31": "1430.83700", "2015-12-31": "1262.82000", "2015-09-30": "1531.91100", "2015-06-30": "1468.74200", "2015-03-31": "1040.32200", "2014-12-31": "558.30800", "2014-09-30": "437.09300", "2014-06-30": "322.38100", "2014-03-31": "393.89400", "2013-12-31": "27.14300", "2013-09-30": "260.57800", "2013-06-30": "153.98400", "2013-03-31": "310.92700", "2012-12-31": "263.80300", "2012-09-30": "171.94900", "2012-06-30": "116.63800", "2012-03-31": "83.80600", "2011-12-31": "29.32700", "2011-09-30": "162.05200", "2011-06-30": "172.93700", "2011-03-31": "280.95200", "2010-12-31": "246.34200", "2010-09-30": "0.08400", "2010-06-30": "58.11700", "2010-03-31": "129.15000", "2009-12-31": "50.20900", "2009-09-30": "85.76200", "2009-06-30": "152.31400", "2009-03-31": "181.36000", "2008-12-31": "139.85600", "2008-09-30": "171.37600", "2008-06-30": "57.87400", "2008-03-31": "0.17100", "2007-12-31": "0.45500", "2007-09-30": "0.44200", "2007-06-30": "0.13800", "2007-03-31": "0.17000", "2006-12-31": "0.37700", "2006-09-30": "0.49000", "2006-06-30": "0.32800", "2006-03-31": "41.35000", "2005-12-31": "0.62200", "2005-09-30": "0.66600", "2005-06-30": "45.80700", "2005-03-31": "82.62300"}, "Other Non-Current Liabilities": {"2020-09-30": "42.97700", "2020-06-30": "52.98000", "2020-03-31": "21.33700", "2019-12-31": "68.82400", "2019-09-30": "21.90700", "2019-06-30": "22.44700", "2019-03-31": "21.58100", "2018-12-31": "67.91300", "2018-09-30": "40.94100", "2018-06-30": "36.19900", "2018-03-31": "56.52900", "2017-12-31": "57.90500", "2017-09-30": "42.28100", "2017-06-30": "45.74000", "2017-03-31": "47.45000", "2016-12-31": "45.17400", "2016-09-30": "46.49500", "2016-06-30": "58.25300", "2016-03-31": "55.97800", "2015-12-31": "52.28900", "2015-09-30": "57.22000", "2015-06-30": "64.41600", "2015-03-31": "61.46700", "2014-12-31": "58.96300", "2014-09-30": "54.50700", "2014-06-30": "59.12900", "2014-03-31": "58.43200", "2013-12-31": "60.98500", "2013-09-30": "63.31600", "2013-06-30": "57.34400", "2013-03-31": "54.97600", "2012-12-31": "56.95100", "2012-09-30": "55.85700", "2012-06-30": "58.46100", "2012-03-31": "59.06500", "2011-12-31": "54.54400", "2011-09-30": "51.64600", "2011-06-30": "51.10800", "2011-03-31": "51.02200", "2010-12-31": "48.72300", "2010-09-30": "50.10500", "2010-06-30": "51.52800", "2010-03-31": "52.46900", "2009-12-31": "42.88500", "2009-09-30": "43.52000", "2009-06-30": "35.00100", "2009-03-31": "28.66400", "2008-12-31": "27.88200", "2008-09-30": "34.34100", "2008-06-30": "30.01600", "2008-03-31": "27.53700", "2007-12-31": "37.91900", "2007-09-30": "38.21400", "2007-06-30": "38.49600", "2007-03-31": "45.36500", "2006-12-31": "13.40500", "2006-09-30": "", "2006-06-30": "", "2006-03-31": "", "2005-12-31": "", "2005-09-30": "", "2005-06-30": "", "2005-03-31": ""}, "Total Long Term Liabilities": {"2020-09-30": "2131.45600", "2020-06-30": "2176.70900", "2020-03-31": "2485.86600", "2019-12-31": "2105.08700", "2019-09-30": "2310.51100", "2019-06-30": "2472.73800", "2019-03-31": "2511.26200", "2018-12-31": "2346.83500", "2018-09-30": "2387.47800", "2018-06-30": "2261.50300", "2018-03-31": "2382.59700", "2017-12-31": "2269.39900", "2017-09-30": "2287.95500", "2017-06-30": "2219.00000", "2017-03-31": "2333.80200", "2016-12-31": "2129.68400", "2016-09-30": "2263.49400", "2016-06-30": "1881.25700", "2016-03-31": "1862.94300", "2015-12-31": "1680.59700", "2015-09-30": "1808.18200", "2015-06-30": "1743.03400", "2015-03-31": "1264.82500", "2014-12-31": "926.40900", "2014-09-30": "643.82500", "2014-06-30": "506.91600", "2014-03-31": "569.86900", "2013-12-31": "338.93600", "2013-09-30": "471.77700", "2013-06-30": "483.47200", "2013-03-31": "496.00500", "2012-12-31": "446.63100", "2012-09-30": "338.97900", "2012-06-30": "279.64400", "2012-03-31": "354.35600", "2011-12-31": "287.33100", "2011-09-30": "302.52700", "2011-06-30": "307.70700", "2011-03-31": "410.36800", "2010-12-31": "369.13100", "2010-09-30": "116.43600", "2010-06-30": "174.01900", "2010-03-31": "243.37400", "2009-12-31": "152.54800", "2009-09-30": "186.18700", "2009-06-30": "237.28500", "2009-03-31": "257.04300", "2008-12-31": "214.61100", "2008-09-30": "249.85100", "2008-06-30": "130.82500", "2008-03-31": "67.59000", "2007-12-31": "78.86300", "2007-09-30": "79.89600", "2007-06-30": "76.05400", "2007-03-31": "81.59100", "2006-12-31": "48.05400", "2006-09-30": "44.65400", "2006-06-30": "42.52900", "2006-03-31": "85.29900", "2005-12-31": "40.61100", "2005-09-30": "39.26700", "2005-06-30": "81.04900", "2005-03-31": "116.37900"}, "Total Liabilities": {"2020-09-30": "2619.82000", "2020-06-30": "2560.64200", "2020-03-31": "2832.26600", "2019-12-31": "2646.90500", "2019-09-30": "2811.30100", "2019-06-30": "2913.78400", "2019-03-31": "2926.44500", "2018-12-31": "2849.59700", "2018-09-30": "2823.41900", "2018-06-30": "2672.71600", "2018-03-31": "2739.58600", "2017-12-31": "2800.82400", "2017-09-30": "2763.94900", "2017-06-30": "2569.14800", "2017-03-31": "2662.41500", "2016-12-31": "2578.63300", "2016-09-30": "2676.52700", "2016-06-30": "2213.36100", "2016-03-31": "2175.68700", "2015-12-31": "2109.36800", "2015-09-30": "2212.75400", "2015-06-30": "2054.84400", "2015-03-31": "1532.25200", "2014-12-31": "1342.68200", "2014-09-30": "973.10500", "2014-06-30": "769.72300", "2014-03-31": "792.06400", "2013-12-31": "665.72800", "2013-09-30": "745.77100", "2013-06-30": "696.24500", "2013-03-31": "686.90000", "2012-12-31": "714.96900", "2012-09-30": "583.86000", "2012-06-30": "476.85300", "2012-03-31": "527.22400", "2011-12-31": "541.63200", "2011-09-30": "517.59600", "2011-06-30": "482.50900", "2011-03-31": "560.04900", "2010-12-31": "590.19200", "2010-09-30": "427.67800", "2010-06-30": "459.37100", "2010-03-31": "502.19300", "2009-12-31": "499.25200", "2009-09-30": "535.34100", "2009-06-30": "526.91000", "2009-03-31": "516.04100", "2008-12-31": "531.73600", "2008-09-30": "515.89200", "2008-06-30": "352.20400", "2008-03-31": "279.25900", "2007-12-31": "343.75000", "2007-09-30": "295.97400", "2007-06-30": "250.58900", "2007-03-31": "223.52000", "2006-12-31": "269.36900", "2006-09-30": "219.04800", "2006-06-30": "207.89900", "2006-03-31": "212.29100", "2005-12-31": "218.26900", "2005-09-30": "186.52100", "2005-06-30": "199.81300", "2005-03-31": "219.28600"}, "Common Stock Net": {"2020-09-30": "0.85500", "2020-06-30": "0.85500", "2020-03-31": "0.85200", "2019-12-31": "0.84200", "2019-09-30": "0.84200", "2019-06-30": "0.84100", "2019-03-31": "0.86400", "2018-12-31": "0.87800", "2018-09-30": "0.89300", "2018-06-30": "0.93400", "2018-03-31": "0.94400", "2017-12-31": "0.93700", "2017-09-30": "0.93600", "2017-06-30": "0.93500", "2017-03-31": "0.92900", "2016-12-31": "0.93700", "2016-09-30": "0.93600", "2016-06-30": "0.93500", "2016-03-31": "0.92900", "2015-12-31": "0.93700", "2015-09-30": "0.94000", "2015-06-30": "0.94000", "2015-03-31": "0.93400", "2014-12-31": "0.96000", "2014-09-30": "1.00300", "2014-06-30": "1.00200", "2014-03-31": "0.99500", "2013-12-31": "1.01200", "2013-09-30": "0.50200", "2013-06-30": "0.50600", "2013-03-31": "0.50200", "2012-12-31": "1.00000", "2012-09-30": "0.49800", "2012-06-30": "0.49700", "2012-03-31": "0.49200", "2011-12-31": "0.48900", "2011-09-30": "0.48900", "2011-06-30": "0.48700", "2011-03-31": "0.48100", "2010-12-31": "0.47900", "2010-09-30": "0.47600", "2010-06-30": "0.47600", "2010-03-31": "0.47100", "2009-12-31": "0.47000", "2009-09-30": "0.46500", "2009-06-30": "0.46300", "2009-03-31": "0.45700", "2008-12-31": "0.45600", "2008-09-30": "0.45600", "2008-06-30": "0.45600", "2008-03-31": "0.47100", "2007-12-31": "0.48400", "2007-09-30": "0.48900", "2007-06-30": "0.49000", "2007-03-31": "0.49000", "2006-12-31": "0.48900", "2006-09-30": "0.48800", "2006-06-30": "0.48700", "2006-03-31": "0.48400", "2005-12-31": "0.47500", "2005-09-30": "0.23900", "2005-06-30": "0.23300", "2005-03-31": "0.22800"}, "Retained Earnings (Accumulated Deficit)": {"2020-09-30": "-222.05800", "2020-06-30": "-179.07100", "2020-03-31": "491.28700", "2019-12-31": "510.13400", "2019-09-30": "500.80900", "2019-06-30": "1756.71900", "2019-03-31": "1801.27000", "2018-12-31": "2094.35900", "2018-09-30": "2015.74200", "2018-06-30": "2153.41500", "2018-03-31": "2111.61700", "2017-12-31": "2048.18900", "2017-09-30": "1912.08700", "2017-06-30": "1846.20700", "2017-03-31": "1782.50900", "2016-12-31": "1785.52600", "2016-09-30": "1707.44800", "2016-06-30": "1610.93900", "2016-03-31": "1528.51200", "2015-12-31": "1510.35600", "2015-09-30": "1414.65400", "2015-06-30": "1321.01800", "2015-03-31": "1236.88800", "2014-12-31": "1376.78200", "2014-09-30": "1604.48400", "2014-06-30": "1518.27700", "2014-03-31": "1447.62900", "2013-12-31": "1484.02300", "2013-09-30": "1405.04900", "2013-06-30": "1371.37300", "2013-03-31": "1302.15500", "2012-12-31": "1246.78800", "2012-09-30": "1180.68500", "2012-06-30": "1114.77500", "2012-03-31": "1054.23100", "2011-12-31": "1005.88100", "2011-09-30": "947.52200", "2011-06-30": "889.28100", "2011-03-31": "833.34000", "2010-12-31": "787.88400", "2010-09-30": "734.08400", "2010-06-30": "672.81400", "2010-03-31": "623.45600", "2009-12-31": "585.19300", "2009-09-30": "534.79200", "2009-06-30": "486.65800", "2009-03-31": "443.44100", "2008-12-31": "409.38900", "2008-09-30": "370.40400", "2008-06-30": "332.97700", "2008-03-31": "374.74900", "2007-12-31": "401.73200", "2007-09-30": "387.28900", "2007-06-30": "403.14400", "2007-03-31": "366.82900", "2006-12-31": "348.92800", "2006-09-30": "316.51300", "2006-06-30": "281.34800", "2006-03-31": "274.07300", "2005-12-31": "224.46300", "2005-09-30": "273.12600", "2005-06-30": "245.06900", "2005-03-31": "217.94200"}, "Comprehensive Income": {"2020-09-30": "1.99000", "2020-06-30": "", "2020-03-31": "", "2019-12-31": "0.07800", "2019-09-30": "", "2019-06-30": "0.03800", "2019-03-31": "-0.19400", "2018-12-31": "", "2018-09-30": "", "2018-06-30": "", "2018-03-31": "", "2017-12-31": "", "2017-09-30": "", "2017-06-30": "", "2017-03-31": "", "2016-12-31": "", "2016-09-30": "", "2016-06-30": "", "2016-03-31": "", "2015-12-31": "", "2015-09-30": "", "2015-06-30": "", "2015-03-31": "", "2014-12-31": "", "2014-09-30": "", "2014-06-30": "", "2014-03-31": "", "2013-12-31": "", "2013-09-30": "", "2013-06-30": "", "2013-03-31": "", "2012-12-31": "", "2012-09-30": "", "2012-06-30": "", "2012-03-31": "", "2011-12-31": "", "2011-09-30": "", "2011-06-30": "", "2011-03-31": "", "2010-12-31": "", "2010-09-30": "", "2010-06-30": "", "2010-03-31": "", "2009-12-31": "", "2009-09-30": "", "2009-06-30": "", "2009-03-31": "", "2008-12-31": "", "2008-09-30": "", "2008-06-30": "", "2008-03-31": "", "2007-12-31": "", "2007-09-30": "", "2007-06-30": "", "2007-03-31": "", "2006-12-31": "", "2006-09-30": "", "2006-06-30": "", "2006-03-31": "", "2005-12-31": "", "2005-09-30": "", "2005-06-30": "", "2005-03-31": ""}, "Other Share Holders Equity": {"2020-09-30": "", "2020-06-30": "", "2020-03-31": "", "2019-12-31": "", "2019-09-30": "", "2019-06-30": "", "2019-03-31": "", "2018-12-31": "", "2018-09-30": "", "2018-06-30": "", "2018-03-31": "", "2017-12-31": "", "2017-09-30": "", "2017-06-30": "", "2017-03-31": "", "2016-12-31": "", "2016-09-30": "", "2016-06-30": "", "2016-03-31": "", "2015-12-31": "", "2015-09-30": "", "2015-06-30": "", "2015-03-31": "", "2014-12-31": "", "2014-09-30": "", "2014-06-30": "", "2014-03-31": "", "2013-12-31": "", "2013-09-30": "", "2013-06-30": "", "2013-03-31": "", "2012-12-31": "", "2012-09-30": "", "2012-06-30": "", "2012-03-31": "", "2011-12-31": "", "2011-09-30": "", "2011-06-30": "", "2011-03-31": "", "2010-12-31": "", "2010-09-30": "", "2010-06-30": "", "2010-03-31": "", "2009-12-31": "", "2009-09-30": "", "2009-06-30": "", "2009-03-31": "", "2008-12-31": "", "2008-09-30": "", "2008-06-30": "", "2008-03-31": "", "2007-12-31": "", "2007-09-30": "", "2007-06-30": "", "2007-03-31": "", "2006-12-31": "", "2006-09-30": "", "2006-06-30": "", "2006-03-31": "", "2005-12-31": "", "2005-09-30": "", "2005-06-30": "", "2005-03-31": ""}, "Share Holder Equity": {"2020-09-30": "805.00600", "2020-06-30": "826.57000", "2020-03-31": "1487.39600", "2019-12-31": "1498.99600", "2019-09-30": "1479.36000", "2019-06-30": "2725.02700", "2019-03-31": "2779.81200", "2018-12-31": "3087.88400", "2018-09-30": "3015.30500", "2018-06-30": "3186.92200", "2018-03-31": "3143.48800", "2017-12-31": "3066.45400", "2017-09-30": "2916.57400", "2017-06-30": "2838.24800", "2017-03-31": "2762.47000", "2016-12-31": "2760.76700", "2016-09-30": "2667.33700", "2016-06-30": "2558.05300", "2016-03-31": "2460.60000", "2015-12-31": "2437.84600", "2015-09-30": "2333.74100", "2015-06-30": "2220.29500", "2015-03-31": "2114.06200", "2014-12-31": "2265.56600", "2014-09-30": "2505.11200", "2014-06-30": "2404.77700", "2014-03-31": "2307.08000", "2013-12-31": "2342.98800", "2013-09-30": "2234.09400", "2013-06-30": "2193.14500", "2013-03-31": "2105.75600", "2012-12-31": "2035.36800", "2012-09-30": "1949.10900", "2012-06-30": "1870.11300", "2012-03-31": "1797.81300", "2011-12-31": "1731.01600", "2011-09-30": "1662.22000", "2011-06-30": "1590.21800", "2011-03-31": "1505.75100", "2010-12-31": "1447.45400", "2010-09-30": "1373.32100", "2010-06-30": "1300.32300", "2010-03-31": "1238.12100", "2009-12-31": "1190.09800", "2009-09-30": "1116.83300", "2009-06-30": "1056.53500", "2009-03-31": "1005.87200", "2008-12-31": "965.13800", "2008-09-30": "919.13300", "2008-06-30": "874.55300", "2008-03-31": "927.91800", "2007-12-31": "959.05200", "2007-09-30": "941.97700", "2007-06-30": "938.38200", "2007-03-31": "894.84800", "2006-12-31": "865.80100", "2006-09-30": "825.59900", "2006-06-30": "783.16000", "2006-03-31": "750.72600", "2005-12-31": "682.13400", "2005-09-30": "697.71100", "2005-06-30": "651.34800", "2005-03-31": "601.08800"}, "Total Liabilities And Share Holders Equity": {"2020-09-30": "3424.82600", "2020-06-30": "3387.21200", "2020-03-31": "4319.66200", "2019-12-31": "4145.90100", "2019-09-30": "4290.66100", "2019-06-30": "5638.81100", "2019-03-31": "5706.25700", "2018-12-31": "5937.48100", "2018-09-30": "5838.72400", "2018-06-30": "5859.63800", "2018-03-31": "5883.07400", "2017-12-31": "5867.27800", "2017-09-30": "5680.52300", "2017-06-30": "5407.39600", "2017-03-31": "5424.88500", "2016-12-31": "5339.40000", "2016-09-30": "5343.86400", "2016-06-30": "4771.41400", "2016-03-31": "4636.28700", "2015-12-31": "4547.21400", "2015-09-30": "4546.49500", "2015-06-30": "4275.13900", "2015-03-31": "3646.31400", "2014-12-31": "3608.24800", "2014-09-30": "3478.21700", "2014-06-30": "3174.50000", "2014-03-31": "3099.14400", "2013-12-31": "3008.71600", "2013-09-30": "2979.86500", "2013-06-30": "2889.39000", "2013-03-31": "2792.65600", "2012-12-31": "2750.33700", "2012-09-30": "2532.96900", "2012-06-30": "2346.96600", "2012-03-31": "2325.03700", "2011-12-31": "2272.64800", "2011-09-30": "2179.81600", "2011-06-30": "2072.72700", "2011-03-31": "2065.80000", "2010-12-31": "2037.64600", "2010-09-30": "1800.99900", "2010-06-30": "1759.69400", "2010-03-31": "1740.31400", "2009-12-31": "1689.35000", "2009-09-30": "1652.17400", "2009-06-30": "1583.44500", "2009-03-31": "1521.91300", "2008-12-31": "1496.87400", "2008-09-30": "1435.02500", "2008-06-30": "1226.75700", "2008-03-31": "1207.17700", "2007-12-31": "1302.80200", "2007-09-30": "1237.95100", "2007-06-30": "1188.97100", "2007-03-31": "1118.36800", "2006-12-31": "1135.17000", "2006-09-30": "1044.64700", "2006-06-30": "991.05900", "2006-03-31": "963.01700", "2005-12-31": "900.40300", "2005-09-30": "884.23200", "2005-06-30": "851.16100", "2005-03-31": "820.37400"}}, "cash flow statement": {"Net Income/Loss": {"2019-12-31": "-1497.70200", "2018-12-31": "268.62900", "2017-12-31": "320.37200", "2016-12-31": "324.59600", "2015-12-31": "335.69100", "2014-12-31": "317.20300", "2013-12-31": "280.51700", "2012-12-31": "240.90700", "2011-12-31": "217.99700", "2010-12-31": "202.69100", "2009-12-31": "175.80400", "2008-12-31": "169.20100", "2007-12-31": "142.72200", "2006-12-31": "124.46500", "2005-12-31": "87.50900"}, "Total Depreciation And Amortization - Cash Flow": {"2019-12-31": "1533.74700", "2018-12-31": "88.40400", "2017-12-31": "84.37000", "2016-12-31": "94.08000", "2015-12-31": "65.76900", "2014-12-31": "47.22000", "2013-12-31": "39.96600", "2012-12-31": "30.81600", "2011-12-31": "25.29200", "2010-12-31": "21.95000", "2009-12-31": "16.44800", "2008-12-31": "13.21000", "2007-12-31": "10.56300", "2006-12-31": "9.47000", "2005-12-31": "9.91500"}, "Other Non-Cash Items": {"2019-12-31": "214.51800", "2018-12-31": "7.15900", "2017-12-31": "-23.15600", "2016-12-31": "52.36100", "2015-12-31": "45.57100", "2014-12-31": "32.08100", "2013-12-31": "50.86400", "2012-12-31": "50.77600", "2011-12-31": "36.23800", "2010-12-31": "51.03500", "2009-12-31": "32.03500", "2008-12-31": "-31.41000", "2007-12-31": "10.94500", "2006-12-31": "16.74000", "2005-12-31": "13.68900"}, "Total Non-Cash Items": {"2019-12-31": "1748.26500", "2018-12-31": "95.56300", "2017-12-31": "61.21400", "2016-12-31": "146.44100", "2015-12-31": "111.34000", "2014-12-31": "79.30100", "2013-12-31": "90.83000", "2012-12-31": "81.59200", "2011-12-31": "61.53000", "2010-12-31": "72.98500", "2009-12-31": "48.48300", "2008-12-31": "-18.20000", "2007-12-31": "21.50800", "2006-12-31": "26.21000", "2005-12-31": "23.60400"}, "Change In Accounts Receivable": {"2019-12-31": "7.85400", "2018-12-31": "-43.40800", "2017-12-31": "10.78400", "2016-12-31": "-34.00000", "2015-12-31": "-55.39100", "2014-12-31": "-57.01800", "2013-12-31": "-37.33100", "2012-12-31": "-17.67800", "2011-12-31": "-48.99300", "2010-12-31": "-16.95100", "2009-12-31": "-2.04900", "2008-12-31": "-16.92900", "2007-12-31": "-21.79300", "2006-12-31": "-13.84800", "2005-12-31": "-3.86500"}, "Change In Inventories": {"2019-12-31": "", "2018-12-31": "", "2017-12-31": "", "2016-12-31": "", "2015-12-31": "", "2014-12-31": "", "2013-12-31": "", "2012-12-31": "", "2011-12-31": "", "2010-12-31": "", "2009-12-31": "", "2008-12-31": "", "2007-12-31": "", "2006-12-31": "", "2005-12-31": ""}, "Change In Accounts Payable": {"2019-12-31": "", "2018-12-31": "", "2017-12-31": "", "2016-12-31": "", "2015-12-31": "", "2014-12-31": "", "2013-12-31": "", "2012-12-31": "", "2011-12-31": "", "2010-12-31": "", "2009-12-31": "", "2008-12-31": "", "2007-12-31": "", "2006-12-31": "", "2005-12-31": ""}, "Change In Assets/Liabilities": {"2019-12-31": "8.17800", "2018-12-31": "-15.54600", "2017-12-31": "11.07600", "2016-12-31": "-2.64200", "2015-12-31": "-10.96400", "2014-12-31": "10.11800", "2013-12-31": "16.37100", "2012-12-31": "10.47500", "2011-12-31": "11.95100", "2010-12-31": "2.04500", "2009-12-31": "12.59900", "2008-12-31": "-6.91900", "2007-12-31": "-5.19900", "2006-12-31": "-4.72000", "2005-12-31": "0.00900"}, "Total Change In Assets/Liabilities": {"2019-12-31": "96.07400", "2018-12-31": "-74.26700", "2017-12-31": "129.79200", "2016-12-31": "-27.25900", "2015-12-31": "-78.33000", "2014-12-31": "26.13700", "2013-12-31": "34.05100", "2012-12-31": "2.40700", "2011-12-31": "-8.85800", "2010-12-31": "-35.11800", "2009-12-31": "17.08700", "2008-12-31": "30.39000", "2007-12-31": "24.29200", "2006-12-31": "26.59700", "2005-12-31": "51.30500"}, "Cash Flow From Operating Activities": {"2019-12-31": "346.63700", "2018-12-31": "289.92500", "2017-12-31": "511.37800", "2016-12-31": "443.77800", "2015-12-31": "368.70100", "2014-12-31": "422.64100", "2013-12-31": "405.39800", "2012-12-31": "324.90600", "2011-12-31": "270.66900", "2010-12-31": "240.55800", "2009-12-31": "241.37400", "2008-12-31": "181.39100", "2007-12-31": "188.52200", "2006-12-31": "177.27200", "2005-12-31": "162.41800"}, "Net Change In Property, Plant, And Equipment": {"2019-12-31": "-31.88100", "2018-12-31": "-30.47900", "2017-12-31": "-26.15000", "2016-12-31": "-39.26400", "2015-12-31": "-27.07300", "2014-12-31": "-18.06100", "2013-12-31": "-15.65400", "2012-12-31": "-14.49500", "2011-12-31": "-31.33200", "2010-12-31": "-12.11300", "2009-12-31": "-14.94700", "2008-12-31": "-15.68000", "2007-12-31": "-8.50900", "2006-12-31": "-6.77200", "2005-12-31": "-7.88500"}, "Net Change In Intangible Assets": {"2019-12-31": "", "2018-12-31": "", "2017-12-31": "", "2016-12-31": "", "2015-12-31": "", "2014-12-31": "", "2013-12-31": "", "2012-12-31": "", "2011-12-31": "", "2010-12-31": "", "2009-12-31": "", "2008-12-31": "", "2007-12-31": "", "2006-12-31": "", "2005-12-31": ""}, "Net Acquisitions/Divestitures": {"2019-12-31": "137.75500", "2018-12-31": "-91.72700", "2017-12-31": "-531.23200", "2016-12-31": "-762.30200", "2015-12-31": "-818.90300", "2014-12-31": "-479.39400", "2013-12-31": "-238.04500", "2012-12-31": "-441.00600", "2011-12-31": "-154.88500", "2010-12-31": "-338.59600", "2009-12-31": "-151.32100", "2008-12-31": "-205.72400", "2007-12-31": "-119.10100", "2006-12-31": "-91.83800", "2005-12-31": "-91.93700"}, "Net Change In Short-term Investments": {"2019-12-31": "", "2018-12-31": "", "2017-12-31": "", "2016-12-31": "", "2015-12-31": "", "2014-12-31": "", "2013-12-31": "", "2012-12-31": "", "2011-12-31": "", "2010-12-31": "", "2009-12-31": "", "2008-12-31": "", "2007-12-31": "", "2006-12-31": "", "2005-12-31": ""}, "Net Change In Long-Term Investments": {"2019-12-31": "16.00400", "2018-12-31": "-2.17400", "2017-12-31": "-2.31300", "2016-12-31": "-19.65100", "2015-12-31": "-2.02400", "2014-12-31": "-6.14900", "2013-12-31": "-9.79100", "2012-12-31": "-5.04700", "2011-12-31": "-4.35600", "2010-12-31": "-10.90300", "2009-12-31": "3.13400", "2008-12-31": "-1.49400", "2007-12-31": "36.81800", "2006-12-31": "-57.33800", "2005-12-31": "-5.03000"}, "Net Change In Investments - Total": {"2019-12-31": "16.00400", "2018-12-31": "-2.17400", "2017-12-31": "-2.31300", "2016-12-31": "-19.65100", "2015-12-31": "-2.02400", "2014-12-31": "-6.14900", "2013-12-31": "-9.79100", "2012-12-31": "-5.04700", "2011-12-31": "-4.35600", "2010-12-31": "-10.90300", "2009-12-31": "3.13400", "2008-12-31": "-1.49400", "2007-12-31": "36.81800", "2006-12-31": "-57.33800", "2005-12-31": "-5.03000"}, "Investing Activities - Other": {"2019-12-31": "-19.42300", "2018-12-31": "-18.38900", "2017-12-31": "-16.91800", "2016-12-31": "", "2015-12-31": "", "2014-12-31": "", "2013-12-31": "", "2012-12-31": "", "2011-12-31": "", "2010-12-31": "", "2009-12-31": "", "2008-12-31": "", "2007-12-31": "", "2006-12-31": "", "2005-12-31": ""}, "Cash Flow From Investing Activities": {"2019-12-31": "102.45500", "2018-12-31": "-142.76900", "2017-12-31": "-576.61300", "2016-12-31": "-821.21700", "2015-12-31": "-848.00000", "2014-12-31": "-503.60400", "2013-12-31": "-263.49000", "2012-12-31": "-460.54800", "2011-12-31": "-190.57300", "2010-12-31": "-361.61200", "2009-12-31": "-163.13400", "2008-12-31": "-222.89800", "2007-12-31": "-90.79200", "2006-12-31": "-155.94800", "2005-12-31": "-104.85200"}, "Net Long-Term Debt": {"2019-12-31": "499.76600", "2018-12-31": "498.66100", "2017-12-31": "-1.65900", "2016-12-31": "-2.13000", "2015-12-31": "747.82900", "2014-12-31": "-0.15900", "2013-12-31": "-0.09900", "2012-12-31": "-0.13600", "2011-12-31": "-0.46300", "2010-12-31": "-0.26200", "2009-12-31": "-0.31600", "2008-12-31": "-0.52100", "2007-12-31": "-0.46000", "2006-12-31": "-0.90800", "2005-12-31": "-0.63600"}, "Net Current Debt": {"2019-12-31": "-739.50000", "2018-12-31": "-371.00000", "2017-12-31": "147.00000", "2016-12-31": "1940.00000", "2015-12-31": "2121.50000", "2014-12-31": "541.00000", "2013-12-31": "-117.00000", "2012-12-31": "112.60300", "2011-12-31": "-119.47000", "2010-12-31": "96.50000", "2009-12-31": "-89.50000", "2008-12-31": "137.73700", "2007-12-31": "", "2006-12-31": "", "2005-12-31": "-54.17200"}, "Debt Issuance/Retirement Net - Total": {"2019-12-31": "-239.73400", "2018-12-31": "127.66100", "2017-12-31": "145.34100", "2016-12-31": "1937.87000", "2015-12-31": "2869.32900", "2014-12-31": "540.84100", "2013-12-31": "-117.09900", "2012-12-31": "112.46700", "2011-12-31": "-119.93300", "2010-12-31": "96.23800", "2009-12-31": "-89.81600", "2008-12-31": "137.21600", "2007-12-31": "-0.46000", "2006-12-31": "-0.90800", "2005-12-31": "-54.80800"}, "Net Common Equity Issued/Repurchased": {"2019-12-31": "-134.02200", "2018-12-31": "-285.90200", "2017-12-31": "-46.91600", "2016-12-31": "-39.80600", "2015-12-31": "-214.92300", "2014-12-31": "-445.55300", "2013-12-31": "-23.16600", "2012-12-31": "28.81000", "2011-12-31": "31.36200", "2010-12-31": "22.53200", "2009-12-31": "17.95900", "2008-12-31": "-188.31500", "2007-12-31": "-72.61200", "2006-12-31": "29.92000", "2005-12-31": "1.42300"}, "Net Total Equity Issued/Repurchased": {"2019-12-31": "-134.02200", "2018-12-31": "-285.90200", "2017-12-31": "-46.91600", "2016-12-31": "-39.80600", "2015-12-31": "-214.92300", "2014-12-31": "-445.55300", "2013-12-31": "-23.16600", "2012-12-31": "28.81000", "2011-12-31": "31.36200", "2010-12-31": "22.53200", "2009-12-31": "17.95900", "2008-12-31": "-188.31500", "2007-12-31": "-72.61200", "2006-12-31": "29.92000", "2005-12-31": "1.42300"}, "Total Common And Preferred Stock Dividends Paid": {"2019-12-31": "", "2018-12-31": "", "2017-12-31": "", "2016-12-31": "", "2015-12-31": "", "2014-12-31": "", "2013-12-31": "", "2012-12-31": "", "2011-12-31": "", "2010-12-31": "", "2009-12-31": "", "2008-12-31": "", "2007-12-31": "", "2006-12-31": "", "2005-12-31": ""}, "Financial Activities - Other": {"2019-12-31": "-19.31400", "2018-12-31": "-12.37000", "2017-12-31": "-8.68800", "2016-12-31": "-1516.49900", "2015-12-31": "-2171.46300", "2014-12-31": "2.46600", "2013-12-31": "8.21400", "2012-12-31": "-2.95100", "2011-12-31": "0.82000", "2010-12-31": "2.03200", "2009-12-31": "5.77400", "2008-12-31": "4.13100", "2007-12-31": "8.64000", "2006-12-31": "8.06700", "2005-12-31": ""}, "Cash Flow From Financial Activities": {"2019-12-31": "-393.07000", "2018-12-31": "-170.61100", "2017-12-31": "89.73700", "2016-12-31": "381.56500", "2015-12-31": "482.94300", "2014-12-31": "97.75400", "2013-12-31": "-132.05100", "2012-12-31": "138.32600", "2011-12-31": "-87.75100", "2010-12-31": "120.80200", "2009-12-31": "-66.08300", "2008-12-31": "-46.96800", "2007-12-31": "-64.43200", "2006-12-31": "37.07900", "2005-12-31": "-53.38500"}, "Net Cash Flow": {"2019-12-31": "56.02200", "2018-12-31": "-34.70900", "2017-12-31": "10.65900", "2016-12-31": "4.12600", "2015-12-31": "3.64400", "2014-12-31": "16.79100", "2013-12-31": "9.85700", "2012-12-31": "2.68400", "2011-12-31": "-7.65500", "2010-12-31": "-0.25200", "2009-12-31": "12.15700", "2008-12-31": "-88.49700", "2007-12-31": "33.24800", "2006-12-31": "58.40300", "2005-12-31": "4.18100"}, "Stock-Based Compensation": {"2019-12-31": "35.35100", "2018-12-31": "37.91000", "2017-12-31": "28.77800", "2016-12-31": "34.00000", "2015-12-31": "32.12900", "2014-12-31": "31.71900", "2013-12-31": "31.28800", "2012-12-31": "28.43700", "2011-12-31": "27.09200", "2010-12-31": "25.69300", "2009-12-31": "24.32000", "2008-12-31": "20.77600", "2007-12-31": "17.96100", "2006-12-31": "20.10600", "2005-12-31": "11.85900"}, "Common Stock Dividends Paid": {"2019-12-31": "", "2018-12-31": "", "2017-12-31": "", "2016-12-31": "", "2015-12-31": "", "2014-12-31": "", "2013-12-31": "", "2012-12-31": "", "2011-12-31": "", "2010-12-31": "", "2009-12-31": "", "2008-12-31": "", "2007-12-31": "", "2006-12-31": "", "2005-12-31": ""}}, "cash flow statement, quarterly": {"Net Income/Loss": {"2020-09-30": -41.044, "2020-06-30": -672.436, "2020-03-31": "-18.71200", "2019-12-31": 9.331, "2019-09-30": -1255.916, "2019-06-30": -8.245, "2019-03-31": "-242.87200", "2018-12-31": 60.214, "2018-09-30": 65.575, "2018-06-30": 79.412, "2018-03-31": "63.42800", "2017-12-31": 136.103, "2017-09-30": 65.88, "2017-06-30": 63.698, "2017-03-31": "54.69100", "2016-12-31": 78.079, "2016-09-30": 96.421, "2016-06-30": 82.325, "2016-03-31": "67.77100", "2015-12-31": 92.414, "2015-09-30": 90.64, "2015-06-30": 84.048, "2015-03-31": "68.58900", "2014-12-31": 88.28, "2014-09-30": 86.238, "2014-06-30": 79.025, "2014-03-31": "63.66000", "2013-12-31": 78.974, "2013-09-30": 76.958, "2013-06-30": 69.218, "2013-03-31": "55.36700", "2012-12-31": 66.103, "2012-09-30": 65.91, "2012-06-30": 60.544, "2012-03-31": "48.35000", "2011-12-31": 58.359, "2011-09-30": 58.241, "2011-06-30": 55.941, "2011-03-31": "45.45600", "2010-12-31": 53.8, "2010-09-30": 61.27, "2010-06-30": 49.358, "2010-03-31": "38.26300", "2009-12-31": 50.401, "2009-09-30": 48.134, "2009-06-30": 43.217, "2009-03-31": "34.05200", "2008-12-31": 38.985, "2008-09-30": 37.396, "2008-06-30": 37.014, "2008-03-31": "55.80600", "2007-12-31": 41.267, "2007-09-30": 39.558, "2007-06-30": 36.315, "2007-03-31": "25.58200", "2006-12-31": 32.415, "2006-09-30": 35.165, "2006-06-30": 33.458, "2006-03-31": "23.42700", "2005-12-31": 15.5, "2005-09-30": 27.693, "2005-06-30": 26.333, "2005-03-31": "17.98300"}, "Total Depreciation And Amortization - Cash Flow": {"2020-09-30": -6.752, "2020-06-30": 11.446, "2020-03-31": "20.13100", "2019-12-31": 1510.624, "2019-09-30": -7.395, "2019-06-30": 8.965, "2019-03-31": "21.55300", "2018-12-31": 22.692, "2018-09-30": 23.305, "2018-06-30": 21.404, "2018-03-31": "21.00300", "2017-12-31": 3.827, "2017-09-30": 26.454, "2017-06-30": 27.092, "2017-03-31": "26.99700", "2016-12-31": 25.993, "2016-09-30": 25.569, "2016-06-30": 21.638, "2016-03-31": "20.88000", "2015-12-31": 18.454, "2015-09-30": 17.392, "2015-06-30": 15.93, "2015-03-31": "13.99300", "2014-12-31": 15.132, "2014-09-30": 11.356, "2014-06-30": 10.362, "2014-03-31": "10.37000", "2013-12-31": 10.491, "2013-09-30": 10.461, "2013-06-30": 9.87, "2013-03-31": "9.14400", "2012-12-31": 8.091, "2012-09-30": 7.925, "2012-06-30": 7.687, "2012-03-31": "7.11300", "2011-12-31": 7.266, "2011-09-30": 6.213, "2011-06-30": 6.032, "2011-03-31": "5.78100", "2010-12-31": 5.843, "2010-09-30": 6.321, "2010-06-30": 5.006, "2010-03-31": "4.78000", "2009-12-31": 4.342, "2009-09-30": 3.956, "2009-06-30": 4.187, "2009-03-31": "3.96300", "2008-12-31": 4.02, "2008-09-30": 3.296, "2008-06-30": 2.939, "2008-03-31": "2.95500", "2007-12-31": 3.047, "2007-09-30": 2.577, "2007-06-30": 2.466, "2007-03-31": "2.47300", "2006-12-31": 2.41, "2006-09-30": 2.308, "2006-06-30": 2.404, "2006-03-31": "2.34800", "2005-12-31": 2.4, "2005-09-30": 2.339, "2005-06-30": 2.529, "2005-03-31": "2.64700"}, "Other Non-Cash Items": {"2020-09-30": 150.074, "2020-06-30": 736.86, "2020-03-31": "42.33600", "2019-12-31": -1528.371, "2019-09-30": 1376.236, "2019-06-30": 69.889, "2019-03-31": "296.76400", "2018-12-31": -0.957, "2018-09-30": 13.883, "2018-06-30": -13.66, "2018-03-31": "7.89300", "2017-12-31": -59.94, "2017-09-30": 6.956, "2017-06-30": 22.864, "2017-03-31": "6.96400", "2016-12-31": 9.358, "2016-09-30": 8.771, "2016-06-30": 23.244, "2016-03-31": "10.98800", "2015-12-31": 19.045, "2015-09-30": -7.008, "2015-06-30": 22.468, "2015-03-31": "11.06600", "2014-12-31": -0.862, "2014-09-30": 9.292, "2014-06-30": 15.621, "2014-03-31": "8.03000", "2013-12-31": 7.019, "2013-09-30": 11.837, "2013-06-30": 28.854, "2013-03-31": "3.15400", "2012-12-31": 12.841, "2012-09-30": 14.005, "2012-06-30": 27.765, "2012-03-31": "-3.83500", "2011-12-31": 9.83, "2011-09-30": 8.472, "2011-06-30": 9.896, "2011-03-31": "8.04000", "2010-12-31": 24.987, "2010-09-30": 7.749, "2010-06-30": 13.82, "2010-03-31": "4.47900", "2009-12-31": 15.819, "2009-09-30": 7.795, "2009-06-30": 9.658, "2009-03-31": "-1.23700", "2008-12-31": -17.201, "2008-09-30": 2.16, "2008-06-30": 11.834, "2008-03-31": "-28.20300", "2007-12-31": -0.199, "2007-09-30": -3.056, "2007-06-30": 9.494, "2007-03-31": "4.70600", "2006-12-31": -7.497, "2006-09-30": 12.855, "2006-06-30": 2.796, "2006-03-31": "8.58600", "2005-12-31": 6.704, "2005-09-30": 1.027, "2005-06-30": 5.349, "2005-03-31": "0.60900"}, "Total Non-Cash Items": {"2020-09-30": 143.3219, "2020-06-30": 748.3061, "2020-03-31": "62.46700", "2019-12-31": -17.747, "2019-09-30": 1368.841, "2019-06-30": 78.854, "2019-03-31": "318.31700", "2018-12-31": 21.735, "2018-09-30": 37.188, "2018-06-30": 7.744, "2018-03-31": "28.89600", "2017-12-31": -56.113, "2017-09-30": 33.41, "2017-06-30": 49.956, "2017-03-31": "33.96100", "2016-12-31": 35.351, "2016-09-30": 34.34, "2016-06-30": 44.882, "2016-03-31": "31.86800", "2015-12-31": 37.499, "2015-09-30": 10.384, "2015-06-30": 38.398, "2015-03-31": "25.05900", "2014-12-31": 14.27, "2014-09-30": 20.648, "2014-06-30": 25.983, "2014-03-31": "18.40000", "2013-12-31": 17.51, "2013-09-30": 22.298, "2013-06-30": 38.724, "2013-03-31": "12.29800", "2012-12-31": 20.932, "2012-09-30": 21.93, "2012-06-30": 35.452, "2012-03-31": "3.27800", "2011-12-31": 17.096, "2011-09-30": 14.685, "2011-06-30": 15.928, "2011-03-31": "13.82100", "2010-12-31": 30.83, "2010-09-30": 14.07, "2010-06-30": 18.826, "2010-03-31": "9.25900", "2009-12-31": 20.161, "2009-09-30": 11.751, "2009-06-30": 13.845, "2009-03-31": "2.72600", "2008-12-31": -13.181, "2008-09-30": 5.456, "2008-06-30": 14.773, "2008-03-31": "-25.24800", "2007-12-31": 2.848, "2007-09-30": -0.479, "2007-06-30": 11.96, "2007-03-31": "7.17900", "2006-12-31": -5.087, "2006-09-30": 15.163, "2006-06-30": 5.2, "2006-03-31": "10.93400", "2005-12-31": 9.104, "2005-09-30": 3.366, "2005-06-30": 7.878, "2005-03-31": "3.25600"}, "Change In Accounts Receivable": {"2020-09-30": -14.29, "2020-06-30": 18.392, "2020-03-31": "25.90400", "2019-12-31": 0.363, "2019-09-30": 5.788, "2019-06-30": 17.618, "2019-03-31": "-15.91500", "2018-12-31": -17.845, "2018-09-30": 2.672, "2018-06-30": 10.209, "2018-03-31": "-38.44400", "2017-12-31": 19.869, "2017-09-30": -27.446, "2017-06-30": 7.283, "2017-03-31": "11.07800", "2016-12-31": -9.188, "2016-09-30": -8.584, "2016-06-30": 4.861, "2016-03-31": "-21.08900", "2015-12-31": -37.768, "2015-09-30": -15.498, "2015-06-30": 6.558, "2015-03-31": "-8.68300", "2014-12-31": -7.022, "2014-09-30": -7.983, "2014-06-30": -11.721, "2014-03-31": "-30.29200", "2013-12-31": -12.583, "2013-09-30": -3.04, "2013-06-30": -5.954, "2013-03-31": "-15.75400", "2012-12-31": 2.441, "2012-09-30": -9.587, "2012-06-30": -4.203, "2012-03-31": "-6.32900", "2011-12-31": -23.328, "2011-09-30": -13.028, "2011-06-30": -5.862, "2011-03-31": "-6.77500", "2010-12-31": -6.673, "2010-09-30": 4.261, "2010-06-30": -4.998, "2010-03-31": "-9.54100", "2009-12-31": -0.421, "2009-09-30": -0.588, "2009-06-30": 1.793, "2009-03-31": "-2.83300", "2008-12-31": -10.985, "2008-09-30": -2.805, "2008-06-30": -4.571, "2008-03-31": "1.43200", "2007-12-31": -4.551, "2007-09-30": -9.979, "2007-06-30": -5.063, "2007-03-31": "-2.20000", "2006-12-31": -5.63, "2006-09-30": -6.182, "2006-06-30": 1.998, "2006-03-31": "-4.03400", "2005-12-31": -1.851, "2005-09-30": -4.024, "2005-06-30": -0.441, "2005-03-31": "2.45100"}, "Change In Inventories": {"2020-09-30": 0, "2020-06-30": 0, "2020-03-31": "", "2019-12-31": 0, "2019-09-30": 0, "2019-06-30": 0, "2019-03-31": "", "2018-12-31": 0, "2018-09-30": 0, "2018-06-30": 0, "2018-03-31": "", "2017-12-31": 0, "2017-09-30": 0, "2017-06-30": 0, "2017-03-31": "", "2016-12-31": 0, "2016-09-30": 0, "2016-06-30": 0, "2016-03-31": "", "2015-12-31": 0, "2015-09-30": 0, "2015-06-30": 0, "2015-03-31": "", "2014-12-31": 0, "2014-09-30": 0, "2014-06-30": 0, "2014-03-31": "", "2013-12-31": 0, "2013-09-30": 0, "2013-06-30": 0, "2013-03-31": "", "2012-12-31": 0, "2012-09-30": 0, "2012-06-30": 0, "2012-03-31": "", "2011-12-31": 0, "2011-09-30": 0, "2011-06-30": 0, "2011-03-31": "", "2010-12-31": 0, "2010-09-30": 0, "2010-06-30": 0, "2010-03-31": "", "2009-12-31": 0, "2009-09-30": 0, "2009-06-30": 0, "2009-03-31": "", "2008-12-31": 0, "2008-09-30": 0, "2008-06-30": 0, "2008-03-31": "", "2007-12-31": 0, "2007-09-30": 0, "2007-06-30": 0, "2007-03-31": "", "2006-12-31": 0, "2006-09-30": 0, "2006-06-30": 0, "2006-03-31": "", "2005-12-31": 0, "2005-09-30": 0, "2005-06-30": 0, "2005-03-31": ""}, "Change In Accounts Payable": {"2020-09-30": 0, "2020-06-30": 0, "2020-03-31": "", "2019-12-31": 0, "2019-09-30": 0, "2019-06-30": 0, "2019-03-31": "", "2018-12-31": 0, "2018-09-30": 0, "2018-06-30": 0, "2018-03-31": "", "2017-12-31": 0, "2017-09-30": 0, "2017-06-30": 0, "2017-03-31": "", "2016-12-31": 0, "2016-09-30": 0, "2016-06-30": 0, "2016-03-31": "", "2015-12-31": 0, "2015-09-30": 0, "2015-06-30": 0, "2015-03-31": "", "2014-12-31": 0, "2014-09-30": 0, "2014-06-30": 0, "2014-03-31": "", "2013-12-31": 0, "2013-09-30": 0, "2013-06-30": 0, "2013-03-31": "", "2012-12-31": 0, "2012-09-30": 0, "2012-06-30": 0, "2012-03-31": "", "2011-12-31": 0, "2011-09-30": 0, "2011-06-30": 0, "2011-03-31": "", "2010-12-31": 0, "2010-09-30": 0, "2010-06-30": 0, "2010-03-31": "", "2009-12-31": 0, "2009-09-30": 0, "2009-06-30": 0, "2009-03-31": "", "2008-12-31": 0, "2008-09-30": 0, "2008-06-30": 0, "2008-03-31": "", "2007-12-31": 0, "2007-09-30": 0, "2007-06-30": 0, "2007-03-31": "", "2006-12-31": 0, "2006-09-30": 0, "2006-06-30": 0, "2006-03-31": "", "2005-12-31": 0, "2005-09-30": 0, "2005-06-30": 0, "2005-03-31": ""}, "Change In Assets/Liabilities": {"2020-09-30": 10.851, "2020-06-30": 3.751, "2020-03-31": "15.24500", "2019-12-31": 24.158, "2019-09-30": -23.926, "2019-06-30": 6.107, "2019-03-31": "1.83900", "2018-12-31": -2.33, "2018-09-30": -4.151, "2018-06-30": -9.521, "2018-03-31": "0.45600", "2017-12-31": 3.468, "2017-09-30": 8.7, "2017-06-30": -2.487, "2017-03-31": "1.39500", "2016-12-31": -6.375, "2016-09-30": -0.325, "2016-06-30": -0.28, "2016-03-31": "4.33800", "2015-12-31": -12.814, "2015-09-30": -8.292, "2015-06-30": -1.279, "2015-03-31": "11.42100", "2014-12-31": 3.171, "2014-09-30": 6.241, "2014-06-30": -2.998, "2014-03-31": "3.70400", "2013-12-31": 1.86, "2013-09-30": 2.845, "2013-06-30": 1.898, "2013-03-31": "9.76800", "2012-12-31": -8.772, "2012-09-30": 10.261, "2012-06-30": 2.362, "2012-03-31": "6.62400", "2011-12-31": -2.007, "2011-09-30": 1.876, "2011-06-30": 4.503, "2011-03-31": "7.57900", "2010-12-31": -6.865, "2010-09-30": -1.882, "2010-06-30": 4.55, "2010-03-31": "6.24200", "2009-12-31": 10.725, "2009-09-30": 3.894, "2009-06-30": -4.233, "2009-03-31": "2.21300", "2008-12-31": -5.361, "2008-09-30": 6.921, "2008-06-30": 0.094, "2008-03-31": "-8.57300", "2007-12-31": -4.154, "2007-09-30": -1.109, "2007-06-30": -8.817, "2007-03-31": "8.88100", "2006-12-31": -2.508, "2006-09-30": -0.526, "2006-06-30": -0.146, "2006-03-31": "-1.54000", "2005-12-31": 0.058, "2005-09-30": 0.032, "2005-06-30": -1.596, "2005-03-31": "1.51500"}, "Total Change In Assets/Liabilities": {"2020-09-30": 67.657, "2020-06-30": 117.112, "2020-03-31": "-190.18600", "2019-12-31": 132.639, "2019-09-30": 46.274, "2019-06-30": 49.423, "2019-03-31": "-132.26200", "2018-12-31": 45.645, "2018-09-30": 37.964, "2018-06-30": 48.082, "2018-03-31": "-205.95800", "2017-12-31": 115.645, "2017-09-30": 100.64, "2017-06-30": 23.922, "2017-03-31": "-110.41500", "2016-12-31": 17.518, "2016-09-30": 65.365, "2016-06-30": 22.536, "2016-03-31": "-132.67800", "2015-12-31": -25.777, "2015-09-30": 71.092, "2015-06-30": 23.687, "2015-03-31": "-147.33200", "2014-12-31": 76.257, "2014-09-30": 52.527, "2014-06-30": 29.235, "2014-03-31": "-131.88200", "2013-12-31": 42.765, "2013-09-30": 58.661, "2013-06-30": 18.706, "2013-03-31": "-86.08100", "2012-12-31": 18.136, "2012-09-30": 46.862, "2012-06-30": 21.153, "2012-03-31": "-83.74400", "2011-12-31": 14.293, "2011-09-30": 27.153, "2011-06-30": 23.434, "2011-03-31": "-73.73800", "2010-12-31": 0.449, "2010-09-30": 30.052, "2010-06-30": 23.509, "2010-03-31": "-89.12800", "2009-12-31": 2.356, "2009-09-30": 46.846, "2009-06-30": 26.688, "2009-03-31": "-58.80300", "2008-12-31": 42.474, "2008-09-30": 40.279, "2008-06-30": 5.508, "2008-03-31": "-57.87100", "2007-12-31": 45.295, "2007-09-30": 23.747, "2007-06-30": 18.787, "2007-03-31": "-63.53700", "2006-12-31": 41.602, "2006-09-30": 0.069, "2006-06-30": 29.127, "2006-03-31": "-44.20100", "2005-12-31": 23.221, "2005-09-30": 29.657, "2005-06-30": 19.01, "2005-03-31": "-20.58300"}, "Cash Flow From Operating Activities": {"2020-09-30": 169.935, "2020-06-30": 192.982, "2020-03-31": "-146.43100", "2019-12-31": 124.223, "2019-09-30": 159.199, "2019-06-30": 120.032, "2019-03-31": "-56.81700", "2018-12-31": 127.594, "2018-09-30": 140.727, "2018-06-30": 135.238, "2018-03-31": "-113.63400", "2017-12-31": 195.635, "2017-09-30": 199.93, "2017-06-30": 137.576, "2017-03-31": "-21.76300", "2016-12-31": 130.948, "2016-09-30": 196.126, "2016-06-30": 149.743, "2016-03-31": "-33.03900", "2015-12-31": 104.136, "2015-09-30": 172.116, "2015-06-30": 146.133, "2015-03-31": "-53.68400", "2014-12-31": 178.807, "2014-09-30": 159.413, "2014-06-30": 134.243, "2014-03-31": "-49.82200", "2013-12-31": 139.249, "2013-09-30": 157.917, "2013-06-30": 126.648, "2013-03-31": "-18.41600", "2012-12-31": 105.171, "2012-09-30": 134.702, "2012-06-30": 117.149, "2012-03-31": "-32.11600", "2011-12-31": 89.748, "2011-09-30": 100.079, "2011-06-30": 95.303, "2011-03-31": "-14.46100", "2010-12-31": 85.079, "2010-09-30": 105.392, "2010-06-30": 91.693, "2010-03-31": "-41.60600", "2009-12-31": 72.918, "2009-09-30": 106.731, "2009-06-30": 83.75, "2009-03-31": "-22.02500", "2008-12-31": 68.278, "2008-09-30": 83.131, "2008-06-30": 57.295, "2008-03-31": "-27.31300", "2007-12-31": 89.41, "2007-09-30": 62.826, "2007-06-30": 67.062, "2007-03-31": "-30.77600", "2006-12-31": 68.93, "2006-09-30": 50.397, "2006-06-30": 67.785, "2006-03-31": "-9.84000", "2005-12-31": 47.825, "2005-09-30": 60.716, "2005-06-30": 53.221, "2005-03-31": "0.65600"}, "Net Change In Property, Plant, And Equipment": {"2020-09-30": 1.517, "2020-06-30": -9.613, "2020-03-31": "-13.71300", "2019-12-31": -17.019, "2019-09-30": 1.064, "2019-06-30": -10.105, "2019-03-31": "-5.82100", "2018-12-31": -5.661, "2018-09-30": -6.522, "2018-06-30": -9.833, "2018-03-31": "-8.46300", "2017-12-31": 5.826, "2017-09-30": -10.067, "2017-06-30": -10.179, "2017-03-31": "-11.73000", "2016-12-31": -10.844, "2016-09-30": -9.249, "2016-06-30": -8.728, "2016-03-31": "-10.44300", "2015-12-31": -7.165, "2015-09-30": -7.239, "2015-06-30": -7.281, "2015-03-31": "-5.38800", "2014-12-31": -6.656, "2014-09-30": -3.652, "2014-06-30": -3.183, "2014-03-31": "-4.57000", "2013-12-31": -2.97, "2013-09-30": -3.339, "2013-06-30": -5.008, "2013-03-31": "-4.33700", "2012-12-31": -4.548, "2012-09-30": -3.126, "2012-06-30": -3.901, "2012-03-31": "-2.92000", "2011-12-31": -2.71, "2011-09-30": -5.203, "2011-06-30": -3.169, "2011-03-31": "-20.25000", "2010-12-31": -2.059, "2010-09-30": -2.834, "2010-06-30": -3.158, "2010-03-31": "-4.06200", "2009-12-31": -4.086, "2009-09-30": -2.803, "2009-06-30": -3.574, "2009-03-31": "-4.48400", "2008-12-31": -68.729, "2008-09-30": -4.764, "2008-06-30": -3.275, "2008-03-31": "61.08800", "2007-12-31": -3.642, "2007-09-30": -1.522, "2007-06-30": -1.876, "2007-03-31": "-1.46900", "2006-12-31": -3.664, "2006-09-30": -1.199, "2006-06-30": -0.347, "2006-03-31": "-1.56200", "2005-12-31": -2.313, "2005-09-30": -1.411, "2005-06-30": -2.63, "2005-03-31": "-1.53100"}, "Net Change In Intangible Assets": {"2020-09-30": 0, "2020-06-30": 0, "2020-03-31": "", "2019-12-31": 0, "2019-09-30": 0, "2019-06-30": 0, "2019-03-31": "", "2018-12-31": 0, "2018-09-30": 0, "2018-06-30": 0, "2018-03-31": "", "2017-12-31": 0, "2017-09-30": 0, "2017-06-30": 0, "2017-03-31": "", "2016-12-31": 0, "2016-09-30": 0, "2016-06-30": 0, "2016-03-31": "", "2015-12-31": 0, "2015-09-30": 0, "2015-06-30": 0, "2015-03-31": "", "2014-12-31": 0, "2014-09-30": 0, "2014-06-30": 0, "2014-03-31": "", "2013-12-31": 0, "2013-09-30": 0, "2013-06-30": 0, "2013-03-31": "", "2012-12-31": 0, "2012-09-30": 0, "2012-06-30": 0, "2012-03-31": "", "2011-12-31": 0, "2011-09-30": 0, "2011-06-30": 0, "2011-03-31": "", "2010-12-31": 0, "2010-09-30": 0, "2010-06-30": 0, "2010-03-31": "", "2009-12-31": 0, "2009-09-30": 0, "2009-06-30": 0, "2009-03-31": "", "2008-12-31": 0, "2008-09-30": 0, "2008-06-30": 0, "2008-03-31": "", "2007-12-31": 0, "2007-09-30": 0, "2007-06-30": 0, "2007-03-31": "", "2006-12-31": 0, "2006-09-30": 0, "2006-06-30": 0, "2006-03-31": "", "2005-12-31": 0, "2005-09-30": 0, "2005-06-30": 0, "2005-03-31": ""}, "Net Acquisitions/Divestitures": {"2020-09-30": -1.546, "2020-06-30": -4.274, "2020-03-31": "4.67500", "2019-12-31": 168.955, "2019-09-30": -19.75, "2019-06-30": -7.2, "2019-03-31": "-4.25000", "2018-12-31": -64.692, "2018-09-30": -1.46, "2018-06-30": -3.6, "2018-03-31": "-21.97500", "2017-12-31": -176.148, "2017-09-30": -241.338, "2017-06-30": -2.801, "2017-03-31": "-110.94500", "2016-12-31": -37.441, "2016-09-30": -529.146, "2016-06-30": -136.175, "2016-03-31": "-59.54000", "2015-12-31": -12.599, "2015-09-30": -236.839, "2015-06-30": -531.741, "2015-03-31": "-37.72400", "2014-12-31": -133.323, "2014-09-30": -210.574, "2014-06-30": -66.122, "2014-03-31": "-69.37500", "2013-12-31": -44.5, "2013-09-30": -76.601, "2013-06-30": -115.649, "2013-03-31": "-1.29500", "2012-12-31": -238.644, "2012-09-30": -137.493, "2012-06-30": -36.774, "2012-03-31": "-28.09500", "2011-12-31": -74.957, "2011-09-30": -68.395, "2011-06-30": -1.45, "2011-03-31": "-10.08300", "2010-12-31": -274.46, "2010-09-30": -5.601, "2010-06-30": -18.35, "2010-03-31": "-40.18500", "2009-12-31": -47.95, "2009-09-30": -41.148, "2009-06-30": -50.72, "2009-03-31": "-11.50300", "2008-12-31": 30.631, "2008-09-30": -188.701, "2008-06-30": -41.099, "2008-03-31": "-6.55500", "2007-12-31": -17.008, "2007-09-30": -89.441, "2007-06-30": -0.694, "2007-03-31": "-11.95800", "2006-12-31": -9.897, "2006-09-30": -15.276, "2006-06-30": -3.401, "2006-03-31": "-63.26400", "2005-12-31": -6.217, "2005-09-30": -19.869, "2005-06-30": -28.931, "2005-03-31": "-36.92000"}, "Net Change In Short-term Investments": {"2020-09-30": 0, "2020-06-30": 0, "2020-03-31": "", "2019-12-31": 0, "2019-09-30": 0, "2019-06-30": 0, "2019-03-31": "", "2018-12-31": -10.51, "2018-09-30": 10.51, "2018-06-30": 0, "2018-03-31": "", "2017-12-31": 0, "2017-09-30": 0, "2017-06-30": -3.87, "2017-03-31": "3.87000", "2016-12-31": -32.24, "2016-09-30": 7.22, "2016-06-30": 12.89, "2016-03-31": "12.13000", "2015-12-31": -23.208, "2015-09-30": 9.18, "2015-06-30": 10.763, "2015-03-31": "3.26500", "2014-12-31": 0, "2014-09-30": 0, "2014-06-30": 0, "2014-03-31": "", "2013-12-31": 0, "2013-09-30": 0, "2013-06-30": 0, "2013-03-31": "", "2012-12-31": -23.963, "2012-09-30": 13.163, "2012-06-30": 10.8, "2012-03-31": "", "2011-12-31": -28.585, "2011-09-30": 12.53, "2011-06-30": 16.055, "2011-03-31": "", "2010-12-31": -11.6, "2010-09-30": 7.5, "2010-06-30": 4.1, "2010-03-31": "", "2009-12-31": 0, "2009-09-30": -11.675, "2009-06-30": 5.2, "2009-03-31": "6.47500", "2008-12-31": -16.784, "2008-09-30": 6.5, "2008-06-30": 10.284, "2008-03-31": "", "2007-12-31": -192.229, "2007-09-30": 192.229, "2007-06-30": -56.254, "2007-03-31": "56.25400", "2006-12-31": 0, "2006-09-30": -5.9, "2006-06-30": 2, "2006-03-31": "3.90000", "2005-12-31": 4.965, "2005-09-30": -3.519, "2005-06-30": -1.446, "2005-03-31": ""}, "Net Change In Long-Term Investments": {"2020-09-30": 8.975, "2020-06-30": -3.018, "2020-03-31": "-11.18200", "2019-12-31": 3.671, "2019-09-30": 4.153, "2019-06-30": 3.38, "2019-03-31": "4.80000", "2018-12-31": 13.71, "2018-09-30": -5.995, "2018-06-30": 0.65, "2018-03-31": "-10.53900", "2017-12-31": 1.913, "2017-09-30": 3.808, "2017-06-30": 4.371, "2017-03-31": "-12.40500", "2016-12-31": 31.217, "2016-09-30": -12.189, "2016-06-30": -20.388, "2016-03-31": "-18.29100", "2015-12-31": 18.358, "2015-09-30": -9.434, "2015-06-30": -7.229, "2015-03-31": "-3.71900", "2014-12-31": -1.045, "2014-09-30": -3.428, "2014-06-30": -1.407, "2014-03-31": "-0.26900", "2013-12-31": 2.762, "2013-09-30": 0.13, "2013-06-30": -2.68, "2013-03-31": "-10.00300", "2012-12-31": 16.052, "2012-09-30": -6.986, "2012-06-30": -15.737, "2012-03-31": "1.62400", "2011-12-31": 21.683, "2011-09-30": -18.117, "2011-06-30": -5.172, "2011-03-31": "-2.75000", "2010-12-31": 10.519, "2010-09-30": -16.227, "2010-06-30": -5.948, "2010-03-31": "0.75300", "2009-12-31": 4.67, "2009-09-30": 12.358, "2009-06-30": -10.014, "2009-03-31": "-3.88000", "2008-12-31": 19.118, "2008-09-30": -11.922, "2008-06-30": -10.567, "2008-03-31": "1.87700", "2007-12-31": 205.813, "2007-09-30": -208.913, "2007-06-30": 53.456, "2007-03-31": "-13.53800", "2006-12-31": -50.968, "2006-09-30": 3.971, "2006-06-30": -4.907, "2006-03-31": "-5.43400", "2005-12-31": -5.03, "2005-09-30": 0, "2005-06-30": 1.371, "2005-03-31": "-1.37100"}, "Net Change In Investments - Total": {"2020-09-30": 8.975, "2020-06-30": -3.018, "2020-03-31": "-11.18200", "2019-12-31": 3.671, "2019-09-30": 4.153, "2019-06-30": 3.38, "2019-03-31": "4.80000", "2018-12-31": 3.2, "2018-09-30": 4.515, "2018-06-30": 0.65, "2018-03-31": "-10.53900", "2017-12-31": 1.913, "2017-09-30": 3.808, "2017-06-30": 0.501, "2017-03-31": "-8.53500", "2016-12-31": -1.023, "2016-09-30": -4.969, "2016-06-30": -7.498, "2016-03-31": "-6.16100", "2015-12-31": -4.85, "2015-09-30": -0.254, "2015-06-30": 3.534, "2015-03-31": "-0.45400", "2014-12-31": -1.045, "2014-09-30": -3.428, "2014-06-30": -1.407, "2014-03-31": "-0.26900", "2013-12-31": 2.762, "2013-09-30": 0.13, "2013-06-30": -2.68, "2013-03-31": "-10.00300", "2012-12-31": -7.911, "2012-09-30": 6.177, "2012-06-30": -4.937, "2012-03-31": "1.62400", "2011-12-31": -6.902, "2011-09-30": -5.587, "2011-06-30": 10.883, "2011-03-31": "-2.75000", "2010-12-31": -1.081, "2010-09-30": -8.727, "2010-06-30": -1.848, "2010-03-31": "0.75300", "2009-12-31": 4.67, "2009-09-30": 0.683, "2009-06-30": -4.814, "2009-03-31": "2.59500", "2008-12-31": 2.334, "2008-09-30": -5.422, "2008-06-30": -0.283, "2008-03-31": "1.87700", "2007-12-31": 13.584, "2007-09-30": -16.684, "2007-06-30": -2.798, "2007-03-31": "42.71600", "2006-12-31": -50.968, "2006-09-30": -1.929, "2006-06-30": -2.907, "2006-03-31": "-1.53400", "2005-12-31": -0.065, "2005-09-30": -3.519, "2005-06-30": -0.075, "2005-03-31": "-1.37100"}, "Investing Activities - Other": {"2020-09-30": -12.387, "2020-06-30": 15.466, "2020-03-31": "", "2019-12-31": 1.37, "2019-09-30": -12.355, "2019-06-30": -5.018, "2019-03-31": "-3.42000", "2018-12-31": -27.836, "2018-09-30": -5.339, "2018-06-30": -4.015, "2018-03-31": "18.80100", "2017-12-31": -20.727, "2017-09-30": -0.059, "2017-06-30": 0.118, "2017-03-31": "3.75000", "2016-12-31": 0, "2016-09-30": 0, "2016-06-30": 0, "2016-03-31": "", "2015-12-31": 0, "2015-09-30": 0, "2015-06-30": 0, "2015-03-31": "", "2014-12-31": 0, "2014-09-30": 0, "2014-06-30": 0, "2014-03-31": "", "2013-12-31": 0, "2013-09-30": 0, "2013-06-30": 0, "2013-03-31": "", "2012-12-31": 0, "2012-09-30": 0, "2012-06-30": 0, "2012-03-31": "", "2011-12-31": 0, "2011-09-30": 0, "2011-06-30": 0, "2011-03-31": "", "2010-12-31": 0, "2010-09-30": 0, "2010-06-30": 0, "2010-03-31": "", "2009-12-31": 0, "2009-09-30": 0, "2009-06-30": 0, "2009-03-31": "", "2008-12-31": 0, "2008-09-30": 0, "2008-06-30": 0, "2008-03-31": "", "2007-12-31": 0, "2007-09-30": 0, "2007-06-30": 0, "2007-03-31": "", "2006-12-31": 0, "2006-09-30": 0, "2006-06-30": 0, "2006-03-31": "", "2005-12-31": 0, "2005-09-30": 0, "2005-06-30": 0, "2005-03-31": ""}, "Cash Flow From Investing Activities": {"2020-09-30": -3.441, "2020-06-30": -1.439, "2020-03-31": "-20.22000", "2019-12-31": 156.977, "2019-09-30": -26.888, "2019-06-30": -18.943, "2019-03-31": "-8.69100", "2018-12-31": -94.989, "2018-09-30": -8.806, "2018-06-30": -16.798, "2018-03-31": "-22.17600", "2017-12-31": -189.136, "2017-09-30": -247.656, "2017-06-30": -12.361, "2017-03-31": "-127.46000", "2016-12-31": -49.308, "2016-09-30": -543.364, "2016-06-30": -152.401, "2016-03-31": "-76.14400", "2015-12-31": -24.614, "2015-09-30": -244.332, "2015-06-30": -535.488, "2015-03-31": "-43.56600", "2014-12-31": -141.024, "2014-09-30": -217.654, "2014-06-30": -70.712, "2014-03-31": "-74.21400", "2013-12-31": -44.708, "2013-09-30": -79.81, "2013-06-30": -123.337, "2013-03-31": "-15.63500", "2012-12-31": -251.103, "2012-09-30": -134.442, "2012-06-30": -45.612, "2012-03-31": "-29.39100", "2011-12-31": -84.569, "2011-09-30": -79.185, "2011-06-30": 6.264, "2011-03-31": "-33.08300", "2010-12-31": -277.6, "2010-09-30": -17.162, "2010-06-30": -23.356, "2010-03-31": "-43.49400", "2009-12-31": -47.366, "2009-09-30": -43.268, "2009-06-30": -59.108, "2009-03-31": "-13.39200", "2008-12-31": -35.764, "2008-09-30": -198.887, "2008-06-30": -44.657, "2008-03-31": "56.41000", "2007-12-31": -7.066, "2007-09-30": -107.647, "2007-06-30": -5.368, "2007-03-31": "29.28900", "2006-12-31": -64.529, "2006-09-30": -18.404, "2006-06-30": -6.655, "2006-03-31": "-66.36000", "2005-12-31": -8.595, "2005-09-30": -24.799, "2005-06-30": -31.636, "2005-03-31": "-39.82200"}, "Net Long-Term Debt": {"2020-09-30": -0.247, "2020-06-30": -0.183, "2020-03-31": "-0.00300", "2019-12-31": -0.234, "2019-09-30": 0.098, "2019-06-30": -0.056, "2019-03-31": "499.95800", "2018-12-31": 499.657, "2018-09-30": -0.373, "2018-06-30": -0.315, "2018-03-31": "-0.30800", "2017-12-31": -0.037, "2017-09-30": -0.624, "2017-06-30": -0.421, "2017-03-31": "-0.57700", "2016-12-31": -0.529, "2016-09-30": -0.674, "2016-06-30": -0.391, "2016-03-31": "-0.53600", "2015-12-31": 748.892, "2015-09-30": -0.608, "2015-06-30": -0.296, "2015-03-31": "-0.15900", "2014-12-31": -0.075, "2014-09-30": -0.042, "2014-06-30": -0.017, "2014-03-31": "-0.02500", "2013-12-31": -0.023, "2013-09-30": -0.023, "2013-06-30": -0.023, "2013-03-31": "-0.03000", "2012-12-31": -0.015, "2012-09-30": -0.035, "2012-06-30": -0.043, "2012-03-31": "-0.04300", "2011-12-31": -0.05, "2011-09-30": -0.059, "2011-06-30": -0.259, "2011-03-31": "-0.09500", "2010-12-31": -0.061, "2010-09-30": -0.053, "2010-06-30": -0.081, "2010-03-31": "-0.06700", "2009-12-31": -0.071, "2009-09-30": -0.07, "2009-06-30": -0.09, "2009-03-31": "-0.08500", "2008-12-31": -0.095, "2008-09-30": -0.064, "2008-06-30": -0.052, "2008-03-31": "-0.31000", "2007-12-31": -0.08, "2007-09-30": -0.047, "2007-06-30": -0.048, "2007-03-31": "-0.28500", "2006-12-31": -0.082, "2006-09-30": -0.427, "2006-06-30": -0.074, "2006-03-31": "-0.32500", "2005-12-31": -0.074, "2005-09-30": -0.427, "2005-06-30": -0.07, "2005-03-31": "-0.06500"}, "Net Current Debt": {"2020-09-30": 0.51, "2020-06-30": -369.01, "2020-03-31": "368.50000", "2019-12-31": -209.8, "2019-09-30": -132.506, "2019-06-30": -49.694, "2019-03-31": "-347.50000", "2018-12-31": -524.5, "2018-09-30": 114.5, "2018-06-30": -74.5, "2018-03-31": "113.50000", "2017-12-31": 26.5, "2017-09-30": 53.5, "2017-06-30": -129.5, "2017-03-31": "196.50000", "2016-12-31": 1427, "2016-09-30": 348.5, "2016-06-30": -3.5, "2016-03-31": "168.00000", "2015-12-31": 1331.5, "2015-09-30": 67.227, "2015-06-30": 394.773, "2015-03-31": "328.00000", "2014-12-31": 280.5, "2014-09-30": 109, "2014-06-30": -69.5, "2014-03-31": "221.00000", "2013-12-31": -96.5, "2013-09-30": -30.3, "2013-06-30": -30.2, "2013-03-31": "40.00000", "2012-12-31": 93.603, "2012-09-30": 48, "2012-06-30": -83.5, "2012-03-31": "54.50000", "2011-12-31": -22.97, "2011-09-30": -16, "2011-06-30": -110.5, "2011-03-31": "30.00000", "2010-12-31": 146.5, "2010-09-30": -58, "2010-06-30": -71, "2010-03-31": "79.00000", "2009-12-31": -35.5, "2009-09-30": -66.5, "2009-06-30": -29, "2009-03-31": "41.50000", "2008-12-31": -31.721, "2008-09-30": 111.958, "2008-06-30": 57.5, "2008-03-31": "", "2007-12-31": 0, "2007-09-30": 0, "2007-06-30": 0, "2007-03-31": "", "2006-12-31": 0, "2006-09-30": 0, "2006-06-30": -41, "2006-03-31": "41.00000", "2005-12-31": 0, "2005-09-30": -45.2, "2005-06-30": -36.972, "2005-03-31": "28.00000"}, "Debt Issuance/Retirement Net - Total": {"2020-09-30": 0.263, "2020-06-30": -369.193, "2020-03-31": "368.49700", "2019-12-31": -210.034, "2019-09-30": -132.408, "2019-06-30": -49.75, "2019-03-31": "152.45800", "2018-12-31": -24.843, "2018-09-30": 114.127, "2018-06-30": -74.815, "2018-03-31": "113.19200", "2017-12-31": 26.463, "2017-09-30": 52.876, "2017-06-30": -129.921, "2017-03-31": "195.92300", "2016-12-31": 1426.471, "2016-09-30": 347.826, "2016-06-30": -3.891, "2016-03-31": "167.46400", "2015-12-31": 2080.392, "2015-09-30": 66.619, "2015-06-30": 394.477, "2015-03-31": "327.84100", "2014-12-31": 280.425, "2014-09-30": 108.958, "2014-06-30": -69.517, "2014-03-31": "220.97500", "2013-12-31": -96.523, "2013-09-30": -30.323, "2013-06-30": -30.223, "2013-03-31": "39.97000", "2012-12-31": 93.588, "2012-09-30": 47.965, "2012-06-30": -83.543, "2012-03-31": "54.45700", "2011-12-31": -23.02, "2011-09-30": -16.059, "2011-06-30": -110.759, "2011-03-31": "29.90500", "2010-12-31": 146.439, "2010-09-30": -58.053, "2010-06-30": -71.081, "2010-03-31": "78.93300", "2009-12-31": -35.571, "2009-09-30": -66.57, "2009-06-30": -29.09, "2009-03-31": "41.41500", "2008-12-31": -31.816, "2008-09-30": 111.894, "2008-06-30": 57.448, "2008-03-31": "-0.31000", "2007-12-31": -0.08, "2007-09-30": -0.047, "2007-06-30": -0.048, "2007-03-31": "-0.28500", "2006-12-31": -0.082, "2006-09-30": -0.427, "2006-06-30": -41.074, "2006-03-31": "40.67500", "2005-12-31": -0.074, "2005-09-30": -45.627, "2005-06-30": -37.042, "2005-03-31": "27.93500"}, "Net Common Equity Issued/Repurchased": {"2020-09-30": -4.131, "2020-06-30": 2.043, "2020-03-31": "-0.71000", "2019-12-31": 1.746, "2019-09-30": 2.19, "2019-06-30": -61.852, "2019-03-31": "-76.10600", "2018-12-31": 3.005, "2018-09-30": -246.136, "2018-06-30": -46.502, "2018-03-31": "3.73100", "2017-12-31": 4.592, "2017-09-30": 4.694, "2017-06-30": 4.835, "2017-03-31": "-61.03700", "2016-12-31": 6.423, "2016-09-30": 4.144, "2016-06-30": 3.876, "2016-03-31": "-54.24900", "2015-12-31": 3.406, "2015-09-30": 4.316, "2015-06-30": 6.36, "2015-03-31": "-229.00500", "2014-12-31": -341.934, "2014-09-30": 4.689, "2014-06-30": 1.283, "2014-03-31": "-109.59100", "2013-12-31": 13.34, "2013-09-30": -46.681, "2013-06-30": 4.982, "2013-03-31": "5.19300", "2012-12-31": 9.983, "2012-09-30": 5.024, "2012-06-30": 4.541, "2012-03-31": "9.26200", "2011-12-31": 3.054, "2011-09-30": 5.207, "2011-06-30": 16.966, "2011-03-31": "6.13500", "2010-12-31": 12.961, "2010-09-30": 1.56, "2010-06-30": 4.818, "2010-03-31": "3.19300", "2009-12-31": 10.76, "2009-09-30": 3.966, "2009-06-30": 2.291, "2009-03-31": "0.94200", "2008-12-31": 1.417, "2008-09-30": 1.68, "2008-06-30": -96.994, "2008-03-31": "-94.41800", "2007-12-31": -30.126, "2007-09-30": -47.736, "2007-06-30": 2.053, "2007-03-31": "3.19700", "2006-12-31": 2.777, "2006-09-30": 1.582, "2006-06-30": 3.205, "2006-03-31": "22.35600", "2005-12-31": -32.742, "2005-09-30": 8.874, "2005-06-30": 16.819, "2005-03-31": "8.47200"}, "Net Total Equity Issued/Repurchased": {"2020-09-30": -4.131, "2020-06-30": 2.043, "2020-03-31": "-0.71000", "2019-12-31": 1.746, "2019-09-30": 2.19, "2019-06-30": -61.852, "2019-03-31": "-76.10600", "2018-12-31": 3.005, "2018-09-30": -246.136, "2018-06-30": -46.502, "2018-03-31": "3.73100", "2017-12-31": 4.592, "2017-09-30": 4.694, "2017-06-30": 4.835, "2017-03-31": "-61.03700", "2016-12-31": 6.423, "2016-09-30": 4.144, "2016-06-30": 3.876, "2016-03-31": "-54.24900", "2015-12-31": 3.406, "2015-09-30": 4.316, "2015-06-30": 6.36, "2015-03-31": "-229.00500", "2014-12-31": -341.934, "2014-09-30": 4.689, "2014-06-30": 1.283, "2014-03-31": "-109.59100", "2013-12-31": 13.34, "2013-09-30": -46.681, "2013-06-30": 4.982, "2013-03-31": "5.19300", "2012-12-31": 9.983, "2012-09-30": 5.024, "2012-06-30": 4.541, "2012-03-31": "9.26200", "2011-12-31": 3.054, "2011-09-30": 5.207, "2011-06-30": 16.966, "2011-03-31": "6.13500", "2010-12-31": 12.961, "2010-09-30": 1.56, "2010-06-30": 4.818, "2010-03-31": "3.19300", "2009-12-31": 10.76, "2009-09-30": 3.966, "2009-06-30": 2.291, "2009-03-31": "0.94200", "2008-12-31": 1.417, "2008-09-30": 1.68, "2008-06-30": -96.994, "2008-03-31": "-94.41800", "2007-12-31": -30.126, "2007-09-30": -47.736, "2007-06-30": 2.053, "2007-03-31": "3.19700", "2006-12-31": 2.777, "2006-09-30": 1.582, "2006-06-30": 3.205, "2006-03-31": "22.35600", "2005-12-31": -32.742, "2005-09-30": 8.874, "2005-06-30": 16.819, "2005-03-31": "8.47200"}, "Total Common And Preferred Stock Dividends Paid": {"2020-09-30": 0, "2020-06-30": 0, "2020-03-31": "", "2019-12-31": 0, "2019-09-30": 0, "2019-06-30": 0, "2019-03-31": "", "2018-12-31": 0, "2018-09-30": 0, "2018-06-30": 0, "2018-03-31": "", "2017-12-31": 0, "2017-09-30": 0, "2017-06-30": 0, "2017-03-31": "", "2016-12-31": 0, "2016-09-30": 0, "2016-06-30": 0, "2016-03-31": "", "2015-12-31": 0, "2015-09-30": 0, "2015-06-30": 0, "2015-03-31": "", "2014-12-31": 0, "2014-09-30": 0, "2014-06-30": 0, "2014-03-31": "", "2013-12-31": 0, "2013-09-30": 0, "2013-06-30": 0, "2013-03-31": "", "2012-12-31": 0, "2012-09-30": 0, "2012-06-30": 0, "2012-03-31": "", "2011-12-31": 0, "2011-09-30": 0, "2011-06-30": 0, "2011-03-31": "", "2010-12-31": 0, "2010-09-30": 0, "2010-06-30": 0, "2010-03-31": "", "2009-12-31": 0, "2009-09-30": 0, "2009-06-30": 0, "2009-03-31": "", "2008-12-31": 0, "2008-09-30": 0, "2008-06-30": 0, "2008-03-31": "", "2007-12-31": 0, "2007-09-30": 0, "2007-06-30": 0, "2007-03-31": "", "2006-12-31": 0, "2006-09-30": 0, "2006-06-30": 0, "2006-03-31": "", "2005-12-31": 0, "2005-09-30": 0, "2005-06-30": 0, "2005-03-31": ""}, "Financial Activities - Other": {"2020-09-30": -0.265, "2020-06-30": 0.5, "2020-03-31": "-1.74800", "2019-12-31": -1.211, "2019-09-30": -12.932, "2019-06-30": 4.517, "2019-03-31": "-9.68800", "2018-12-31": -8.484, "2018-09-30": -3.506, "2018-06-30": -0.006, "2018-03-31": "-0.37400", "2017-12-31": -5.757, "2017-09-30": -1.864, "2017-06-30": -1.545, "2017-03-31": "0.47800", "2016-12-31": -1511.641, "2016-09-30": -3.819, "2016-06-30": -0.926, "2016-03-31": "-0.11300", "2015-12-31": -2172.663, "2015-09-30": -3.126, "2015-06-30": 3.621, "2015-03-31": "0.70500", "2014-12-31": -0.168, "2014-09-30": -1.297, "2014-06-30": 2.641, "2014-03-31": "1.29000", "2013-12-31": 3.537, "2013-09-30": 1.976, "2013-06-30": 0.668, "2013-03-31": "2.03300", "2012-12-31": -2.483, "2012-09-30": 0.729, "2012-06-30": -2.777, "2012-03-31": "1.58000", "2011-12-31": -2.366, "2011-09-30": 1.743, "2011-06-30": 1.141, "2011-03-31": "0.30200", "2010-12-31": -2.015, "2010-09-30": 3.509, "2010-06-30": 0.128, "2010-03-31": "0.41000", "2009-12-31": 4.897, "2009-09-30": 1.406, "2009-06-30": -0.586, "2009-03-31": "0.05700", "2008-12-31": 0.095, "2008-09-30": 0.085, "2008-06-30": 1.653, "2008-03-31": "2.29800", "2007-12-31": 0.248, "2007-09-30": 6.505, "2007-06-30": 1.275, "2007-03-31": "0.61200", "2006-12-31": 0.001, "2006-09-30": 0.505, "2006-06-30": 1.077, "2006-03-31": "6.48400", "2005-12-31": 0, "2005-09-30": 0, "2005-06-30": 0.172, "2005-03-31": "-0.17200"}, "Cash Flow From Financial Activities": {"2020-09-30": -4.133, "2020-06-30": -366.65, "2020-03-31": "366.03900", "2019-12-31": -209.499, "2019-09-30": -143.15, "2019-06-30": -107.085, "2019-03-31": "66.66400", "2018-12-31": -30.322, "2018-09-30": -135.515, "2018-06-30": -121.323, "2018-03-31": "116.54900", "2017-12-31": 25.298, "2017-09-30": 55.706, "2017-06-30": -126.631, "2017-03-31": "135.36400", "2016-12-31": -78.747, "2016-09-30": 348.151, "2016-06-30": -0.941, "2016-03-31": "113.10200", "2015-12-31": -88.865, "2015-09-30": 67.809, "2015-06-30": 404.458, "2015-03-31": "99.54100", "2014-12-31": -61.677, "2014-09-30": 112.35, "2014-06-30": -65.593, "2014-03-31": "112.67400", "2013-12-31": -79.646, "2013-09-30": -75.028, "2013-06-30": -24.573, "2013-03-31": "47.19600", "2012-12-31": 101.088, "2012-09-30": 53.718, "2012-06-30": -81.779, "2012-03-31": "65.29900", "2011-12-31": -22.332, "2011-09-30": -9.109, "2011-06-30": -92.652, "2011-03-31": "36.34200", "2010-12-31": 157.385, "2010-09-30": -52.984, "2010-06-30": -66.135, "2010-03-31": "82.53600", "2009-12-31": -19.914, "2009-09-30": -61.198, "2009-06-30": -27.385, "2009-03-31": "42.41400", "2008-12-31": -30.304, "2008-09-30": 113.659, "2008-06-30": -37.893, "2008-03-31": "-92.43000", "2007-12-31": -29.958, "2007-09-30": -41.278, "2007-06-30": 3.28, "2007-03-31": "3.52400", "2006-12-31": 2.696, "2006-09-30": 1.66, "2006-06-30": -36.792, "2006-03-31": "69.51500", "2005-12-31": -32.816, "2005-09-30": -36.753, "2005-06-30": -20.051, "2005-03-31": "36.23500"}, "Net Cash Flow": {"2020-09-30": 162.361, "2020-06-30": -175.107, "2020-03-31": "199.38800", "2019-12-31": 71.701, "2019-09-30": -10.839, "2019-06-30": 5.429, "2019-03-31": "-10.26900", "2018-12-31": 3.428, "2018-09-30": -3.767, "2018-06-30": -15.109, "2018-03-31": "-19.26100", "2017-12-31": 17.954, "2017-09-30": 7.98, "2017-06-30": -1.416, "2017-03-31": "-13.85900", "2016-12-31": 2.893, "2016-09-30": 0.913, "2016-06-30": -3.599, "2016-03-31": "3.91900", "2015-12-31": -9.343, "2015-09-30": -4.407, "2015-06-30": 15.103, "2015-03-31": "2.29100", "2014-12-31": -23.894, "2014-09-30": 54.109, "2014-06-30": -2.062, "2014-03-31": "-11.36200", "2013-12-31": 14.895, "2013-09-30": 3.079, "2013-06-30": -21.262, "2013-03-31": "13.14500", "2012-12-31": -44.844, "2012-09-30": 53.978, "2012-06-30": -10.242, "2012-03-31": "3.79200", "2011-12-31": -17.153, "2011-09-30": 11.785, "2011-06-30": 8.915, "2011-03-31": "-11.20200", "2010-12-31": -35.136, "2010-09-30": 35.246, "2010-06-30": 2.202, "2010-03-31": "-2.56400", "2009-12-31": 5.638, "2009-09-30": 2.265, "2009-06-30": -2.743, "2009-03-31": "6.99700", "2008-12-31": 2.21, "2008-09-30": -2.097, "2008-06-30": -25.255, "2008-03-31": "-63.35500", "2007-12-31": 52.336, "2007-09-30": -86.099, "2007-06-30": 64.974, "2007-03-31": "2.03700", "2006-12-31": 7.097, "2006-09-30": 33.653, "2006-06-30": 24.338, "2006-03-31": "-6.68500", "2005-12-31": 6.414, "2005-09-30": -0.836, "2005-06-30": 1.534, "2005-03-31": "-2.93100"}, "Stock-Based Compensation": {"2020-09-30": 22.301, "2020-06-30": 5.784, "2020-03-31": "8.03500", "2019-12-31": 7.839, "2019-09-30": 6.659, "2019-06-30": 9.864, "2019-03-31": "10.98900", "2018-12-31": 9.156, "2018-09-30": 8.742, "2018-06-30": 10.326, "2018-03-31": "9.68600", "2017-12-31": 6.245, "2017-09-30": 7.752, "2017-06-30": 7.245, "2017-03-31": "7.53600", "2016-12-31": 8.111, "2016-09-30": 8.649, "2016-06-30": 8.327, "2016-03-31": "8.91300", "2015-12-31": 8.169, "2015-09-30": 8.196, "2015-06-30": 7.928, "2015-03-31": "7.83600", "2014-12-31": 7.805, "2014-09-30": 8.065, "2014-06-30": 7.778, "2014-03-31": "8.07100", "2013-12-31": 8.099, "2013-09-30": 8.097, "2013-06-30": 7.808, "2013-03-31": "7.28400", "2012-12-31": 7.996, "2012-09-30": 7.352, "2012-06-30": 6.053, "2012-03-31": "7.03600", "2011-12-31": 7.055, "2011-09-30": 6.832, "2011-06-30": 6.693, "2011-03-31": "6.51200", "2010-12-31": 6.594, "2010-09-30": 6.665, "2010-06-30": 6.315, "2010-03-31": "6.11900", "2009-12-31": 6.434, "2009-09-30": 6.472, "2009-06-30": 5.731, "2009-03-31": "5.68300", "2008-12-31": 5.514, "2008-09-30": 5.373, "2008-06-30": 4.942, "2008-03-31": "4.94700", "2007-12-31": 5.278, "2007-09-30": 4.361, "2007-06-30": 3.846, "2007-03-31": "4.47600", "2006-12-31": 4.817, "2006-09-30": 5.101, "2006-06-30": 4.931, "2006-03-31": "5.25700", "2005-12-31": 5.831, "2005-09-30": 5.104, "2005-06-30": 0.924, "2005-03-31": ""}, "Common Stock Dividends Paid": {"2020-09-30": 0, "2020-06-30": 0, "2020-03-31": "", "2019-12-31": 0, "2019-09-30": 0, "2019-06-30": 0, "2019-03-31": "", "2018-12-31": 0, "2018-09-30": 0, "2018-06-30": 0, "2018-03-31": "", "2017-12-31": 0, "2017-09-30": 0, "2017-06-30": 0, "2017-03-31": "", "2016-12-31": 0, "2016-09-30": 0, "2016-06-30": 0, "2016-03-31": "", "2015-12-31": 0, "2015-09-30": 0, "2015-06-30": 0, "2015-03-31": "", "2014-12-31": 0, "2014-09-30": 0, "2014-06-30": 0, "2014-03-31": "", "2013-12-31": 0, "2013-09-30": 0, "2013-06-30": 0, "2013-03-31": "", "2012-12-31": 0, "2012-09-30": 0, "2012-06-30": 0, "2012-03-31": "", "2011-12-31": 0, "2011-09-30": 0, "2011-06-30": 0, "2011-03-31": "", "2010-12-31": 0, "2010-09-30": 0, "2010-06-30": 0, "2010-03-31": "", "2009-12-31": 0, "2009-09-30": 0, "2009-06-30": 0, "2009-03-31": "", "2008-12-31": 0, "2008-09-30": 0, "2008-06-30": 0, "2008-03-31": "", "2007-12-31": 0, "2007-09-30": 0, "2007-06-30": 0, "2007-03-31": "", "2006-12-31": 0, "2006-09-30": 0, "2006-06-30": 0, "2006-03-31": "", "2005-12-31": 0, "2005-09-30": 0, "2005-06-30": 0, "2005-03-31": ""}}, "financial ratios": {"Current Ratio": {"2019-12-31": "1.35010", "2018-12-31": "1.31270", "2017-12-31": "1.18030", "2016-12-31": "1.30780", "2015-12-31": "1.23090", "2014-12-31": "1.12200", "2013-12-31": "1.12650", "2012-12-31": "1.33800", "2011-12-31": "1.32630", "2010-12-31": "1.33900", "2009-12-31": "0.84410", "2008-12-31": "0.89840", "2007-12-31": "1.37460", "2006-12-31": "1.36280", "2005-12-31": "0.92660"}, "Long-term Debt / Capital": {"2019-12-31": "0.53580", "2018-12-31": "0.39000", "2017-12-31": "0.37650", "2016-12-31": "0.37880", "2015-12-31": "0.34120", "2014-12-31": "0.19770", "2013-12-31": "0.01150", "2012-12-31": "0.11470", "2011-12-31": "0.01670", "2010-12-31": "0.14540", "2009-12-31": "0.04050", "2008-12-31": "0.12660", "2007-12-31": "0.00050", "2006-12-31": "0.00040", "2005-12-31": "0.00090"}, "Debt/Equity Ratio": {"2019-12-31": "1.15440", "2018-12-31": "0.63940", "2017-12-31": "0.60420", "2016-12-31": "0.61780", "2015-12-31": "0.52290", "2014-12-31": "0.25110", "2013-12-31": "0.01160", "2012-12-31": "0.12970", "2011-12-31": "0.01700", "2010-12-31": "0.17030", "2009-12-31": "0.04240", "2008-12-31": "0.14520", "2007-12-31": "0.00100", "2006-12-31": "0.00100", "2005-12-31": "0.00220"}, "Gross Margin": {"2019-12-31": "25.38740", "2018-12-31": "26.61750", "2017-12-31": "28.26630", "2016-12-31": "32.46850", "2015-12-31": "33.38170", "2014-12-31": "33.06870", "2013-12-31": "32.97600", "2012-12-31": "33.79240", "2011-12-31": "34.69470", "2010-12-31": "34.89890", "2009-12-31": "35.12780", "2008-12-31": "35.57740", "2007-12-31": "38.16950", "2006-12-31": "38.43450", "2005-12-31": "38.95670"}, "Operating Margin": {"2019-12-31": "-32.33350", "2018-12-31": "12.49900", "2017-12-31": "13.98210", "2016-12-31": "17.95970", "2015-12-31": "20.06720", "2014-12-31": "21.03390", "2013-12-31": "20.99020", "2012-12-31": "21.44210", "2011-12-31": "22.37620", "2010-12-31": "22.32590", "2009-12-31": "22.42780", "2008-12-31": "22.65600", "2007-12-31": "24.07250", "2006-12-31": "24.15960", "2005-12-31": "20.98810"}, "EBIT Margin": {"2019-12-31": "-32.33350", "2018-12-31": "12.49900", "2017-12-31": "13.98210", "2016-12-31": "17.95970", "2015-12-31": "20.06720", "2014-12-31": "21.03390", "2013-12-31": "20.99020", "2012-12-31": "21.44210", "2011-12-31": "22.37620", "2010-12-31": "22.32590", "2009-12-31": "22.42780", "2008-12-31": "22.65600", "2007-12-31": "24.07250", "2006-12-31": "24.15960", "2005-12-31": "20.98810"}, "EBITDA Margin": {"2019-12-31": "11.31900", "2018-12-31": "15.05790", "2017-12-31": "16.57540", "2016-12-31": "20.91530", "2015-12-31": "22.43300", "2014-12-31": "22.97000", "2013-12-31": "22.84560", "2012-12-31": "23.13850", "2011-12-31": "23.96860", "2010-12-31": "23.89200", "2009-12-31": "23.70450", "2008-12-31": "23.89260", "2007-12-31": "25.22360", "2006-12-31": "25.33640", "2005-12-31": "22.44450"}, "Pre-Tax Profit Margin": {"2019-12-31": "-35.34840", "2018-12-31": "10.27740", "2017-12-31": "11.85450", "2016-12-31": "16.14120", "2015-12-31": "19.41470", "2014-12-31": "20.85420", "2013-12-31": "20.81750", "2012-12-31": "21.36790", "2011-12-31": "22.24120", "2010-12-31": "22.20040", "2009-12-31": "22.33240", "2008-12-31": "22.59880", "2007-12-31": "24.73790", "2006-12-31": "24.50800", "2005-12-31": "20.83160"}, "Net Profit Margin": {"2019-12-31": "-42.62660", "2018-12-31": "7.77550", "2017-12-31": "9.84730", "2016-12-31": "10.20730", "2015-12-31": "12.09790", "2014-12-31": "13.00910", "2013-12-31": "13.02300", "2012-12-31": "13.26130", "2011-12-31": "13.72560", "2010-12-31": "14.46180", "2009-12-31": "13.64660", "2008-12-31": "15.83870", "2007-12-31": "15.55310", "2006-12-31": "15.46730", "2005-12-31": "12.85460"}, "Asset Turnover": {"2019-12-31": "0.84750", "2018-12-31": "0.58190", "2017-12-31": "0.55450", "2016-12-31": "0.59620", "2015-12-31": "0.61140", "2014-12-31": "0.67590", "2013-12-31": "0.71590", "2012-12-31": "0.66050", "2011-12-31": "0.69890", "2010-12-31": "0.68780", "2009-12-31": "0.76260", "2008-12-31": "0.71370", "2007-12-31": "0.70440", "2006-12-31": "0.70890", "2005-12-31": "0.75610"}, "Inventory Turnover Ratio": {"2019-12-31": "", "2018-12-31": "", "2017-12-31": "", "2016-12-31": "", "2015-12-31": "", "2014-12-31": "", "2013-12-31": "", "2012-12-31": "", "2011-12-31": "", "2010-12-31": "", "2009-12-31": "", "2008-12-31": "", "2007-12-31": "", "2006-12-31": "", "2005-12-31": ""}, "Receiveable Turnover": {"2019-12-31": "7.04300", "2018-12-31": "6.81790", "2017-12-31": "6.45520", "2016-12-31": "6.42700", "2015-12-31": "6.25090", "2014-12-31": "6.92500", "2013-12-31": "7.54740", "2012-12-31": "7.32310", "2011-12-31": "6.89380", "2010-12-31": "7.72660", "2009-12-31": "7.57140", "2008-12-31": "6.57830", "2007-12-31": "6.30670", "2006-12-31": "6.40820", "2005-12-31": "6.09320"}, "Days Sales In Receivables": {"2019-12-31": "51.82440", "2018-12-31": "53.53520", "2017-12-31": "56.54400", "2016-12-31": "56.79130", "2015-12-31": "58.39180", "2014-12-31": "52.70780", "2013-12-31": "48.36090", "2012-12-31": "49.84230", "2011-12-31": "52.94620", "2010-12-31": "47.23970", "2009-12-31": "48.20750", "2008-12-31": "55.48580", "2007-12-31": "57.87530", "2006-12-31": "56.95830", "2005-12-31": "59.90280"}, "ROE - Return On Equity": {"2019-12-31": "-76.72430", "2018-12-31": "8.37500", "2017-12-31": "9.96080", "2016-12-31": "11.75750", "2015-12-31": "13.77000", "2014-12-31": "14.00110", "2013-12-31": "11.97260", "2012-12-31": "11.83600", "2011-12-31": "12.59360", "2010-12-31": "14.00330", "2009-12-31": "14.77220", "2008-12-31": "15.19800", "2007-12-31": "14.59970", "2006-12-31": "14.10350", "2005-12-31": "12.56850"}, "Return On Tangible Equity": {"2019-12-31": "77.41080", "2018-12-31": "-20.09850", "2017-12-31": "-16.44430", "2016-12-31": "-18.51750", "2015-12-31": "-24.81960", "2014-12-31": "-44.75480", "2013-12-31": "-552.81990", "2012-12-31": "-184.88040", "2011-12-31": "-1384.45100", "2010-12-31": "-131.73300", "2009-12-31": "-219.64780", "2008-12-31": "-90.08790", "2007-12-31": "139.83300", "2006-12-31": "127.84570", "2005-12-31": "4208.73600"}, "ROA - Return On Assets": {"2019-12-31": "-27.74050", "2018-12-31": "4.35560", "2017-12-31": "5.20590", "2016-12-31": "6.07930", "2015-12-31": "7.38230", "2014-12-31": "8.79110", "2013-12-31": "9.32350", "2012-12-31": "8.75920", "2011-12-31": "9.59220", "2010-12-31": "9.94730", "2009-12-31": "10.40660", "2008-12-31": "9.79920", "2007-12-31": "10.74750", "2006-12-31": "10.75680", "2005-12-31": "9.52170"}, "ROI - Return On Investment": {"2019-12-31": "-35.61440", "2018-12-31": "5.10870", "2017-12-31": "6.21090", "2016-12-31": "7.30350", "2015-12-31": "9.07110", "2014-12-31": "11.23290", "2013-12-31": "11.83550", "2012-12-31": "10.47800", "2011-12-31": "12.38380", "2010-12-31": "11.96670", "2009-12-31": "14.17420", "2008-12-31": "13.27450", "2007-12-31": "14.59280", "2006-12-31": "14.09730", "2005-12-31": "12.55710"}, "Book Value Per Share": {"2019-12-31": "17.79270", "2018-12-31": "35.16150", "2017-12-31": "32.71900", "2016-12-31": "29.45820", "2015-12-31": "26.00670", "2014-12-31": "23.59230", "2013-12-31": "23.15050", "2012-12-31": "20.34600", "2011-12-31": "17.68760", "2010-12-31": "15.09750", "2009-12-31": "12.67060", "2008-12-31": "10.57290", "2007-12-31": "9.90330", "2006-12-31": "8.85980", "2005-12-31": "7.18670"}, "Operating Cash Flow Per Share": {"2019-12-31": 0.9867, "2018-12-31": -2.3363, "2017-12-31": 0.735, "2016-12-31": 0.8422, "2015-12-31": -0.3072, "2014-12-31": 0.2161, "2013-12-31": 0.7458, "2012-12-31": 0.4958, "2011-12-31": 0.245, "2010-12-31": -0.0685, "2009-12-31": 0.6739, "2008-12-31": 0.0343, "2007-12-31": 0.0941, "2006-12-31": 0.1043, "2005-12-31": 1.6904}, "Free Cash Flow Per Share": {"2019-12-31": 0.9376, "2018-12-31": -2.3877, "2017-12-31": 0.8754, "2016-12-31": 0.7086, "2015-12-31": -0.4145, "2014-12-31": 0.1904, "2013-12-31": 0.7366, "2012-12-31": 0.671, "2011-12-31": 0.0513, "2010-12-31": -0.0351, "2009-12-31": 0.6793, "2008-12-31": -0.0467, "2007-12-31": 0.0774, "2006-12-31": 0.1178, "2005-12-31": 1.6084}}, "financial ratios, quarterly": {"Current Ratio": {"2020-09-30": "3.38100", "2020-06-30": "1.79280", "2020-03-31": "2.71620", "2019-12-31": "1.35010", "2019-09-30": "1.92760", "2019-06-30": "2.23450", "2019-03-31": "2.54690", "2018-12-31": "1.31270", "2018-09-30": "1.43460", "2018-06-30": "1.51970", "2018-03-31": "1.74420", "2017-12-31": "1.18030", "2017-09-30": "1.37250", "2017-06-30": "1.59240", "2017-03-31": "1.71160", "2016-12-31": "1.30780", "2016-09-30": "1.39320", "2016-06-30": "1.65150", "2016-03-31": "1.76320", "2015-12-31": "1.23090", "2015-09-30": "1.41680", "2015-06-30": "1.68530", "2015-03-31": "1.78720", "2014-12-31": "1.12200", "2014-09-30": "1.46090", "2014-06-30": "1.55130", "2014-03-31": "1.78220", "2013-12-31": "1.12650", "2013-09-30": "1.36120", "2013-06-30": "1.72810", "2013-03-31": "2.06730", "2012-12-31": "1.33800", "2012-09-30": "1.64490", "2012-06-30": "1.72520", "2012-03-31": "2.08980", "2011-12-31": "1.32630", "2011-09-30": "1.55300", "2011-06-30": "1.74670", "2011-03-31": "1.95200", "2010-12-31": "1.33900", "2010-09-30": "1.07300", "2010-06-30": "1.04720", "2010-03-31": "1.14690", "2009-12-31": "0.84410", "2009-09-30": "0.82670", "2009-06-30": "1.01290", "2009-03-31": "1.14600", "2008-12-31": "0.89840", "2008-09-30": "0.94560", "2008-06-30": "1.11120", "2008-03-31": "1.25950", "2007-12-31": "1.37460", "2007-09-30": "1.29740", "2007-06-30": "1.90140", "2007-03-31": "1.88060", "2006-12-31": "1.36280", "2006-09-30": "1.28110", "2006-06-30": "1.12500", "2006-03-31": "1.27140", "2005-12-31": "0.92660", "2005-09-30": "1.06170", "2005-06-30": "1.24590", "2005-03-31": "1.42810"}, "Long-term Debt / Capital": {"2020-09-30": "0.68400", "2020-06-30": "0.67760", "2020-03-31": "0.58560", "2019-12-31": "0.53580", "2019-09-30": "0.56730", "2019-06-30": "0.43290", "2019-03-31": "0.43260", "2018-12-31": "0.39000", "2018-09-30": "0.39950", "2018-06-30": "0.37240", "2018-03-31": "0.38470", "2017-12-31": "0.37650", "2017-09-30": "0.38130", "2017-06-30": "0.38090", "2017-03-31": "0.40470", "2016-12-31": "0.37880", "2016-09-30": "0.42220", "2016-06-30": "0.35740", "2016-03-31": "0.36770", "2015-12-31": "0.34120", "2015-09-30": "0.39630", "2015-06-30": "0.39810", "2015-03-31": "0.32980", "2014-12-31": "0.19770", "2014-09-30": "0.14860", "2014-06-30": "0.11820", "2014-03-31": "0.14580", "2013-12-31": "0.01150", "2013-09-30": "0.10450", "2013-06-30": "0.06560", "2013-03-31": "0.12870", "2012-12-31": "0.11470", "2012-09-30": "0.08110", "2012-06-30": "0.05870", "2012-03-31": "0.04450", "2011-12-31": "0.01670", "2011-09-30": "0.08880", "2011-06-30": "0.09810", "2011-03-31": "0.15720", "2010-12-31": "0.14540", "2010-09-30": "0.00010", "2010-06-30": "0.04280", "2010-03-31": "0.09450", "2009-12-31": "0.04050", "2009-09-30": "0.07130", "2009-06-30": "0.12600", "2009-03-31": "0.15280", "2008-12-31": "0.12660", "2008-09-30": "0.15720", "2008-06-30": "0.06210", "2008-03-31": "0.00020", "2007-12-31": "0.00050", "2007-09-30": "0.00050", "2007-06-30": "0.00010", "2007-03-31": "0.00020", "2006-12-31": "0.00040", "2006-09-30": "0.00060", "2006-06-30": "0.00040", "2006-03-31": "0.05220", "2005-12-31": "0.00090", "2005-09-30": "0.00100", "2005-06-30": "0.06570", "2005-03-31": "0.12080"}, "Debt/Equity Ratio": {"2020-09-30": "2.16730", "2020-06-30": "2.10340", "2020-03-31": "1.41370", "2019-12-31": "1.15430", "2019-09-30": "1.31090", "2019-06-30": "0.76330", "2019-03-31": "0.76250", "2018-12-31": "0.63940", "2018-09-30": "0.66540", "2018-06-30": "0.59370", "2018-03-31": "0.62550", "2017-12-31": "0.60420", "2017-09-30": "0.62620", "2017-06-30": "0.62470", "2017-03-31": "0.68860", "2016-12-31": "0.61780", "2016-09-30": "0.73810", "2016-06-30": "0.56270", "2016-03-31": "0.58630", "2015-12-31": "0.52290", "2015-09-30": "0.66150", "2015-06-30": "0.66690", "2015-03-31": "0.49700", "2014-12-31": "0.25110", "2014-09-30": "0.17460", "2014-06-30": "0.13410", "2014-03-31": "0.17080", "2013-12-31": "0.01160", "2013-09-30": "0.11670", "2013-06-30": "0.07030", "2013-03-31": "0.14770", "2012-12-31": "0.12970", "2012-09-30": "0.08830", "2012-06-30": "0.06240", "2012-03-31": "0.04670", "2011-12-31": "0.01700", "2011-09-30": "0.09760", "2011-06-30": "0.10890", "2011-03-31": "0.18680", "2010-12-31": "0.17030", "2010-09-30": "0.00020", "2010-06-30": "0.04480", "2010-03-31": "0.10450", "2009-12-31": "0.04240", "2009-09-30": "0.07700", "2009-06-30": "0.14440", "2009-03-31": "0.18060", "2008-12-31": "0.14520", "2008-09-30": "0.18670", "2008-06-30": "0.06640", "2008-03-31": "0.00070", "2007-12-31": "0.00100", "2007-09-30": "0.00100", "2007-06-30": "0.00060", "2007-03-31": "0.00060", "2006-12-31": "0.00100", "2006-09-30": "0.00110", "2006-06-30": "0.00140", "2006-03-31": "0.05620", "2005-12-31": "0.00220", "2005-09-30": "0.00230", "2005-06-30": "0.07130", "2005-03-31": "0.13850"}, "Gross Margin": {"2020-09-30": "27.85090", "2020-06-30": "27.20170", "2020-03-31": "19.85220", "2019-12-31": "23.19680", "2019-09-30": "28.80240", "2019-06-30": "31.22590", "2019-03-31": "23.94940", "2018-12-31": "26.17160", "2018-09-30": "26.17750", "2018-06-30": "28.16360", "2018-03-31": "25.95150", "2017-12-31": "25.57930", "2017-09-30": "29.11300", "2017-06-30": "29.73560", "2017-03-31": "28.17340", "2016-12-31": "31.90790", "2016-09-30": "33.15590", "2016-06-30": "33.70770", "2016-03-31": "31.06030", "2015-12-31": "34.31150", "2015-09-30": "34.36830", "2015-06-30": "33.83260", "2015-03-31": "30.71170", "2014-12-31": "34.22330", "2014-09-30": "33.54190", "2014-06-30": "33.72750", "2014-03-31": "30.52610", "2013-12-31": "33.49460", "2013-09-30": "33.96360", "2013-06-30": "33.60710", "2013-03-31": "30.63640", "2012-12-31": "34.24020", "2012-09-30": "34.55640", "2012-06-30": "34.61910", "2012-03-31": "31.55820", "2011-12-31": "34.97700", "2011-09-30": "35.38690", "2011-06-30": "36.05900", "2011-03-31": "32.25330", "2010-12-31": "35.61500", "2010-09-30": "35.66190", "2010-06-30": "36.17080", "2010-03-31": "31.96800", "2009-12-31": "36.03340", "2009-09-30": "36.20760", "2009-06-30": "36.03990", "2009-03-31": "31.99760", "2008-12-31": "34.53350", "2008-09-30": "36.02040", "2008-06-30": "37.43790", "2008-03-31": "34.40890", "2007-12-31": "38.07780", "2007-09-30": "40.11720", "2007-06-30": "39.73000", "2007-03-31": "34.47400", "2006-12-31": "37.66020", "2006-09-30": "40.24330", "2006-06-30": "39.63750", "2006-03-31": "35.86340", "2005-12-31": "39.19630", "2005-09-30": "40.36130", "2005-06-30": "39.50600", "2005-03-31": "36.61100"}, "Operating Margin": {"2020-09-30": "4.44150", "2020-06-30": "6.85540", "2020-03-31": "1.55080", "2019-12-31": "-80.33360", "2019-09-30": "10.67630", "2019-06-30": "10.58150", "2019-03-31": "9.21720", "2018-12-31": "11.88070", "2018-09-30": "12.27770", "2018-06-30": "14.14970", "2018-03-31": "11.68890", "2017-12-31": "14.23990", "2017-09-30": "14.55000", "2017-06-30": "14.46170", "2017-03-31": "12.69000", "2016-12-31": "17.18620", "2016-09-30": "18.94810", "2016-06-30": "19.14910", "2016-03-31": "16.50670", "2015-12-31": "20.35220", "2015-09-30": "20.92420", "2015-06-30": "20.83350", "2015-03-31": "17.95780", "2014-12-31": "21.68820", "2014-09-30": "22.04980", "2014-06-30": "21.77370", "2014-03-31": "18.38070", "2013-12-31": "21.84000", "2013-09-30": "22.22540", "2013-06-30": "21.42390", "2013-03-31": "18.21150", "2012-12-31": "21.85780", "2012-09-30": "22.69400", "2012-06-30": "22.18670", "2012-03-31": "18.78490", "2011-12-31": "22.60060", "2011-09-30": "23.31250", "2011-06-30": "23.67120", "2011-03-31": "19.80730", "2010-12-31": "23.30820", "2010-09-30": "23.17970", "2010-06-30": "23.51800", "2010-03-31": "19.08860", "2009-12-31": "23.75840", "2009-09-30": "23.64890", "2009-06-30": "23.38200", "2009-03-31": "18.63300", "2008-12-31": "21.95390", "2008-09-30": "23.27830", "2008-06-30": "24.26190", "2008-03-31": "21.14520", "2007-12-31": "25.71540", "2007-09-30": "26.52570", "2007-06-30": "25.61250", "2007-03-31": "17.78130", "2006-12-31": "23.66870", "2006-09-30": "26.20940", "2006-06-30": "26.27980", "2006-03-31": "20.01720", "2005-12-31": "15.52760", "2005-09-30": "24.95190", "2005-06-30": "25.05580", "2005-03-31": "17.86230"}, "EBIT Margin": {"2020-09-30": "4.44150", "2020-06-30": "6.85540", "2020-03-31": "1.55080", "2019-12-31": "-80.33360", "2019-09-30": "10.67630", "2019-06-30": "10.58150", "2019-03-31": "9.21720", "2018-12-31": "11.88080", "2018-09-30": "12.27770", "2018-06-30": "14.14970", "2018-03-31": "11.68890", "2017-12-31": "14.23990", "2017-09-30": "14.55000", "2017-06-30": "14.46170", "2017-03-31": "12.69000", "2016-12-31": "17.18620", "2016-09-30": "18.94810", "2016-06-30": "19.14910", "2016-03-31": "16.50670", "2015-12-31": "20.35210", "2015-09-30": "20.92420", "2015-06-30": "20.83350", "2015-03-31": "17.95780", "2014-12-31": "21.68820", "2014-09-30": "22.04980", "2014-06-30": "21.77370", "2014-03-31": "18.38070", "2013-12-31": "21.83990", "2013-09-30": "22.22540", "2013-06-30": "21.42390", "2013-03-31": "18.21150", "2012-12-31": "21.85780", "2012-09-30": "22.69400", "2012-06-30": "22.18670", "2012-03-31": "18.78490", "2011-12-31": "22.60060", "2011-09-30": "23.31250", "2011-06-30": "23.67120", "2011-03-31": "19.80730", "2010-12-31": "23.30820", "2010-09-30": "23.17970", "2010-06-30": "23.51800", "2010-03-31": "19.08860", "2009-12-31": "23.75840", "2009-09-30": "23.64890", "2009-06-30": "23.38200", "2009-03-31": "18.63300", "2008-12-31": "21.95390", "2008-09-30": "23.27830", "2008-06-30": "24.26190", "2008-03-31": "21.14520", "2007-12-31": "25.71540", "2007-09-30": "26.52570", "2007-06-30": "25.61250", "2007-03-31": "17.78130", "2006-12-31": "23.66870", "2006-09-30": "26.20940", "2006-06-30": "26.27980", "2006-03-31": "20.01720", "2005-12-31": "15.52760", "2005-09-30": "24.95190", "2005-06-30": "25.05580", "2005-03-31": "17.86230"}, "EBITDA Margin": {"2020-09-30": "", "2020-06-30": "", "2020-03-31": "", "2019-12-31": "", "2019-09-30": "", "2019-06-30": "", "2019-03-31": "", "2018-12-31": "", "2018-09-30": "", "2018-06-30": "", "2018-03-31": "", "2017-12-31": "", "2017-09-30": "", "2017-06-30": "", "2017-03-31": "", "2016-12-31": "", "2016-09-30": "", "2016-06-30": "", "2016-03-31": "", "2015-12-31": "", "2015-09-30": "", "2015-06-30": "", "2015-03-31": "", "2014-12-31": "", "2014-09-30": "", "2014-06-30": "", "2014-03-31": "", "2013-12-31": "", "2013-09-30": "", "2013-06-30": "", "2013-03-31": "", "2012-12-31": "", "2012-09-30": "", "2012-06-30": "", "2012-03-31": "", "2011-12-31": "", "2011-09-30": "", "2011-06-30": "", "2011-03-31": "", "2010-12-31": "", "2010-09-30": "", "2010-06-30": "", "2010-03-31": "", "2009-12-31": "", "2009-09-30": "", "2009-06-30": "", "2009-03-31": "", "2008-12-31": "", "2008-09-30": "", "2008-06-30": "", "2008-03-31": "", "2007-12-31": "", "2007-09-30": "", "2007-06-30": "", "2007-03-31": "", "2006-12-31": "", "2006-09-30": "", "2006-06-30": "", "2006-03-31": "", "2005-12-31": "", "2005-09-30": "", "2005-06-30": "", "2005-03-31": ""}, "Pre-Tax Profit Margin": {"2020-09-30": "0.87380", "2020-06-30": "2.15490", "2020-03-31": "-1.63420", "2019-12-31": "-81.66490", "2019-09-30": "4.45070", "2019-06-30": "5.61850", "2019-03-31": "5.94640", "2018-12-31": "9.38310", "2018-09-30": "10.09910", "2018-06-30": "11.93740", "2018-03-31": "9.70260", "2017-12-31": "11.84210", "2017-09-30": "12.42870", "2017-06-30": "12.38790", "2017-03-31": "10.72980", "2016-12-31": "15.40720", "2016-09-30": "16.99180", "2016-06-30": "17.35340", "2016-03-31": "14.77260", "2015-12-31": "19.41310", "2015-09-30": "20.25270", "2015-06-30": "20.23940", "2015-03-31": "17.59740", "2014-12-31": "21.34800", "2014-09-30": "21.93310", "2014-06-30": "21.48780", "2014-03-31": "18.42730", "2013-12-31": "21.74830", "2013-09-30": "22.02080", "2013-06-30": "21.18260", "2013-03-31": "18.05500", "2012-12-31": "21.74370", "2012-09-30": "22.65130", "2012-06-30": "22.07930", "2012-03-31": "18.75510", "2011-12-31": "22.55610", "2011-09-30": "23.13620", "2011-06-30": "23.50370", "2011-03-31": "19.65400", "2010-12-31": "23.15700", "2010-09-30": "23.16740", "2010-06-30": "23.27370", "2010-03-31": "18.99670", "2009-12-31": "23.72120", "2009-09-30": "23.60660", "2009-06-30": "23.25850", "2009-03-31": "18.44550", "2008-12-31": "21.54760", "2008-09-30": "23.03910", "2008-06-30": "24.38220", "2008-03-31": "21.52310", "2007-12-31": "26.09480", "2007-09-30": "27.37260", "2007-06-30": "26.30180", "2007-03-31": "18.56020", "2006-12-31": "24.50180", "2006-09-30": "26.69650", "2006-06-30": "26.31260", "2006-03-31": "20.03900", "2005-12-31": "15.73700", "2005-09-30": "24.89570", "2005-06-30": "24.68350", "2005-03-31": "17.45840"}, "Net Profit Margin": {"2020-09-30": "-8.91030", "2020-06-30": "-132.05660", "2020-03-31": "-2.21200", "2019-12-31": "0.56680", "2019-09-30": "-276.07830", "2019-06-30": "-1.46910", "2019-03-31": "-28.53350", "2018-12-31": "6.77750", "2018-09-30": "7.72600", "2018-06-30": "9.18070", "2018-03-31": "7.43910", "2017-12-31": "19.28080", "2017-09-30": "7.58160", "2017-06-30": "7.55660", "2017-03-31": "6.54510", "2016-12-31": "9.39840", "2016-09-30": "11.65560", "2016-06-30": "10.68040", "2016-03-31": "9.02160", "2015-12-31": "12.49790", "2015-09-30": "12.56880", "2015-06-30": "12.43450", "2015-03-31": "10.74560", "2014-12-31": "13.58870", "2014-09-30": "13.76000", "2014-06-30": "13.26790", "2014-03-31": "11.24060", "2013-12-31": "13.91890", "2013-09-30": "13.87310", "2013-06-30": "13.08020", "2013-03-31": "11.01360", "2012-12-31": "14.02470", "2012-09-30": "13.93050", "2012-06-30": "13.46830", "2012-03-31": "11.44070", "2011-12-31": "14.41330", "2011-09-30": "14.28650", "2011-06-30": "14.21980", "2011-03-31": "11.89070", "2010-12-31": "14.60050", "2010-09-30": "17.45300", "2010-06-30": "14.13890", "2010-03-31": "11.49290", "2009-12-31": "15.12240", "2009-09-30": "14.52990", "2009-06-30": "13.51310", "2009-03-31": "11.20560", "2008-12-31": "13.09040", "2008-09-30": "13.99630", "2008-06-30": "14.36300", "2008-03-31": "22.72480", "2007-12-31": "16.48330", "2007-09-30": "16.97030", "2007-06-30": "16.26560", "2007-03-31": "12.12850", "2006-12-31": "16.41640", "2006-09-30": "16.29860", "2006-06-30": "16.41650", "2006-03-31": "12.48250", "2005-12-31": "9.13220", "2005-09-30": "15.54920", "2005-06-30": "15.41650", "2005-03-31": "10.95520"}, "Asset Turnover": {"2020-09-30": "0.13450", "2020-06-30": "0.15030", "2020-03-31": "0.19580", "2019-12-31": "0.39710", "2019-09-30": "0.10600", "2019-06-30": "0.09950", "2019-03-31": "0.14920", "2018-12-31": "0.14960", "2018-09-30": "0.14540", "2018-06-30": "0.14760", "2018-03-31": "0.14490", "2017-12-31": "0.12030", "2017-09-30": "0.15300", "2017-06-30": "0.15590", "2017-03-31": "0.15400", "2016-12-31": "0.15560", "2016-09-30": "0.15490", "2016-06-30": "0.16170", "2016-03-31": "0.16230", "2015-12-31": "0.16310", "2015-09-30": "0.15890", "2015-06-30": "0.15830", "2015-03-31": "0.17540", "2014-12-31": "0.18030", "2014-09-30": "0.18010", "2014-06-30": "0.18760", "2014-03-31": "0.18270", "2013-12-31": "0.18860", "2013-09-30": "0.18620", "2013-06-30": "0.18310", "2013-03-31": "0.18000", "2012-12-31": "0.17140", "2012-09-30": "0.18680", "2012-06-30": "0.19150", "2012-03-31": "0.18180", "2011-12-31": "0.17820", "2011-09-30": "0.18700", "2011-06-30": "0.18980", "2011-03-31": "0.18510", "2010-12-31": "0.18080", "2010-09-30": "0.19490", "2010-06-30": "0.19840", "2010-03-31": "0.19130", "2009-12-31": "0.19730", "2009-09-30": "0.20050", "2009-06-30": "0.20200", "2009-03-31": "0.19970", "2008-12-31": "0.19900", "2008-09-30": "0.18620", "2008-06-30": "0.21010", "2008-03-31": "0.20340", "2007-12-31": "0.19220", "2007-09-30": "0.18830", "2007-06-30": "0.18780", "2007-03-31": "0.18860", "2006-12-31": "0.17390", "2006-09-30": "0.20650", "2006-06-30": "0.20560", "2006-03-31": "0.19490", "2005-12-31": "0.18300", "2005-09-30": "0.20140", "2005-06-30": "0.20410", "2005-03-31": "0.20010"}, "Inventory Turnover Ratio": {"2020-09-30": "", "2020-06-30": "", "2020-03-31": "", "2019-12-31": "", "2019-09-30": "", "2019-06-30": "", "2019-03-31": "", "2018-12-31": "", "2018-09-30": "", "2018-06-30": "", "2018-03-31": "", "2017-12-31": "", "2017-09-30": "", "2017-06-30": "", "2017-03-31": "", "2016-12-31": "", "2016-09-30": "", "2016-06-30": "", "2016-03-31": "", "2015-12-31": "", "2015-09-30": "", "2015-06-30": "", "2015-03-31": "", "2014-12-31": "", "2014-09-30": "", "2014-06-30": "", "2014-03-31": "", "2013-12-31": "", "2013-09-30": "", "2013-06-30": "", "2013-03-31": "", "2012-12-31": "", "2012-09-30": "", "2012-06-30": "", "2012-03-31": "", "2011-12-31": "", "2011-09-30": "", "2011-06-30": "", "2011-03-31": "", "2010-12-31": "", "2010-09-30": "", "2010-06-30": "", "2010-03-31": "", "2009-12-31": "", "2009-09-30": "", "2009-06-30": "", "2009-03-31": "", "2008-12-31": "", "2008-09-30": "", "2008-06-30": "", "2008-03-31": "", "2007-12-31": "", "2007-09-30": "", "2007-06-30": "", "2007-03-31": "", "2006-12-31": "", "2006-09-30": "", "2006-06-30": "", "2006-03-31": "", "2005-12-31": "", "2005-09-30": "", "2005-06-30": "", "2005-03-31": ""}, "Receiveable Turnover": {"2020-09-30": "1.58880", "2020-06-30": "1.24160", "2020-03-31": "1.68030", "2019-12-31": "3.79080", "2019-09-30": "0.91960", "2019-06-30": "1.11310", "2019-03-31": "1.62860", "2018-12-31": "1.75330", "2018-09-30": "1.62340", "2018-06-30": "1.63820", "2018-03-31": "1.57130", "2017-12-31": "1.40060", "2017-09-30": "1.67100", "2017-06-30": "1.75470", "2017-03-31": "1.71340", "2016-12-31": "1.67740", "2016-09-30": "1.70040", "2016-06-30": "1.67350", "2016-03-31": "1.61570", "2015-12-31": "1.66780", "2015-09-30": "1.77570", "2015-06-30": "1.77790", "2015-03-31": "1.77180", "2014-12-31": "1.84710", "2014-09-30": "1.81510", "2014-06-30": "1.81900", "2014-03-31": "1.79400", "2013-12-31": "1.98810", "2013-09-30": "2.03340", "2013-06-30": "1.96160", "2013-03-31": "1.90550", "2012-12-31": "1.90000", "2012-09-30": "1.88870", "2012-06-30": "1.86590", "2012-03-31": "1.78530", "2011-12-31": "1.75750", "2011-09-30": "1.96880", "2011-06-30": "2.02750", "2011-03-31": "2.03160", "2010-12-31": "2.03140", "2010-09-30": "2.00920", "2010-06-30": "1.95040", "2010-03-31": "1.91350", "2009-12-31": "1.95880", "2009-09-30": "2.01970", "2009-06-30": "1.95680", "2009-03-31": "1.83920", "2008-12-31": "1.83390", "2008-09-30": "1.76460", "2008-06-30": "1.73420", "2008-03-31": "1.70500", "2007-12-31": "1.72060", "2007-09-30": "1.63220", "2007-06-30": "1.68070", "2007-03-31": "1.65080", "2006-12-31": "1.57240", "2006-09-30": "1.75980", "2006-06-30": "1.79150", "2006-03-31": "1.62130", "2005-12-31": "1.47470", "2005-09-30": "1.62090", "2005-06-30": "1.64150", "2005-03-31": "1.55730"}, "Days Sales In Receivables": {"2020-09-30": "56.64570", "2020-06-30": "72.48560", "2020-03-31": "53.56260", "2019-12-31": "23.74180", "2019-09-30": "97.87130", "2019-06-30": "80.85190", "2019-03-31": "55.26120", "2018-12-31": "51.33190", "2018-09-30": "55.43900", "2018-06-30": "54.93690", "2018-03-31": "57.27560", "2017-12-31": "64.25830", "2017-09-30": "53.85930", "2017-06-30": "51.29190", "2017-03-31": "52.52730", "2016-12-31": "53.65490", "2016-09-30": "52.92970", "2016-06-30": "53.77900", "2016-03-31": "55.70420", "2015-12-31": "53.96270", "2015-09-30": "50.68510", "2015-06-30": "50.62020", "2015-03-31": "50.79590", "2014-12-31": "48.72560", "2014-09-30": "49.58490", "2014-06-30": "49.47900", "2014-03-31": "50.16790", "2013-12-31": "45.27020", "2013-09-30": "44.26160", "2013-06-30": "45.88170", "2013-03-31": "47.23110", "2012-12-31": "47.36780", "2012-09-30": "47.65170", "2012-06-30": "48.23440", "2012-03-31": "50.41110", "2011-12-31": "51.21020", "2011-09-30": "45.71250", "2011-06-30": "44.38940", "2011-03-31": "44.30040", "2010-12-31": "44.30510", "2010-09-30": "44.79310", "2010-06-30": "46.14370", "2010-03-31": "47.03330", "2009-12-31": "45.94620", "2009-09-30": "44.56120", "2009-06-30": "45.99270", "2009-03-31": "48.93470", "2008-12-31": "49.07600", "2008-09-30": "51.00170", "2008-06-30": "51.89850", "2008-03-31": "52.78700", "2007-12-31": "52.30700", "2007-09-30": "55.14050", "2007-06-30": "53.54800", "2007-03-31": "54.52000", "2006-12-31": "57.23620", "2006-09-30": "51.14260", "2006-06-30": "50.23620", "2006-03-31": "55.51130", "2005-12-31": "61.03040", "2005-09-30": "55.52340", "2005-06-30": "54.82690", "2005-03-31": "57.79350"}, "ROE - Return On Equity": {"2020-09-30": "-0.32940", "2020-06-30": "0.91950", "2020-03-31": "-1.08310", "2019-12-31": "-81.70010", "2019-09-30": "0.87110", "2019-06-30": "0.73570", "2019-03-31": "1.49840", "2018-12-31": "1.99690", "2018-09-30": "2.06170", "2018-06-30": "2.34630", "2018-03-31": "1.90890", "2017-12-31": "3.95160", "2017-09-30": "2.25880", "2017-06-30": "2.24430", "2017-03-31": "1.97980", "2016-12-31": "2.82820", "2016-09-30": "3.61490", "2016-06-30": "3.21830", "2016-03-31": "2.75420", "2015-12-31": "3.79080", "2015-09-30": "3.88390", "2015-06-30": "3.78540", "2015-03-31": "3.24440", "2014-12-31": "3.89660", "2014-09-30": "3.44250", "2014-06-30": "3.28620", "2014-03-31": "2.75930", "2013-12-31": "3.37070", "2013-09-30": "3.44470", "2013-06-30": "3.15610", "2013-03-31": "2.62930", "2012-12-31": "3.24770", "2012-09-30": "3.38150", "2012-06-30": "3.23750", "2012-03-31": "2.68940", "2011-12-31": "3.37140", "2011-09-30": "3.50380", "2011-06-30": "3.51780", "2011-03-31": "3.01880", "2010-12-31": "3.71690", "2010-09-30": "4.46140", "2010-06-30": "3.79580", "2010-03-31": "3.09040", "2009-12-31": "4.23500", "2009-09-30": "4.30990", "2009-06-30": "4.09040", "2009-03-31": "3.38530", "2008-12-31": "4.03930", "2008-09-30": "4.06860", "2008-06-30": "4.36470", "2008-03-31": "3.46250", "2007-12-31": "4.22540", "2007-09-30": "4.11890", "2007-06-30": "3.80470", "2007-03-31": "2.79300", "2006-12-31": "3.47170", "2006-09-30": "4.25930", "2006-06-30": "4.27220", "2006-03-31": "3.12060", "2005-12-31": "1.94550", "2005-09-30": "3.96910", "2005-06-30": "4.11250", "2005-03-31": "2.99170"}, "Return On Tangible Equity": {"2020-09-30": "0.37710", "2020-06-30": "-0.49390", "2020-03-31": "1.08400", "2019-12-31": "12971.72000", "2019-09-30": "-0.89800", "2019-06-30": "-1.22940", "2019-03-31": "-2.62570", "2018-12-31": "-4.79220", "2018-09-30": "-3.30050", "2018-06-30": "-4.31720", "2018-03-31": "-3.35740", "2017-12-31": "-6.52370", "2017-09-30": "-3.57100", "2017-06-30": "-3.63350", "2017-03-31": "-2.96590", "2016-12-31": "-4.45420", "2016-09-30": "-5.25970", "2016-06-30": "-5.88640", "2016-03-31": "-4.95920", "2015-12-31": "-6.83270", "2015-09-30": "-8.93810", "2015-06-30": "-8.90740", "2015-03-31": "-9.80390", "2014-12-31": "-12.45560", "2014-09-30": "-55.91920", "2014-06-30": "-70.88970", "2014-03-31": "-42.30070", "2013-12-31": "-155.63540", "2013-09-30": "-64.08100", "2013-06-30": "-86.36810", "2013-03-31": "-93.18990", "2012-12-31": "-50.72970", "2012-09-30": "706.65600", "2012-06-30": "96.89370", "2012-03-31": "182.63790", "2011-12-31": "-370.62520", "2011-09-30": "-275.81340", "2011-06-30": "-227.43090", "2011-03-31": "-43.02510", "2010-12-31": "-34.96570", "2010-09-30": "186.52570", "2010-06-30": "-131.42840", "2010-03-31": "-48.22480", "2009-12-31": "-62.97050", "2009-09-30": "-40.20210", "2009-06-30": "-31.70330", "2009-03-31": "-25.56030", "2008-12-31": "-23.94350", "2008-09-30": "-20.52720", "2008-06-30": "-126.72460", "2008-03-31": "51.24410", "2007-12-31": "40.47020", "2007-09-30": "57.68500", "2007-06-30": "22.75860", "2007-03-31": "21.91660", "2006-12-31": "31.47040", "2006-09-30": "54.64220", "2006-06-30": "90.46120", "2006-03-31": "291.99770", "2005-12-31": "651.48140", "2005-09-30": "117.05060", "2005-06-30": "-1071.48000", "2005-03-31": "-73.74930"}, "ROA - Return On Assets": {"2020-09-30": "-0.07740", "2020-06-30": "0.22440", "2020-03-31": "-0.37290", "2019-12-31": "-29.53960", "2019-09-30": "0.30040", "2019-06-30": "0.35550", "2019-03-31": "0.73000", "2018-12-31": "1.03850", "2018-09-30": "1.06470", "2018-06-30": "1.27610", "2018-03-31": "1.02000", "2017-12-31": "2.06520", "2017-09-30": "1.15980", "2017-06-30": "1.17800", "2017-03-31": "1.00820", "2016-12-31": "1.46230", "2016-09-30": "1.80430", "2016-06-30": "1.72540", "2016-03-31": "1.46180", "2015-12-31": "2.03230", "2015-09-30": "1.99360", "2015-06-30": "1.96600", "2015-03-31": "1.88110", "2014-12-31": "2.44660", "2014-09-30": "2.47940", "2014-06-30": "2.48940", "2014-03-31": "2.05410", "2013-12-31": "2.62480", "2013-09-30": "2.58260", "2013-06-30": "2.39560", "2013-03-31": "1.98260", "2012-12-31": "2.40350", "2012-09-30": "2.60210", "2012-06-30": "2.57970", "2012-03-31": "2.07950", "2011-12-31": "2.56790", "2011-09-30": "2.67180", "2011-06-30": "2.69890", "2011-03-31": "2.20040", "2010-12-31": "2.64030", "2010-09-30": "3.40200", "2010-06-30": "2.80490", "2010-03-31": "2.19860", "2009-12-31": "2.98350", "2009-09-30": "2.91340", "2009-06-30": "2.72930", "2009-03-31": "2.23740", "2008-12-31": "2.60440", "2008-09-30": "2.60590", "2008-06-30": "3.11160", "2008-03-31": "2.66150", "2007-12-31": "3.11050", "2007-09-30": "3.13410", "2007-06-30": "3.00280", "2007-03-31": "2.23480", "2006-12-31": "2.64790", "2006-09-30": "3.36620", "2006-06-30": "3.37600", "2006-03-31": "2.43270", "2005-12-31": "1.47390", "2005-09-30": "3.13190", "2005-06-30": "3.14710", "2005-03-31": "2.19200"}, "ROI - Return On Investment": {"2020-09-30": "-0.10410", "2020-06-30": "0.29640", "2020-03-31": "-0.44880", "2019-12-31": "-37.92480", "2019-09-30": "0.37700", "2019-06-30": "0.41720", "2019-03-31": "0.85020", "2018-12-31": "1.21810", "2018-09-30": "1.23810", "2018-06-30": "1.47250", "2018-03-31": "1.17460", "2017-12-31": "2.46390", "2017-09-30": "1.39760", "2017-06-30": "1.38950", "2017-03-31": "1.17860", "2016-12-31": "1.75680", "2016-09-30": "2.08860", "2016-06-30": "2.06820", "2016-03-31": "1.74150", "2015-12-31": "2.49720", "2015-09-30": "2.34480", "2015-06-30": "2.27830", "2015-03-31": "2.17440", "2014-12-31": "3.12620", "2014-09-30": "2.93110", "2014-06-30": "2.89770", "2014-03-31": "2.35690", "2013-12-31": "3.33210", "2013-09-30": "3.08490", "2013-06-30": "2.94910", "2013-03-31": "2.29100", "2012-12-31": "2.87510", "2012-09-30": "3.10740", "2012-06-30": "3.04740", "2012-03-31": "2.56960", "2011-12-31": "3.31520", "2011-09-30": "3.19260", "2011-06-30": "3.17280", "2011-03-31": "2.54410", "2010-12-31": "3.17630", "2010-09-30": "4.46120", "2010-06-30": "3.63340", "2010-03-31": "2.79850", "2009-12-31": "4.06360", "2009-09-30": "4.00250", "2009-06-30": "3.57510", "2009-03-31": "2.86820", "2008-12-31": "3.52810", "2008-09-30": "3.42920", "2008-06-30": "4.09380", "2008-03-31": "3.46180", "2007-12-31": "4.22340", "2007-09-30": "4.11700", "2007-06-30": "3.80420", "2007-03-31": "2.79250", "2006-12-31": "3.47020", "2006-09-30": "4.25680", "2006-06-30": "4.27040", "2006-03-31": "2.95770", "2005-12-31": "1.94370", "2005-09-30": "3.96530", "2005-06-30": "3.84230", "2005-03-31": "2.63020"}, "Book Value Per Share": {"2020-09-30": "9.41480", "2020-06-30": "9.66340", "2020-03-31": "17.46800", "2019-12-31": "17.79270", "2019-09-30": "17.57270", "2019-06-30": "32.40380", "2019-03-31": "32.17860", "2018-12-31": "35.16150", "2018-09-30": "33.74750", "2018-06-30": "34.13070", "2018-03-31": "33.30390", "2017-12-31": "32.71900", "2017-09-30": "31.17460", "2017-06-30": "30.36210", "2017-03-31": "29.73470", "2016-12-31": "29.45820", "2016-09-30": "28.50570", "2016-06-30": "27.35860", "2016-03-31": "26.48030", "2015-12-31": "26.00670", "2015-09-30": "24.82920", "2015-06-30": "23.61360", "2015-03-31": "22.62290", "2014-12-31": "23.59230", "2014-09-30": "24.96470", "2014-06-30": "24.00600", "2014-03-31": "23.19490", "2013-12-31": "23.15050", "2013-09-30": "22.23110", "2013-06-30": "21.67740", "2013-03-31": "20.98660", "2012-12-31": "20.34600", "2012-09-30": "19.57130", "2012-06-30": "18.82240", "2012-03-31": "18.28500", "2011-12-31": "17.68760", "2011-09-30": "17.00340", "2011-06-30": "16.32000", "2011-03-31": "15.66630", "2010-12-31": "15.09750", "2010-09-30": "14.41080", "2010-06-30": "13.65710", "2010-03-31": "13.15690", "2009-12-31": "12.67060", "2009-09-30": "12.00870", "2009-06-30": "11.39980", "2009-03-31": "11.00660", "2008-12-31": "10.57290", "2008-09-30": "10.07780", "2008-06-30": "9.59780", "2008-03-31": "9.84760", "2007-12-31": "9.90330", "2007-09-30": "9.63720", "2007-06-30": "9.57140", "2007-03-31": "9.13760", "2006-12-31": "8.85980", "2006-09-30": "8.46110", "2006-06-30": "8.03870", "2006-03-31": "7.75420", "2005-12-31": "7.18670", "2005-09-30": "7.29760", "2005-06-30": "6.99860", "2005-03-31": "6.59060"}, "Operating Cash Flow Per Share": {"2020-09-30": 2.0256, "2020-06-30": 2.3244, "2020-03-31": "-1.76850", "2019-12-31": 1.4681, "2019-09-30": 1.9281, "2019-06-30": 1.4119, "2019-03-31": "-0.65650", "2018-12-31": 1.3881, "2018-09-30": 1.5458, "2018-06-30": 1.4463, "2018-03-31": "-1.21530", "2017-12-31": 2.1018, "2017-09-30": 2.1516, "2017-06-30": 1.4815, "2017-03-31": "-0.23370", "2016-12-31": 1.4077, "2016-09-30": 2.1029, "2016-06-30": 1.6105, "2016-03-31": "-0.35490", "2015-12-31": 1.0988, "2015-09-30": 1.8364, "2015-06-30": 1.552, "2015-03-31": "-0.56320", "2014-12-31": 1.7964, "2014-09-30": 1.5895, "2014-06-30": 1.3401, "2014-03-31": "-0.49480", "2013-12-31": 1.3846, "2013-09-30": 1.5599, "2013-06-30": 1.2533, "2013-03-31": "-0.18270", "2012-12-31": 1.0635, "2012-09-30": 1.3477, "2012-06-30": 1.1832, "2012-03-31": "-0.32510", "2011-12-31": 0.9249, "2011-09-30": 1.0191, "2011-06-30": 0.979, "2011-03-31": "-0.14950", "2010-12-31": 0.8913, "2010-09-30": 1.1103, "2010-06-30": 0.967, "2010-03-31": "-0.44010", "2009-12-31": 0.792, "2009-09-30": 1.1377, "2009-06-30": 0.9071, "2009-03-31": "-0.23980", "2008-12-31": 0.6983, "2008-09-30": 0.9102, "2008-06-30": 0.5937, "2008-03-31": "-0.27910", "2007-12-31": 0.9029, "2007-09-30": 0.6239, "2007-06-30": 0.6703, "2007-03-31": "-0.30830", "2006-12-31": 0.7007, "2006-09-30": 0.5082, "2006-06-30": 0.6864, "2006-03-31": "-0.10060", "2005-12-31": 0.5043, "2005-09-30": 0.6228, "2005-06-30": 0.5563, "2005-03-31": "0.00700"}, "Free Cash Flow Per Share": {"2020-09-30": 2.0441, "2020-06-30": 2.2114, "2020-03-31": "-1.93410", "2019-12-31": 1.2656, "2019-09-30": 1.9391, "2019-06-30": 1.2889, "2019-03-31": "-0.72380", "2018-12-31": 1.327, "2018-09-30": 1.4698, "2018-06-30": 1.3412, "2018-03-31": "-1.30580", "2017-12-31": 2.1647, "2017-09-30": 2.0434, "2017-06-30": 1.3714, "2017-03-31": "-0.35960", "2016-12-31": 1.2911, "2016-09-30": 2.004, "2016-06-30": 1.5165, "2016-03-31": "-0.46710", "2015-12-31": 1.0233, "2015-09-30": 1.7593, "2015-06-30": 1.473, "2015-03-31": "-0.61970", "2014-12-31": 1.7295, "2014-09-30": 1.5532, "2014-06-30": 1.3079, "2014-03-31": "-0.54020", "2013-12-31": 1.3549, "2013-09-30": 1.527, "2013-06-30": 1.2039, "2013-03-31": "-0.22580", "2012-12-31": 1.0175, "2012-09-30": 1.3166, "2012-06-30": 1.1439, "2012-03-31": "-0.35460", "2011-12-31": 0.8963, "2011-09-30": 0.9669, "2011-06-30": 0.9481, "2011-03-31": "-0.35890", "2010-12-31": 0.8697, "2010-09-30": 1.0804, "2010-06-30": 0.9341, "2010-03-31": "-0.48310", "2009-12-31": 0.7476, "2009-09-30": 1.1085, "2009-06-30": 0.8687, "2009-03-31": "-0.28860", "2008-12-31": -0.0422, "2008-09-30": 0.8779, "2008-06-30": 0.5761, "2008-03-31": "0.34510", "2007-12-31": 0.8661, "2007-09-30": 0.6089, "2007-06-30": 0.6516, "2007-03-31": "-0.32300", "2006-12-31": 0.6636, "2006-09-30": 0.4961, "2006-06-30": 0.6831, "2006-03-31": "-0.11660", "2005-12-31": 0.4799, "2005-09-30": 0.6087, "2005-06-30": 0.5291, "2005-03-31": "-0.00930"}}, "revenue": {"MEDNAX Annual Revenue (Millions of US $)": {"2019": "$3,514", "2018": "$3,455", "2017": "$3,253", "2016": "$3,183", "2015": "$2,780", "2014": "$2,439", "2013": "$2,154", "2012": "$1,817", "2011": "$1,588", "2010": "$1,402", "2009": "$1,288", "2008": "$1,068", "2007": "$918", "2006": "$805", "2005": "$681"}, "MEDNAX Quarterly Revenue (Millions of US $)": {"2020-09-30": "$461", "2020-06-30": "$509", "2020-03-31": "$846", "2019-12-31": "$1,646", "2019-09-30": "$455", "2019-06-30": "$561", "2019-03-31": "$851", "2018-12-31": "$888", "2018-09-30": "$849", "2018-06-30": "$865", "2018-03-31": "$853", "2017-12-31": "$706", "2017-09-30": "$869", "2017-06-30": "$843", "2017-03-31": "$836", "2016-12-31": "$831", "2016-09-30": "$828", "2016-06-30": "$772", "2016-03-31": "$753", "2015-12-31": "$742", "2015-09-30": "$722", "2015-06-30": "$677", "2015-03-31": "$639", "2014-12-31": "$651", "2014-09-30": "$627", "2014-06-30": "$596", "2014-03-31": "$566", "2013-12-31": "$567", "2013-09-30": "$555", "2013-06-30": "$529", "2013-03-31": "$503", "2012-12-31": "$471", "2012-09-30": "$473", "2012-06-30": "$450", "2012-03-31": "$423", "2011-12-31": "$405", "2011-09-30": "$408", "2011-06-30": "$393", "2011-03-31": "$382", "2010-12-31": "$368", "2010-09-30": "$351", "2010-06-30": "$349", "2010-03-31": "$333", "2009-12-31": "$333", "2009-09-30": "$331", "2009-06-30": "$320", "2009-03-31": "$304", "2008-12-31": "$298", "2008-09-30": "$267", "2008-06-30": "$258", "2008-03-31": "$246", "2007-12-31": "$250", "2007-09-30": "$233", "2007-06-30": "$223", "2007-03-31": "$211", "2006-12-31": "$197", "2006-09-30": "$216", "2006-06-30": "$204", "2006-03-31": "$188", "2005-12-31": "$165", "2005-09-30": "$178", "2005-06-30": "$174", "2005-03-31": "$164"}}, "gross-profit": {"MEDNAX Annual Gross Profit (Millions of US $)": {"2019": "$892", "2018": "$920", "2017": "$920", "2016": "$1,034", "2015": "$928", "2014": "$807", "2013": "$710", "2012": "$614", "2011": "$551", "2010": "$489", "2009": "$453", "2008": "$380", "2007": "$350", "2006": "$309", "2005": "$265"}, "MEDNAX Quarterly Gross Profit (Millions of US $)": {"2020-09-30": "$128", "2020-06-30": "$139", "2020-03-31": "$168", "2019-12-31": "$382", "2019-09-30": "$131", "2019-06-30": "$175", "2019-03-31": "$204", "2018-12-31": "$233", "2018-09-30": "$222", "2018-06-30": "$244", "2018-03-31": "$221", "2017-12-31": "$181", "2017-09-30": "$253", "2017-06-30": "$251", "2017-03-31": "$235", "2016-12-31": "$265", "2016-09-30": "$275", "2016-06-30": "$260", "2016-03-31": "$234", "2015-12-31": "$255", "2015-09-30": "$248", "2015-06-30": "$229", "2015-03-31": "$196", "2014-12-31": "$223", "2014-09-30": "$210", "2014-06-30": "$201", "2014-03-31": "$173", "2013-12-31": "$190", "2013-09-30": "$188", "2013-06-30": "$178", "2013-03-31": "$154", "2012-12-31": "$161", "2012-09-30": "$163", "2012-06-30": "$156", "2012-03-31": "$133", "2011-12-31": "$142", "2011-09-30": "$144", "2011-06-30": "$142", "2011-03-31": "$123", "2010-12-31": "$131", "2010-09-30": "$125", "2010-06-30": "$126", "2010-03-31": "$106", "2009-12-31": "$120", "2009-09-30": "$120", "2009-06-30": "$115", "2009-03-31": "$97", "2008-12-31": "$103", "2008-09-30": "$96", "2008-06-30": "$96", "2008-03-31": "$84", "2007-12-31": "$95", "2007-09-30": "$94", "2007-06-30": "$89", "2007-03-31": "$73", "2006-12-31": "$74", "2006-09-30": "$87", "2006-06-30": "$81", "2006-03-31": "$67", "2005-12-31": "$65", "2005-09-30": "$72", "2005-06-30": "$69", "2005-03-31": "$60"}}, "operating-income": {"MEDNAX Annual Operating Income (Millions of US $)": {"2019": "$-1,136", "2018": "$432", "2017": "$455", "2016": "$572", "2015": "$558", "2014": "$513", "2013": "$452", "2012": "$390", "2011": "$355", "2010": "$313", "2009": "$289", "2008": "$242", "2007": "$221", "2006": "$194", "2005": "$143"}, "MEDNAX Quarterly Operating Income (Millions of US $)": {"2020-09-30": "$20", "2020-06-30": "$35", "2020-03-31": "$13", "2019-12-31": "$-1,322", "2019-09-30": "$49", "2019-06-30": "$59", "2019-03-31": "$78", "2018-12-31": "$106", "2018-09-30": "$104", "2018-06-30": "$122", "2018-03-31": "$100", "2017-12-31": "$101", "2017-09-30": "$126", "2017-06-30": "$122", "2017-03-31": "$106", "2016-12-31": "$143", "2016-09-30": "$157", "2016-06-30": "$148", "2016-03-31": "$124", "2015-12-31": "$151", "2015-09-30": "$151", "2015-06-30": "$141", "2015-03-31": "$115", "2014-12-31": "$141", "2014-09-30": "$138", "2014-06-30": "$130", "2014-03-31": "$104", "2013-12-31": "$124", "2013-09-30": "$123", "2013-06-30": "$113", "2013-03-31": "$92", "2012-12-31": "$103", "2012-09-30": "$107", "2012-06-30": "$100", "2012-03-31": "$79", "2011-12-31": "$92", "2011-09-30": "$95", "2011-06-30": "$93", "2011-03-31": "$76", "2010-12-31": "$86", "2010-09-30": "$81", "2010-06-30": "$82", "2010-03-31": "$64", "2009-12-31": "$79", "2009-09-30": "$78", "2009-06-30": "$75", "2009-03-31": "$57", "2008-12-31": "$65", "2008-09-30": "$62", "2008-06-30": "$63", "2008-03-31": "$52", "2007-12-31": "$64", "2007-09-30": "$62", "2007-06-30": "$57", "2007-03-31": "$38", "2006-12-31": "$47", "2006-09-30": "$57", "2006-06-30": "$54", "2006-03-31": "$38", "2005-12-31": "$26", "2005-09-30": "$44", "2005-06-30": "$44", "2005-03-31": "$29"}}, "ebitda": {"MEDNAX Annual EBITDA (Millions of US $)": {"2019": "$398", "2018": "$520", "2017": "$539", "2016": "$666", "2015": "$624", "2014": "$560", "2013": "$492", "2012": "$420", "2011": "$381", "2010": "$335", "2009": "$305", "2008": "$255", "2007": "$231", "2006": "$204", "2005": "$153"}, "MEDNAX Quarterly EBITDA (Millions of US $)": {"2020-09-30": "$14", "2020-06-30": "$46", "2020-03-31": "$33", "2019-12-31": "$188", "2019-09-30": "$41", "2019-06-30": "$68", "2019-03-31": "$100", "2018-12-31": "$128", "2018-09-30": "$128", "2018-06-30": "$144", "2018-03-31": "$121", "2017-12-31": "$104", "2017-09-30": "$153", "2017-06-30": "$149", "2017-03-31": "$133", "2016-12-31": "$169", "2016-09-30": "$182", "2016-06-30": "$169", "2016-03-31": "$145", "2015-12-31": "$169", "2015-09-30": "$169", "2015-06-30": "$157", "2015-03-31": "$129", "2014-12-31": "$156", "2014-09-30": "$149", "2014-06-30": "$140", "2014-03-31": "$114", "2013-12-31": "$134", "2013-09-30": "$134", "2013-06-30": "$123", "2013-03-31": "$101", "2012-12-31": "$111", "2012-09-30": "$115", "2012-06-30": "$107", "2012-03-31": "$87", "2011-12-31": "$99", "2011-09-30": "$101", "2011-06-30": "$99", "2011-03-31": "$82", "2010-12-31": "$92", "2010-09-30": "$88", "2010-06-30": "$87", "2010-03-31": "$68", "2009-12-31": "$84", "2009-09-30": "$82", "2009-06-30": "$79", "2009-03-31": "$61", "2008-12-31": "$69", "2008-09-30": "$65", "2008-06-30": "$65", "2008-03-31": "$55", "2007-12-31": "$67", "2007-09-30": "$64", "2007-06-30": "$60", "2007-03-31": "$40", "2006-12-31": "$49", "2006-09-30": "$59", "2006-06-30": "$56", "2006-03-31": "$40", "2005-12-31": "$28", "2005-09-30": "$47", "2005-06-30": "$46", "2005-03-31": "$32"}}, "net-income": {"MEDNAX Annual Net Income (Millions of US $)": {"2019": "$-1,498", "2018": "$269", "2017": "$320", "2016": "$325", "2015": "$336", "2014": "$317", "2013": "$281", "2012": "$241", "2011": "$218", "2010": "$203", "2009": "$176", "2008": "$169", "2007": "$143", "2006": "$124", "2005": "$88"}, "MEDNAX Quarterly Net Income (Millions of US $)": {"2020-09-30": "$-41", "2020-06-30": "$-672", "2020-03-31": "$-19", "2019-12-31": "$9", "2019-09-30": "$-1,256", "2019-06-30": "$-8", "2019-03-31": "$-243", "2018-12-31": "$60", "2018-09-30": "$66", "2018-06-30": "$79", "2018-03-31": "$63", "2017-12-31": "$136", "2017-09-30": "$66", "2017-06-30": "$64", "2017-03-31": "$55", "2016-12-31": "$78", "2016-09-30": "$97", "2016-06-30": "$82", "2016-03-31": "$68", "2015-12-31": "$93", "2015-09-30": "$91", "2015-06-30": "$84", "2015-03-31": "$69", "2014-12-31": "$88", "2014-09-30": "$86", "2014-06-30": "$79", "2014-03-31": "$64", "2013-12-31": "$79", "2013-09-30": "$77", "2013-06-30": "$69", "2013-03-31": "$55", "2012-12-31": "$66", "2012-09-30": "$66", "2012-06-30": "$61", "2012-03-31": "$48", "2011-12-31": "$58", "2011-09-30": "$58", "2011-06-30": "$56", "2011-03-31": "$45", "2010-12-31": "$54", "2010-09-30": "$61", "2010-06-30": "$49", "2010-03-31": "$38", "2009-12-31": "$50", "2009-09-30": "$48", "2009-06-30": "$43", "2009-03-31": "$34", "2008-12-31": "$39", "2008-09-30": "$37", "2008-06-30": "$37", "2008-03-31": "$56", "2007-12-31": "$41", "2007-09-30": "$40", "2007-06-30": "$36", "2007-03-31": "$26", "2006-12-31": "$32", "2006-09-30": "$35", "2006-06-30": "$33", "2006-03-31": "$23", "2005-12-31": "$15", "2005-09-30": "$28", "2005-06-30": "$27", "2005-03-31": "$18"}}, "eps-earnings-per-share-diluted": {"MEDNAX Annual EPS": {"2019": "$-17.94", "2018": "$2.93", "2017": "$3.45", "2016": "$3.49", "2015": "$3.58", "2014": "$3.18", "2013": "$2.78", "2012": "$2.42", "2011": "$2.23", "2010": "$2.13", "2009": "$1.89", "2008": "$1.80", "2007": "$1.43", "2006": "$1.26", "2005": "$0.91"}, "MEDNAX Quarterly EPS": {"2020-09-30": "$-0.49", "2020-06-30": "$-8.03", "2020-03-31": "$-0.23", "2019-12-31": "$0.12", "2019-09-30": "$-15.15", "2019-06-30": "$-0.10", "2019-03-31": "$-2.81", "2018-12-31": "$0.68", "2018-09-30": "$0.72", "2018-06-30": "$0.85", "2018-03-31": "$0.68", "2017-12-31": "$1.46", "2017-09-30": "$0.71", "2017-06-30": "$0.69", "2017-03-31": "$0.59", "2016-12-31": "$0.83", "2016-09-30": "$1.04", "2016-06-30": "$0.89", "2016-03-31": "$0.73", "2015-12-31": "$0.99", "2015-09-30": "$0.97", "2015-06-30": "$0.90", "2015-03-31": "$0.72", "2014-12-31": "$0.90", "2014-09-30": "$0.86", "2014-06-30": "$0.79", "2014-03-31": "$0.63", "2013-12-31": "$0.79", "2013-09-30": "$0.76", "2013-06-30": "$0.68", "2013-03-31": "$0.55", "2012-12-31": "$0.66", "2012-09-30": "$0.66", "2012-06-30": "$0.61", "2012-03-31": "$0.49", "2011-12-31": "$0.59", "2011-09-30": "$0.60", "2011-06-30": "$0.58", "2011-03-31": "$0.47", "2010-12-31": "$0.56", "2010-09-30": "$0.65", "2010-06-30": "$0.52", "2010-03-31": "$0.41", "2009-12-31": "$0.54", "2009-09-30": "$0.52", "2009-06-30": "$0.47", "2009-03-31": "$0.37", "2008-12-31": "$0.43", "2008-09-30": "$0.41", "2008-06-30": "$0.39", "2008-03-31": "$0.57", "2007-12-31": "$0.42", "2007-09-30": "$0.40", "2007-06-30": "$0.36", "2007-03-31": "$0.26", "2006-12-31": "$0.33", "2006-09-30": "$0.36", "2006-06-30": "$0.34", "2006-03-31": "$0.24", "2005-12-31": "$0.16", "2005-09-30": "$0.29", "2005-06-30": "$0.28", "2005-03-31": "$0.19"}}, "shares-outstanding": {"MEDNAX Annual Shares Outstanding (Millions of Shares)": {"2019": "83", "2018": "92", "2017": "93", "2016": "93", "2015": "94", "2014": "100", "2013": "101", "2012": "99", "2011": "98", "2010": "95", "2009": "93", "2008": "94", "2007": "100", "2006": "99", "2005": "96"}, "MEDNAX Quarterly Shares Outstanding (Millions of Shares)": {"2020-09-30": "84", "2020-06-30": "84", "2020-03-31": "83", "2019-12-31": "83", "2019-09-30": "83", "2019-06-30": "84", "2019-03-31": "87", "2018-12-31": "92", "2018-09-30": "91", "2018-06-30": "94", "2018-03-31": "94", "2017-12-31": "93", "2017-09-30": "93", "2017-06-30": "93", "2017-03-31": "93", "2016-12-31": "93", "2016-09-30": "93", "2016-06-30": "93", "2016-03-31": "93", "2015-12-31": "94", "2015-09-30": "94", "2015-06-30": "93", "2015-03-31": "95", "2014-12-31": "100", "2014-09-30": "100", "2014-06-30": "100", "2014-03-31": "101", "2013-12-31": "101", "2013-09-30": "101", "2013-06-30": "101", "2013-03-31": "101", "2012-12-31": "99", "2012-09-30": "100", "2012-06-30": "99", "2012-03-31": "99", "2011-12-31": "98", "2011-09-30": "98", "2011-06-30": "97", "2011-03-31": "97", "2010-12-31": "95", "2010-09-30": "95", "2010-06-30": "95", "2010-03-31": "95", "2009-12-31": "93", "2009-09-30": "93", "2009-06-30": "93", "2009-03-31": "92", "2008-12-31": "94", "2008-09-30": "92", "2008-06-30": "95", "2008-03-31": "98", "2007-12-31": "100", "2007-09-30": "101", "2007-06-30": "100", "2007-03-31": "100", "2006-12-31": "99", "2006-09-30": "99", "2006-06-30": "99", "2006-03-31": "98", "2005-12-31": "96", "2005-09-30": "97", "2005-06-30": "96", "2005-03-31": "94"}}, "total-assets": {"MEDNAX Annual Total Assets (Millions of US $)": {"2019": "$4,146", "2018": "$5,937", "2017": "$5,867", "2016": "$5,339", "2015": "$4,547", "2014": "$3,608", "2013": "$3,009", "2012": "$2,750", "2011": "$2,273", "2010": "$2,038", "2009": "$1,689", "2008": "$1,497", "2007": "$1,303", "2006": "$1,135", "2005": "$900"}, "MEDNAX Quarterly Total Assets (Millions of US $)": {"2020-09-30": "$3,425", "2020-06-30": "$3,387", "2020-03-31": "$4,320", "2019-12-31": "$4,146", "2019-09-30": "$4,291", "2019-06-30": "$5,639", "2019-03-31": "$5,706", "2018-12-31": "$5,937", "2018-09-30": "$5,839", "2018-06-30": "$5,860", "2018-03-31": "$5,883", "2017-12-31": "$5,867", "2017-09-30": "$5,681", "2017-06-30": "$5,407", "2017-03-31": "$5,425", "2016-12-31": "$5,339", "2016-09-30": "$5,344", "2016-06-30": "$4,771", "2016-03-31": "$4,636", "2015-12-31": "$4,547", "2015-09-30": "$4,546", "2015-06-30": "$4,275", "2015-03-31": "$3,646", "2014-12-31": "$3,608", "2014-09-30": "$3,478", "2014-06-30": "$3,175", "2014-03-31": "$3,099", "2013-12-31": "$3,009", "2013-09-30": "$2,980", "2013-06-30": "$2,889", "2013-03-31": "$2,793", "2012-12-31": "$2,750", "2012-09-30": "$2,533", "2012-06-30": "$2,347", "2012-03-31": "$2,325", "2011-12-31": "$2,273", "2011-09-30": "$2,180", "2011-06-30": "$2,073", "2011-03-31": "$2,066", "2010-12-31": "$2,038", "2010-09-30": "$1,801", "2010-06-30": "$1,760", "2010-03-31": "$1,740", "2009-12-31": "$1,689", "2009-09-30": "$1,652", "2009-06-30": "$1,583", "2009-03-31": "$1,522", "2008-12-31": "$1,497", "2008-09-30": "$1,435", "2008-06-30": "$1,227", "2008-03-31": "$1,207", "2007-12-31": "$1,303", "2007-09-30": "$1,238", "2007-06-30": "$1,189", "2007-03-31": "$1,118", "2006-12-31": "$1,135", "2006-09-30": "$1,045", "2006-06-30": "$991", "2006-03-31": "$963", "2005-12-31": "$900", "2005-09-30": "$884", "2005-06-30": "$851", "2005-03-31": "$820"}}, "cash-on-hand": {"MEDNAX Annual Cash on Hand (Millions of US $)": {"2019": "$187", "2018": "$67", "2017": "$70", "2016": "$67", "2015": "$60", "2014": "$54", "2013": "$38", "2012": "$28", "2011": "$23", "2010": "$44", "2009": "$32", "2008": "$35", "2007": "$121", "2006": "$135", "2005": "$22"}, "MEDNAX Quarterly Cash on Hand (Millions of US $)": {"2020-09-30": "$376", "2020-06-30": "$223", "2020-03-31": "$397", "2019-12-31": "$182", "2019-09-30": "$107", "2019-06-30": "$123", "2019-03-31": "$133", "2018-12-31": "$67", "2018-09-30": "$68", "2018-06-30": "$67", "2018-03-31": "$52", "2017-12-31": "$70", "2017-09-30": "$59", "2017-06-30": "$52", "2017-03-31": "$53", "2016-12-31": "$67", "2016-09-30": "$63", "2016-06-30": "$62", "2016-03-31": "$64", "2015-12-31": "$60", "2015-09-30": "$69", "2015-06-30": "$70", "2015-03-31": "$57", "2014-12-31": "$54", "2014-09-30": "$79", "2014-06-30": "$25", "2014-03-31": "$28", "2013-12-31": "$38", "2013-09-30": "$21", "2013-06-30": "$20", "2013-03-31": "$40", "2012-12-31": "$28", "2012-09-30": "$72", "2012-06-30": "$15", "2012-03-31": "$26", "2011-12-31": "$23", "2011-09-30": "$43", "2011-06-30": "$35", "2011-03-31": "$30", "2010-12-31": "$44", "2010-09-30": "$76", "2010-06-30": "$37", "2010-03-31": "$32", "2009-12-31": "$32", "2009-09-30": "$28", "2009-06-30": "$31", "2009-03-31": "$38", "2008-12-31": "$35", "2008-09-30": "$37", "2008-06-30": "$37", "2008-03-31": "$61", "2007-12-31": "$121", "2007-09-30": "$80", "2007-06-30": "$151", "2007-03-31": "$89", "2006-12-31": "$135", "2006-09-30": "$76", "2006-06-30": "$41", "2006-03-31": "$14", "2005-12-31": "$22", "2005-09-30": "$17", "2005-06-30": "$17", "2005-03-31": "$15"}}, "long-term-debt": {"MEDNAX Annual Long Term Debt (Millions of US $)": {"2019": "$1,730", "2018": "$1,974", "2017": "$1,851", "2016": "$1,684", "2015": "$1,263", "2014": "$558", "2013": "$27", "2012": "$264", "2011": "$29", "2010": "$246", "2009": "$50", "2008": "$140", "2007": "$0", "2006": "$0", "2005": "$1"}, "MEDNAX Quarterly Long Term Debt (Millions of US $)": {"2020-09-30": "$1,742", "2020-06-30": "$1,737", "2020-03-31": "$2,102", "2019-12-31": "$1,730", "2019-09-30": "$1,939", "2019-06-30": "$2,080", "2019-03-31": "$2,119", "2018-12-31": "$1,974", "2018-09-30": "$2,006", "2018-06-30": "$1,891", "2018-03-31": "$1,965", "2017-12-31": "$1,851", "2017-09-30": "$1,797", "2017-06-30": "$1,746", "2017-03-31": "$1,878", "2016-12-31": "$1,684", "2016-09-30": "$1,949", "2016-06-30": "$1,422", "2016-03-31": "$1,431", "2015-12-31": "$1,263", "2015-09-30": "$1,532", "2015-06-30": "$1,469", "2015-03-31": "$1,040", "2014-12-31": "$558", "2014-09-30": "$437", "2014-06-30": "$322", "2014-03-31": "$394", "2013-12-31": "$27", "2013-09-30": "$261", "2013-06-30": "$154", "2013-03-31": "$311", "2012-12-31": "$264", "2012-09-30": "$172", "2012-06-30": "$117", "2012-03-31": "$84", "2011-12-31": "$29", "2011-09-30": "$162", "2011-06-30": "$173", "2011-03-31": "$281", "2010-12-31": "$246", "2010-09-30": "$0", "2010-06-30": "$58", "2010-03-31": "$129", "2009-12-31": "$50", "2009-09-30": "$86", "2009-06-30": "$152", "2009-03-31": "$181", "2008-12-31": "$140", "2008-09-30": "$171", "2008-06-30": "$58", "2008-03-31": "$0", "2007-12-31": "$0", "2007-09-30": "$0", "2007-06-30": "$0", "2007-03-31": "$0", "2006-12-31": "$0", "2006-09-30": "$0", "2006-06-30": "$0", "2006-03-31": "$41", "2005-12-31": "$1", "2005-09-30": "$1", "2005-06-30": "$46", "2005-03-31": "$83"}}, "total-liabilities": {"MEDNAX Annual Total Liabilities (Millions of US $)": {"2019": "$2,647", "2018": "$2,850", "2017": "$2,801", "2016": "$2,579", "2015": "$2,109", "2014": "$1,343", "2013": "$666", "2012": "$715", "2011": "$542", "2010": "$590", "2009": "$499", "2008": "$532", "2007": "$344", "2006": "$269", "2005": "$218"}, "MEDNAX Quarterly Total Liabilities (Millions of US $)": {"2020-09-30": "$2,620", "2020-06-30": "$2,561", "2020-03-31": "$2,832", "2019-12-31": "$2,647", "2019-09-30": "$2,811", "2019-06-30": "$2,914", "2019-03-31": "$2,926", "2018-12-31": "$2,850", "2018-09-30": "$2,823", "2018-06-30": "$2,673", "2018-03-31": "$2,740", "2017-12-31": "$2,801", "2017-09-30": "$2,764", "2017-06-30": "$2,569", "2017-03-31": "$2,662", "2016-12-31": "$2,579", "2016-09-30": "$2,677", "2016-06-30": "$2,213", "2016-03-31": "$2,176", "2015-12-31": "$2,109", "2015-09-30": "$2,213", "2015-06-30": "$2,055", "2015-03-31": "$1,532", "2014-12-31": "$1,343", "2014-09-30": "$973", "2014-06-30": "$770", "2014-03-31": "$792", "2013-12-31": "$666", "2013-09-30": "$746", "2013-06-30": "$696", "2013-03-31": "$687", "2012-12-31": "$715", "2012-09-30": "$584", "2012-06-30": "$477", "2012-03-31": "$527", "2011-12-31": "$542", "2011-09-30": "$518", "2011-06-30": "$483", "2011-03-31": "$560", "2010-12-31": "$590", "2010-09-30": "$428", "2010-06-30": "$459", "2010-03-31": "$502", "2009-12-31": "$499", "2009-09-30": "$535", "2009-06-30": "$527", "2009-03-31": "$516", "2008-12-31": "$532", "2008-09-30": "$516", "2008-06-30": "$352", "2008-03-31": "$279", "2007-12-31": "$344", "2007-09-30": "$296", "2007-06-30": "$251", "2007-03-31": "$224", "2006-12-31": "$269", "2006-09-30": "$219", "2006-06-30": "$208", "2006-03-31": "$212", "2005-12-31": "$218", "2005-09-30": "$187", "2005-06-30": "$200", "2005-03-31": "$219"}}, "total-share-holder-equity": {"MEDNAX Annual Share Holder Equity (Millions of US $)": {"2019": "$1,499", "2018": "$3,088", "2017": "$3,066", "2016": "$2,761", "2015": "$2,438", "2014": "$2,266", "2013": "$2,343", "2012": "$2,035", "2011": "$1,731", "2010": "$1,447", "2009": "$1,190", "2008": "$965", "2007": "$959", "2006": "$866", "2005": "$682"}, "MEDNAX Quarterly Share Holder Equity (Millions of US $)": {"2020-09-30": "$805", "2020-06-30": "$827", "2020-03-31": "$1,487", "2019-12-31": "$1,499", "2019-09-30": "$1,479", "2019-06-30": "$2,725", "2019-03-31": "$2,780", "2018-12-31": "$3,088", "2018-09-30": "$3,015", "2018-06-30": "$3,187", "2018-03-31": "$3,143", "2017-12-31": "$3,066", "2017-09-30": "$2,917", "2017-06-30": "$2,838", "2017-03-31": "$2,762", "2016-12-31": "$2,761", "2016-09-30": "$2,667", "2016-06-30": "$2,558", "2016-03-31": "$2,461", "2015-12-31": "$2,438", "2015-09-30": "$2,334", "2015-06-30": "$2,220", "2015-03-31": "$2,114", "2014-12-31": "$2,266", "2014-09-30": "$2,505", "2014-06-30": "$2,405", "2014-03-31": "$2,307", "2013-12-31": "$2,343", "2013-09-30": "$2,234", "2013-06-30": "$2,193", "2013-03-31": "$2,106", "2012-12-31": "$2,035", "2012-09-30": "$1,949", "2012-06-30": "$1,870", "2012-03-31": "$1,798", "2011-12-31": "$1,731", "2011-09-30": "$1,662", "2011-06-30": "$1,590", "2011-03-31": "$1,506", "2010-12-31": "$1,447", "2010-09-30": "$1,373", "2010-06-30": "$1,300", "2010-03-31": "$1,238", "2009-12-31": "$1,190", "2009-09-30": "$1,117", "2009-06-30": "$1,057", "2009-03-31": "$1,006", "2008-12-31": "$965", "2008-09-30": "$919", "2008-06-30": "$875", "2008-03-31": "$928", "2007-12-31": "$959", "2007-09-30": "$942", "2007-06-30": "$938", "2007-03-31": "$895", "2006-12-31": "$866", "2006-09-30": "$826", "2006-06-30": "$783", "2006-03-31": "$751", "2005-12-31": "$682", "2005-09-30": "$698", "2005-06-30": "$651", "2005-03-31": "$601"}}, "profit-margins": {"current": "-26.57%"}, "gross margin": {"2020-09-30": "23.60%", "2020-06-30": "23.73%", "2020-03-31": "24.40%", "2019-12-31": "25.39%", "2019-09-30": "26.97%", "2019-06-30": "26.48%", "2019-03-31": "26.15%", "2018-12-31": "26.63%", "2018-09-30": "26.52%", "2018-06-30": "27.30%", "2018-03-31": "27.70%", "2017-12-31": "28.27%", "2017-09-30": "29.71%", "2017-06-30": "30.74%", "2017-03-31": "31.68%", "2016-12-31": "32.47%", "2016-09-30": "33.09%", "2016-06-30": "33.36%", "2016-03-31": "33.38%", "2015-12-31": "33.38%", "2015-09-30": "33.32%", "2015-06-30": "33.08%", "2015-03-31": "33.03%", "2014-12-31": "33.07%", "2014-09-30": "32.85%", "2014-06-30": "32.92%", "2014-03-31": "32.88%", "2013-12-31": "32.96%", "2013-09-30": "33.09%", "2013-06-30": "33.20%", "2013-03-31": "33.42%", "2012-12-31": "33.74%", "2012-09-30": "33.92%", "2012-06-30": "34.10%", "2012-03-31": "34.44%", "2011-12-31": "34.70%", "2011-09-30": "34.82%", "2011-06-30": "34.87%", "2011-03-31": "34.83%", "2010-12-31": "34.83%", "2010-09-30": "34.92%", "2010-06-30": "35.07%", "2010-03-31": "35.00%", "2009-12-31": "35.09%", "2009-09-30": "34.72%", "2009-06-30": "34.57%", "2009-03-31": "34.78%", "2008-12-31": "35.45%", "2008-09-30": "36.34%", "2008-06-30": "37.39%", "2008-03-31": "38.03%", "2007-12-31": "38.28%", "2007-09-30": "38.19%", "2007-06-30": "38.13%", "2007-03-31": "38.04%", "2006-12-31": "38.39%", "2006-09-30": "38.81%", "2006-06-30": "38.78%", "2006-03-31": "38.72%", "2005-12-31": "39.06%"}, "operating margin": {"2020-09-30": "-36.22%", "2020-06-30": "-35.45%", "2020-03-31": "-34.24%", "2019-12-31": "-32.34%", "2019-09-30": "10.60%", "2019-06-30": "11.02%", "2019-03-31": "11.87%", "2018-12-31": "12.50%", "2018-09-30": "13.05%", "2018-06-30": "13.63%", "2018-03-31": "13.73%", "2017-12-31": "13.98%", "2017-09-30": "14.71%", "2017-06-30": "15.82%", "2017-03-31": "16.96%", "2016-12-31": "17.96%", "2016-09-30": "18.74%", "2016-06-30": "19.20%", "2016-03-31": "19.59%", "2015-12-31": "20.07%", "2015-09-30": "20.38%", "2015-06-30": "20.62%", "2015-03-31": "20.85%", "2014-12-31": "21.02%", "2014-09-30": "21.05%", "2014-06-30": "21.06%", "2014-03-31": "20.93%", "2013-12-31": "20.98%", "2013-09-30": "20.94%", "2013-06-30": "21.00%", "2013-03-31": "21.19%", "2012-12-31": "21.41%", "2012-09-30": "21.59%", "2012-06-30": "21.71%", "2012-03-31": "22.04%", "2011-12-31": "22.42%", "2011-09-30": "22.57%", "2011-06-30": "22.49%", "2011-03-31": "22.41%", "2010-12-31": "22.34%", "2010-09-30": "22.40%", "2010-06-30": "22.51%", "2010-03-31": "22.48%", "2009-12-31": "22.44%", "2009-09-30": "21.95%", "2009-06-30": "21.78%", "2009-03-31": "21.92%", "2008-12-31": "22.64%", "2008-09-30": "23.60%", "2008-06-30": "24.42%", "2008-03-31": "24.68%", "2007-12-31": "24.10%", "2007-09-30": "23.61%", "2007-06-30": "23.49%", "2007-03-31": "23.67%", "2006-12-31": "24.35%", "2006-09-30": "22.64%", "2006-06-30": "22.04%", "2006-03-31": "21.56%", "2005-12-31": "21.00%"}, "ebitda margin": {"2020-09-30": "8.12%", "2020-06-30": "8.91%", "2020-03-31": "9.41%", "2019-12-31": "11.30%", "2019-09-30": "12.23%", "2019-06-30": "13.46%", "2019-03-31": "14.48%", "2018-12-31": "15.08%", "2018-09-30": "15.18%", "2018-06-30": "15.85%", "2018-03-31": "16.11%", "2017-12-31": "16.56%", "2017-09-30": "17.88%", "2017-06-30": "18.96%", "2017-03-31": "19.99%", "2016-12-31": "20.89%", "2016-09-30": "21.49%", "2016-06-30": "21.81%", "2016-03-31": "22.11%", "2015-12-31": "22.45%", "2015-09-30": "22.72%", "2015-06-30": "22.78%", "2015-03-31": "22.84%", "2014-12-31": "22.91%", "2014-09-30": "22.79%", "2014-06-30": "22.85%", "2014-03-31": "22.78%", "2013-12-31": "22.84%", "2013-09-30": "22.79%", "2013-06-30": "22.77%", "2013-03-31": "22.88%", "2012-12-31": "23.12%", "2012-09-30": "23.30%", "2012-06-30": "23.37%", "2012-03-31": "23.70%", "2011-12-31": "23.99%", "2011-09-30": "24.11%", "2011-06-30": "24.16%", "2011-03-31": "24.07%", "2010-12-31": "23.91%", "2010-09-30": "23.94%", "2010-06-30": "23.85%", "2010-03-31": "23.77%", "2009-12-31": "23.76%", "2009-09-30": "23.22%", "2009-06-30": "23.04%", "2009-03-31": "23.07%", "2008-12-31": "23.76%", "2008-09-30": "24.68%", "2008-06-30": "25.43%", "2008-03-31": "25.84%", "2007-12-31": "25.19%", "2007-09-30": "24.65%", "2007-06-30": "24.56%", "2007-03-31": "24.64%", "2006-12-31": "25.34%", "2006-09-30": "23.67%", "2006-06-30": "23.27%", "2006-03-31": "22.84%", "2005-12-31": "22.47%"}, "pre tax profit margin": {"2020-09-30": "-38.79%", "2020-06-30": "-38.40%", "2020-03-31": "-37.23%", "2019-12-31": "-35.33%", "2019-09-30": "6.75%", "2019-06-30": "8.00%", "2019-03-31": "9.35%", "2018-12-31": "10.27%", "2018-09-30": "10.88%", "2018-06-30": "11.48%", "2018-03-31": "11.59%", "2017-12-31": "11.86%", "2017-09-30": "12.73%", "2017-06-30": "13.87%", "2017-03-31": "15.09%", "2016-12-31": "16.14%", "2016-09-30": "17.12%", "2016-06-30": "17.90%", "2016-03-31": "18.59%", "2015-12-31": "19.42%", "2015-09-30": "19.90%", "2015-06-30": "20.28%", "2015-03-31": "20.57%", "2014-12-31": "20.82%", "2014-09-30": "20.88%", "2014-06-30": "20.88%", "2014-03-31": "20.79%", "2013-12-31": "20.80%", "2013-09-30": "20.75%", "2013-06-30": "20.85%", "2013-03-31": "21.03%", "2012-12-31": "21.30%", "2012-09-30": "21.47%", "2012-06-30": "21.53%", "2012-03-31": "21.85%", "2011-12-31": "22.17%", "2011-09-30": "22.31%", "2011-06-30": "22.29%", "2011-03-31": "22.21%", "2010-12-31": "22.13%", "2010-09-30": "22.25%", "2010-06-30": "22.36%", "2010-03-31": "22.32%", "2009-12-31": "22.28%", "2009-09-30": "21.71%", "2009-06-30": "21.53%", "2009-03-31": "21.74%", "2008-12-31": "22.64%", "2008-09-30": "23.80%", "2008-06-30": "24.82%", "2008-03-31": "25.32%", "2007-12-31": "24.75%", "2007-09-30": "24.31%", "2007-06-30": "24.09%", "2007-03-31": "24.03%", "2006-12-31": "24.60%", "2006-09-30": "22.77%", "2006-06-30": "22.04%", "2006-03-31": "21.42%", "2005-12-31": "20.85%"}, "net profit margin": {"2020-09-30": "-20.88%", "2020-06-30": "-56.08%", "2020-03-31": "-36.32%", "2019-12-31": "-42.64%", "2019-09-30": "-52.52%", "2019-06-30": "-3.97%", "2019-03-31": "-1.10%", "2018-12-31": "7.76%", "2018-09-30": "10.51%", "2018-06-30": "10.45%", "2018-03-31": "10.06%", "2017-12-31": "9.86%", "2017-09-30": "7.78%", "2017-06-30": "8.81%", "2017-03-31": "9.55%", "2016-12-31": "10.21%", "2016-09-30": "10.99%", "2016-06-30": "11.17%", "2016-03-31": "11.61%", "2015-12-31": "12.12%", "2015-09-30": "12.35%", "2015-06-30": "12.61%", "2015-03-31": "12.81%", "2014-12-31": "12.99%", "2014-09-30": "13.07%", "2014-06-30": "13.09%", "2014-03-31": "13.04%", "2013-12-31": "13.00%", "2013-09-30": "12.97%", "2013-06-30": "12.96%", "2013-03-31": "13.07%", "2012-12-31": "13.26%", "2012-09-30": "13.31%", "2012-06-30": "13.35%", "2012-03-31": "13.51%", "2011-12-31": "13.66%", "2011-09-30": "13.73%", "2011-06-30": "14.46%", "2011-03-31": "14.41%", "2010-12-31": "14.42%", "2010-09-30": "14.49%", "2010-06-30": "13.74%", "2010-03-31": "13.59%", "2009-12-31": "13.59%", "2009-09-30": "13.09%", "2009-06-30": "12.87%", "2009-03-31": "13.04%", "2008-12-31": "15.81%", "2008-09-30": "16.75%", "2008-06-30": "17.63%", "2008-03-31": "18.17%", "2007-12-31": "15.59%", "2007-09-30": "15.51%", "2007-06-30": "15.23%", "2007-03-31": "15.22%", "2006-12-31": "15.28%", "2006-09-30": "13.71%", "2006-06-30": "13.47%", "2006-03-31": "13.19%", "2005-12-31": "12.92%"}, "pe ratio": {"current": "15.21", "2021-02-05": "0.00", "2020-09-30": "0.00", "2020-06-30": "0.00", "2020-03-31": "0.00", "2019-12-31": "0.00", "2019-09-30": "0.00", "2019-06-30": "0.00", "2019-03-31": "0.00", "2018-12-31": "11.26", "2018-09-30": "12.58", "2018-06-30": "11.70", "2018-03-31": "15.71", "2017-12-31": "15.49", "2017-09-30": "15.24", "2017-06-30": "19.10", "2017-03-31": "20.65", "2016-12-31": "19.05", "2016-09-30": "18.15", "2016-06-30": "20.23", "2016-03-31": "18.00", "2015-12-31": "20.02", "2015-09-30": "22.07", "2015-06-30": "21.99", "2015-03-31": "22.24", "2014-12-31": "20.85", "2014-09-30": "17.92", "2014-06-30": "19.65", "2014-03-31": "21.71", "2013-12-31": "19.24", "2013-09-30": "18.91", "2013-06-30": "17.92", "2013-03-31": "18.07", "2012-12-31": "16.43", "2012-09-30": "15.81", "2012-06-30": "14.97", "2012-03-31": "16.49", "2011-12-31": "16.11", "2011-09-30": "14.24", "2011-06-30": "16.04", "2011-03-31": "15.17", "2010-12-31": "15.80", "2010-09-30": "12.66", "2010-06-30": "14.08", "2010-03-31": "15.15", "2009-12-31": "15.94", "2009-09-30": "15.47", "2009-06-30": "12.65", "2009-03-31": "9.27", "2008-12-31": "8.85", "2008-09-30": "15.10", "2008-06-30": "13.87", "2008-03-31": "19.31", "2007-12-31": "23.83", "2007-09-30": "24.50", "2007-06-30": "21.29", "2007-03-31": "22.38", "2006-12-31": "19.33"}, "price sales": {"2021-02-05": "0.62", "2020-09-30": "0.39", "2020-06-30": "0.41", "2020-03-31": "0.28", "2019-12-31": "0.67", "2019-09-30": "0.71", "2019-06-30": "0.71", "2019-03-31": "0.71", "2018-12-31": "0.88", "2018-09-30": "1.32", "2018-06-30": "1.23", "2018-03-31": "1.58", "2017-12-31": "1.53", "2017-09-30": "1.19", "2017-06-30": "1.68", "2017-03-31": "1.98", "2016-12-31": "1.95", "2016-09-30": "2.00", "2016-06-30": "2.26", "2016-03-31": "2.09", "2015-12-31": "2.42", "2015-09-30": "2.73", "2015-06-30": "2.77", "2015-03-31": "2.85", "2014-12-31": "2.71", "2014-09-30": "2.34", "2014-06-30": "2.56", "2014-03-31": "2.82", "2013-12-31": "2.50", "2013-09-30": "2.46", "2013-06-30": "2.32", "2013-03-31": "2.36", "2012-12-31": "2.17", "2012-09-30": "2.10", "2012-06-30": "2.00", "2012-03-31": "2.24", "2011-12-31": "2.21", "2011-09-30": "1.95", "2011-06-30": "2.32", "2011-03-31": "2.19", "2010-12-31": "2.28", "2010-09-30": "1.84", "2010-06-30": "1.94", "2010-03-31": "2.06", "2009-12-31": "2.16", "2009-09-30": "2.04", "2009-06-30": "1.64", "2009-03-31": "1.22", "2008-12-31": "1.41", "2008-09-30": "2.54", "2008-06-30": "2.45", "2008-03-31": "3.52", "2007-12-31": "3.72", "2007-09-30": "3.78", "2007-06-30": "3.24", "2007-03-31": "3.42", "2006-12-31": "3.00"}, "price book": {"current": "2.74", "2021-02-05": "2.75", "2020-09-30": "1.73", "2020-06-30": "1.77", "2020-03-31": "0.67", "2019-12-31": "1.56", "2019-09-30": "1.29", "2019-06-30": "0.78", "2019-03-31": "0.84", "2018-12-31": "0.94", "2018-09-30": "1.38", "2018-06-30": "1.27", "2018-03-31": "1.67", "2017-12-31": "1.63", "2017-09-30": "1.38", "2017-06-30": "1.99", "2017-03-31": "2.33", "2016-12-31": "2.26", "2016-09-30": "2.32", "2016-06-30": "2.65", "2016-03-31": "2.44", "2015-12-31": "2.76", "2015-09-30": "3.09", "2015-06-30": "3.14", "2015-03-31": "3.21", "2014-12-31": "2.80", "2014-09-30": "2.20", "2014-06-30": "2.42", "2014-03-31": "2.67", "2013-12-31": "2.31", "2013-09-30": "2.26", "2013-06-30": "2.11", "2013-03-31": "2.14", "2012-12-31": "1.95", "2012-09-30": "1.90", "2012-06-30": "1.82", "2012-03-31": "2.03", "2011-12-31": "2.04", "2011-09-30": "1.84", "2011-06-30": "2.21", "2011-03-31": "2.13", "2010-12-31": "2.23", "2010-09-30": "1.85", "2010-06-30": "2.04", "2010-03-31": "2.21", "2009-12-31": "2.37", "2009-09-30": "2.29", "2009-06-30": "1.85", "2009-03-31": "1.34", "2008-12-31": "1.50", "2008-09-30": "2.68", "2008-06-30": "2.56", "2008-03-31": "3.42", "2007-12-31": "3.44", "2007-09-30": "3.39", "2007-06-30": "2.88", "2007-03-31": "3.12", "2006-12-31": "2.76", "2006-09-30": "2.69", "2006-06-30": "2.82", "2006-03-31": "3.31"}, "price fcf": {"2021-02-05": "", "2020-09-30": "$3.59", "2020-06-30": "$3.48", "2020-03-31": "$2.56", "2019-12-31": "$3.77", "2019-09-30": "$3.83", "2019-06-30": "$3.36", "2019-03-31": "$3.41", "2018-12-31": "$2.83", "2018-09-30": "$3.67", "2018-06-30": "$4.24", "2018-03-31": "$4.27", "2017-12-31": "$5.22", "2017-09-30": "$4.35", "2017-06-30": "$4.31", "2017-03-31": "$4.45", "2016-12-31": "$4.34", "2016-09-30": "$4.08", "2016-06-30": "$3.83", "2016-03-31": "$3.79", "2015-12-31": "$3.64", "2015-09-30": "$4.34", "2015-06-30": "$4.14", "2015-03-31": "$3.97", "2014-12-31": "$4.05", "2014-09-30": "$3.68", "2014-06-30": "$3.65", "2014-03-31": "$3.55", "2013-12-31": "$3.86", "2013-09-30": "$3.52", "2013-06-30": "$3.31", "2013-03-31": "$3.25", "2012-12-31": "$3.12", "2012-09-30": "$3.00", "2012-06-30": "$2.65", "2012-03-31": "$2.46", "2011-12-31": "$2.45", "2011-09-30": "$2.43", "2011-06-30": "$2.54", "2011-03-31": "$2.53", "2010-12-31": "$2.40", "2010-09-30": "$2.28", "2010-06-30": "$2.31", "2010-03-31": "$2.24", "2009-12-31": "$2.44", "2009-09-30": "$1.65", "2009-06-30": "$1.42", "2009-03-31": "$1.12", "2008-12-31": "$1.76", "2008-09-30": "$2.67", "2008-06-30": "$2.40", "2008-03-31": "$2.47", "2007-12-31": "$1.80", "2007-09-30": "$1.60", "2007-06-30": "$1.49", "2007-03-31": "$1.52", "2006-12-31": "$1.73"}, "net worth": {"value": "$2.21B"}, "current ratio": {"2020-09-30": "3.38", "2020-06-30": "1.79", "2020-03-31": "2.72", "2019-12-31": "1.35", "2019-09-30": "1.93", "2019-06-30": "2.24", "2019-03-31": "2.55", "2018-12-31": "1.31", "2018-09-30": "1.44", "2018-06-30": "1.52", "2018-03-31": "1.74", "2017-12-31": "1.18", "2017-09-30": "1.37", "2017-06-30": "1.59", "2017-03-31": "1.71", "2016-12-31": "1.31", "2016-09-30": "1.39", "2016-06-30": "1.65", "2016-03-31": "1.76", "2015-12-31": "1.23", "2015-09-30": "1.42", "2015-06-30": "1.69", "2015-03-31": "1.79", "2014-12-31": "1.12", "2014-09-30": "1.46", "2014-06-30": "1.55", "2014-03-31": "1.78", "2013-12-31": "1.13", "2013-09-30": "1.36", "2013-06-30": "1.73", "2013-03-31": "2.07", "2012-12-31": "1.34", "2012-09-30": "1.65", "2012-06-30": "1.73", "2012-03-31": "2.09", "2011-12-31": "1.33", "2011-09-30": "1.55", "2011-06-30": "1.75", "2011-03-31": "1.95", "2010-12-31": "1.34", "2010-09-30": "1.07", "2010-06-30": "1.05", "2010-03-31": "1.15", "2009-12-31": "0.84", "2009-09-30": "0.83", "2009-06-30": "1.01", "2009-03-31": "1.15", "2008-12-31": "0.90", "2008-09-30": "0.95", "2008-06-30": "1.11", "2008-03-31": "1.26", "2007-12-31": "1.38", "2007-09-30": "1.30", "2007-06-30": "1.90", "2007-03-31": "1.88", "2006-12-31": "1.36", "2006-09-30": "1.28", "2006-06-30": "1.13", "2006-03-31": "1.27", "2005-12-31": "0.93", "2005-09-30": "1.06", "2005-06-30": "1.25", "2005-03-31": "1.43"}, "quick ratio": {"2020-09-30": "0.00", "2020-06-30": "0.00", "2020-03-31": "0.00", "2019-12-31": "0.00", "2019-09-30": "0.00", "2019-06-30": "0.00", "2019-03-31": "0.00", "2018-12-31": "0.00", "2018-09-30": "0.00", "2018-06-30": "0.00", "2018-03-31": "0.00", "2017-12-31": "0.00", "2017-09-30": "0.00", "2017-06-30": "0.00", "2017-03-31": "0.00", "2016-12-31": "0.00", "2016-09-30": "0.00", "2016-06-30": "0.00", "2016-03-31": "0.00", "2015-12-31": "0.00", "2015-09-30": "0.00", "2015-06-30": "0.00", "2015-03-31": "0.00", "2014-12-31": "0.00", "2014-09-30": "0.00", "2014-06-30": "0.00", "2014-03-31": "0.00", "2013-12-31": "0.00", "2013-09-30": "0.00", "2013-06-30": "0.00", "2013-03-31": "0.00", "2012-12-31": "0.00", "2012-09-30": "0.00", "2012-06-30": "0.00", "2012-03-31": "0.00", "2011-12-31": "0.00", "2011-09-30": "0.00", "2011-06-30": "0.00", "2011-03-31": "0.00", "2010-12-31": "0.00", "2010-09-30": "0.00", "2010-06-30": "0.00", "2010-03-31": "0.00", "2009-12-31": "0.00", "2009-09-30": "0.00", "2009-06-30": "0.00", "2009-03-31": "0.00", "2008-12-31": "0.00", "2008-09-30": "0.00", "2008-06-30": "0.00", "2008-03-31": "0.00", "2007-12-31": "0.00", "2007-09-30": "0.00", "2007-06-30": "0.00", "2007-03-31": "0.00", "2006-12-31": "0.00", "2006-09-30": "0.00", "2006-06-30": "0.00", "2006-03-31": "0.00", "2005-12-31": "0.00", "2005-09-30": "0.00", "2005-06-30": "0.00", "2005-03-31": "0.00"}, "debt equity ratio": {"current": "2.16", "2020-09-30": "3.25", "2020-06-30": "3.10", "2020-03-31": "1.90", "2019-12-31": "1.77", "2019-09-30": "1.90", "2019-06-30": "1.07", "2019-03-31": "1.05", "2018-12-31": "0.92", "2018-09-30": "0.94", "2018-06-30": "0.84", "2018-03-31": "0.87", "2017-12-31": "0.91", "2017-09-30": "0.95", "2017-06-30": "0.91", "2017-03-31": "0.96", "2016-12-31": "0.93", "2016-09-30": "1.00", "2016-06-30": "0.87", "2016-03-31": "0.88", "2015-12-31": "0.87", "2015-09-30": "0.95", "2015-06-30": "0.93", "2015-03-31": "0.73", "2014-12-31": "0.59", "2014-09-30": "0.39", "2014-06-30": "0.32", "2014-03-31": "0.34", "2013-12-31": "0.28", "2013-09-30": "0.33", "2013-06-30": "0.32", "2013-03-31": "0.33", "2012-12-31": "0.35", "2012-09-30": "0.30", "2012-06-30": "0.26", "2012-03-31": "0.29", "2011-12-31": "0.31", "2011-09-30": "0.31", "2011-06-30": "0.30", "2011-03-31": "0.37", "2010-12-31": "0.41", "2010-09-30": "0.31", "2010-06-30": "0.35", "2010-03-31": "0.41", "2009-12-31": "0.42", "2009-09-30": "0.48", "2009-06-30": "0.50", "2009-03-31": "0.51", "2008-12-31": "0.55", "2008-09-30": "0.56", "2008-06-30": "0.40", "2008-03-31": "0.30", "2007-12-31": "0.36", "2007-09-30": "0.31", "2007-06-30": "0.27", "2007-03-31": "0.25", "2006-12-31": "0.31", "2006-09-30": "0.27", "2006-06-30": "0.27", "2006-03-31": "0.28", "2005-12-31": "0.32", "2005-09-30": "0.27", "2005-06-30": "0.31", "2005-03-31": "0.37"}, "return on equity": {"2020-09-30": "-62.62%", "2020-06-30": "-146.49%", "2020-03-31": "-70.88%", "2019-12-31": "-70.64%", "2019-09-30": "-57.47%", "2019-06-30": "-4.31%", "2019-03-31": "-1.26%", "2018-12-31": "8.62%", "2018-09-30": "11.09%", "2018-06-30": "11.18%", "2018-03-31": "11.00%", "2017-12-31": "11.09%", "2017-09-30": "9.33%", "2017-06-30": "10.66%", "2017-03-31": "11.61%", "2016-12-31": "12.44%", "2016-09-30": "13.43%", "2016-06-30": "13.65%", "2016-03-31": "14.22%", "2015-12-31": "14.80%", "2015-09-30": "14.86%", "2015-06-30": "14.37%", "2015-03-31": "13.86%", "2014-12-31": "13.37%", "2014-09-30": "12.89%", "2014-06-30": "12.88%", "2014-03-31": "12.74%", "2013-12-31": "12.62%", "2013-09-30": "12.46%", "2013-06-30": "12.36%", "2013-03-31": "12.46%", "2012-12-31": "12.60%", "2012-09-30": "12.68%", "2012-06-30": "12.75%", "2012-03-31": "12.98%", "2011-12-31": "13.38%", "2011-09-30": "13.73%", "2011-06-30": "14.60%", "2011-03-31": "14.86%", "2010-12-31": "15.08%", "2010-09-30": "15.53%", "2010-06-30": "15.27%", "2010-03-31": "15.56%", "2009-12-31": "16.02%", "2009-09-30": "15.83%", "2009-06-30": "15.51%", "2009-03-31": "15.62%", "2008-12-31": "18.33%", "2008-09-30": "18.58%", "2008-06-30": "18.79%", "2008-03-31": "18.37%", "2007-12-31": "15.32%", "2007-09-30": "14.72%", "2007-06-30": "14.64%", "2007-03-31": "14.96%", "2006-12-31": "15.25%", "2006-09-30": "13.94%", "2006-06-30": "13.59%", "2006-03-31": "13.37%", "2005-12-31": "13.37%"}, "return on assets": {"2020-09-30": "-18.93%", "2020-06-30": "-48.02%", "2020-03-31": "-27.70%", "2019-12-31": "-30.29%", "2019-09-30": "-26.83%", "2019-06-30": "-2.16%", "2019-03-31": "-0.65%", "2018-12-31": "4.56%", "2018-09-30": "5.87%", "2018-06-30": "5.91%", "2018-03-31": "5.76%", "2017-12-31": "5.74%", "2017-09-30": "4.81%", "2017-06-30": "5.47%", "2017-03-31": "5.98%", "2016-12-31": "6.47%", "2016-09-30": "7.05%", "2016-06-30": "7.22%", "2016-03-31": "7.47%", "2015-12-31": "7.92%", "2015-09-30": "8.26%", "2015-06-30": "8.72%", "2015-03-31": "9.26%", "2014-12-31": "9.49%", "2014-09-30": "9.65%", "2014-06-30": "9.75%", "2014-03-31": "9.65%", "2013-12-31": "9.60%", "2013-09-30": "9.36%", "2013-06-30": "9.34%", "2013-03-31": "9.52%", "2012-12-31": "9.68%", "2012-09-30": "9.83%", "2012-06-30": "9.86%", "2012-03-31": "9.94%", "2011-12-31": "10.10%", "2011-09-30": "10.20%", "2011-06-30": "10.83%", "2011-03-31": "10.91%", "2010-12-31": "11.01%", "2010-09-30": "11.33%", "2010-06-30": "10.82%", "2010-03-31": "10.74%", "2009-12-31": "10.86%", "2009-09-30": "10.49%", "2009-06-30": "10.14%", "2009-03-31": "10.35%", "2008-12-31": "12.60%", "2008-09-30": "13.23%", "2008-06-30": "13.99%", "2008-03-31": "14.02%", "2007-12-31": "11.80%", "2007-09-30": "11.45%", "2007-06-30": "11.50%", "2007-03-31": "11.75%", "2006-12-31": "11.90%", "2006-09-30": "10.87%", "2006-06-30": "10.59%", "2006-03-31": "10.34%", "2005-12-31": "10.19%"}, "return on investments": {"2020-09-30": "-42.05%", "2020-06-30": "-38.28%", "2020-03-31": "-31.94%", "2019-12-31": "-27.79%", "2019-09-30": "6.42%", "2019-06-30": "7.01%", "2019-03-31": "8.18%", "2018-12-31": "8.52%", "2018-09-30": "8.49%", "2018-06-30": "9.06%", "2018-03-31": "9.29%", "2017-12-31": "9.65%", "2017-09-30": "10.81%", "2017-06-30": "11.55%", "2017-03-31": "12.53%", "2016-12-31": "13.51%", "2016-09-30": "14.33%", "2016-06-30": "14.87%", "2016-03-31": "14.97%", "2015-12-31": "15.49%", "2015-09-30": "16.20%", "2015-06-30": "16.97%", "2015-03-31": "18.00%", "2014-12-31": "18.33%", "2014-09-30": "18.47%", "2014-06-30": "18.69%", "2014-03-31": "18.72%", "2013-12-31": "18.78%", "2013-09-30": "18.04%", "2013-06-30": "18.07%", "2013-03-31": "18.22%", "2012-12-31": "18.77%", "2012-09-30": "19.51%", "2012-06-30": "19.64%", "2012-03-31": "19.86%", "2011-12-31": "19.96%", "2011-09-30": "19.81%", "2011-06-30": "20.31%", "2011-03-31": "20.93%", "2010-12-31": "21.62%", "2010-09-30": "22.93%", "2010-06-30": "23.45%", "2010-03-31": "23.59%", "2009-12-31": "23.89%", "2009-09-30": "23.38%", "2009-06-30": "22.56%", "2009-03-31": "22.90%", "2008-12-31": "23.87%", "2008-09-30": "24.65%", "2008-06-30": "25.62%", "2008-03-31": "24.94%", "2007-12-31": "23.66%", "2007-09-30": "22.41%", "2007-06-30": "22.58%", "2007-03-31": "23.26%", "2006-12-31": "24.00%", "2006-09-30": "22.70%", "2006-06-30": "21.92%", "2006-03-31": "21.18%", "2005-12-31": "20.71%"}, "return on tangible equity": {"2020-09-30": "77.39%", "2020-06-30": "173.46%", "2020-03-31": "111.73%", "2019-12-31": "128.56%", "2019-09-30": "97.46%", "2019-06-30": "7.83%", "2019-03-31": "2.34%", "2018-12-31": "-16.02%", "2018-09-30": "-18.95%", "2018-06-30": "-19.06%", "2018-03-31": "-18.17%", "2017-12-31": "-17.59%", "2017-09-30": "-14.62%", "2017-06-30": "-16.37%", "2017-03-31": "-18.28%", "2016-12-31": "-20.47%", "2016-09-30": "-22.85%", "2016-06-30": "-26.03%", "2016-03-31": "-28.73%", "2015-12-31": "-33.61%", "2015-09-30": "-39.44%", "2015-06-30": "-52.17%", "2015-03-31": "-76.94%", "2014-12-31": "-112.81%", "2014-09-30": "-264.38%", "2014-06-30": "-276.85%", "2014-03-31": "-288.28%", "2013-12-31": "-361.29%", "2013-09-30": "-274.55%", "2013-06-30": "-393.85%", "2013-03-31": "-840.68%", "2012-12-31": "-2921.21%", "2012-09-30": "1150.62%", "2012-06-30": "1764.71%", "2012-03-31": "-2444.44%", "2011-12-31": "-516.67%", "2011-09-30": "-278.43%", "2011-06-30": "-342.86%", "2011-03-31": "-315.47%", "2010-12-31": "-339.50%", "2010-09-30": "-482.93%", "2010-06-30": "-233.44%", "2010-03-31": "-172.53%", "2009-12-31": "-149.25%", "2009-09-30": "-118.84%", "2009-06-30": "-99.67%", "2009-03-31": "-115.75%", "2008-12-31": "-216.67%", "2008-09-30": "-1395.92%", "2008-06-30": "348.00%", "2008-03-31": "178.81%", "2007-12-31": "130.59%", "2007-09-30": "123.50%", "2007-06-30": "119.72%", "2007-03-31": "162.06%", "2006-12-31": "240.00%", "2006-09-30": "381.98%", "2006-06-30": "557.75%", "2006-03-31": "1200.00%", "2005-12-31": "-35200.00%"}, "dividend yield history": {"last payout": "$0.00", "last yield": "0.00%"}}