{"ticker": "MDT", "price": {"title": "Medtronic Historical Annual Stock Price Data", "value": 118.4, "historical": {"2021": {"Average Stock Price": "116.4929", "Year Open": "116.0200", "Year High": "119.7100", "Year Low": "111.1800", "Year Close": "118.4000", "Annual % Change": "1.08%"}, "2020": {"Average Stock Price": "103.2013", "Year Open": "114.5600", "Year High": "121.3000", "Year Low": "72.9200", "Year Close": "117.1400", "Annual % Change": "3.25%"}, "2019": {"Average Stock Price": "98.8575", "Year Open": "87.9200", "Year High": "114.5400", "Year Low": "82.4500", "Year Close": "113.4500", "Annual % Change": "24.73%"}, "2018": {"Average Stock Price": "88.0037", "Year Open": "82.2100", "Year High": "99.4900", "Year Low": "76.5500", "Year Close": "90.9600", "Annual % Change": "12.64%"}, "2017": {"Average Stock Price": "81.4002", "Year Open": "70.6100", "Year High": "89.3000", "Year Low": "70.6100", "Year Close": "80.7500", "Annual % Change": "13.37%"}, "2016": {"Average Stock Price": "80.5407", "Year Open": "75.7700", "Year High": "88.9200", "Year Low": "71.2300", "Year Close": "71.2300", "Annual % Change": "-7.40%"}, "2015": {"Average Stock Price": "75.2705", "Year Open": "71.8800", "Year High": "79.2500", "Year Low": "64.5200", "Year Close": "76.9200", "Annual % Change": "6.54%"}, "2014": {"Average Stock Price": "63.0767", "Year Open": "57.2400", "Year High": "75.5700", "Year Low": "53.6000", "Year Close": "72.2000", "Annual % Change": "25.81%"}, "2013": {"Average Stock Price": "51.4512", "Year Open": "41.8800", "Year High": "58.8400", "Year Low": "41.8800", "Year Close": "57.3900", "Annual % Change": "39.91%"}, "2012": {"Average Stock Price": "39.8254", "Year Open": "38.6900", "Year High": "44.6700", "Year Low": "35.8900", "Year Close": "41.0200", "Annual % Change": "7.24%"}, "2011": {"Average Stock Price": "37.0162", "Year Open": "37.4100", "Year High": "43.2000", "Year Low": "30.4100", "Year Close": "38.2500", "Annual % Change": "3.13%"}, "2010": {"Average Stock Price": "38.8992", "Year Open": "43.9000", "Year High": "46.0300", "Year Low": "31.2100", "Year Close": "37.0900", "Annual % Change": "-15.67%"}, "2009": {"Average Stock Price": "35.0640", "Year Open": "32.6100", "Year High": "44.9000", "Year Low": "24.3800", "Year Close": "43.9800", "Annual % Change": "39.97%"}, "2008": {"Average Stock Price": "46.9104", "Year Open": "49.5000", "Year High": "56.5500", "Year Low": "28.6700", "Year Close": "31.4200", "Annual % Change": "-37.50%"}, "2007": {"Average Stock Price": "51.8194", "Year Open": "52.5700", "Year High": "57.8600", "Year Low": "45.2500", "Year Close": "50.2700", "Annual % Change": "-6.05%"}, "2006": {"Average Stock Price": "50.5995", "Year Open": "57.8500", "Year High": "59.5400", "Year Low": "42.4700", "Year Close": "53.5100", "Annual % Change": "-7.05%"}, "2005": {"Average Stock Price": "53.8588", "Year Open": "49.4300", "Year High": "58.4900", "Year Low": "48.7500", "Year Close": "57.5700", "Annual % Change": "15.90%"}, "2004": {"Average Stock Price": "49.4850", "Year Open": "48.4200", "Year High": "53.2800", "Year Low": "46.4000", "Year Close": "49.6700", "Annual % Change": "2.18%"}, "2003": {"Average Stock Price": "47.2950", "Year Open": "46.6800", "Year High": "52.6500", "Year Low": "43.1000", "Year Close": "48.6100", "Annual % Change": "6.60%"}, "2002": {"Average Stock Price": "44.4114", "Year Open": "50.0000", "Year High": "50.0000", "Year Low": "33.7400", "Year Close": "45.6000", "Annual % Change": "-10.95%"}, "2001": {"Average Stock Price": "46.3823", "Year Open": "59.5000", "Year High": "59.5000", "Year Low": "38.9900", "Year Close": "51.2100", "Annual % Change": "-15.19%"}, "2000": {"Average Stock Price": "51.2891", "Year Open": "34.2500", "Year High": "61.0000", "Year Low": "34.2500", "Year Close": "60.3800", "Annual % Change": "65.70%"}, "1999": {"Average Stock Price": "36.4234", "Year Open": "36.5300", "Year High": "44.0650", "Year Low": "31.3150", "Year Close": "36.4400", "Annual % Change": "-1.88%"}, "1998": {"Average Stock Price": "29.0932", "Year Open": "25.0300", "Year High": "38.3450", "Year Low": "22.8150", "Year Close": "37.1400", "Annual % Change": "41.49%"}, "1997": {"Average Stock Price": "20.4302", "Year Open": "16.8450", "Year High": "26.2500", "Year Low": "14.5950", "Year Close": "26.2500", "Annual % Change": "54.41%"}, "1996": {"Average Stock Price": "14.3986", "Year Open": "13.0000", "Year High": "17.2200", "Year Low": "11.7813", "Year Close": "17.0000", "Annual % Change": "21.69%"}, "1995": {"Average Stock Price": "10.4658", "Year Open": "6.7038", "Year High": "14.9700", "Year Low": "6.6563", "Year Close": "13.9700", "Annual % Change": "100.90%"}, "1994": {"Average Stock Price": "5.5699", "Year Open": "5.1563", "Year High": "6.9538", "Year Low": "4.4063", "Year Close": "6.9538", "Annual % Change": "35.49%"}, "1993": {"Average Stock Price": "4.4903", "Year Open": "5.9219", "Year High": "5.9219", "Year Low": "3.3281", "Year Close": "5.1325", "Annual % Change": "-13.78%"}, "1992": {"Average Stock Price": "5.2527", "Year Open": "5.8125", "Year High": "6.4688", "Year Low": "4.0075", "Year Close": "5.9531", "Annual % Change": "1.33%"}, "1991": {"Average Stock Price": "3.9064", "Year Open": "2.6291", "Year High": "5.8750", "Year Low": "2.4766", "Year Close": "5.8750", "Annual % Change": "117.97%"}, "1990": {"Average Stock Price": "2.3505", "Year Open": "2.0469", "Year High": "2.8594", "Year Low": "1.8594", "Year Close": "2.6953", "Annual % Change": "31.44%"}, "1989": {"Average Stock Price": "1.6380", "Year Open": "1.2169", "Year High": "2.1834", "Year Low": "1.2169", "Year Close": "2.0506", "Annual % Change": "69.08%"}, "1988": {"Average Stock Price": "1.2848", "Year Open": "1.4922", "Year High": "1.5547", "Year Low": "1.0898", "Year Close": "1.2128", "Annual % Change": "-16.87%"}, "1987": {"Average Stock Price": "1.4099", "Year Open": "1.2070", "Year High": "1.6914", "Year Low": "1.0313", "Year Close": "1.4589", "Annual % Change": "21.46%"}, "1986": {"Average Stock Price": "1.1154", "Year Open": "0.6758", "Year High": "1.4219", "Year Low": "0.6758", "Year Close": "1.2011", "Annual % Change": "76.71%"}, "1985": {"Average Stock Price": "0.5339", "Year Open": "0.4219", "Year High": "0.6875", "Year Low": "0.3984", "Year Close": "0.6797", "Annual % Change": "61.10%"}, "1984": {"Average Stock Price": "0.4720", "Year Open": "0.6719", "Year High": "0.6797", "Year Low": "0.3945", "Year Close": "0.4219", "Annual % Change": "-34.93%"}, "1983": {"Average Stock Price": "0.7638", "Year Open": "0.8419", "Year High": "0.9258", "Year Low": "0.6328", "Year Close": "0.6484", "Annual % Change": "-22.61%"}, "1982": {"Average Stock Price": "0.6561", "Year Open": "0.6055", "Year High": "0.8750", "Year Low": "0.5313", "Year Close": "0.8378", "Annual % Change": "39.70%"}}}, "market cap": {"value": "$159.37B"}, "income statement": {"Revenue": {"2020-04-30": "28913.00000", "2019-04-30": "30557.00000", "2018-04-30": "29953.00000", "2017-04-30": "29710.00000", "2016-04-30": "28833.00000", "2015-04-30": "20261.00000", "2014-04-30": "17005.00000", "2013-04-30": "16590.00000", "2012-04-30": "16184.00000", "2011-04-30": "15508.00000", "2010-04-30": "15392.00000", "2009-04-30": "14599.00000", "2008-04-30": "13515.00000", "2007-04-30": "12299.00000", "2006-04-30": "11292.00000", "2005-04-30": "10055.00000"}, "Cost Of Goods Sold": {"2020-04-30": "9424.00000", "2019-04-30": "9155.00000", "2018-04-30": "9067.00000", "2017-04-30": "9294.00000", "2016-04-30": "9142.00000", "2015-04-30": "6309.00000", "2014-04-30": "4333.00000", "2013-04-30": "4126.00000", "2012-04-30": "3889.00000", "2011-04-30": "3700.00000", "2010-04-30": "3582.00000", "2009-04-30": "3518.00000", "2008-04-30": "3446.00000", "2007-04-30": "3168.00000", "2006-04-30": "2815.00000", "2005-04-30": "2446.00000"}, "Gross Profit": {"2020-04-30": "19489.00000", "2019-04-30": "21402.00000", "2018-04-30": "20886.00000", "2017-04-30": "20416.00000", "2016-04-30": "19691.00000", "2015-04-30": "13952.00000", "2014-04-30": "12672.00000", "2013-04-30": "12464.00000", "2012-04-30": "12295.00000", "2011-04-30": "11808.00000", "2010-04-30": "11810.00000", "2009-04-30": "11081.00000", "2008-04-30": "10069.00000", "2007-04-30": "9131.00000", "2006-04-30": "8477.00000", "2005-04-30": "7609.00000"}, "Research And Development Expenses": {"2020-04-30": "2331.00000", "2019-04-30": "2330.00000", "2018-04-30": "2256.00000", "2017-04-30": "2193.00000", "2016-04-30": "2224.00000", "2015-04-30": "1640.00000", "2014-04-30": "1477.00000", "2013-04-30": "1557.00000", "2012-04-30": "1490.00000", "2011-04-30": "1472.00000", "2010-04-30": "1424.00000", "2009-04-30": "1355.00000", "2008-04-30": "1275.00000", "2007-04-30": "1239.00000", "2006-04-30": "1113.00000", "2005-04-30": "951.00000"}, "SG&A Expenses": {"2020-04-30": "10109.00000", "2019-04-30": "10418.00000", "2018-04-30": "10238.00000", "2017-04-30": "10018.00000", "2016-04-30": "9469.00000", "2015-04-30": "6904.00000", "2014-04-30": "5847.00000", "2013-04-30": "5698.00000", "2012-04-30": "5623.00000", "2011-04-30": "5427.00000", "2010-04-30": "5282.00000", "2009-04-30": "5152.00000", "2008-04-30": "4707.00000", "2007-04-30": "4153.00000", "2006-04-30": "3659.00000", "2005-04-30": "3214.00000"}, "Other Operating Income Or Expenses": {"2020-04-30": "-71.00000", "2019-04-30": "-258.00000", "2018-04-30": "162.00000", "2017-04-30": "-239.00000", "2016-04-30": "-107.00000", "2015-04-30": "-80.00000", "2014-04-30": "-221.00000", "2013-04-30": "", "2012-04-30": "", "2011-04-30": "", "2010-04-30": "", "2009-04-30": "", "2008-04-30": "", "2007-04-30": "", "2006-04-30": "", "2005-04-30": ""}, "Operating Expenses": {"2020-04-30": "24122.00000", "2019-04-30": "24289.00000", "2018-04-30": "23313.00000", "2017-04-30": "24327.00000", "2016-04-30": "23472.00000", "2015-04-30": "16495.00000", "2014-04-30": "13192.00000", "2013-04-30": "11835.00000", "2012-04-30": "11436.00000", "2011-04-30": "11211.00000", "2010-04-30": "10678.00000", "2009-04-30": "10766.00000", "2008-04-30": "9859.00000", "2007-04-30": "8588.00000", "2006-04-30": "7951.00000", "2005-04-30": "6611.00000"}, "Operating Income": {"2020-04-30": "4791.00000", "2019-04-30": "6268.00000", "2018-04-30": "6640.00000", "2017-04-30": "5383.00000", "2016-04-30": "5361.00000", "2015-04-30": "3766.00000", "2014-04-30": "3813.00000", "2013-04-30": "4755.00000", "2012-04-30": "4748.00000", "2011-04-30": "4297.00000", "2010-04-30": "4714.00000", "2009-04-30": "3833.00000", "2008-04-30": "3656.00000", "2007-04-30": "3711.00000", "2006-04-30": "3341.00000", "2005-04-30": "3444.00000"}, "Total Non-Operating Income/Expense": {"2020-04-30": "-736.00000", "2019-04-30": "-1071.00000", "2018-04-30": "-965.00000", "2017-04-30": "-781.00000", "2016-04-30": "-1025.00000", "2015-04-30": "-280.00000", "2014-04-30": "-108.00000", "2013-04-30": "-504.00000", "2012-04-30": "-603.00000", "2011-04-30": "-633.00000", "2010-04-30": "-770.00000", "2009-04-30": "-1393.00000", "2008-04-30": "-916.00000", "2007-04-30": "-196.00000", "2006-04-30": "-180.00000", "2005-04-30": "-900.00000"}, "Pre-Tax Income": {"2020-04-30": "4055.00000", "2019-04-30": "5197.00000", "2018-04-30": "5675.00000", "2017-04-30": "4602.00000", "2016-04-30": "4336.00000", "2015-04-30": "3486.00000", "2014-04-30": "3705.00000", "2013-04-30": "4251.00000", "2012-04-30": "4145.00000", "2011-04-30": "3664.00000", "2010-04-30": "3944.00000", "2009-04-30": "2440.00000", "2008-04-30": "2740.00000", "2007-04-30": "3515.00000", "2006-04-30": "3161.00000", "2005-04-30": "2544.00000"}, "Income Taxes": {"2020-04-30": "-751.00000", "2019-04-30": "547.00000", "2018-04-30": "2580.00000", "2017-04-30": "578.00000", "2016-04-30": "798.00000", "2015-04-30": "811.00000", "2014-04-30": "640.00000", "2013-04-30": "784.00000", "2012-04-30": "730.00000", "2011-04-30": "609.00000", "2010-04-30": "861.00000", "2009-04-30": "370.00000", "2008-04-30": "602.00000", "2007-04-30": "713.00000", "2006-04-30": "614.00000", "2005-04-30": "740.00000"}, "Income After Taxes": {"2020-04-30": "4806.00000", "2019-04-30": "4650.00000", "2018-04-30": "3095.00000", "2017-04-30": "4024.00000", "2016-04-30": "3538.00000", "2015-04-30": "2675.00000", "2014-04-30": "3065.00000", "2013-04-30": "3467.00000", "2012-04-30": "3415.00000", "2011-04-30": "3055.00000", "2010-04-30": "3083.00000", "2009-04-30": "2070.00000", "2008-04-30": "2138.00000", "2007-04-30": "2802.00000", "2006-04-30": "2547.00000", "2005-04-30": "1804.00000"}, "Other Income": {"2020-04-30": "", "2019-04-30": "", "2018-04-30": "", "2017-04-30": "", "2016-04-30": "", "2015-04-30": "", "2014-04-30": "", "2013-04-30": "", "2012-04-30": "", "2011-04-30": "", "2010-04-30": "", "2009-04-30": "", "2008-04-30": "", "2007-04-30": "", "2006-04-30": "", "2005-04-30": ""}, "Income From Continuous Operations": {"2020-04-30": "4806.00000", "2019-04-30": "4650.00000", "2018-04-30": "3095.00000", "2017-04-30": "4024.00000", "2016-04-30": "3538.00000", "2015-04-30": "2675.00000", "2014-04-30": "3065.00000", "2013-04-30": "3467.00000", "2012-04-30": "3415.00000", "2011-04-30": "3055.00000", "2010-04-30": "3083.00000", "2009-04-30": "2070.00000", "2008-04-30": "2138.00000", "2007-04-30": "2802.00000", "2006-04-30": "2547.00000", "2005-04-30": "1804.00000"}, "Income From Discontinued Operations": {"2020-04-30": "", "2019-04-30": "", "2018-04-30": "", "2017-04-30": "", "2016-04-30": "", "2015-04-30": "", "2014-04-30": "", "2013-04-30": "", "2012-04-30": "202.00000", "2011-04-30": "41.00000", "2010-04-30": "16.00000", "2009-04-30": "", "2008-04-30": "", "2007-04-30": "", "2006-04-30": "", "2005-04-30": ""}, "Net Income": {"2020-04-30": "4789.00000", "2019-04-30": "4631.00000", "2018-04-30": "3104.00000", "2017-04-30": "4028.00000", "2016-04-30": "3538.00000", "2015-04-30": "2675.00000", "2014-04-30": "3065.00000", "2013-04-30": "3467.00000", "2012-04-30": "3617.00000", "2011-04-30": "3096.00000", "2010-04-30": "3099.00000", "2009-04-30": "2070.00000", "2008-04-30": "2138.00000", "2007-04-30": "2802.00000", "2006-04-30": "2547.00000", "2005-04-30": "1804.00000"}, "EBITDA": {"2020-04-30": "7454.00000", "2019-04-30": "8927.00000", "2018-04-30": "9284.00000", "2017-04-30": "8300.00000", "2016-04-30": "8210.00000", "2015-04-30": "5148.00000", "2014-04-30": "4671.00000", "2013-04-30": "5678.00000", "2012-04-30": "5666.00000", "2011-04-30": "5272.00000", "2010-04-30": "5653.00000", "2009-04-30": "4686.00000", "2008-04-30": "4438.00000", "2007-04-30": "4294.00000", "2006-04-30": "3885.00000", "2005-04-30": "3907.00000"}, "EBIT": {"2020-04-30": "4791.00000", "2019-04-30": "6268.00000", "2018-04-30": "6640.00000", "2017-04-30": "5383.00000", "2016-04-30": "5361.00000", "2015-04-30": "3766.00000", "2014-04-30": "3813.00000", "2013-04-30": "4755.00000", "2012-04-30": "4748.00000", "2011-04-30": "4297.00000", "2010-04-30": "4714.00000", "2009-04-30": "3833.00000", "2008-04-30": "3656.00000", "2007-04-30": "3711.00000", "2006-04-30": "3341.00000", "2005-04-30": "3444.00000"}, "Basic Shares Outstanding": {"2020-04-30": "1340.70000", "2019-04-30": "1346.40000", "2018-04-30": "1356.70000", "2017-04-30": "1378.90000", "2016-04-30": "1409.60000", "2015-04-30": "1095.50000", "2014-04-30": "1002.10000", "2013-04-30": "1019.30000", "2012-04-30": "1053.90000", "2011-04-30": "1077.40000", "2010-04-30": "1106.30000", "2009-04-30": "1121.90000", "2008-04-30": "1133.00000", "2007-04-30": "1149.70000", "2006-04-30": "1204.50000", "2005-04-30": "1209.00000"}, "Shares Outstanding": {"2020-04-30": "1351.10000", "2019-04-30": "1357.50000", "2018-04-30": "1368.20000", "2017-04-30": "1391.40000", "2016-04-30": "1425.90000", "2015-04-30": "1109.00000", "2014-04-30": "1013.60000", "2013-04-30": "1027.50000", "2012-04-30": "1059.90000", "2011-04-30": "1081.70000", "2010-04-30": "1109.40000", "2009-04-30": "1126.30000", "2008-04-30": "1143.80000", "2007-04-30": "1161.80000", "2006-04-30": "1217.30000", "2005-04-30": "1220.80000"}, "Basic EPS": {"2020-04-30": "3.57000", "2019-04-30": "3.44000", "2018-04-30": "2.29000", "2017-04-30": "2.92000", "2016-04-30": "2.51000", "2015-04-30": "2.44000", "2014-04-30": "3.06000", "2013-04-30": "3.40000", "2012-04-30": "3.43000", "2011-04-30": "2.87000", "2010-04-30": "2.80000", "2009-04-30": "1.85000", "2008-04-30": "1.89000", "2007-04-30": "2.44000", "2006-04-30": "2.11000", "2005-04-30": "1.49000"}, "EPS - Earnings Per Share": {"2020-04-30": "3.54000", "2019-04-30": "3.41000", "2018-04-30": "2.27000", "2017-04-30": "2.89000", "2016-04-30": "2.48000", "2015-04-30": "2.41000", "2014-04-30": "3.02000", "2013-04-30": "3.37000", "2012-04-30": "3.41000", "2011-04-30": "2.86000", "2010-04-30": "2.79000", "2009-04-30": "1.84000", "2008-04-30": "1.87000", "2007-04-30": "2.41000", "2006-04-30": "2.09000", "2005-04-30": "1.48000"}}, "income statement, quarterly": {"Revenue": {"2020-10-31": "7647.00000", "2020-07-31": "6507.00000", "2020-04-30": "5997.00000", "2020-01-31": "7717.00000", "2019-10-31": "7706.00000", "2019-07-31": "7493.00000", "2019-04-30": "8146.00000", "2019-01-31": "7546.00000", "2018-10-31": "7481.00000", "2018-07-31": "7384.00000", "2018-04-30": "8144.00000", "2018-01-31": "7369.00000", "2017-10-31": "7050.00000", "2017-07-31": "7390.00000", "2017-04-30": "7916.00000", "2017-01-31": "7283.00000", "2016-10-31": "7345.00000", "2016-07-31": "7166.00000", "2016-04-30": "7567.00000", "2016-01-31": "6934.00000", "2015-10-31": "7058.00000", "2015-07-31": "7274.00000", "2015-04-30": "7304.00000", "2015-01-31": "4318.00000", "2014-10-31": "4366.00000", "2014-07-31": "4273.00000", "2014-04-30": "4565.00000", "2014-01-31": "4163.00000", "2013-10-31": "4194.00000", "2013-07-31": "4083.00000", "2013-04-30": "4460.00000", "2013-01-31": "4027.00000", "2012-10-31": "4095.00000", "2012-07-31": "4008.00000", "2012-04-30": "4297.00000", "2012-01-31": "3918.00000", "2011-10-31": "4023.00000", "2011-07-31": "3946.00000", "2011-04-30": "3975.00000", "2011-01-31": "3857.00000", "2010-10-31": "3903.00000", "2010-07-31": "3773.00000", "2010-04-30": "3770.00000", "2010-01-31": "3851.00000", "2009-10-31": "3838.00000", "2009-07-31": "3933.00000", "2009-04-30": "3829.00000", "2009-01-31": "3494.00000", "2008-10-31": "3570.00000", "2008-07-31": "3706.00000", "2008-04-30": "3859.00000", "2008-01-31": "3405.00000", "2007-10-31": "3124.00000", "2007-07-31": "3127.00000", "2007-04-30": "3279.00000", "2007-01-31": "3048.00000", "2006-10-31": "3075.00000", "2006-07-31": "2897.00000", "2006-04-30": "3067.00000", "2006-01-31": "2770.00000", "2005-10-31": "2765.00000", "2005-07-31": "2690.00000", "2005-04-30": "2778.40000", "2005-01-31": "2530.70000"}, "Cost Of Goods Sold": {"2020-10-31": "2705.00000", "2020-07-31": "2505.00000", "2020-04-30": "2264.00000", "2020-01-31": "2400.00000", "2019-10-31": "2394.00000", "2019-07-31": "2366.00000", "2019-04-30": "2483.00000", "2019-01-31": "2265.00000", "2018-10-31": "2203.00000", "2018-07-31": "2204.00000", "2018-04-30": "2398.00000", "2018-01-31": "2194.00000", "2017-10-31": "2123.00000", "2017-07-31": "2352.00000", "2017-04-30": "2439.00000", "2017-01-31": "2268.00000", "2016-10-31": "2326.00000", "2016-07-31": "2261.00000", "2016-04-30": "2363.00000", "2016-01-31": "2141.00000", "2015-10-31": "2182.00000", "2015-07-31": "2456.00000", "2015-04-30": "2934.00000", "2015-01-31": "1128.00000", "2014-10-31": "1142.00000", "2014-07-31": "1105.00000", "2014-04-30": "1171.00000", "2014-01-31": "1050.00000", "2013-10-31": "1090.00000", "2013-07-31": "1022.00000", "2013-04-30": "1134.00000", "2013-01-31": "999.00000", "2012-10-31": "1020.00000", "2012-07-31": "973.00000", "2012-04-30": "1047.00000", "2012-01-31": "931.00000", "2011-10-31": "960.00000", "2011-07-31": "951.00000", "2011-04-30": "912.00000", "2011-01-31": "934.00000", "2010-10-31": "961.00000", "2010-07-31": "893.00000", "2010-04-30": "782.00000", "2010-01-31": "912.00000", "2009-10-31": "922.00000", "2009-07-31": "966.00000", "2009-04-30": "932.00000", "2009-01-31": "848.00000", "2008-10-31": "883.00000", "2008-07-31": "855.00000", "2008-04-30": "944.00000", "2008-01-31": "870.00000", "2007-10-31": "840.00000", "2007-07-31": "792.00000", "2007-04-30": "866.00000", "2007-01-31": "775.00000", "2006-10-31": "795.00000", "2006-07-31": "732.00000", "2006-04-30": "767.00000", "2006-01-31": "699.00000", "2005-10-31": "695.00000", "2005-07-31": "654.00000", "2005-04-30": "705.30010", "2005-01-31": "605.60000"}, "Gross Profit": {"2020-10-31": "4942.00000", "2020-07-31": "4002.00000", "2020-04-30": "3733.00000", "2020-01-31": "5317.00000", "2019-10-31": "5312.00000", "2019-07-31": "5127.00000", "2019-04-30": "5663.00000", "2019-01-31": "5281.00000", "2018-10-31": "5278.00000", "2018-07-31": "5180.00000", "2018-04-30": "5746.00000", "2018-01-31": "5175.00000", "2017-10-31": "4927.00000", "2017-07-31": "5038.00000", "2017-04-30": "5477.00000", "2017-01-31": "5015.00000", "2016-10-31": "5019.00000", "2016-07-31": "4905.00000", "2016-04-30": "5204.00000", "2016-01-31": "4793.00000", "2015-10-31": "4876.00000", "2015-07-31": "4818.00000", "2015-04-30": "4370.00000", "2015-01-31": "3190.00000", "2014-10-31": "3224.00000", "2014-07-31": "3168.00000", "2014-04-30": "3394.00000", "2014-01-31": "3113.00000", "2013-10-31": "3104.00000", "2013-07-31": "3061.00000", "2013-04-30": "3326.00000", "2013-01-31": "3028.00000", "2012-10-31": "3075.00000", "2012-07-31": "3035.00000", "2012-04-30": "3250.00000", "2012-01-31": "2987.00000", "2011-10-31": "3063.00000", "2011-07-31": "2995.00000", "2011-04-30": "3063.00000", "2011-01-31": "2923.00000", "2010-10-31": "2942.00000", "2010-07-31": "2880.00000", "2010-04-30": "2988.00000", "2010-01-31": "2939.00000", "2009-10-31": "2916.00000", "2009-07-31": "2967.00000", "2009-04-30": "2897.00000", "2009-01-31": "2646.00000", "2008-10-31": "2687.00000", "2008-07-31": "2851.00000", "2008-04-30": "2915.00000", "2008-01-31": "2535.00000", "2007-10-31": "2284.00000", "2007-07-31": "2335.00000", "2007-04-30": "2413.00000", "2007-01-31": "2273.00000", "2006-10-31": "2280.00000", "2006-07-31": "2165.00000", "2006-04-30": "2300.00000", "2006-01-31": "2071.00000", "2005-10-31": "2070.00000", "2005-07-31": "2036.00000", "2005-04-30": "2073.10000", "2005-01-31": "1925.10000"}, "Research And Development Expenses": {"2020-10-31": "639.00000", "2020-07-31": "621.00000", "2020-04-30": "568.00000", "2020-01-31": "573.00000", "2019-10-31": "603.00000", "2019-07-31": "587.00000", "2019-04-30": "594.00000", "2019-01-31": "561.00000", "2018-10-31": "590.00000", "2018-07-31": "585.00000", "2018-04-30": "592.00000", "2018-01-31": "559.00000", "2017-10-31": "556.00000", "2017-07-31": "549.00000", "2017-04-30": "553.00000", "2017-01-31": "530.00000", "2016-10-31": "554.00000", "2016-07-31": "556.00000", "2016-04-30": "575.00000", "2016-01-31": "546.00000", "2015-10-31": "545.00000", "2015-07-31": "558.00000", "2015-04-30": "528.00000", "2015-01-31": "373.00000", "2014-10-31": "374.00000", "2014-07-31": "365.00000", "2014-04-30": "385.00000", "2014-01-31": "360.00000", "2013-10-31": "372.00000", "2013-07-31": "360.00000", "2013-04-30": "409.00000", "2013-01-31": "376.00000", "2012-10-31": "387.00000", "2012-07-31": "385.00000", "2012-04-30": "393.00000", "2012-01-31": "364.00000", "2011-10-31": "371.00000", "2011-07-31": "362.00000", "2011-04-30": "367.00000", "2011-01-31": "362.00000", "2010-10-31": "373.00000", "2010-07-31": "370.00000", "2010-04-30": "341.00000", "2010-01-31": "344.00000", "2009-10-31": "369.00000", "2009-07-31": "370.00000", "2009-04-30": "368.00000", "2009-01-31": "337.00000", "2008-10-31": "326.00000", "2008-07-31": "324.00000", "2008-04-30": "348.00000", "2008-01-31": "329.00000", "2007-10-31": "298.00000", "2007-07-31": "300.00000", "2007-04-30": "327.00000", "2007-01-31": "293.00000", "2006-10-31": "320.00000", "2006-07-31": "299.00000", "2006-04-30": "295.00000", "2006-01-31": "280.00000", "2005-10-31": "275.00000", "2005-07-31": "263.00000", "2005-04-30": "247.60000", "2005-01-31": "241.00000"}, "SG&A Expenses": {"2020-10-31": "2600.00000", "2020-07-31": "2417.00000", "2020-04-30": "2359.00000", "2020-01-31": "2587.00000", "2019-10-31": "2620.00000", "2019-07-31": "2543.00000", "2019-04-30": "2620.00000", "2019-01-31": "2596.00000", "2018-10-31": "2605.00000", "2018-07-31": "2597.00000", "2018-04-30": "2596.00000", "2018-01-31": "2523.00000", "2017-10-31": "2539.00000", "2017-07-31": "2580.00000", "2017-04-30": "2786.00000", "2017-01-31": "2388.00000", "2016-10-31": "2416.00000", "2016-07-31": "2428.00000", "2016-04-30": "2360.00000", "2016-01-31": "2317.00000", "2015-10-31": "2343.00000", "2015-07-31": "2449.00000", "2015-04-30": "2404.00000", "2015-01-31": "1487.00000", "2014-10-31": "1507.00000", "2014-07-31": "1506.00000", "2014-04-30": "1539.00000", "2014-01-31": "1454.00000", "2013-10-31": "1438.00000", "2013-07-31": "1416.00000", "2013-04-30": "1475.00000", "2013-01-31": "1401.00000", "2012-10-31": "1417.00000", "2012-07-31": "1405.00000", "2012-04-30": "1462.00000", "2012-01-31": "1371.00000", "2011-10-31": "1410.00000", "2011-07-31": "1380.00000", "2011-04-30": "1355.00000", "2011-01-31": "1367.00000", "2010-10-31": "1371.00000", "2010-07-31": "1334.00000", "2010-04-30": "1263.00000", "2010-01-31": "1328.00000", "2009-10-31": "1323.00000", "2009-07-31": "1368.00000", "2009-04-30": "1314.00000", "2009-01-31": "1257.00000", "2008-10-31": "1263.00000", "2008-07-31": "1318.00000", "2008-04-30": "1297.00000", "2008-01-31": "1207.00000", "2007-10-31": "1107.00000", "2007-07-31": "1096.00000", "2007-04-30": "1095.00000", "2007-01-31": "1038.00000", "2006-10-31": "1036.00000", "2006-07-31": "984.00000", "2006-04-30": "974.00000", "2006-01-31": "900.00000", "2005-10-31": "903.00000", "2005-07-31": "882.00000", "2005-04-30": "858.10000", "2005-01-31": "814.20000"}, "Other Operating Income Or Expenses": {"2020-10-31": "-149.00000", "2020-07-31": "114.00000", "2020-04-30": "17.00000", "2020-01-31": "39.00000", "2019-10-31": "-149.00000", "2019-07-31": "22.00000", "2019-04-30": "20.00000", "2019-01-31": "-57.00000", "2018-10-31": "-70.00000", "2018-07-31": "-151.00000", "2018-04-30": "-175.00000", "2018-01-31": "-128.00000", "2017-10-31": "530.00000", "2017-07-31": "-65.00000", "2017-04-30": "35.00000", "2017-01-31": "-146.00000", "2016-10-31": "-89.00000", "2016-07-31": "-39.00000", "2016-04-30": "20.00000", "2016-01-31": "-9.00000", "2015-10-31": "-57.00000", "2015-07-31": "-61.00000", "2015-04-30": "-194.00000", "2015-01-31": "114.00000", "2014-10-31": "", "2014-07-31": "", "2014-04-30": "", "2014-01-31": "", "2013-10-31": "", "2013-07-31": "", "2013-04-30": "", "2013-01-31": "", "2012-10-31": "", "2012-07-31": "", "2012-04-30": "", "2012-01-31": "", "2011-10-31": "", "2011-07-31": "", "2011-04-30": "", "2011-01-31": "", "2010-10-31": "", "2010-07-31": "", "2010-04-30": "", "2010-01-31": "", "2009-10-31": "", "2009-07-31": "", "2009-04-30": "", "2009-01-31": "", "2008-10-31": "", "2008-07-31": "", "2008-04-30": "", "2008-01-31": "", "2007-10-31": "", "2007-07-31": "", "2007-04-30": "", "2007-01-31": "", "2006-10-31": "", "2006-07-31": "", "2006-04-30": "", "2006-01-31": "", "2005-10-31": "", "2005-07-31": "", "2005-04-30": "", "2005-01-31": ""}, "Operating Expenses": {"2020-10-31": "6717.00000", "2020-07-31": "5834.00000", "2020-04-30": "5681.00000", "2020-01-31": "6078.00000", "2019-10-31": "6355.00000", "2019-07-31": "6008.00000", "2019-04-30": "6200.00000", "2019-01-31": "6004.00000", "2018-10-31": "5937.00000", "2018-07-31": "6148.00000", "2018-04-30": "6216.00000", "2018-01-31": "5933.00000", "2017-10-31": "5156.00000", "2017-07-31": "6008.00000", "2017-04-30": "6232.00000", "2017-01-31": "6136.00000", "2016-10-31": "5960.00000", "2016-07-31": "5999.00000", "2016-04-30": "5992.00000", "2016-01-31": "5579.00000", "2015-10-31": "5758.00000", "2015-07-31": "6143.00000", "2015-04-30": "7145.00000", "2015-01-31": "3043.00000", "2014-10-31": "3173.00000", "2014-07-31": "3134.00000", "2014-04-30": "4260.00000", "2014-01-31": "3138.00000", "2013-10-31": "2988.00000", "2013-07-31": "2806.00000", "2013-04-30": "3269.00000", "2013-01-31": "2809.00000", "2012-10-31": "2909.00000", "2012-07-31": "2848.00000", "2012-04-30": "3082.00000", "2012-01-31": "2765.00000", "2011-10-31": "2802.00000", "2011-07-31": "2787.00000", "2011-04-30": "2993.00000", "2011-01-31": "2710.00000", "2010-10-31": "2814.00000", "2010-07-31": "2694.00000", "2010-04-30": "2714.00000", "2010-01-31": "2584.00000", "2009-10-31": "2614.00000", "2009-07-31": "2766.00000", "2009-04-30": "3169.00000", "2009-01-31": "2514.00000", "2008-10-31": "2490.00000", "2008-07-31": "2593.00000", "2008-04-30": "2663.00000", "2008-01-31": "2716.00000", "2007-10-31": "2245.00000", "2007-07-31": "2235.00000", "2007-04-30": "2316.00000", "2007-01-31": "2106.00000", "2006-10-31": "2151.00000", "2006-07-31": "2015.00000", "2006-04-30": "2036.00000", "2006-01-31": "1879.00000", "2005-10-31": "1873.00000", "2005-07-31": "2163.00000", "2005-04-30": "1811.00000", "2005-01-31": "1660.80000"}, "Operating Income": {"2020-10-31": "930.00000", "2020-07-31": "673.00000", "2020-04-30": "316.00000", "2020-01-31": "1639.00000", "2019-10-31": "1351.00000", "2019-07-31": "1485.00000", "2019-04-30": "1946.00000", "2019-01-31": "1542.00000", "2018-10-31": "1544.00000", "2018-07-31": "1236.00000", "2018-04-30": "1928.00000", "2018-01-31": "1436.00000", "2017-10-31": "1894.00000", "2017-07-31": "1382.00000", "2017-04-30": "1684.00000", "2017-01-31": "1147.00000", "2016-10-31": "1385.00000", "2016-07-31": "1167.00000", "2016-04-30": "1575.00000", "2016-01-31": "1355.00000", "2015-10-31": "1300.00000", "2015-07-31": "1131.00000", "2015-04-30": "159.00000", "2015-01-31": "1275.00000", "2014-10-31": "1193.00000", "2014-07-31": "1139.00000", "2014-04-30": "305.00000", "2014-01-31": "1025.00000", "2013-10-31": "1206.00000", "2013-07-31": "1277.00000", "2013-04-30": "1191.00000", "2013-01-31": "1218.00000", "2012-10-31": "1186.00000", "2012-07-31": "1160.00000", "2012-04-30": "1215.00000", "2012-01-31": "1153.00000", "2011-10-31": "1221.00000", "2011-07-31": "1159.00000", "2011-04-30": "982.00000", "2011-01-31": "1147.00000", "2010-10-31": "1089.00000", "2010-07-31": "1079.00000", "2010-04-30": "1056.00000", "2010-01-31": "1267.00000", "2009-10-31": "1224.00000", "2009-07-31": "1167.00000", "2009-04-30": "660.00000", "2009-01-31": "980.00000", "2008-10-31": "1080.00000", "2008-07-31": "1113.00000", "2008-04-30": "1196.00000", "2008-01-31": "689.00000", "2007-10-31": "879.00000", "2007-07-31": "892.00000", "2007-04-30": "963.00000", "2007-01-31": "942.00000", "2006-10-31": "924.00000", "2006-07-31": "882.00000", "2006-04-30": "1031.00000", "2006-01-31": "891.00000", "2005-10-31": "892.00000", "2005-07-31": "527.00000", "2005-04-30": "967.39970", "2005-01-31": "869.89990"}, "Total Non-Operating Income/Expense": {"2020-10-31": "-405.00000", "2020-07-31": "-89.00000", "2020-04-30": "-111.00000", "2020-01-31": "-60.00000", "2019-10-31": "-57.00000", "2019-07-31": "-508.00000", "2019-04-30": "-654.00000", "2019-01-31": "-172.00000", "2018-10-31": "-189.00000", "2018-07-31": "-56.00000", "2018-04-30": "-203.00000", "2018-01-31": "-409.00000", "2017-10-31": "-166.00000", "2017-07-31": "-187.00000", "2017-04-30": "-249.00000", "2017-01-31": "-180.00000", "2016-10-31": "-173.00000", "2016-07-31": "-179.00000", "2016-04-30": "-441.00000", "2016-01-31": "-176.00000", "2015-10-31": "-217.00000", "2015-07-31": "-191.00000", "2015-04-30": "28.00000", "2015-01-31": "-81.00000", "2014-10-31": "-171.00000", "2014-07-31": "-56.00000", "2014-04-30": "176.00000", "2014-01-31": "-70.00000", "2013-10-31": "-90.00000", "2013-07-31": "-124.00000", "2013-04-30": "-37.00000", "2013-01-31": "-63.00000", "2012-10-31": "-332.00000", "2012-07-31": "-72.00000", "2012-04-30": "-184.00000", "2012-01-31": "-100.00000", "2011-10-31": "-178.00000", "2011-07-31": "-141.00000", "2011-04-30": "-107.00000", "2011-01-31": "-150.00000", "2010-10-31": "-337.00000", "2010-07-31": "-39.00000", "2010-04-30": "154.00000", "2010-01-31": "-204.00000", "2009-10-31": "-114.00000", "2009-07-31": "-606.00000", "2009-04-30": "-651.00000", "2009-01-31": "-87.00000", "2008-10-31": "-457.00000", "2008-07-31": "-198.00000", "2008-04-30": "-338.00000", "2008-01-31": "-554.00000", "2007-10-31": "-11.00000", "2007-07-31": "-13.00000", "2007-04-30": "-108.00000", "2007-01-31": "-8.00000", "2006-10-31": "-13.00000", "2006-07-31": "-67.00000", "2006-04-30": "-32.00000", "2006-01-31": "14.00000", "2005-10-31": "-127.00000", "2005-07-31": "-35.00000", "2005-04-30": "-688.00000", "2005-01-31": "-105.90000"}, "Pre-Tax Income": {"2020-10-31": "525.00000", "2020-07-31": "584.00000", "2020-04-30": "205.00000", "2020-01-31": "1579.00000", "2019-10-31": "1294.00000", "2019-07-31": "977.00000", "2019-04-30": "1292.00000", "2019-01-31": "1370.00000", "2018-10-31": "1355.00000", "2018-07-31": "1180.00000", "2018-04-30": "1725.00000", "2018-01-31": "1027.00000", "2017-10-31": "1728.00000", "2017-07-31": "1195.00000", "2017-04-30": "1435.00000", "2017-01-31": "967.00000", "2016-10-31": "1212.00000", "2016-07-31": "988.00000", "2016-04-30": "1134.00000", "2016-01-31": "1179.00000", "2015-10-31": "1083.00000", "2015-07-31": "940.00000", "2015-04-30": "187.00000", "2015-01-31": "1194.00000", "2014-10-31": "1022.00000", "2014-07-31": "1083.00000", "2014-04-30": "481.00000", "2014-01-31": "955.00000", "2013-10-31": "1116.00000", "2013-07-31": "1153.00000", "2013-04-30": "1154.00000", "2013-01-31": "1155.00000", "2012-10-31": "854.00000", "2012-07-31": "1088.00000", "2012-04-30": "1031.00000", "2012-01-31": "1053.00000", "2011-10-31": "1043.00000", "2011-07-31": "1018.00000", "2011-04-30": "875.00000", "2011-01-31": "997.00000", "2010-10-31": "752.00000", "2010-07-31": "1040.00000", "2010-04-30": "1210.00000", "2010-01-31": "1063.00000", "2009-10-31": "1110.00000", "2009-07-31": "561.00000", "2009-04-30": "9.00000", "2009-01-31": "893.00000", "2008-10-31": "623.00000", "2008-07-31": "915.00000", "2008-04-30": "858.00000", "2008-01-31": "135.00000", "2007-10-31": "868.00000", "2007-07-31": "879.00000", "2007-04-30": "855.00000", "2007-01-31": "934.00000", "2006-10-31": "911.00000", "2006-07-31": "815.00000", "2006-04-30": "999.00000", "2006-01-31": "905.00000", "2005-10-31": "765.00000", "2005-07-31": "492.00000", "2005-04-30": "279.40000", "2005-01-31": "764.00000"}, "Income Taxes": {"2020-10-31": "31.00000", "2020-07-31": "93.00000", "2020-04-30": "-434.00000", "2020-01-31": "-340.00000", "2019-10-31": "-77.00000", "2019-07-31": "100.00000", "2019-04-30": "110.00000", "2019-01-31": "99.00000", "2018-10-31": "235.00000", "2018-07-31": "103.00000", "2018-04-30": "260.00000", "2018-01-31": "2419.00000", "2017-10-31": "-285.00000", "2017-07-31": "186.00000", "2017-04-30": "271.00000", "2017-01-31": "147.00000", "2016-10-31": "101.00000", "2016-07-31": "59.00000", "2016-04-30": "31.00000", "2016-01-31": "84.00000", "2015-10-31": "563.00000", "2015-07-31": "120.00000", "2015-04-30": "188.00000", "2015-01-31": "217.00000", "2014-10-31": "194.00000", "2014-07-31": "212.00000", "2014-04-30": "33.00000", "2014-01-31": "193.00000", "2013-10-31": "214.00000", "2013-07-31": "200.00000", "2013-04-30": "185.00000", "2013-01-31": "167.00000", "2012-10-31": "208.00000", "2012-07-31": "224.00000", "2012-04-30": "144.00000", "2012-01-31": "208.00000", "2011-10-31": "179.00000", "2011-07-31": "199.00000", "2011-04-30": "129.00000", "2011-01-31": "84.00000", "2010-10-31": "186.00000", "2010-07-31": "210.00000", "2010-04-30": "271.00000", "2010-01-31": "232.00000", "2009-10-31": "242.00000", "2009-07-31": "116.00000", "2009-04-30": "-93.00000", "2009-01-31": "195.00000", "2008-10-31": "76.00000", "2008-07-31": "192.00000", "2008-04-30": "138.00000", "2008-01-31": "58.00000", "2007-10-31": "202.00000", "2007-07-31": "204.00000", "2007-04-30": "43.00000", "2007-01-31": "224.00000", "2006-10-31": "230.00000", "2006-07-31": "216.00000", "2006-04-30": "260.00000", "2006-01-31": "235.00000", "2005-10-31": "-52.00000", "2005-07-31": "171.00000", "2005-04-30": "84.90000", "2005-01-31": "219.90000"}, "Income After Taxes": {"2020-10-31": "494.00000", "2020-07-31": "491.00000", "2020-04-30": "639.00000", "2020-01-31": "1919.00000", "2019-10-31": "1371.00000", "2019-07-31": "877.00000", "2019-04-30": "1182.00000", "2019-01-31": "1271.00000", "2018-10-31": "1120.00000", "2018-07-31": "1077.00000", "2018-04-30": "1465.00000", "2018-01-31": "-1392.00000", "2017-10-31": "2013.00000", "2017-07-31": "1009.00000", "2017-04-30": "1164.00000", "2017-01-31": "820.00000", "2016-10-31": "1111.00000", "2016-07-31": "929.00000", "2016-04-30": "1103.00000", "2016-01-31": "1095.00000", "2015-10-31": "520.00000", "2015-07-31": "820.00000", "2015-04-30": "-1.00000", "2015-01-31": "977.00000", "2014-10-31": "828.00000", "2014-07-31": "871.00000", "2014-04-30": "448.00000", "2014-01-31": "762.00000", "2013-10-31": "902.00000", "2013-07-31": "953.00000", "2013-04-30": "969.00000", "2013-01-31": "988.00000", "2012-10-31": "646.00000", "2012-07-31": "864.00000", "2012-04-30": "887.00000", "2012-01-31": "845.00000", "2011-10-31": "864.00000", "2011-07-31": "819.00000", "2011-04-30": "746.00000", "2011-01-31": "913.00000", "2010-10-31": "566.00000", "2010-07-31": "830.00000", "2010-04-30": "939.00000", "2010-01-31": "831.00000", "2009-10-31": "868.00000", "2009-07-31": "445.00000", "2009-04-30": "102.00000", "2009-01-31": "698.00000", "2008-10-31": "547.00000", "2008-07-31": "723.00000", "2008-04-30": "720.00000", "2008-01-31": "77.00000", "2007-10-31": "666.00000", "2007-07-31": "675.00000", "2007-04-30": "812.00000", "2007-01-31": "710.00000", "2006-10-31": "681.00000", "2006-07-31": "599.00000", "2006-04-30": "739.00000", "2006-01-31": "670.00000", "2005-10-31": "817.00000", "2005-07-31": "321.00000", "2005-04-30": "194.50010", "2005-01-31": "544.10000"}, "Other Income": {"2020-10-31": "", "2020-07-31": "", "2020-04-30": "", "2020-01-31": "", "2019-10-31": "", "2019-07-31": "", "2019-04-30": "", "2019-01-31": "", "2018-10-31": "", "2018-07-31": "", "2018-04-30": "", "2018-01-31": "", "2017-10-31": "", "2017-07-31": "", "2017-04-30": "", "2017-01-31": "", "2016-10-31": "", "2016-07-31": "", "2016-04-30": "", "2016-01-31": "", "2015-10-31": "", "2015-07-31": "", "2015-04-30": "", "2015-01-31": "", "2014-10-31": "", "2014-07-31": "", "2014-04-30": "", "2014-01-31": "", "2013-10-31": "", "2013-07-31": "", "2013-04-30": "", "2013-01-31": "", "2012-10-31": "", "2012-07-31": "", "2012-04-30": "", "2012-01-31": "", "2011-10-31": "", "2011-07-31": "", "2011-04-30": "", "2011-01-31": "", "2010-10-31": "", "2010-07-31": "", "2010-04-30": "", "2010-01-31": "", "2009-10-31": "", "2009-07-31": "", "2009-04-30": "", "2009-01-31": "", "2008-10-31": "", "2008-07-31": "", "2008-04-30": "", "2008-01-31": "", "2007-10-31": "", "2007-07-31": "", "2007-04-30": "", "2007-01-31": "", "2006-10-31": "", "2006-07-31": "", "2006-04-30": "", "2006-01-31": "", "2005-10-31": "", "2005-07-31": "", "2005-04-30": "", "2005-01-31": ""}, "Income From Continuous Operations": {"2020-10-31": "494.00000", "2020-07-31": "491.00000", "2020-04-30": "639.00000", "2020-01-31": "1919.00000", "2019-10-31": "1371.00000", "2019-07-31": "877.00000", "2019-04-30": "1182.00000", "2019-01-31": "1271.00000", "2018-10-31": "1120.00000", "2018-07-31": "1077.00000", "2018-04-30": "1465.00000", "2018-01-31": "-1392.00000", "2017-10-31": "2013.00000", "2017-07-31": "1009.00000", "2017-04-30": "1164.00000", "2017-01-31": "820.00000", "2016-10-31": "1111.00000", "2016-07-31": "929.00000", "2016-04-30": "1103.00000", "2016-01-31": "1095.00000", "2015-10-31": "520.00000", "2015-07-31": "820.00000", "2015-04-30": "-1.00000", "2015-01-31": "977.00000", "2014-10-31": "828.00000", "2014-07-31": "871.00000", "2014-04-30": "448.00000", "2014-01-31": "762.00000", "2013-10-31": "902.00000", "2013-07-31": "953.00000", "2013-04-30": "969.00000", "2013-01-31": "988.00000", "2012-10-31": "646.00000", "2012-07-31": "864.00000", "2012-04-30": "887.00000", "2012-01-31": "845.00000", "2011-10-31": "864.00000", "2011-07-31": "819.00000", "2011-04-30": "746.00000", "2011-01-31": "913.00000", "2010-10-31": "566.00000", "2010-07-31": "830.00000", "2010-04-30": "939.00000", "2010-01-31": "831.00000", "2009-10-31": "868.00000", "2009-07-31": "445.00000", "2009-04-30": "102.00000", "2009-01-31": "698.00000", "2008-10-31": "547.00000", "2008-07-31": "723.00000", "2008-04-30": "720.00000", "2008-01-31": "77.00000", "2007-10-31": "666.00000", "2007-07-31": "675.00000", "2007-04-30": "812.00000", "2007-01-31": "710.00000", "2006-10-31": "681.00000", "2006-07-31": "599.00000", "2006-04-30": "739.00000", "2006-01-31": "670.00000", "2005-10-31": "817.00000", "2005-07-31": "321.00000", "2005-04-30": "194.50010", "2005-01-31": "544.10000"}, "Income From Discontinued Operations": {"2020-10-31": "", "2020-07-31": "", "2020-04-30": "", "2020-01-31": "", "2019-10-31": "", "2019-07-31": "", "2019-04-30": "", "2019-01-31": "", "2018-10-31": "", "2018-07-31": "", "2018-04-30": "", "2018-01-31": "", "2017-10-31": "", "2017-07-31": "", "2017-04-30": "", "2017-01-31": "", "2016-10-31": "", "2016-07-31": "", "2016-04-30": "", "2016-01-31": "", "2015-10-31": "", "2015-07-31": "", "2015-04-30": "", "2015-01-31": "", "2014-10-31": "", "2014-07-31": "", "2014-04-30": "", "2014-01-31": "", "2013-10-31": "", "2013-07-31": "", "2013-04-30": "", "2013-01-31": "", "2012-10-31": "", "2012-07-31": "", "2012-04-30": "103.00000", "2012-01-31": "90.00000", "2011-10-31": "7.00000", "2011-07-31": "2.00000", "2011-04-30": "30.00000", "2011-01-31": "11.00000", "2010-10-31": "", "2010-07-31": "", "2010-04-30": "", "2010-01-31": "", "2009-10-31": "", "2009-07-31": "", "2009-04-30": "", "2009-01-31": "", "2008-10-31": "", "2008-07-31": "", "2008-04-30": "", "2008-01-31": "", "2007-10-31": "", "2007-07-31": "", "2007-04-30": "", "2007-01-31": "", "2006-10-31": "", "2006-07-31": "", "2006-04-30": "", "2006-01-31": "", "2005-10-31": "", "2005-07-31": "", "2005-04-30": "", "2005-01-31": ""}, "Net Income": {"2020-10-31": "489.00000", "2020-07-31": "487.00000", "2020-04-30": "646.00000", "2020-01-31": "1915.00000", "2019-10-31": "1364.00000", "2019-07-31": "864.00000", "2019-04-30": "1172.00000", "2019-01-31": "1269.00000", "2018-10-31": "1115.00000", "2018-07-31": "1075.00000", "2018-04-30": "1460.00000", "2018-01-31": "-1389.00000", "2017-10-31": "2017.00000", "2017-07-31": "1016.00000", "2017-04-30": "1163.00000", "2017-01-31": "821.00000", "2016-10-31": "1115.00000", "2016-07-31": "929.00000", "2016-04-30": "1103.00000", "2016-01-31": "1095.00000", "2015-10-31": "520.00000", "2015-07-31": "820.00000", "2015-04-30": "-1.00000", "2015-01-31": "977.00000", "2014-10-31": "828.00000", "2014-07-31": "871.00000", "2014-04-30": "448.00000", "2014-01-31": "762.00000", "2013-10-31": "902.00000", "2013-07-31": "953.00000", "2013-04-30": "969.00000", "2013-01-31": "988.00000", "2012-10-31": "646.00000", "2012-07-31": "864.00000", "2012-04-30": "990.00000", "2012-01-31": "935.00000", "2011-10-31": "871.00000", "2011-07-31": "821.00000", "2011-04-30": "776.00000", "2011-01-31": "924.00000", "2010-10-31": "566.00000", "2010-07-31": "830.00000", "2010-04-30": "955.00000", "2010-01-31": "831.00000", "2009-10-31": "868.00000", "2009-07-31": "445.00000", "2009-04-30": "102.00000", "2009-01-31": "698.00000", "2008-10-31": "547.00000", "2008-07-31": "723.00000", "2008-04-30": "720.00000", "2008-01-31": "77.00000", "2007-10-31": "666.00000", "2007-07-31": "675.00000", "2007-04-30": "812.00000", "2007-01-31": "710.00000", "2006-10-31": "681.00000", "2006-07-31": "599.00000", "2006-04-30": "739.00000", "2006-01-31": "670.00000", "2005-10-31": "817.00000", "2005-07-31": "321.00000", "2005-04-30": "194.50000", "2005-01-31": "544.10000"}, "EBITDA": {"2020-10-31": "1601.00000", "2020-07-31": "1342.00000", "2020-04-30": "988.00000", "2020-01-31": "2302.00000", "2019-10-31": "2022.00000", "2019-07-31": "2142.00000", "2019-04-30": "2613.00000", "2019-01-31": "2217.00000", "2018-10-31": "2195.00000", "2018-07-31": "1902.00000", "2018-04-30": "2592.00000", "2018-01-31": "2102.00000", "2017-10-31": "2572.00000", "2017-07-31": "2018.00000", "2017-04-30": "2381.00000", "2017-01-31": "1884.00000", "2016-10-31": "2124.00000", "2016-07-31": "1911.00000", "2016-04-30": "2290.00000", "2016-01-31": "2077.00000", "2015-10-31": "2004.00000", "2015-07-31": "1839.00000", "2015-04-30": "843.00000", "2015-01-31": "1550.00000", "2014-10-31": "1401.00000", "2014-07-31": "1354.00000", "2014-04-30": "522.00000", "2014-01-31": "1241.00000", "2013-10-31": "1421.00000", "2013-07-31": "1487.00000", "2013-04-30": "1435.00000", "2013-01-31": "1455.00000", "2012-10-31": "1408.00000", "2012-07-31": "1380.00000", "2012-04-30": "1437.00000", "2012-01-31": "1383.00000", "2011-10-31": "1455.00000", "2011-07-31": "1391.00000", "2011-04-30": "1236.00000", "2011-01-31": "1380.00000", "2010-10-31": "1347.00000", "2010-07-31": "1309.00000", "2010-04-30": "1304.00000", "2010-01-31": "1502.00000", "2009-10-31": "1449.00000", "2009-07-31": "1398.00000", "2009-04-30": "877.00000", "2009-01-31": "1188.00000", "2008-10-31": "1297.00000", "2008-07-31": "1324.00000", "2008-04-30": "1521.00000", "2008-01-31": "870.00000", "2007-10-31": "1006.00000", "2007-07-31": "1041.00000", "2007-04-30": "1131.00000", "2007-01-31": "1080.00000", "2006-10-31": "1061.00000", "2006-07-31": "1022.00000", "2006-04-30": "1169.00000", "2006-01-31": "1029.00000", "2005-10-31": "1032.00000", "2005-07-31": "655.00000", "2005-04-30": "1091.10000", "2005-01-31": "985.49990"}, "EBIT": {"2020-10-31": "930.00000", "2020-07-31": "673.00000", "2020-04-30": "316.00000", "2020-01-31": "1639.00000", "2019-10-31": "1351.00000", "2019-07-31": "1485.00000", "2019-04-30": "1946.00000", "2019-01-31": "1542.00000", "2018-10-31": "1544.00000", "2018-07-31": "1236.00000", "2018-04-30": "1928.00000", "2018-01-31": "1436.00000", "2017-10-31": "1894.00000", "2017-07-31": "1382.00000", "2017-04-30": "1684.00000", "2017-01-31": "1147.00000", "2016-10-31": "1385.00000", "2016-07-31": "1167.00000", "2016-04-30": "1575.00000", "2016-01-31": "1355.00000", "2015-10-31": "1300.00000", "2015-07-31": "1131.00000", "2015-04-30": "159.00000", "2015-01-31": "1275.00000", "2014-10-31": "1193.00000", "2014-07-31": "1139.00000", "2014-04-30": "305.00000", "2014-01-31": "1025.00000", "2013-10-31": "1206.00000", "2013-07-31": "1277.00000", "2013-04-30": "1191.00000", "2013-01-31": "1218.00000", "2012-10-31": "1186.00000", "2012-07-31": "1160.00000", "2012-04-30": "1215.00000", "2012-01-31": "1153.00000", "2011-10-31": "1221.00000", "2011-07-31": "1159.00000", "2011-04-30": "982.00000", "2011-01-31": "1147.00000", "2010-10-31": "1089.00000", "2010-07-31": "1079.00000", "2010-04-30": "1056.00000", "2010-01-31": "1267.00000", "2009-10-31": "1224.00000", "2009-07-31": "1167.00000", "2009-04-30": "660.00000", "2009-01-31": "980.00000", "2008-10-31": "1080.00000", "2008-07-31": "1113.00000", "2008-04-30": "1196.00000", "2008-01-31": "689.00000", "2007-10-31": "879.00000", "2007-07-31": "892.00000", "2007-04-30": "963.00000", "2007-01-31": "942.00000", "2006-10-31": "924.00000", "2006-07-31": "882.00000", "2006-04-30": "1031.00000", "2006-01-31": "891.00000", "2005-10-31": "892.00000", "2005-07-31": "527.00000", "2005-04-30": "967.39990", "2005-01-31": "869.89990"}, "Basic Shares Outstanding": {"2020-10-31": "1344.40000", "2020-07-31": "1341.90000", "2020-04-30": "1340.70000", "2020-01-31": "1340.50000", "2019-10-31": "1340.80000", "2019-07-31": "1340.80000", "2019-04-30": "1346.40000", "2019-01-31": "1342.80000", "2018-10-31": "1349.20000", "2018-07-31": "1352.70000", "2018-04-30": "1356.70000", "2018-01-31": "1354.00000", "2017-10-31": "1355.10000", "2017-07-31": "1361.90000", "2017-04-30": "1378.90000", "2017-01-31": "1372.20000", "2016-10-31": "1380.00000", "2016-07-31": "1392.20000", "2016-04-30": "1409.60000", "2016-01-31": "1406.60000", "2015-10-31": "1412.90000", "2015-07-31": "1418.10000", "2015-04-30": "1095.50000", "2015-01-31": "983.80000", "2014-10-31": "981.90000", "2014-07-31": "992.60000", "2014-04-30": "1002.10000", "2014-01-31": "998.30000", "2013-10-31": "998.90000", "2013-07-31": "1009.70000", "2013-04-30": "1019.30000", "2013-01-31": "1012.50000", "2012-10-31": "1019.40000", "2012-07-31": "1029.80000", "2012-04-30": "1053.90000", "2012-01-31": "1054.40000", "2011-10-31": "1058.10000", "2011-07-31": "1063.50000", "2011-04-30": "1077.40000", "2011-01-31": "1073.90000", "2010-10-31": "1080.10000", "2010-07-31": "1086.10000", "2010-04-30": "1106.30000", "2010-01-31": "1105.00000", "2009-10-31": "1106.80000", "2009-07-31": "1112.60000", "2009-04-30": "1121.90000", "2009-01-31": "1119.00000", "2008-10-31": "1124.50000", "2008-07-31": "1125.20000", "2008-04-30": "1133.00000", "2008-01-31": "1126.90000", "2007-10-31": "1133.10000", "2007-07-31": "1138.70000", "2007-04-30": "1149.70000", "2007-01-31": "1149.00000", "2006-10-31": "1149.30000", "2006-07-31": "1153.80000", "2006-04-30": "1204.50000", "2006-01-31": "1208.50000", "2005-10-31": "1208.60000", "2005-07-31": "1210.50000", "2005-04-30": "1209.00000", "2005-01-31": "1208.20000"}, "Shares Outstanding": {"2020-10-31": "1352.10000", "2020-07-31": "1350.00000", "2020-04-30": "1351.10000", "2020-01-31": "1351.50000", "2019-10-31": "1351.40000", "2019-07-31": "1351.90000", "2019-04-30": "1357.50000", "2019-01-31": "1352.70000", "2018-10-31": "1360.90000", "2018-07-31": "1365.40000", "2018-04-30": "1368.20000", "2018-01-31": "1354.00000", "2017-10-31": "1365.80000", "2017-07-31": "1375.60000", "2017-04-30": "1391.40000", "2017-01-31": "1383.10000", "2016-10-31": "1392.50000", "2016-07-31": "1407.10000", "2016-04-30": "1425.90000", "2016-01-31": "1422.20000", "2015-10-31": "1428.80000", "2015-07-31": "1436.40000", "2015-04-30": "1109.00000", "2015-01-31": "995.80000", "2014-10-31": "993.00000", "2014-07-31": "1005.20000", "2014-04-30": "1013.60000", "2014-01-31": "1010.00000", "2013-10-31": "1009.40000", "2013-07-31": "1021.20000", "2013-04-30": "1027.50000", "2013-01-31": "1021.00000", "2012-10-31": "1027.80000", "2012-07-31": "1037.10000", "2012-04-30": "1059.90000", "2012-01-31": "1060.20000", "2011-10-31": "1063.10000", "2011-07-31": "1069.60000", "2011-04-30": "1081.70000", "2011-01-31": "1077.90000", "2010-10-31": "1083.70000", "2010-07-31": "1089.70000", "2010-04-30": "1109.40000", "2010-01-31": "1108.70000", "2009-10-31": "1109.20000", "2009-07-31": "1114.60000", "2009-04-30": "1126.30000", "2009-01-31": "1121.80000", "2008-10-31": "1130.70000", "2008-07-31": "1131.70000", "2008-04-30": "1143.80000", "2008-01-31": "1135.00000", "2007-10-31": "1147.70000", "2007-07-31": "1153.10000", "2007-04-30": "1161.80000", "2007-01-31": "1163.70000", "2006-10-31": "1159.40000", "2006-07-31": "1164.80000", "2006-04-30": "1217.30000", "2006-01-31": "1222.80000", "2005-10-31": "1222.50000", "2005-07-31": "1222.60000", "2005-04-30": "1220.80000", "2005-01-31": "1219.10000"}, "Basic EPS": {"2020-10-31": "0.36000", "2020-07-31": "0.36000", "2020-04-30": "0.48000", "2020-01-31": "1.43000", "2019-10-31": "1.02000", "2019-07-31": "0.64000", "2019-04-30": "0.87000", "2019-01-31": "0.95000", "2018-10-31": "0.83000", "2018-07-31": "0.79000", "2018-04-30": "1.08000", "2018-01-31": "-1.03000", "2017-10-31": "1.49000", "2017-07-31": "0.75000", "2017-04-30": "0.84000", "2017-01-31": "0.60000", "2016-10-31": "0.81000", "2016-07-31": "0.67000", "2016-04-30": "0.78000", "2016-01-31": "0.78000", "2015-10-31": "0.37000", "2015-07-31": "0.58000", "2015-04-30": "-0.27000", "2015-01-31": "0.99000", "2014-10-31": "0.84000", "2014-07-31": "0.88000", "2014-04-30": "0.46000", "2014-01-31": "0.76000", "2013-10-31": "0.90000", "2013-07-31": "0.94000", "2013-04-30": "0.95000", "2013-01-31": "0.98000", "2012-10-31": "0.63000", "2012-07-31": "0.84000", "2012-04-30": "0.95000", "2012-01-31": "0.89000", "2011-10-31": "0.82000", "2011-07-31": "0.77000", "2011-04-30": "0.73000", "2011-01-31": "0.86000", "2010-10-31": "0.52000", "2010-07-31": "0.76000", "2010-04-30": "0.87000", "2010-01-31": "0.75000", "2009-10-31": "0.78000", "2009-07-31": "0.40000", "2009-04-30": "0.10000", "2009-01-31": "0.62000", "2008-10-31": "0.49000", "2008-07-31": "0.64000", "2008-04-30": "0.64000", "2008-01-31": "0.07000", "2007-10-31": "0.59000", "2007-07-31": "0.59000", "2007-04-30": "0.71000", "2007-01-31": "0.62000", "2006-10-31": "0.59000", "2006-07-31": "0.52000", "2006-04-30": "0.62000", "2006-01-31": "0.55000", "2005-10-31": "0.68000", "2005-07-31": "0.26000", "2005-04-30": "0.16000", "2005-01-31": "0.45000"}, "EPS - Earnings Per Share": {"2020-10-31": "0.36000", "2020-07-31": "0.36000", "2020-04-30": "0.47000", "2020-01-31": "1.42000", "2019-10-31": "1.01000", "2019-07-31": "0.64000", "2019-04-30": "0.86000", "2019-01-31": "0.94000", "2018-10-31": "0.82000", "2018-07-31": "0.79000", "2018-04-30": "1.08000", "2018-01-31": "-1.03000", "2017-10-31": "1.48000", "2017-07-31": "0.74000", "2017-04-30": "0.84000", "2017-01-31": "0.59000", "2016-10-31": "0.80000", "2016-07-31": "0.66000", "2016-04-30": "0.78000", "2016-01-31": "0.77000", "2015-10-31": "0.36000", "2015-07-31": "0.57000", "2015-04-30": "-0.27000", "2015-01-31": "0.98000", "2014-10-31": "0.83000", "2014-07-31": "0.87000", "2014-04-30": "0.45000", "2014-01-31": "0.75000", "2013-10-31": "0.89000", "2013-07-31": "0.93000", "2013-04-30": "0.94000", "2013-01-31": "0.97000", "2012-10-31": "0.63000", "2012-07-31": "0.83000", "2012-04-30": "0.94000", "2012-01-31": "0.88000", "2011-10-31": "0.82000", "2011-07-31": "0.77000", "2011-04-30": "0.72000", "2011-01-31": "0.86000", "2010-10-31": "0.52000", "2010-07-31": "0.76000", "2010-04-30": "0.86000", "2010-01-31": "0.75000", "2009-10-31": "0.78000", "2009-07-31": "0.40000", "2009-04-30": "0.10000", "2009-01-31": "0.62000", "2008-10-31": "0.48000", "2008-07-31": "0.64000", "2008-04-30": "0.63000", "2008-01-31": "0.07000", "2007-10-31": "0.58000", "2007-07-31": "0.59000", "2007-04-30": "0.70000", "2007-01-31": "0.61000", "2006-10-31": "0.59000", "2006-07-31": "0.51000", "2006-04-30": "0.61000", "2006-01-31": "0.55000", "2005-10-31": "0.67000", "2005-07-31": "0.26000", "2005-04-30": "0.16000", "2005-01-31": "0.45000"}}, "balance sheet": {"Cash On Hand": {"2020-04-30": "10948.00000", "2019-04-30": "9848.00000", "2018-04-30": "11227.00000", "2017-04-30": "13708.00000", "2016-04-30": "12634.00000", "2015-04-30": "19480.00000", "2014-04-30": "14241.00000", "2013-04-30": "11130.00000", "2012-04-30": "9350.00000", "2011-04-30": "2428.00000", "2010-04-30": "3775.00000", "2009-04-30": "1676.00000", "2008-04-30": "1613.00000", "2007-04-30": "3078.00000", "2006-04-30": "6101.00000", "2005-04-30": "3391.60000"}, "Receivables": {"2020-04-30": "4645.00000", "2019-04-30": "6222.00000", "2018-04-30": "5987.00000", "2017-04-30": "5591.00000", "2016-04-30": "5562.00000", "2015-04-30": "6447.00000", "2014-04-30": "4547.00000", "2013-04-30": "4266.00000", "2012-04-30": "4511.00000", "2011-04-30": "3761.00000", "2010-04-30": "3335.00000", "2009-04-30": "3123.00000", "2008-04-30": "3360.00000", "2007-04-30": "2737.00000", "2006-04-30": "2429.00000", "2005-04-30": "2292.70000"}, "Inventory": {"2020-04-30": "4229.00000", "2019-04-30": "3753.00000", "2018-04-30": "3579.00000", "2017-04-30": "3338.00000", "2016-04-30": "3473.00000", "2015-04-30": "3463.00000", "2014-04-30": "1725.00000", "2013-04-30": "1712.00000", "2012-04-30": "1800.00000", "2011-04-30": "1619.00000", "2010-04-30": "1481.00000", "2009-04-30": "1426.00000", "2008-04-30": "1280.00000", "2007-04-30": "1215.00000", "2006-04-30": "1177.00000", "2005-04-30": "981.40000"}, "Pre-Paid Expenses": {"2020-04-30": "", "2019-04-30": "", "2018-04-30": "", "2017-04-30": "", "2016-04-30": "1931.00000", "2015-04-30": "1454.00000", "2014-04-30": "697.00000", "2013-04-30": "744.00000", "2012-04-30": "675.00000", "2011-04-30": "561.00000", "2010-04-30": "704.00000", "2009-04-30": "622.00000", "2008-04-30": "469.00000", "2007-04-30": "483.00000", "2006-04-30": "473.00000", "2005-04-30": "370.20000"}, "Other Current Assets": {"2020-04-30": "2209.00000", "2019-04-30": "2144.00000", "2018-04-30": "2187.00000", "2017-04-30": "2236.00000", "2016-04-30": "", "2015-04-30": "", "2014-04-30": "", "2013-04-30": "", "2012-04-30": "", "2011-04-30": "258.00000", "2010-04-30": "", "2009-04-30": "", "2008-04-30": "", "2007-04-30": "", "2006-04-30": "", "2005-04-30": ""}, "Total Current Assets": {"2020-04-30": "22031.00000", "2019-04-30": "21967.00000", "2018-04-30": "22980.00000", "2017-04-30": "24873.00000", "2016-04-30": "23600.00000", "2015-04-30": "30844.00000", "2014-04-30": "21210.00000", "2013-04-30": "17852.00000", "2012-04-30": "16336.00000", "2011-04-30": "9150.00000", "2010-04-30": "9839.00000", "2009-04-30": "7452.00000", "2008-04-30": "7322.00000", "2007-04-30": "7918.00000", "2006-04-30": "10377.00000", "2005-04-30": "7421.50000"}, "Property, Plant, And Equipment": {"2020-04-30": "4828.00000", "2019-04-30": "4675.00000", "2018-04-30": "4604.00000", "2017-04-30": "4361.00000", "2016-04-30": "4841.00000", "2015-04-30": "4699.00000", "2014-04-30": "2392.00000", "2013-04-30": "2490.00000", "2012-04-30": "2473.00000", "2011-04-30": "2488.00000", "2010-04-30": "2421.00000", "2009-04-30": "2279.00000", "2008-04-30": "2221.00000", "2007-04-30": "2062.00000", "2006-04-30": "1881.00000", "2005-04-30": "1859.30000"}, "Long-Term Investments": {"2020-04-30": "", "2019-04-30": "", "2018-04-30": "", "2017-04-30": "", "2016-04-30": "", "2015-04-30": "", "2014-04-30": "", "2013-04-30": "", "2012-04-30": "", "2011-04-30": "6116.00000", "2010-04-30": "4632.00000", "2009-04-30": "2769.00000", "2008-04-30": "2322.00000", "2007-04-30": "3203.00000", "2006-04-30": "957.00000", "2005-04-30": "1565.70000"}, "Goodwill And Intangible Assets": {"2020-04-30": "58904.00000", "2019-04-30": "60519.00000", "2018-04-30": "61266.00000", "2017-04-30": "61922.00000", "2016-04-30": "68399.00000", "2015-04-30": "68631.00000", "2014-04-30": "12879.00000", "2013-04-30": "13002.00000", "2012-04-30": "12581.00000", "2011-04-30": "12245.00000", "2010-04-30": "10950.00000", "2009-04-30": "10672.00000", "2008-04-30": "9712.00000", "2007-04-30": "5760.00000", "2006-04-30": "5938.00000", "2005-04-30": "5299.20000"}, "Other Long-Term Assets": {"2020-04-30": "2094.00000", "2019-04-30": "1014.00000", "2018-04-30": "1078.00000", "2017-04-30": "7151.00000", "2016-04-30": "1421.00000", "2015-04-30": "1737.00000", "2014-04-30": "1162.00000", "2013-04-30": "1324.00000", "2012-04-30": "1252.00000", "2011-04-30": "362.00000", "2010-04-30": "248.00000", "2009-04-30": "416.00000", "2008-04-30": "518.00000", "2007-04-30": "365.00000", "2006-04-30": "512.00000", "2005-04-30": "471.70000"}, "Total Long-Term Assets": {"2020-04-30": "68658.00000", "2019-04-30": "67727.00000", "2018-04-30": "68413.00000", "2017-04-30": "74984.00000", "2016-04-30": "76044.00000", "2015-04-30": "75841.00000", "2014-04-30": "16733.00000", "2013-04-30": "17048.00000", "2012-04-30": "16482.00000", "2011-04-30": "21525.00000", "2010-04-30": "18251.00000", "2009-04-30": "16136.00000", "2008-04-30": "14876.00000", "2007-04-30": "11594.00000", "2006-04-30": "9288.00000", "2005-04-30": "9195.90000"}, "Total Assets": {"2020-04-30": "90689.00000", "2019-04-30": "89694.00000", "2018-04-30": "91393.00000", "2017-04-30": "99857.00000", "2016-04-30": "99644.00000", "2015-04-30": "106685.00000", "2014-04-30": "37943.00000", "2013-04-30": "34900.00000", "2012-04-30": "32818.00000", "2011-04-30": "30675.00000", "2010-04-30": "28090.00000", "2009-04-30": "23588.00000", "2008-04-30": "22198.00000", "2007-04-30": "19512.00000", "2006-04-30": "19665.00000", "2005-04-30": "16617.40000"}, "Total Current Liabilities": {"2020-04-30": "10366.00000", "2019-04-30": "8472.00000", "2018-04-30": "10084.00000", "2017-04-30": "14264.00000", "2016-04-30": "7165.00000", "2015-04-30": "9173.00000", "2014-04-30": "5559.00000", "2013-04-30": "3950.00000", "2012-04-30": "5927.00000", "2011-04-30": "4726.00000", "2010-04-30": "5121.00000", "2009-04-30": "3147.00000", "2008-04-30": "3535.00000", "2007-04-30": "2563.00000", "2006-04-30": "4406.00000", "2005-04-30": "3380.00000"}, "Long Term Debt": {"2020-04-30": "22021.00000", "2019-04-30": "24486.00000", "2018-04-30": "23699.00000", "2017-04-30": "25921.00000", "2016-04-30": "30109.00000", "2015-04-30": "33752.00000", "2014-04-30": "10315.00000", "2013-04-30": "9741.00000", "2012-04-30": "7359.00000", "2011-04-30": "8112.00000", "2010-04-30": "6944.00000", "2009-04-30": "6253.00000", "2008-04-30": "5802.00000", "2007-04-30": "5578.00000", "2006-04-30": "5486.00000", "2005-04-30": "1973.20000"}, "Other Non-Current Liabilities": {"2020-04-30": "6256.00000", "2019-04-30": "5246.00000", "2018-04-30": "5365.00000", "2017-04-30": "6364.00000", "2016-04-30": "6578.00000", "2015-04-30": "5830.00000", "2014-04-30": "2240.00000", "2013-04-30": "2198.00000", "2012-04-30": "2143.00000", "2011-04-30": "1408.00000", "2010-04-30": "1307.00000", "2009-04-30": "891.00000", "2008-04-30": "1325.00000", "2007-04-30": "394.00000", "2006-04-30": "368.00000", "2005-04-30": "336.60000"}, "Total Long Term Liabilities": {"2020-04-30": "29451.00000", "2019-04-30": "31010.00000", "2018-04-30": "30487.00000", "2017-04-30": "35263.00000", "2016-04-30": "40416.00000", "2015-04-30": "44282.00000", "2014-04-30": "12941.00000", "2013-04-30": "12279.00000", "2012-04-30": "9778.00000", "2011-04-30": "9981.00000", "2010-04-30": "8340.00000", "2009-04-30": "7259.00000", "2008-04-30": "7127.00000", "2007-04-30": "5972.00000", "2006-04-30": "5876.00000", "2005-04-30": "2787.90000"}, "Total Liabilities": {"2020-04-30": "39817.00000", "2019-04-30": "39482.00000", "2018-04-30": "40571.00000", "2017-04-30": "49527.00000", "2016-04-30": "47581.00000", "2015-04-30": "53455.00000", "2014-04-30": "18500.00000", "2013-04-30": "16229.00000", "2012-04-30": "15705.00000", "2011-04-30": "14707.00000", "2010-04-30": "13461.00000", "2009-04-30": "10406.00000", "2008-04-30": "10662.00000", "2007-04-30": "8535.00000", "2006-04-30": "10282.00000", "2005-04-30": "6167.90000"}, "Common Stock Net": {"2020-04-30": "", "2019-04-30": "", "2018-04-30": "", "2017-04-30": "", "2016-04-30": "", "2015-04-30": "", "2014-04-30": "100.00000", "2013-04-30": "102.00000", "2012-04-30": "104.00000", "2011-04-30": "107.00000", "2010-04-30": "110.00000", "2009-04-30": "112.00000", "2008-04-30": "112.00000", "2007-04-30": "114.00000", "2006-04-30": "116.00000", "2005-04-30": "121.00000"}, "Retained Earnings (Accumulated Deficit)": {"2020-04-30": "28132.00000", "2019-04-30": "26270.00000", "2018-04-30": "24379.00000", "2017-04-30": "23270.00000", "2016-04-30": "21704.00000", "2015-04-30": "54414.00000", "2014-04-30": "19940.00000", "2013-04-30": "19061.00000", "2012-04-30": "17482.00000", "2011-04-30": "16085.00000", "2010-04-30": "14826.00000", "2009-04-30": "13272.00000", "2008-04-30": "11710.00000", "2007-04-30": "10925.00000", "2006-04-30": "9112.00000", "2005-04-30": "10178.50000"}, "Comprehensive Income": {"2020-04-30": "-3560.00000", "2019-04-30": "-2711.00000", "2018-04-30": "-1786.00000", "2017-04-30": "-2613.00000", "2016-04-30": "-1868.00000", "2015-04-30": "-1184.00000", "2014-04-30": "-597.00000", "2013-04-30": "-492.00000", "2012-04-30": "-473.00000", "2011-04-30": "-224.00000", "2010-04-30": "", "2009-04-30": "", "2008-04-30": "", "2007-04-30": "", "2006-04-30": "", "2005-04-30": ""}, "Other Share Holders Equity": {"2020-04-30": "", "2019-04-30": "", "2018-04-30": "", "2017-04-30": "", "2016-04-30": "", "2015-04-30": "", "2014-04-30": "", "2013-04-30": "", "2012-04-30": "", "2011-04-30": "", "2010-04-30": "-307.00000", "2009-04-30": "-202.00000", "2008-04-30": "-286.00000", "2007-04-30": "-62.00000", "2006-04-30": "155.00000", "2005-04-30": "150.00000"}, "Share Holder Equity": {"2020-04-30": "50872.00000", "2019-04-30": "50212.00000", "2018-04-30": "50822.00000", "2017-04-30": "50330.00000", "2016-04-30": "52063.00000", "2015-04-30": "53230.00000", "2014-04-30": "19443.00000", "2013-04-30": "18671.00000", "2012-04-30": "17113.00000", "2011-04-30": "15968.00000", "2010-04-30": "14629.00000", "2009-04-30": "13182.00000", "2008-04-30": "11536.00000", "2007-04-30": "10977.00000", "2006-04-30": "9383.00000", "2005-04-30": "10449.50000"}, "Total Liabilities And Share Holders Equity": {"2020-04-30": "90689.00000", "2019-04-30": "89694.00000", "2018-04-30": "91393.00000", "2017-04-30": "99857.00000", "2016-04-30": "99644.00000", "2015-04-30": "106685.00000", "2014-04-30": "37943.00000", "2013-04-30": "34900.00000", "2012-04-30": "32818.00000", "2011-04-30": "30675.00000", "2010-04-30": "28090.00000", "2009-04-30": "23588.00000", "2008-04-30": "22198.00000", "2007-04-30": "19512.00000", "2006-04-30": "19665.00000", "2005-04-30": "16617.40000"}}, "balance sheet, quarterly": {"Cash On Hand": {"2020-10-31": "14277.00000", "2020-07-31": "13012.00000", "2020-04-30": "10948.00000", "2020-01-31": "11628.00000", "2019-10-31": "10398.00000", "2019-07-31": "10683.00000", "2019-04-30": "9848.00000", "2019-01-31": "9142.00000", "2018-10-31": "10133.00000", "2018-07-31": "11004.00000", "2018-04-30": "11227.00000", "2018-01-31": "14436.00000", "2017-10-31": "13526.00000", "2017-07-31": "13088.00000", "2017-04-30": "13708.00000", "2017-01-31": "11458.00000", "2016-10-31": "11257.00000", "2016-07-31": "12810.00000", "2016-04-30": "12634.00000", "2016-01-31": "17286.00000", "2015-10-31": "17229.00000", "2015-07-31": "17982.00000", "2015-04-30": "19480.00000", "2015-01-31": "31148.00000", "2014-10-31": "14464.00000", "2014-07-31": "13962.00000", "2014-04-30": "14241.00000", "2014-01-31": "13667.00000", "2013-10-31": "12584.00000", "2013-07-31": "11404.00000", "2013-04-30": "11130.00000", "2013-01-31": "2464.00000", "2012-10-31": "2675.00000", "2012-07-31": "2491.00000", "2012-04-30": "9350.00000", "2012-01-31": "2345.00000", "2011-10-31": "2166.00000", "2011-07-31": "2521.00000", "2011-04-30": "2428.00000", "2011-01-31": "3467.00000", "2010-10-31": "3544.00000", "2010-07-31": "3917.00000", "2010-04-30": "3775.00000", "2010-01-31": "2292.00000", "2009-10-31": "1542.00000", "2009-07-31": "1544.00000", "2009-04-30": "1676.00000", "2009-01-31": "1743.00000", "2008-10-31": "1042.00000", "2008-07-31": "1745.00000", "2008-04-30": "1613.00000", "2008-01-31": "1307.00000", "2007-10-31": "5583.00000", "2007-07-31": "2813.00000", "2007-04-30": "3078.00000", "2007-01-31": "3321.00000", "2006-10-31": "3605.00000", "2006-07-31": "5945.00000", "2006-04-30": "6101.00000", "2006-01-31": "4926.80000", "2005-10-31": "4177.30000", "2005-07-31": "3160.20000", "2005-04-30": "3391.60000", "2005-01-31": "2929.80000"}, "Receivables": {"2020-10-31": "5348.00000", "2020-07-31": "4876.00000", "2020-04-30": "4645.00000", "2020-01-31": "6248.00000", "2019-10-31": "6118.00000", "2019-07-31": "5894.00000", "2019-04-30": "6222.00000", "2019-01-31": "5854.00000", "2018-10-31": "5743.00000", "2018-07-31": "5674.00000", "2018-04-30": "5987.00000", "2018-01-31": "5775.00000", "2017-10-31": "5752.00000", "2017-07-31": "5784.00000", "2017-04-30": "5591.00000", "2017-01-31": "5453.00000", "2016-10-31": "5661.00000", "2016-07-31": "5357.00000", "2016-04-30": "5562.00000", "2016-01-31": "4863.00000", "2015-10-31": "6663.00000", "2015-07-31": "6301.00000", "2015-04-30": "6447.00000", "2015-01-31": "4186.00000", "2014-10-31": "4446.00000", "2014-07-31": "4289.00000", "2014-04-30": "4547.00000", "2014-01-31": "4237.00000", "2013-10-31": "4394.00000", "2013-07-31": "4203.00000", "2013-04-30": "4266.00000", "2013-01-31": "3532.00000", "2012-10-31": "3612.00000", "2012-07-31": "3448.00000", "2012-04-30": "4511.00000", "2012-01-31": "3665.00000", "2011-10-31": "3837.00000", "2011-07-31": "3745.00000", "2011-04-30": "3761.00000", "2011-01-31": "3472.00000", "2010-10-31": "3453.00000", "2010-07-31": "3230.00000", "2010-04-30": "3335.00000", "2010-01-31": "3131.00000", "2009-10-31": "3232.00000", "2009-07-31": "3113.00000", "2009-04-30": "3123.00000", "2009-01-31": "3004.00000", "2008-10-31": "3095.00000", "2008-07-31": "3239.00000", "2008-04-30": "3360.00000", "2008-01-31": "2979.00000", "2007-10-31": "2865.00000", "2007-07-31": "2760.00000", "2007-04-30": "2737.00000", "2007-01-31": "2626.00000", "2006-10-31": "2590.00000", "2006-07-31": "2444.00000", "2006-04-30": "2429.00000", "2006-01-31": "2364.60000", "2005-10-31": "2316.20000", "2005-07-31": "2259.80000", "2005-04-30": "2292.70000", "2005-01-31": "2202.90000"}, "Inventory": {"2020-10-31": "4484.00000", "2020-07-31": "4551.00000", "2020-04-30": "4229.00000", "2020-01-31": "4122.00000", "2019-10-31": "4042.00000", "2019-07-31": "3932.00000", "2019-04-30": "3753.00000", "2019-01-31": "3866.00000", "2018-10-31": "3763.00000", "2018-07-31": "3681.00000", "2018-04-30": "3579.00000", "2018-01-31": "3751.00000", "2017-10-31": "3638.00000", "2017-07-31": "3538.00000", "2017-04-30": "3338.00000", "2017-01-31": "3720.00000", "2016-10-31": "3717.00000", "2016-07-31": "3580.00000", "2016-04-30": "3473.00000", "2016-01-31": "3536.00000", "2015-10-31": "3516.00000", "2015-07-31": "3404.00000", "2015-04-30": "3463.00000", "2015-01-31": "1875.00000", "2014-10-31": "1873.00000", "2014-07-31": "1836.00000", "2014-04-30": "1725.00000", "2014-01-31": "1782.00000", "2013-10-31": "1825.00000", "2013-07-31": "1778.00000", "2013-04-30": "1712.00000", "2013-01-31": "1889.00000", "2012-10-31": "1877.00000", "2012-07-31": "1854.00000", "2012-04-30": "1800.00000", "2012-01-31": "1819.00000", "2011-10-31": "1840.00000", "2011-07-31": "1808.00000", "2011-04-30": "1619.00000", "2011-01-31": "1682.00000", "2010-10-31": "1635.00000", "2010-07-31": "1577.00000", "2010-04-30": "1481.00000", "2010-01-31": "1468.00000", "2009-10-31": "1474.00000", "2009-07-31": "1492.00000", "2009-04-30": "1426.00000", "2009-01-31": "1429.00000", "2008-10-31": "1348.00000", "2008-07-31": "1356.00000", "2008-04-30": "1280.00000", "2008-01-31": "1307.00000", "2007-10-31": "1248.00000", "2007-07-31": "1243.00000", "2007-04-30": "1215.00000", "2007-01-31": "1319.00000", "2006-10-31": "1318.00000", "2006-07-31": "1280.00000", "2006-04-30": "1177.00000", "2006-01-31": "1177.20000", "2005-10-31": "1126.60000", "2005-07-31": "1046.40000", "2005-04-30": "981.40000", "2005-01-31": "1014.50000"}, "Pre-Paid Expenses": {"2020-10-31": "", "2020-07-31": "", "2020-04-30": "", "2020-01-31": "", "2019-10-31": "", "2019-07-31": "", "2019-04-30": "", "2019-01-31": "", "2018-10-31": "", "2018-07-31": "", "2018-04-30": "", "2018-01-31": "", "2017-10-31": "", "2017-07-31": "", "2017-04-30": "", "2017-01-31": "", "2016-10-31": "", "2016-07-31": "", "2016-04-30": "1931.00000", "2016-01-31": "1382.00000", "2015-10-31": "1315.00000", "2015-07-31": "1460.00000", "2015-04-30": "1454.00000", "2015-01-31": "952.00000", "2014-10-31": "814.00000", "2014-07-31": "683.00000", "2014-04-30": "697.00000", "2014-01-31": "700.00000", "2013-10-31": "680.00000", "2013-07-31": "705.00000", "2013-04-30": "744.00000", "2013-01-31": "712.00000", "2012-10-31": "676.00000", "2012-07-31": "753.00000", "2012-04-30": "675.00000", "2012-01-31": "624.00000", "2011-10-31": "584.00000", "2011-07-31": "601.00000", "2011-04-30": "561.00000", "2011-01-31": "637.00000", "2010-10-31": "581.00000", "2010-07-31": "715.00000", "2010-04-30": "704.00000", "2010-01-31": "538.00000", "2009-10-31": "499.00000", "2009-07-31": "535.00000", "2009-04-30": "622.00000", "2009-01-31": "662.00000", "2008-10-31": "633.00000", "2008-07-31": "483.00000", "2008-04-30": "469.00000", "2008-01-31": "490.00000", "2007-10-31": "403.00000", "2007-07-31": "451.00000", "2007-04-30": "483.00000", "2007-01-31": "499.00000", "2006-10-31": "496.00000", "2006-07-31": "536.00000", "2006-04-30": "473.00000", "2006-01-31": "373.70000", "2005-10-31": "417.40000", "2005-07-31": "539.10000", "2005-04-30": "370.20000", "2005-01-31": "389.70000"}, "Other Current Assets": {"2020-10-31": "1927.00000", "2020-07-31": "2070.00000", "2020-04-30": "2209.00000", "2020-01-31": "2045.00000", "2019-10-31": "2095.00000", "2019-07-31": "2196.00000", "2019-04-30": "2144.00000", "2019-01-31": "2015.00000", "2018-10-31": "2014.00000", "2018-07-31": "2101.00000", "2018-04-30": "2187.00000", "2018-01-31": "2645.00000", "2017-10-31": "2246.00000", "2017-07-31": "2369.00000", "2017-04-30": "2236.00000", "2017-01-31": "1792.00000", "2016-10-31": "1891.00000", "2016-07-31": "1751.00000", "2016-04-30": "", "2016-01-31": "", "2015-10-31": "", "2015-07-31": "", "2015-04-30": "", "2015-01-31": "", "2014-10-31": "", "2014-07-31": "", "2014-04-30": "", "2014-01-31": "", "2013-10-31": "", "2013-07-31": "", "2013-04-30": "", "2013-01-31": "", "2012-10-31": "", "2012-07-31": "", "2012-04-30": "", "2012-01-31": "250.00000", "2011-10-31": "", "2011-07-31": "", "2011-04-30": "258.00000", "2011-01-31": "", "2010-10-31": "", "2010-07-31": "", "2010-04-30": "", "2010-01-31": "", "2009-10-31": "", "2009-07-31": "", "2009-04-30": "", "2009-01-31": "", "2008-10-31": "", "2008-07-31": "", "2008-04-30": "", "2008-01-31": "", "2007-10-31": "", "2007-07-31": "", "2007-04-30": "", "2007-01-31": "", "2006-10-31": "", "2006-07-31": "", "2006-04-30": "", "2006-01-31": "", "2005-10-31": "", "2005-07-31": "", "2005-04-30": "", "2005-01-31": ""}, "Total Current Assets": {"2020-10-31": "26036.00000", "2020-07-31": "24509.00000", "2020-04-30": "22031.00000", "2020-01-31": "24043.00000", "2019-10-31": "22653.00000", "2019-07-31": "22705.00000", "2019-04-30": "21967.00000", "2019-01-31": "20877.00000", "2018-10-31": "21653.00000", "2018-07-31": "22460.00000", "2018-04-30": "22980.00000", "2018-01-31": "26607.00000", "2017-10-31": "25162.00000", "2017-07-31": "24779.00000", "2017-04-30": "24873.00000", "2017-01-31": "22423.00000", "2016-10-31": "22526.00000", "2016-07-31": "23498.00000", "2016-04-30": "23600.00000", "2016-01-31": "27569.00000", "2015-10-31": "28723.00000", "2015-07-31": "29147.00000", "2015-04-30": "30844.00000", "2015-01-31": "38161.00000", "2014-10-31": "21597.00000", "2014-07-31": "20770.00000", "2014-04-30": "21210.00000", "2014-01-31": "20386.00000", "2013-10-31": "19483.00000", "2013-07-31": "18090.00000", "2013-04-30": "17852.00000", "2013-01-31": "9161.00000", "2012-10-31": "9435.00000", "2012-07-31": "9183.00000", "2012-04-30": "16336.00000", "2012-01-31": "9308.00000", "2011-10-31": "9014.00000", "2011-07-31": "9285.00000", "2011-04-30": "9150.00000", "2011-01-31": "9986.00000", "2010-10-31": "9894.00000", "2010-07-31": "9997.00000", "2010-04-30": "9839.00000", "2010-01-31": "7979.00000", "2009-10-31": "7312.00000", "2009-07-31": "7284.00000", "2009-04-30": "7452.00000", "2009-01-31": "7206.00000", "2008-10-31": "6502.00000", "2008-07-31": "7398.00000", "2008-04-30": "7322.00000", "2008-01-31": "6681.00000", "2007-10-31": "10541.00000", "2007-07-31": "7668.00000", "2007-04-30": "7918.00000", "2007-01-31": "8210.00000", "2006-10-31": "8423.00000", "2006-07-31": "10431.00000", "2006-04-30": "10377.00000", "2006-01-31": "8925.50000", "2005-10-31": "8119.00000", "2005-07-31": "7134.10000", "2005-04-30": "7421.50000", "2005-01-31": "6728.20000"}, "Property, Plant, And Equipment": {"2020-10-31": "4938.00000", "2020-07-31": "4882.00000", "2020-04-30": "4828.00000", "2020-01-31": "4764.00000", "2019-10-31": "4756.00000", "2019-07-31": "4711.00000", "2019-04-30": "4675.00000", "2019-01-31": "4593.00000", "2018-10-31": "4536.00000", "2018-07-31": "4524.00000", "2018-04-30": "4604.00000", "2018-01-31": "4517.00000", "2017-10-31": "4441.00000", "2017-07-31": "4387.00000", "2017-04-30": "4361.00000", "2017-01-31": "4947.00000", "2016-10-31": "4891.00000", "2016-07-31": "4814.00000", "2016-04-30": "4841.00000", "2016-01-31": "4636.00000", "2015-10-31": "4678.00000", "2015-07-31": "4672.00000", "2015-04-30": "4699.00000", "2015-01-31": "2326.00000", "2014-10-31": "2361.00000", "2014-07-31": "2376.00000", "2014-04-30": "2392.00000", "2014-01-31": "2408.00000", "2013-10-31": "2448.00000", "2013-07-31": "2444.00000", "2013-04-30": "2490.00000", "2013-01-31": "2502.00000", "2012-10-31": "2447.00000", "2012-07-31": "2451.00000", "2012-04-30": "2473.00000", "2012-01-31": "2480.00000", "2011-10-31": "2535.00000", "2011-07-31": "2521.00000", "2011-04-30": "2488.00000", "2011-01-31": "2507.00000", "2010-10-31": "2458.00000", "2010-07-31": "2420.00000", "2010-04-30": "2421.00000", "2010-01-31": "2377.00000", "2009-10-31": "2370.00000", "2009-07-31": "2333.00000", "2009-04-30": "2279.00000", "2009-01-31": "2256.00000", "2008-10-31": "2234.00000", "2008-07-31": "2241.00000", "2008-04-30": "2221.00000", "2008-01-31": "2228.00000", "2007-10-31": "2161.00000", "2007-07-31": "2092.00000", "2007-04-30": "2062.00000", "2007-01-31": "1989.00000", "2006-10-31": "1948.00000", "2006-07-31": "1904.00000", "2006-04-30": "1881.00000", "2006-01-31": "1875.90000", "2005-10-31": "1882.20000", "2005-07-31": "1849.80000", "2005-04-30": "1859.30000", "2005-01-31": "1804.60000"}, "Long-Term Investments": {"2020-10-31": "", "2020-07-31": "", "2020-04-30": "", "2020-01-31": "", "2019-10-31": "", "2019-07-31": "", "2019-04-30": "", "2019-01-31": "", "2018-10-31": "", "2018-07-31": "", "2018-04-30": "", "2018-01-31": "", "2017-10-31": "", "2017-07-31": "", "2017-04-30": "", "2017-01-31": "", "2016-10-31": "", "2016-07-31": "", "2016-04-30": "", "2016-01-31": "", "2015-10-31": "", "2015-07-31": "", "2015-04-30": "", "2015-01-31": "", "2014-10-31": "", "2014-07-31": "", "2014-04-30": "", "2014-01-31": "", "2013-10-31": "", "2013-07-31": "", "2013-04-30": "", "2013-01-31": "9321.00000", "2012-10-31": "8816.00000", "2012-07-31": "8259.00000", "2012-04-30": "", "2012-01-31": "7096.00000", "2011-10-31": "7013.00000", "2011-07-31": "6655.00000", "2011-04-30": "6116.00000", "2011-01-31": "5578.00000", "2010-10-31": "5448.00000", "2010-07-31": "5057.00000", "2010-04-30": "4632.00000", "2010-01-31": "4020.00000", "2009-10-31": "3751.00000", "2009-07-31": "3037.00000", "2009-04-30": "2769.00000", "2009-01-31": "2641.00000", "2008-10-31": "2803.00000", "2008-07-31": "2817.00000", "2008-04-30": "2322.00000", "2008-01-31": "2252.00000", "2007-10-31": "1481.00000", "2007-07-31": "3486.00000", "2007-04-30": "3203.00000", "2007-01-31": "2970.00000", "2006-10-31": "2056.00000", "2006-07-31": "1394.00000", "2006-04-30": "957.00000", "2006-01-31": "1122.20000", "2005-10-31": "1346.00000", "2005-07-31": "1481.10000", "2005-04-30": "1565.70000", "2005-01-31": "1466.90000"}, "Goodwill And Intangible Assets": {"2020-10-31": "59624.00000", "2020-07-31": "59384.00000", "2020-04-30": "58904.00000", "2020-01-31": "59547.00000", "2019-10-31": "59727.00000", "2019-07-31": "60316.00000", "2019-04-30": "60519.00000", "2019-01-31": "60838.00000", "2018-10-31": "59424.00000", "2018-07-31": "60225.00000", "2018-04-30": "61266.00000", "2018-01-31": "61973.00000", "2017-10-31": "61702.00000", "2017-07-31": "62202.00000", "2017-04-30": "61922.00000", "2017-01-31": "67433.00000", "2016-10-31": "68446.00000", "2016-07-31": "67746.00000", "2016-04-30": "68399.00000", "2016-01-31": "67692.00000", "2015-10-31": "69005.00000", "2015-07-31": "68356.00000", "2015-04-30": "68631.00000", "2015-01-31": "13289.00000", "2014-10-31": "13461.00000", "2014-07-31": "13037.00000", "2014-04-30": "12879.00000", "2014-01-31": "12965.00000", "2013-10-31": "13072.00000", "2013-07-31": "12953.00000", "2013-04-30": "13002.00000", "2013-01-31": "13099.00000", "2012-10-31": "12444.00000", "2012-07-31": "12492.00000", "2012-04-30": "12581.00000", "2012-01-31": "12628.00000", "2011-10-31": "12819.00000", "2011-07-31": "12236.00000", "2011-04-30": "12245.00000", "2011-01-31": "12286.00000", "2010-10-31": "11197.00000", "2010-07-31": "10905.00000", "2010-04-30": "10950.00000", "2010-01-31": "10519.00000", "2009-10-31": "10596.00000", "2009-07-31": "10634.00000", "2009-04-30": "10672.00000", "2009-01-31": "9930.00000", "2008-10-31": "9713.00000", "2008-07-31": "9676.00000", "2008-04-30": "9712.00000", "2008-01-31": "9787.00000", "2007-10-31": "5724.00000", "2007-07-31": "5750.00000", "2007-04-30": "5760.00000", "2007-01-31": "5918.00000", "2006-10-31": "5969.00000", "2006-07-31": "5920.00000", "2006-04-30": "5938.00000", "2006-01-31": "5976.60000", "2005-10-31": "5963.90000", "2005-07-31": "5976.80000", "2005-04-30": "5299.20000", "2005-01-31": "5320.40000"}, "Other Long-Term Assets": {"2020-10-31": "2112.00000", "2020-07-31": "2143.00000", "2020-04-30": "2094.00000", "2020-01-31": "2196.00000", "2019-10-31": "2113.00000", "2019-07-31": "1991.00000", "2019-04-30": "1014.00000", "2019-01-31": "926.00000", "2018-10-31": "1123.00000", "2018-07-31": "1099.00000", "2018-04-30": "1078.00000", "2018-01-31": "1166.00000", "2017-10-31": "1404.00000", "2017-07-31": "7284.00000", "2017-04-30": "7151.00000", "2017-01-31": "1291.00000", "2016-10-31": "1293.00000", "2016-07-31": "1311.00000", "2016-04-30": "1421.00000", "2016-01-31": "1749.00000", "2015-10-31": "1714.00000", "2015-07-31": "1679.00000", "2015-04-30": "1737.00000", "2015-01-31": "1250.00000", "2014-10-31": "1178.00000", "2014-07-31": "1172.00000", "2014-04-30": "1162.00000", "2014-01-31": "1235.00000", "2013-10-31": "1237.00000", "2013-07-31": "1297.00000", "2013-04-30": "1324.00000", "2013-01-31": "382.00000", "2012-10-31": "350.00000", "2012-07-31": "358.00000", "2012-04-30": "1252.00000", "2012-01-31": "399.00000", "2011-10-31": "372.00000", "2011-07-31": "394.00000", "2011-04-30": "362.00000", "2011-01-31": "240.00000", "2010-10-31": "314.00000", "2010-07-31": "281.00000", "2010-04-30": "248.00000", "2010-01-31": "273.00000", "2009-10-31": "255.00000", "2009-07-31": "286.00000", "2009-04-30": "416.00000", "2009-01-31": "677.00000", "2008-10-31": "781.00000", "2008-07-31": "519.00000", "2008-04-30": "518.00000", "2008-01-31": "464.00000", "2007-10-31": "356.00000", "2007-07-31": "352.00000", "2007-04-30": "365.00000", "2007-01-31": "477.00000", "2006-10-31": "488.00000", "2006-07-31": "507.00000", "2006-04-30": "512.00000", "2006-01-31": "438.80000", "2005-10-31": "456.40000", "2005-07-31": "475.50000", "2005-04-30": "471.70000", "2005-01-31": "375.30000"}, "Total Long-Term Assets": {"2020-10-31": "69850.00000", "2020-07-31": "69397.00000", "2020-04-30": "68658.00000", "2020-01-31": "68779.00000", "2019-10-31": "68400.00000", "2019-07-31": "68563.00000", "2019-04-30": "67727.00000", "2019-01-31": "67853.00000", "2018-10-31": "66497.00000", "2018-07-31": "67261.00000", "2018-04-30": "68413.00000", "2018-01-31": "69193.00000", "2017-10-31": "69296.00000", "2017-07-31": "75471.00000", "2017-04-30": "74984.00000", "2017-01-31": "75155.00000", "2016-10-31": "75880.00000", "2016-07-31": "75103.00000", "2016-04-30": "76044.00000", "2016-01-31": "75137.00000", "2015-10-31": "76222.00000", "2015-07-31": "75479.00000", "2015-04-30": "75841.00000", "2015-01-31": "17072.00000", "2014-10-31": "17183.00000", "2014-07-31": "16784.00000", "2014-04-30": "16733.00000", "2014-01-31": "16845.00000", "2013-10-31": "16985.00000", "2013-07-31": "16882.00000", "2013-04-30": "17048.00000", "2013-01-31": "25788.00000", "2012-10-31": "24525.00000", "2012-07-31": "24069.00000", "2012-04-30": "16482.00000", "2012-01-31": "22603.00000", "2011-10-31": "22739.00000", "2011-07-31": "21806.00000", "2011-04-30": "21525.00000", "2011-01-31": "20611.00000", "2010-10-31": "19417.00000", "2010-07-31": "18663.00000", "2010-04-30": "18251.00000", "2010-01-31": "17189.00000", "2009-10-31": "16972.00000", "2009-07-31": "16290.00000", "2009-04-30": "16136.00000", "2009-01-31": "15558.00000", "2008-10-31": "15531.00000", "2008-07-31": "15335.00000", "2008-04-30": "14876.00000", "2008-01-31": "14731.00000", "2007-10-31": "10045.00000", "2007-07-31": "11992.00000", "2007-04-30": "11594.00000", "2007-01-31": "11362.00000", "2006-10-31": "10473.00000", "2006-07-31": "9750.00000", "2006-04-30": "9288.00000", "2006-01-31": "9413.50000", "2005-10-31": "9648.50100", "2005-07-31": "9783.19900", "2005-04-30": "9195.90000", "2005-01-31": "8967.20000"}, "Total Assets": {"2020-10-31": "95886.00000", "2020-07-31": "93906.00000", "2020-04-30": "90689.00000", "2020-01-31": "92822.00000", "2019-10-31": "91053.00000", "2019-07-31": "91268.00000", "2019-04-30": "89694.00000", "2019-01-31": "88730.00000", "2018-10-31": "88150.00000", "2018-07-31": "89721.00000", "2018-04-30": "91393.00000", "2018-01-31": "95800.00000", "2017-10-31": "94458.00000", "2017-07-31": "100250.00000", "2017-04-30": "99857.00000", "2017-01-31": "97578.00000", "2016-10-31": "98406.00000", "2016-07-31": "98601.00000", "2016-04-30": "99644.00000", "2016-01-31": "102706.00000", "2015-10-31": "104945.00000", "2015-07-31": "104626.00000", "2015-04-30": "106685.00000", "2015-01-31": "55233.00000", "2014-10-31": "38780.00000", "2014-07-31": "37554.00000", "2014-04-30": "37943.00000", "2014-01-31": "37231.00000", "2013-10-31": "36468.00000", "2013-07-31": "34972.00000", "2013-04-30": "34900.00000", "2013-01-31": "34949.00000", "2012-10-31": "33960.00000", "2012-07-31": "33252.00000", "2012-04-30": "32818.00000", "2012-01-31": "31911.00000", "2011-10-31": "31753.00000", "2011-07-31": "31091.00000", "2011-04-30": "30675.00000", "2011-01-31": "30597.00000", "2010-10-31": "29311.00000", "2010-07-31": "28660.00000", "2010-04-30": "28090.00000", "2010-01-31": "25168.00000", "2009-10-31": "24284.00000", "2009-07-31": "23574.00000", "2009-04-30": "23588.00000", "2009-01-31": "22764.00000", "2008-10-31": "22033.00000", "2008-07-31": "22733.00000", "2008-04-30": "22198.00000", "2008-01-31": "21412.00000", "2007-10-31": "20586.00000", "2007-07-31": "19660.00000", "2007-04-30": "19512.00000", "2007-01-31": "19572.00000", "2006-10-31": "18896.00000", "2006-07-31": "20181.00000", "2006-04-30": "19665.00000", "2006-01-31": "18339.00000", "2005-10-31": "17767.50000", "2005-07-31": "16917.30000", "2005-04-30": "16617.40000", "2005-01-31": "15695.40000"}, "Total Current Liabilities": {"2020-10-31": "12071.00000", "2020-07-31": "13086.00000", "2020-04-30": "10366.00000", "2020-01-31": "8735.00000", "2019-10-31": "8170.00000", "2019-07-31": "8518.00000", "2019-04-30": "8472.00000", "2019-01-31": "8853.00000", "2018-10-31": "8463.00000", "2018-07-31": "9112.00000", "2018-04-30": "10084.00000", "2018-01-31": "10933.00000", "2017-10-31": "10496.00000", "2017-07-31": "15148.00000", "2017-04-30": "14264.00000", "2017-01-31": "12672.00000", "2016-10-31": "9601.00000", "2016-07-31": "7896.00000", "2016-04-30": "7165.00000", "2016-01-31": "8141.00000", "2015-10-31": "8126.00000", "2015-07-31": "7660.00000", "2015-04-30": "9173.00000", "2015-01-31": "5613.00000", "2014-10-31": "6952.00000", "2014-07-31": "5433.00000", "2014-04-30": "5559.00000", "2014-01-31": "5632.00000", "2013-10-31": "5496.00000", "2013-07-31": "4285.00000", "2013-04-30": "3950.00000", "2013-01-31": "6958.00000", "2012-10-31": "6621.00000", "2012-07-31": "5811.00000", "2012-04-30": "5927.00000", "2012-01-31": "4562.00000", "2011-10-31": "4734.00000", "2011-07-31": "4805.00000", "2011-04-30": "4726.00000", "2011-01-31": "6414.00000", "2010-10-31": "5895.00000", "2010-07-31": "5611.00000", "2010-04-30": "5121.00000", "2010-01-31": "3794.00000", "2009-10-31": "3278.00000", "2009-07-31": "3132.00000", "2009-04-30": "3147.00000", "2009-01-31": "3168.00000", "2008-10-31": "2914.00000", "2008-07-31": "3722.00000", "2008-04-30": "3535.00000", "2008-01-31": "3536.00000", "2007-10-31": "2651.00000", "2007-07-31": "2040.00000", "2007-04-30": "2563.00000", "2007-01-31": "2703.00000", "2006-10-31": "2695.00000", "2006-07-31": "4439.00000", "2006-04-30": "4406.00000", "2006-01-31": "4871.50000", "2005-10-31": "4899.10000", "2005-07-31": "3602.50000", "2005-04-30": "3380.00000", "2005-01-31": "2655.90000"}, "Long Term Debt": {"2020-10-31": "25967.00000", "2020-07-31": "22867.00000", "2020-04-30": "22021.00000", "2020-01-31": "24732.00000", "2019-10-31": "24752.00000", "2019-07-31": "24804.00000", "2019-04-30": "24486.00000", "2019-01-31": "23674.00000", "2018-10-31": "23673.00000", "2018-07-31": "23678.00000", "2018-04-30": "23699.00000", "2018-01-31": "25918.00000", "2017-10-31": "25941.00000", "2017-07-31": "25953.00000", "2017-04-30": "25921.00000", "2017-01-31": "25923.00000", "2016-10-31": "29010.00000", "2016-07-31": "30124.00000", "2016-04-30": "30109.00000", "2016-01-31": "33681.00000", "2015-10-31": "33690.00000", "2015-07-31": "33709.00000", "2015-04-30": "33752.00000", "2015-01-31": "26641.00000", "2014-10-31": "9708.00000", "2014-07-31": "10323.00000", "2014-04-30": "10315.00000", "2014-01-31": "9601.00000", "2013-10-31": "9637.00000", "2013-07-31": "9637.00000", "2013-04-30": "9741.00000", "2013-01-31": "7314.00000", "2012-10-31": "7355.00000", "2012-07-31": "7386.00000", "2012-04-30": "7359.00000", "2012-01-31": "8248.00000", "2011-10-31": "8222.00000", "2011-07-31": "8195.00000", "2011-04-30": "8112.00000", "2011-01-31": "7084.00000", "2010-10-31": "7148.00000", "2010-07-31": "7080.00000", "2010-04-30": "6944.00000", "2010-01-31": "5996.00000", "2009-10-31": "6368.00000", "2009-07-31": "6307.00000", "2009-04-30": "6253.00000", "2009-01-31": "5525.00000", "2008-10-31": "5523.00000", "2008-07-31": "5499.00000", "2008-04-30": "5802.00000", "2008-01-31": "5656.00000", "2007-10-31": "5494.00000", "2007-07-31": "5576.00000", "2007-04-30": "5578.00000", "2007-01-31": "5577.00000", "2006-10-31": "5581.00000", "2006-07-31": "5485.00000", "2006-04-30": "5486.00000", "2006-01-31": "1002.50000", "2005-10-31": "1001.20000", "2005-07-31": "1973.00000", "2005-04-30": "1973.20000", "2005-01-31": "1974.90000"}, "Other Non-Current Liabilities": {"2020-10-31": "6281.00000", "2020-07-31": "6279.00000", "2020-04-30": "6256.00000", "2020-01-31": "6120.00000", "2019-10-31": "6036.00000", "2019-07-31": "6103.00000", "2019-04-30": "5246.00000", "2019-01-31": "4906.00000", "2018-10-31": "4975.00000", "2018-07-31": "5255.00000", "2018-04-30": "5365.00000", "2018-01-31": "7246.00000", "2017-10-31": "4602.00000", "2017-07-31": "5752.00000", "2017-04-30": "6364.00000", "2017-01-31": "5847.00000", "2016-10-31": "5748.00000", "2016-07-31": "5899.00000", "2016-04-30": "6578.00000", "2016-01-31": "6266.00000", "2015-10-31": "6094.00000", "2015-07-31": "5747.00000", "2015-04-30": "5830.00000", "2015-01-31": "2391.00000", "2014-10-31": "2262.00000", "2014-07-31": "2173.00000", "2014-04-30": "2240.00000", "2014-01-31": "2286.00000", "2013-10-31": "2236.00000", "2013-07-31": "2188.00000", "2013-04-30": "2198.00000", "2013-01-31": "2202.00000", "2012-10-31": "2225.00000", "2012-07-31": "2218.00000", "2012-04-30": "2143.00000", "2012-01-31": "1789.00000", "2011-10-31": "1765.00000", "2011-07-31": "1472.00000", "2011-04-30": "1408.00000", "2011-01-31": "1642.00000", "2010-10-31": "1437.00000", "2010-07-31": "1326.00000", "2010-04-30": "1307.00000", "2010-01-31": "1015.00000", "2009-10-31": "993.00000", "2009-07-31": "929.00000", "2009-04-30": "891.00000", "2009-01-31": "1007.00000", "2008-10-31": "954.00000", "2008-07-31": "1273.00000", "2008-04-30": "1325.00000", "2008-01-31": "1244.00000", "2007-10-31": "966.00000", "2007-07-31": "901.00000", "2007-04-30": "394.00000", "2007-01-31": "308.00000", "2006-10-31": "343.00000", "2006-07-31": "361.00000", "2006-04-30": "368.00000", "2006-01-31": "364.60000", "2005-10-31": "362.60000", "2005-07-31": "368.70000", "2005-04-30": "336.60000", "2005-01-31": "390.50000"}, "Total Long Term Liabilities": {"2020-10-31": "33499.00000", "2020-07-31": "30377.00000", "2020-04-30": "29451.00000", "2020-01-31": "32134.00000", "2019-10-31": "32164.00000", "2019-07-31": "32253.00000", "2019-04-30": "31010.00000", "2019-01-31": "29936.00000", "2018-10-31": "29973.00000", "2018-07-31": "30280.00000", "2018-04-30": "30487.00000", "2018-01-31": "34527.00000", "2017-10-31": "32384.00000", "2017-07-31": "34315.00000", "2017-04-30": "35263.00000", "2017-01-31": "35413.00000", "2016-10-31": "38512.00000", "2016-07-31": "39813.00000", "2016-04-30": "40416.00000", "2016-01-31": "43749.00000", "2015-10-31": "44550.00000", "2015-07-31": "44157.00000", "2015-04-30": "44282.00000", "2015-01-31": "29447.00000", "2014-10-31": "12390.00000", "2014-07-31": "12873.00000", "2014-04-30": "12941.00000", "2014-01-31": "12245.00000", "2013-10-31": "12228.00000", "2013-07-31": "12168.00000", "2013-04-30": "12279.00000", "2013-01-31": "10155.00000", "2012-10-31": "10164.00000", "2012-07-31": "10186.00000", "2012-04-30": "9778.00000", "2012-01-31": "10180.00000", "2011-10-31": "10280.00000", "2011-07-31": "9946.00000", "2011-04-30": "9981.00000", "2011-01-31": "8825.00000", "2010-10-31": "8591.00000", "2010-07-31": "8448.00000", "2010-04-30": "8340.00000", "2010-01-31": "7054.00000", "2009-10-31": "7398.00000", "2009-07-31": "7298.00000", "2009-04-30": "7259.00000", "2009-01-31": "6532.00000", "2008-10-31": "6495.00000", "2008-07-31": "6772.00000", "2008-04-30": "7127.00000", "2008-01-31": "6910.00000", "2007-10-31": "6460.00000", "2007-07-31": "6477.00000", "2007-04-30": "5972.00000", "2007-01-31": "5885.00000", "2006-10-31": "5924.00000", "2006-07-31": "5846.00000", "2006-04-30": "5876.00000", "2006-01-31": "1729.90000", "2005-10-31": "1734.70000", "2005-07-31": "2734.00000", "2005-04-30": "2787.90000", "2005-01-31": "2807.40000"}, "Total Liabilities": {"2020-10-31": "45570.00000", "2020-07-31": "43463.00000", "2020-04-30": "39817.00000", "2020-01-31": "40869.00000", "2019-10-31": "40334.00000", "2019-07-31": "40771.00000", "2019-04-30": "39482.00000", "2019-01-31": "38789.00000", "2018-10-31": "38436.00000", "2018-07-31": "39392.00000", "2018-04-30": "40571.00000", "2018-01-31": "45460.00000", "2017-10-31": "42880.00000", "2017-07-31": "49463.00000", "2017-04-30": "49527.00000", "2017-01-31": "48085.00000", "2016-10-31": "48113.00000", "2016-07-31": "47709.00000", "2016-04-30": "47581.00000", "2016-01-31": "51890.00000", "2015-10-31": "52676.00000", "2015-07-31": "51817.00000", "2015-04-30": "53455.00000", "2015-01-31": "35060.00000", "2014-10-31": "19342.00000", "2014-07-31": "18306.00000", "2014-04-30": "18500.00000", "2014-01-31": "17877.00000", "2013-10-31": "17724.00000", "2013-07-31": "16453.00000", "2013-04-30": "16229.00000", "2013-01-31": "17113.00000", "2012-10-31": "16785.00000", "2012-07-31": "15997.00000", "2012-04-30": "15705.00000", "2012-01-31": "14742.00000", "2011-10-31": "15014.00000", "2011-07-31": "14751.00000", "2011-04-30": "14707.00000", "2011-01-31": "15239.00000", "2010-10-31": "14486.00000", "2010-07-31": "14059.00000", "2010-04-30": "13461.00000", "2010-01-31": "10848.00000", "2009-10-31": "10676.00000", "2009-07-31": "10430.00000", "2009-04-30": "10406.00000", "2009-01-31": "9700.00000", "2008-10-31": "9409.00000", "2008-07-31": "10494.00000", "2008-04-30": "10662.00000", "2008-01-31": "10446.00000", "2007-10-31": "9111.00000", "2007-07-31": "8517.00000", "2007-04-30": "8535.00000", "2007-01-31": "8588.00000", "2006-10-31": "8619.00000", "2006-07-31": "10285.00000", "2006-04-30": "10282.00000", "2006-01-31": "6601.40000", "2005-10-31": "6633.80000", "2005-07-31": "6336.50000", "2005-04-30": "6167.90000", "2005-01-31": "5463.30000"}, "Common Stock Net": {"2020-10-31": "", "2020-07-31": "", "2020-04-30": "", "2020-01-31": "", "2019-10-31": "", "2019-07-31": "", "2019-04-30": "", "2019-01-31": "", "2018-10-31": "", "2018-07-31": "", "2018-04-30": "", "2018-01-31": "", "2017-10-31": "", "2017-07-31": "", "2017-04-30": "", "2017-01-31": "", "2016-10-31": "", "2016-07-31": "", "2016-04-30": "", "2016-01-31": "", "2015-10-31": "", "2015-07-31": "", "2015-04-30": "", "2015-01-31": "99.00000", "2014-10-31": "98.00000", "2014-07-31": "99.00000", "2014-04-30": "100.00000", "2014-01-31": "100.00000", "2013-10-31": "100.00000", "2013-07-31": "100.00000", "2013-04-30": "102.00000", "2013-01-31": "101.00000", "2012-10-31": "101.00000", "2012-07-31": "103.00000", "2012-04-30": "104.00000", "2012-01-31": "105.00000", "2011-10-31": "106.00000", "2011-07-31": "106.00000", "2011-04-30": "107.00000", "2011-01-31": "107.00000", "2010-10-31": "108.00000", "2010-07-31": "108.00000", "2010-04-30": "110.00000", "2010-01-31": "111.00000", "2009-10-31": "111.00000", "2009-07-31": "111.00000", "2009-04-30": "112.00000", "2009-01-31": "112.00000", "2008-10-31": "112.00000", "2008-07-31": "113.00000", "2008-04-30": "112.00000", "2008-01-31": "112.00000", "2007-10-31": "113.00000", "2007-07-31": "114.00000", "2007-04-30": "114.00000", "2007-01-31": "115.00000", "2006-10-31": "115.00000", "2006-07-31": "115.00000", "2006-04-30": "116.00000", "2006-01-31": "120.90000", "2005-10-31": "120.70000", "2005-07-31": "120.90000", "2005-04-30": "121.00000", "2005-01-31": "120.70000"}, "Retained Earnings (Accumulated Deficit)": {"2020-10-31": "27526.00000", "2020-07-31": "27817.00000", "2020-04-30": "28132.00000", "2020-01-31": "28210.00000", "2019-10-31": "27018.00000", "2019-07-31": "26377.00000", "2019-04-30": "26270.00000", "2019-01-31": "25769.00000", "2018-10-31": "25171.00000", "2018-07-31": "24730.00000", "2018-04-30": "24379.00000", "2018-01-31": "23426.00000", "2017-10-31": "25438.00000", "2017-07-31": "24043.00000", "2017-04-30": "23270.00000", "2017-01-31": "52266.00000", "2016-10-31": "52514.00000", "2016-07-31": "52848.00000", "2016-04-30": "21704.00000", "2016-01-31": "53781.00000", "2015-10-31": "53740.00000", "2015-07-31": "54165.00000", "2015-04-30": "54414.00000", "2015-01-31": "20735.00000", "2014-10-31": "19846.00000", "2014-07-31": "19637.00000", "2014-04-30": "19940.00000", "2014-01-31": "19872.00000", "2013-10-31": "19211.00000", "2013-07-31": "18995.00000", "2013-04-30": "19061.00000", "2013-01-31": "18207.00000", "2012-10-31": "17558.00000", "2012-07-31": "17667.00000", "2012-04-30": "17482.00000", "2012-01-31": "17340.00000", "2011-10-31": "16790.00000", "2011-07-31": "16319.00000", "2011-04-30": "16085.00000", "2011-01-31": "15476.00000", "2010-10-31": "15114.00000", "2010-07-31": "14846.00000", "2010-04-30": "14826.00000", "2010-01-31": "14410.00000", "2009-10-31": "13750.00000", "2009-07-31": "13243.00000", "2009-04-30": "13272.00000", "2009-01-31": "12987.00000", "2008-10-31": "12468.00000", "2008-07-31": "12334.00000", "2008-04-30": "11710.00000", "2008-01-31": "10973.00000", "2007-10-31": "11492.00000", "2007-07-31": "11117.00000", "2007-04-30": "10925.00000", "2007-01-31": "10683.00000", "2006-10-31": "9960.00000", "2006-07-31": "9600.00000", "2006-04-30": "9112.00000", "2006-01-31": "11448.80000", "2005-10-31": "10843.80000", "2005-07-31": "10307.20000", "2005-04-30": "10178.50000", "2005-01-31": "9974.70000"}, "Comprehensive Income": {"2020-10-31": "-3843.00000", "2020-07-31": "-3782.00000", "2020-04-30": "-3560.00000", "2020-01-31": "-2546.00000", "2019-10-31": "-2611.00000", "2019-07-31": "-2484.00000", "2019-04-30": "-2711.00000", "2019-01-31": "-2458.00000", "2018-10-31": "-2612.00000", "2018-07-31": "-2323.00000", "2018-04-30": "-1786.00000", "2018-01-31": "-1382.00000", "2017-10-31": "-2060.00000", "2017-07-31": "-1924.00000", "2017-04-30": "-2613.00000", "2017-01-31": "-2879.00000", "2016-10-31": "-2328.00000", "2016-07-31": "-2024.00000", "2016-04-30": "-1868.00000", "2016-01-31": "-2965.00000", "2015-10-31": "-1471.00000", "2015-07-31": "-1356.00000", "2015-04-30": "-1184.00000", "2015-01-31": "-661.00000", "2014-10-31": "-506.00000", "2014-07-31": "-488.00000", "2014-04-30": "-597.00000", "2014-01-31": "-618.00000", "2013-10-31": "-567.00000", "2013-07-31": "-576.00000", "2013-04-30": "-492.00000", "2013-01-31": "-472.00000", "2012-10-31": "-484.00000", "2012-07-31": "-515.00000", "2012-04-30": "-473.00000", "2012-01-31": "-276.00000", "2011-10-31": "-157.00000", "2011-07-31": "-85.00000", "2011-04-30": "-224.00000", "2011-01-31": "-225.00000", "2010-10-31": "-397.00000", "2010-07-31": "-353.00000", "2010-04-30": "", "2010-01-31": "-201.00000", "2009-10-31": "-253.00000", "2009-07-31": "-210.00000", "2009-04-30": "", "2009-01-31": "-35.00000", "2008-10-31": "44.00000", "2008-07-31": "-208.00000", "2008-04-30": "", "2008-01-31": "", "2007-10-31": "", "2007-07-31": "", "2007-04-30": "", "2007-01-31": "", "2006-10-31": "", "2006-07-31": "", "2006-04-30": "", "2006-01-31": "", "2005-10-31": "", "2005-07-31": "", "2005-04-30": "", "2005-01-31": ""}, "Other Share Holders Equity": {"2020-10-31": "", "2020-07-31": "", "2020-04-30": "", "2020-01-31": "", "2019-10-31": "", "2019-07-31": "", "2019-04-30": "", "2019-01-31": "", "2018-10-31": "", "2018-07-31": "", "2018-04-30": "", "2018-01-31": "", "2017-10-31": "", "2017-07-31": "", "2017-04-30": "", "2017-01-31": "", "2016-10-31": "", "2016-07-31": "", "2016-04-30": "", "2016-01-31": "", "2015-10-31": "", "2015-07-31": "", "2015-04-30": "", "2015-01-31": "", "2014-10-31": "", "2014-07-31": "", "2014-04-30": "", "2014-01-31": "", "2013-10-31": "", "2013-07-31": "", "2013-04-30": "", "2013-01-31": "", "2012-10-31": "", "2012-07-31": "", "2012-04-30": "", "2012-01-31": "", "2011-10-31": "", "2011-07-31": "", "2011-04-30": "", "2011-01-31": "", "2010-10-31": "", "2010-07-31": "", "2010-04-30": "-307.00000", "2010-01-31": "", "2009-10-31": "", "2009-07-31": "", "2009-04-30": "-202.00000", "2009-01-31": "", "2008-10-31": "", "2008-07-31": "", "2008-04-30": "-286.00000", "2008-01-31": "-119.00000", "2007-10-31": "-130.00000", "2007-07-31": "-88.00000", "2007-04-30": "-62.00000", "2007-01-31": "186.00000", "2006-10-31": "202.00000", "2006-07-31": "181.00000", "2006-04-30": "155.00000", "2006-01-31": "167.90000", "2005-10-31": "169.20000", "2005-07-31": "152.70000", "2005-04-30": "150.00000", "2005-01-31": "136.70000"}, "Share Holder Equity": {"2020-10-31": "50316.00000", "2020-07-31": "50443.00000", "2020-04-30": "50872.00000", "2020-01-31": "51953.00000", "2019-10-31": "50719.00000", "2019-07-31": "50497.00000", "2019-04-30": "50212.00000", "2019-01-31": "49941.00000", "2018-10-31": "49714.00000", "2018-07-31": "50329.00000", "2018-04-30": "50822.00000", "2018-01-31": "50340.00000", "2017-10-31": "51578.00000", "2017-07-31": "50787.00000", "2017-04-30": "50330.00000", "2017-01-31": "49493.00000", "2016-10-31": "50293.00000", "2016-07-31": "50892.00000", "2016-04-30": "52063.00000", "2016-01-31": "50816.00000", "2015-10-31": "52269.00000", "2015-07-31": "52809.00000", "2015-04-30": "53230.00000", "2015-01-31": "20173.00000", "2014-10-31": "19438.00000", "2014-07-31": "19248.00000", "2014-04-30": "19443.00000", "2014-01-31": "19354.00000", "2013-10-31": "18744.00000", "2013-07-31": "18519.00000", "2013-04-30": "18671.00000", "2013-01-31": "17836.00000", "2012-10-31": "17175.00000", "2012-07-31": "17255.00000", "2012-04-30": "17113.00000", "2012-01-31": "17169.00000", "2011-10-31": "16739.00000", "2011-07-31": "16340.00000", "2011-04-30": "15968.00000", "2011-01-31": "15358.00000", "2010-10-31": "14825.00000", "2010-07-31": "14601.00000", "2010-04-30": "14629.00000", "2010-01-31": "14320.00000", "2009-10-31": "13608.00000", "2009-07-31": "13144.00000", "2009-04-30": "13182.00000", "2009-01-31": "13064.00000", "2008-10-31": "12624.00000", "2008-07-31": "12239.00000", "2008-04-30": "11536.00000", "2008-01-31": "10966.00000", "2007-10-31": "11475.00000", "2007-07-31": "11143.00000", "2007-04-30": "10977.00000", "2007-01-31": "10984.00000", "2006-10-31": "10277.00000", "2006-07-31": "9896.00000", "2006-04-30": "9383.00000", "2006-01-31": "11737.60000", "2005-10-31": "11133.70000", "2005-07-31": "10580.80000", "2005-04-30": "10449.50000", "2005-01-31": "10232.10000"}, "Total Liabilities And Share Holders Equity": {"2020-10-31": "95886.00000", "2020-07-31": "93906.00000", "2020-04-30": "90689.00000", "2020-01-31": "92822.00000", "2019-10-31": "91053.00000", "2019-07-31": "91268.00000", "2019-04-30": "89694.00000", "2019-01-31": "88730.00000", "2018-10-31": "88150.00000", "2018-07-31": "89721.00000", "2018-04-30": "91393.00000", "2018-01-31": "95800.00000", "2017-10-31": "94458.00000", "2017-07-31": "100250.00000", "2017-04-30": "99857.00000", "2017-01-31": "97578.00000", "2016-10-31": "98406.00000", "2016-07-31": "98601.00000", "2016-04-30": "99644.00000", "2016-01-31": "102706.00000", "2015-10-31": "104945.00000", "2015-07-31": "104626.00000", "2015-04-30": "106685.00000", "2015-01-31": "55233.00000", "2014-10-31": "38780.00000", "2014-07-31": "37554.00000", "2014-04-30": "37943.00000", "2014-01-31": "37231.00000", "2013-10-31": "36468.00000", "2013-07-31": "34972.00000", "2013-04-30": "34900.00000", "2013-01-31": "34949.00000", "2012-10-31": "33960.00000", "2012-07-31": "33252.00000", "2012-04-30": "32818.00000", "2012-01-31": "31911.00000", "2011-10-31": "31753.00000", "2011-07-31": "31091.00000", "2011-04-30": "30675.00000", "2011-01-31": "30597.00000", "2010-10-31": "29311.00000", "2010-07-31": "28660.00000", "2010-04-30": "28090.00000", "2010-01-31": "25168.00000", "2009-10-31": "24284.00000", "2009-07-31": "23574.00000", "2009-04-30": "23588.00000", "2009-01-31": "22764.00000", "2008-10-31": "22033.00000", "2008-07-31": "22733.00000", "2008-04-30": "22198.00000", "2008-01-31": "21412.00000", "2007-10-31": "20586.00000", "2007-07-31": "19660.00000", "2007-04-30": "19512.00000", "2007-01-31": "19572.00000", "2006-10-31": "18896.00000", "2006-07-31": "20181.00000", "2006-04-30": "19665.00000", "2006-01-31": "18339.00000", "2005-10-31": "17767.50000", "2005-07-31": "16917.30000", "2005-04-30": "16617.40000", "2005-01-31": "15695.40000"}}, "cash flow statement": {"Net Income/Loss": {"2020-04-30": "4806.00000", "2019-04-30": "4650.00000", "2018-04-30": "3095.00000", "2017-04-30": "4024.00000", "2016-04-30": "3538.00000", "2015-04-30": "2675.00000", "2014-04-30": "3065.00000", "2013-04-30": "3467.00000", "2012-04-30": "3617.00000", "2011-04-30": "3096.00000", "2010-04-30": "3099.00000", "2009-04-30": "2070.00000", "2008-04-30": "2138.00000", "2007-04-30": "2802.00000", "2006-04-30": "2547.00000", "2005-04-30": "1804.00000"}, "Total Depreciation And Amortization - Cash Flow": {"2020-04-30": "2663.00000", "2019-04-30": "2659.00000", "2018-04-30": "2644.00000", "2017-04-30": "2917.00000", "2016-04-30": "2849.00000", "2015-04-30": "1382.00000", "2014-04-30": "858.00000", "2013-04-30": "923.00000", "2012-04-30": "918.00000", "2011-04-30": "975.00000", "2010-04-30": "939.00000", "2009-04-30": "853.00000", "2008-04-30": "782.00000", "2007-04-30": "583.00000", "2006-04-30": "544.00000", "2005-04-30": "463.00000"}, "Other Non-Cash Items": {"2020-04-30": "-513.00000", "2019-04-30": "521.00000", "2018-04-30": "-955.00000", "2017-04-30": "-72.00000", "2016-04-30": "415.00000", "2015-04-30": "182.00000", "2014-04-30": "846.00000", "2013-04-30": "192.00000", "2012-04-30": "-83.00000", "2011-04-30": "682.00000", "2010-04-30": "-149.00000", "2009-04-30": "696.00000", "2008-04-30": "941.00000", "2007-04-30": "42.00000", "2006-04-30": "632.00000", "2005-04-30": "634.00000"}, "Total Non-Cash Items": {"2020-04-30": "2150.00000", "2019-04-30": "3180.00000", "2018-04-30": "1689.00000", "2017-04-30": "2845.00000", "2016-04-30": "3264.00000", "2015-04-30": "1564.00000", "2014-04-30": "1704.00000", "2013-04-30": "1115.00000", "2012-04-30": "835.00000", "2011-04-30": "1657.00000", "2010-04-30": "790.00000", "2009-04-30": "1549.00000", "2008-04-30": "1723.00000", "2007-04-30": "625.00000", "2006-04-30": "1176.00000", "2005-04-30": "1097.00000"}, "Change In Accounts Receivable": {"2020-04-30": "1291.00000", "2019-04-30": "-581.00000", "2018-04-30": "-275.00000", "2017-04-30": "-75.00000", "2016-04-30": "-435.00000", "2015-04-30": "-413.00000", "2014-04-30": "-70.00000", "2013-04-30": "1.00000", "2012-04-30": "-252.00000", "2011-04-30": "-342.00000", "2010-04-30": "-271.00000", "2009-04-30": "108.00000", "2008-04-30": "-461.00000", "2007-04-30": "-326.00000", "2006-04-30": "-217.00000", "2005-04-30": "-271.00000"}, "Change In Inventories": {"2020-04-30": "-577.00000", "2019-04-30": "-274.00000", "2018-04-30": "-192.00000", "2017-04-30": "-227.00000", "2016-04-30": "-186.00000", "2015-04-30": "-282.00000", "2014-04-30": "-39.00000", "2013-04-30": "93.00000", "2012-04-30": "-185.00000", "2011-04-30": "-101.00000", "2010-04-30": "158.00000", "2009-04-30": "-212.00000", "2008-04-30": "30.00000", "2007-04-30": "-24.00000", "2006-04-30": "-257.00000", "2005-04-30": "-51.00000"}, "Change In Accounts Payable": {"2020-04-30": "", "2019-04-30": "", "2018-04-30": "", "2017-04-30": "", "2016-04-30": "", "2015-04-30": "", "2014-04-30": "", "2013-04-30": "", "2012-04-30": "", "2011-04-30": "", "2010-04-30": "", "2009-04-30": "", "2008-04-30": "", "2007-04-30": "", "2006-04-30": "", "2005-04-30": ""}, "Change In Assets/Liabilities": {"2020-04-30": "-609.00000", "2019-04-30": "-624.00000", "2018-04-30": "229.00000", "2017-04-30": "85.00000", "2016-04-30": "-403.00000", "2015-04-30": "643.00000", "2014-04-30": "444.00000", "2013-04-30": "-215.00000", "2012-04-30": "155.00000", "2011-04-30": "-532.00000", "2010-04-30": "130.00000", "2009-04-30": "-147.00000", "2008-04-30": "364.00000", "2007-04-30": "-115.00000", "2006-04-30": "-48.00000", "2005-04-30": "-164.00000"}, "Total Change In Assets/Liabilities": {"2020-04-30": "61.00000", "2019-04-30": "-1080.00000", "2018-04-30": "-173.00000", "2017-04-30": "139.00000", "2016-04-30": "-1403.00000", "2015-04-30": "797.00000", "2014-04-30": "218.00000", "2013-04-30": "360.00000", "2012-04-30": "18.00000", "2011-04-30": "-1012.00000", "2010-04-30": "242.00000", "2009-04-30": "259.00000", "2008-04-30": "-372.00000", "2007-04-30": "-448.00000", "2006-04-30": "-1503.00000", "2005-04-30": "-77.00000"}, "Cash Flow From Operating Activities": {"2020-04-30": "7234.00000", "2019-04-30": "7007.00000", "2018-04-30": "4684.00000", "2017-04-30": "6880.00000", "2016-04-30": "5218.00000", "2015-04-30": "4902.00000", "2014-04-30": "4959.00000", "2013-04-30": "4942.00000", "2012-04-30": "4470.00000", "2011-04-30": "3741.00000", "2010-04-30": "4131.00000", "2009-04-30": "3878.00000", "2008-04-30": "3489.00000", "2007-04-30": "2979.00000", "2006-04-30": "2220.00000", "2005-04-30": "2824.00000"}, "Net Change In Property, Plant, And Equipment": {"2020-04-30": "-1213.00000", "2019-04-30": "-1134.00000", "2018-04-30": "-1068.00000", "2017-04-30": "-1254.00000", "2016-04-30": "-1046.00000", "2015-04-30": "-571.00000", "2014-04-30": "-396.00000", "2013-04-30": "-457.00000", "2012-04-30": "-484.00000", "2011-04-30": "-501.00000", "2010-04-30": "-573.00000", "2009-04-30": "-498.00000", "2008-04-30": "-513.00000", "2007-04-30": "-573.00000", "2006-04-30": "-407.00000", "2005-04-30": "-452.00000"}, "Net Change In Intangible Assets": {"2020-04-30": "", "2019-04-30": "", "2018-04-30": "", "2017-04-30": "", "2016-04-30": "", "2015-04-30": "", "2014-04-30": "", "2013-04-30": "", "2012-04-30": "", "2011-04-30": "", "2010-04-30": "-62.00000", "2009-04-30": "-165.00000", "2008-04-30": "-93.00000", "2007-04-30": "-121.00000", "2006-04-30": "-837.00000", "2005-04-30": "-10.00000"}, "Net Acquisitions/Divestitures": {"2020-04-30": "-488.00000", "2019-04-30": "-1827.00000", "2018-04-30": "5921.00000", "2017-04-30": "-1324.00000", "2016-04-30": "-1213.00000", "2015-04-30": "-14884.00000", "2014-04-30": "-385.00000", "2013-04-30": "-820.00000", "2012-04-30": "-170.00000", "2011-04-30": "-1332.00000", "2010-04-30": "-350.00000", "2009-04-30": "-1624.00000", "2008-04-30": "-4221.00000", "2007-04-30": "-8.00000", "2006-04-30": "-285.00000", "2005-04-30": "-108.00000"}, "Net Change In Short-term Investments": {"2020-04-30": "-1465.00000", "2019-04-30": "2151.00000", "2018-04-30": "1027.00000", "2017-04-30": "985.00000", "2016-04-30": "4518.00000", "2015-04-30": "-1692.00000", "2014-04-30": "-2784.00000", "2013-04-30": "-1810.00000", "2012-04-30": "-1987.00000", "2011-04-30": "275.00000", "2010-04-30": "-3687.00000", "2009-04-30": "-115.00000", "2008-04-30": "2124.00000", "2007-04-30": "-943.00000", "2006-04-30": "-1438.00000", "2005-04-30": "-1002.00000"}, "Net Change In Long-Term Investments": {"2020-04-30": "", "2019-04-30": "", "2018-04-30": "", "2017-04-30": "", "2016-04-30": "", "2015-04-30": "", "2014-04-30": "", "2013-04-30": "", "2012-04-30": "", "2011-04-30": "", "2010-04-30": "", "2009-04-30": "", "2008-04-30": "", "2007-04-30": "", "2006-04-30": "", "2005-04-30": ""}, "Net Change In Investments - Total": {"2020-04-30": "-1465.00000", "2019-04-30": "2151.00000", "2018-04-30": "1027.00000", "2017-04-30": "985.00000", "2016-04-30": "4518.00000", "2015-04-30": "-1692.00000", "2014-04-30": "-2784.00000", "2013-04-30": "-1810.00000", "2012-04-30": "-1987.00000", "2011-04-30": "275.00000", "2010-04-30": "-3687.00000", "2009-04-30": "-115.00000", "2008-04-30": "2124.00000", "2007-04-30": "-943.00000", "2006-04-30": "-1438.00000", "2005-04-30": "-1002.00000"}, "Investing Activities - Other": {"2020-04-30": "-37.00000", "2019-04-30": "36.00000", "2018-04-30": "-22.00000", "2017-04-30": "22.00000", "2016-04-30": "-14.00000", "2015-04-30": "89.00000", "2014-04-30": "-29.00000", "2013-04-30": "-14.00000", "2012-04-30": "-21.00000", "2011-04-30": "-176.00000", "2010-04-30": "-87.00000", "2009-04-30": "-338.00000", "2008-04-30": "-87.00000", "2007-04-30": "-56.00000", "2006-04-30": "100.00000", "2005-04-30": "-31.00000"}, "Cash Flow From Investing Activities": {"2020-04-30": "-3203.00000", "2019-04-30": "-774.00000", "2018-04-30": "5858.00000", "2017-04-30": "-1571.00000", "2016-04-30": "2245.00000", "2015-04-30": "-17058.00000", "2014-04-30": "-3594.00000", "2013-04-30": "-3101.00000", "2012-04-30": "-2662.00000", "2011-04-30": "-1734.00000", "2010-04-30": "-4759.00000", "2009-04-30": "-2740.00000", "2008-04-30": "-2790.00000", "2007-04-30": "-1701.00000", "2006-04-30": "-2867.00000", "2005-04-30": "-1603.00000"}, "Net Long-Term Debt": {"2020-04-30": "-542.00000", "2019-04-30": "-154.00000", "2018-04-30": "-7349.00000", "2017-04-30": "1277.00000", "2016-04-30": "-5132.00000", "2015-04-30": "18674.00000", "2014-04-30": "1429.00000", "2013-04-30": "766.00000", "2012-04-30": "1186.00000", "2011-04-30": "-1603.00000", "2010-04-30": "2980.00000", "2009-04-30": "950.00000", "2008-04-30": "288.00000", "2007-04-30": "-1880.00000", "2006-04-30": "5428.00000", "2005-04-30": "-2.00000"}, "Net Current Debt": {"2020-04-30": "-17.00000", "2019-04-30": "-713.00000", "2018-04-30": "-249.00000", "2017-04-30": "906.00000", "2016-04-30": "7.00000", "2015-04-30": "-1.00000", "2014-04-30": "2.00000", "2013-04-30": "-792.00000", "2012-04-30": "-585.00000", "2011-04-30": "1621.00000", "2010-04-30": "-444.00000", "2009-04-30": "-633.00000", "2008-04-30": "543.00000", "2007-04-30": "45.00000", "2006-04-30": "-18.00000", "2005-04-30": "90.00000"}, "Debt Issuance/Retirement Net - Total": {"2020-04-30": "-559.00000", "2019-04-30": "-867.00000", "2018-04-30": "-7598.00000", "2017-04-30": "2183.00000", "2016-04-30": "-5125.00000", "2015-04-30": "18673.00000", "2014-04-30": "1431.00000", "2013-04-30": "-26.00000", "2012-04-30": "601.00000", "2011-04-30": "18.00000", "2010-04-30": "2536.00000", "2009-04-30": "317.00000", "2008-04-30": "831.00000", "2007-04-30": "-1835.00000", "2006-04-30": "5410.00000", "2005-04-30": "88.00000"}, "Net Common Equity Issued/Repurchased": {"2020-04-30": "-664.00000", "2019-04-30": "-1885.00000", "2018-04-30": "-1768.00000", "2017-04-30": "-3116.00000", "2016-04-30": "-2339.00000", "2015-04-30": "-1271.00000", "2014-04-30": "-1246.00000", "2013-04-30": "-980.00000", "2012-04-30": "-1344.00000", "2011-04-30": "-1055.00000", "2010-04-30": "-865.00000", "2009-04-30": "-343.00000", "2008-04-30": "-1141.00000", "2007-04-30": "-708.00000", "2006-04-30": "-3083.00000", "2005-04-30": "-177.00000"}, "Net Total Equity Issued/Repurchased": {"2020-04-30": "-664.00000", "2019-04-30": "-1885.00000", "2018-04-30": "-1768.00000", "2017-04-30": "-3116.00000", "2016-04-30": "-2339.00000", "2015-04-30": "-1271.00000", "2014-04-30": "-1246.00000", "2013-04-30": "-980.00000", "2012-04-30": "-1344.00000", "2011-04-30": "-1055.00000", "2010-04-30": "-865.00000", "2009-04-30": "-343.00000", "2008-04-30": "-1141.00000", "2007-04-30": "-708.00000", "2006-04-30": "-3083.00000", "2005-04-30": "-177.00000"}, "Total Common And Preferred Stock Dividends Paid": {"2020-04-30": "-2894.00000", "2019-04-30": "-2693.00000", "2018-04-30": "-2494.00000", "2017-04-30": "-2376.00000", "2016-04-30": "-2139.00000", "2015-04-30": "-1337.00000", "2014-04-30": "-1116.00000", "2013-04-30": "-1055.00000", "2012-04-30": "-1021.00000", "2011-04-30": "-969.00000", "2010-04-30": "-907.00000", "2009-04-30": "-843.00000", "2008-04-30": "-565.00000", "2007-04-30": "-504.00000", "2006-04-30": "-465.00000", "2005-04-30": "-405.00000"}, "Financial Activities - Other": {"2020-04-30": "-81.00000", "2019-04-30": "14.00000", "2018-04-30": "-94.00000", "2017-04-30": "26.00000", "2016-04-30": "60.00000", "2015-04-30": "-116.00000", "2014-04-30": "13.00000", "2013-04-30": "-40.00000", "2012-04-30": "-118.00000", "2011-04-30": "", "2010-04-30": "", "2009-04-30": "24.00000", "2008-04-30": "40.00000", "2007-04-30": "36.00000", "2006-04-30": "-558.00000", "2005-04-30": ""}, "Cash Flow From Financial Activities": {"2020-04-30": "-4198.00000", "2019-04-30": "-5431.00000", "2018-04-30": "-11954.00000", "2017-04-30": "-3283.00000", "2016-04-30": "-9543.00000", "2015-04-30": "15949.00000", "2014-04-30": "-918.00000", "2013-04-30": "-2101.00000", "2012-04-30": "-1882.00000", "2011-04-30": "-2006.00000", "2010-04-30": "764.00000", "2009-04-30": "-845.00000", "2008-04-30": "-835.00000", "2007-04-30": "-3011.00000", "2006-04-30": "1304.00000", "2005-04-30": "-494.00000"}, "Net Cash Flow": {"2020-04-30": "-253.00000", "2019-04-30": "724.00000", "2018-04-30": "-1298.00000", "2017-04-30": "2091.00000", "2016-04-30": "-1967.00000", "2015-04-30": "3440.00000", "2014-04-30": "484.00000", "2013-04-30": "-253.00000", "2012-04-30": "-145.00000", "2011-04-30": "63.00000", "2010-04-30": "129.00000", "2009-04-30": "211.00000", "2008-04-30": "-196.00000", "2007-04-30": "-1738.00000", "2006-04-30": "762.00000", "2005-04-30": "638.00000"}, "Stock-Based Compensation": {"2020-04-30": "297.00000", "2019-04-30": "290.00000", "2018-04-30": "344.00000", "2017-04-30": "348.00000", "2016-04-30": "375.00000", "2015-04-30": "439.00000", "2014-04-30": "145.00000", "2013-04-30": "152.00000", "2012-04-30": "161.00000", "2011-04-30": "198.00000", "2010-04-30": "225.00000", "2009-04-30": "237.00000", "2008-04-30": "217.00000", "2007-04-30": "185.00000", "2006-04-30": "25.00000", "2005-04-30": "19.00000"}, "Common Stock Dividends Paid": {"2020-04-30": "-2894.00000", "2019-04-30": "-2693.00000", "2018-04-30": "-2494.00000", "2017-04-30": "-2376.00000", "2016-04-30": "-2139.00000", "2015-04-30": "-1337.00000", "2014-04-30": "-1116.00000", "2013-04-30": "-1055.00000", "2012-04-30": "-1021.00000", "2011-04-30": "-969.00000", "2010-04-30": "-907.00000", "2009-04-30": "-843.00000", "2008-04-30": "-565.00000", "2007-04-30": "-504.00000", "2006-04-30": "-465.00000", "2005-04-30": "-405.00000"}}, "cash flow statement, quarterly": {"Net Income/Loss": {"2020-10-31": 494, "2020-07-31": "491.00000", "2020-04-30": 639, "2020-01-31": 1919, "2019-10-31": 1371, "2019-07-31": "877.00000", "2019-04-30": 1182, "2019-01-31": 1271, "2018-10-31": 1120, "2018-07-31": "1077.00000", "2018-04-30": 1465, "2018-01-31": -1392, "2017-10-31": 2013, "2017-07-31": "1009.00000", "2017-04-30": 1164, "2017-01-31": 820, "2016-10-31": 1111, "2016-07-31": "929.00000", "2016-04-30": 1103, "2016-01-31": 1095, "2015-10-31": 520, "2015-07-31": "820.00000", "2015-04-30": -1, "2015-01-31": 977, "2014-10-31": 828, "2014-07-31": "871.00000", "2014-04-30": 448, "2014-01-31": 762, "2013-10-31": 902, "2013-07-31": "953.00000", "2013-04-30": 969, "2013-01-31": 988, "2012-10-31": 646, "2012-07-31": "864.00000", "2012-04-30": 991, "2012-01-31": 934, "2011-10-31": 871, "2011-07-31": "821.00000", "2011-04-30": 776, "2011-01-31": 924, "2010-10-31": 566, "2010-07-31": "830.00000", "2010-04-30": 954, "2010-01-31": 831, "2009-10-31": 869, "2009-07-31": "445.00000", "2009-04-30": 103, "2009-01-31": 697, "2008-10-31": 547, "2008-07-31": "723.00000", "2008-04-30": 720, "2008-01-31": 77, "2007-10-31": 666, "2007-07-31": "675.00000", "2007-04-30": 812, "2007-01-31": 710, "2006-10-31": 681, "2006-07-31": "599.00000", "2006-04-30": 740, "2006-01-31": 670, "2005-10-31": 816, "2005-07-31": "321.00000", "2005-04-30": 194.5, "2005-01-31": 1609.5}, "Total Depreciation And Amortization - Cash Flow": {"2020-10-31": 671, "2020-07-31": "669.00000", "2020-04-30": 672, "2020-01-31": 663, "2019-10-31": 671, "2019-07-31": "657.00000", "2019-04-30": 667, "2019-01-31": 675, "2018-10-31": 651, "2018-07-31": "666.00000", "2018-04-30": 664, "2018-01-31": 666, "2017-10-31": 678, "2017-07-31": "636.00000", "2017-04-30": 697, "2017-01-31": 737, "2016-10-31": 739, "2016-07-31": "744.00000", "2016-04-30": 715, "2016-01-31": 722, "2015-10-31": 704, "2015-07-31": "708.00000", "2015-04-30": 684, "2015-01-31": 275, "2014-10-31": 208, "2014-07-31": "215.00000", "2014-04-30": 217, "2014-01-31": 216, "2013-10-31": 215, "2013-07-31": "210.00000", "2013-04-30": 244, "2013-01-31": 237, "2012-10-31": 222, "2012-07-31": "220.00000", "2012-04-30": 222, "2012-01-31": 230, "2011-10-31": 234, "2011-07-31": "232.00000", "2011-04-30": 254, "2011-01-31": 233, "2010-10-31": 258, "2010-07-31": "230.00000", "2010-04-30": 248, "2010-01-31": 235, "2009-10-31": 225, "2009-07-31": "231.00000", "2009-04-30": 217, "2009-01-31": 208, "2008-10-31": 217, "2008-07-31": "211.00000", "2008-04-30": 325, "2008-01-31": 181, "2007-10-31": 127, "2007-07-31": "149.00000", "2007-04-30": 168, "2007-01-31": 138, "2006-10-31": 137, "2006-07-31": "140.00000", "2006-04-30": 138, "2006-01-31": 138, "2005-10-31": 140, "2005-07-31": "128.00000", "2005-04-30": 123.7, "2005-01-31": 339.3}, "Other Non-Cash Items": {"2020-10-31": 425, "2020-07-31": "110.00000", "2020-04-30": -428, "2020-01-31": -459, "2019-10-31": -136, "2019-07-31": "510.00000", "2019-04-30": 443, "2019-01-31": -42, "2018-10-31": 38, "2018-07-31": "82.00000", "2018-04-30": 251, "2018-01-31": 103, "2017-10-31": -1469, "2017-07-31": "160.00000", "2017-04-30": 72, "2017-01-31": -255, "2016-10-31": -4, "2016-07-31": "115.00000", "2016-04-30": 451, "2016-01-31": -87, "2015-10-31": -36, "2015-07-31": "87.00000", "2015-04-30": 866, "2015-01-31": 72, "2014-10-31": -137, "2014-07-31": "-619.00000", "2014-04-30": 645, "2014-01-31": 196, "2013-10-31": 26, "2013-07-31": "-21.00000", "2013-04-30": -87, "2013-01-31": -41, "2012-10-31": 287, "2012-07-31": "33.00000", "2012-04-30": 132, "2012-01-31": -296, "2011-10-31": 14, "2011-07-31": "67.00000", "2011-04-30": 338, "2011-01-31": 10, "2010-10-31": 287, "2010-07-31": "47.00000", "2010-04-30": 86, "2010-01-31": 40, "2009-10-31": -355, "2009-07-31": "80.00000", "2009-04-30": 756, "2009-01-31": -13, "2008-10-31": 99, "2008-07-31": "-146.00000", "2008-04-30": 510, "2008-01-31": 318, "2007-10-31": -6, "2007-07-31": "119.00000", "2007-04-30": 171, "2007-01-31": 18, "2006-10-31": -124, "2006-07-31": "-23.00000", "2006-04-30": 424, "2006-01-31": 0, "2005-10-31": 30, "2005-07-31": "178.00000", "2005-04-30": 522.1, "2005-01-31": 111.9}, "Total Non-Cash Items": {"2020-10-31": 1096, "2020-07-31": "779.00000", "2020-04-30": 244, "2020-01-31": 204, "2019-10-31": 535, "2019-07-31": "1167.00000", "2019-04-30": 1110, "2019-01-31": 633, "2018-10-31": 689, "2018-07-31": "748.00000", "2018-04-30": 915, "2018-01-31": 769, "2017-10-31": -791, "2017-07-31": "796.00000", "2017-04-30": 769, "2017-01-31": 482, "2016-10-31": 735, "2016-07-31": "859.00000", "2016-04-30": 1166, "2016-01-31": 635, "2015-10-31": 668, "2015-07-31": "795.00000", "2015-04-30": 1550, "2015-01-31": 347, "2014-10-31": 71, "2014-07-31": "-404.00000", "2014-04-30": 862, "2014-01-31": 412, "2013-10-31": 241, "2013-07-31": "189.00000", "2013-04-30": 157, "2013-01-31": 196, "2012-10-31": 509, "2012-07-31": "253.00000", "2012-04-30": 354, "2012-01-31": -66, "2011-10-31": 248, "2011-07-31": "299.00000", "2011-04-30": 592, "2011-01-31": 243, "2010-10-31": 545, "2010-07-31": "277.00000", "2010-04-30": 334, "2010-01-31": 275, "2009-10-31": -130, "2009-07-31": "311.00000", "2009-04-30": 973, "2009-01-31": 195, "2008-10-31": 316, "2008-07-31": "65.00000", "2008-04-30": 835, "2008-01-31": 499, "2007-10-31": 121, "2007-07-31": "268.00000", "2007-04-30": 339, "2007-01-31": 156, "2006-10-31": 13, "2006-07-31": "117.00000", "2006-04-30": 562, "2006-01-31": 138, "2005-10-31": 170, "2005-07-31": "306.00000", "2005-04-30": 645.8, "2005-01-31": 451.2}, "Change In Accounts Receivable": {"2020-10-31": -527, "2020-07-31": "-142.00000", "2020-04-30": 1410, "2020-01-31": -158, "2019-10-31": -280, "2019-07-31": "319.00000", "2019-04-30": -441, "2019-01-31": -103, "2018-10-31": -175, "2018-07-31": "138.00000", "2018-04-30": -294, "2018-01-31": 87, "2017-10-31": 20, "2017-07-31": "-88.00000", "2017-04-30": -93, "2017-01-31": 107, "2016-10-31": -285, "2016-07-31": "196.00000", "2016-04-30": -521, "2016-01-31": 87, "2015-10-31": -280, "2015-07-31": "279.00000", "2015-04-30": -353, "2015-01-31": 4, "2014-10-31": -158, "2014-07-31": "94.00000", "2014-04-30": -156, "2014-01-31": 102, "2013-10-31": -101, "2013-07-31": "85.00000", "2013-04-30": -254, "2013-01-31": 132, "2012-10-31": -91, "2012-07-31": "214.00000", "2012-04-30": -128, "2012-01-31": -5, "2011-10-31": -186, "2011-07-31": "67.00000", "2011-04-30": -263, "2011-01-31": -7, "2010-10-31": -135, "2010-07-31": "63.00000", "2010-04-30": -220, "2010-01-31": 38, "2009-10-31": -126, "2009-07-31": "37.00000", "2009-04-30": -144, "2009-01-31": -18, "2008-10-31": 228, "2008-07-31": "42.00000", "2008-04-30": -302, "2008-01-31": -31, "2007-10-31": -105, "2007-07-31": "-23.00000", "2007-04-30": -102, "2007-01-31": -45, "2006-10-31": -154, "2006-07-31": "-25.00000", "2006-04-30": -94, "2006-01-31": -49, "2005-10-31": -46, "2005-07-31": "-28.00000", "2005-04-30": -115, "2005-01-31": -156}, "Change In Inventories": {"2020-10-31": 90, "2020-07-31": "-235.00000", "2020-04-30": -231, "2020-01-31": -79, "2019-10-31": -145, "2019-07-31": "-122.00000", "2019-04-30": 93, "2019-01-31": -55, "2018-10-31": -132, "2018-07-31": "-180.00000", "2018-04-30": 126, "2018-01-31": -45, "2017-10-31": -109, "2017-07-31": "-164.00000", "2017-04-30": 34, "2017-01-31": -74, "2016-10-31": -86, "2016-07-31": "-101.00000", "2016-04-30": 202, "2016-01-31": -62, "2015-10-31": -119, "2015-07-31": "-207.00000", "2015-04-30": -37, "2015-01-31": -75, "2014-10-31": -74, "2014-07-31": "-96.00000", "2014-04-30": 80, "2014-01-31": -8, "2013-10-31": -16, "2013-07-31": "-95.00000", "2013-04-30": 151, "2013-01-31": 13, "2012-10-31": -10, "2012-07-31": "-61.00000", "2012-04-30": 17, "2012-01-31": -55, "2011-10-31": -53, "2011-07-31": "-94.00000", "2011-04-30": 12, "2011-01-31": -5, "2010-10-31": -35, "2010-07-31": "-73.00000", "2010-04-30": 94, "2010-01-31": 79, "2009-10-31": 20, "2009-07-31": "-35.00000", "2009-04-30": 18, "2009-01-31": -89, "2008-10-31": -82, "2008-07-31": "-59.00000", "2008-04-30": 47, "2008-01-31": -5, "2007-10-31": 5, "2007-07-31": "-17.00000", "2007-04-30": 117, "2007-01-31": 2, "2006-10-31": -40, "2006-07-31": "-103.00000", "2006-04-30": 17, "2006-01-31": -85, "2005-10-31": -74, "2005-07-31": "-115.00000", "2005-04-30": 29.1, "2005-01-31": -80.1}, "Change In Accounts Payable": {"2020-10-31": 0, "2020-07-31": "", "2020-04-30": 0, "2020-01-31": 0, "2019-10-31": 0, "2019-07-31": "", "2019-04-30": 0, "2019-01-31": 0, "2018-10-31": 0, "2018-07-31": "", "2018-04-30": 0, "2018-01-31": 0, "2017-10-31": 0, "2017-07-31": "", "2017-04-30": 0, "2017-01-31": 0, "2016-10-31": 0, "2016-07-31": "", "2016-04-30": 0, "2016-01-31": 0, "2015-10-31": 0, "2015-07-31": "", "2015-04-30": 0, "2015-01-31": 0, "2014-10-31": 0, "2014-07-31": "", "2014-04-30": 0, "2014-01-31": 0, "2013-10-31": 0, "2013-07-31": "", "2013-04-30": 0, "2013-01-31": 0, "2012-10-31": 0, "2012-07-31": "", "2012-04-30": 0, "2012-01-31": 0, "2011-10-31": 0, "2011-07-31": "", "2011-04-30": 0, "2011-01-31": 0, "2010-10-31": 0, "2010-07-31": "", "2010-04-30": 0, "2010-01-31": 0, "2009-10-31": 0, "2009-07-31": "", "2009-04-30": 0, "2009-01-31": 0, "2008-10-31": 0, "2008-07-31": "", "2008-04-30": 0, "2008-01-31": 0, "2007-10-31": 0, "2007-07-31": "", "2007-04-30": 0, "2007-01-31": 0, "2006-10-31": 0, "2006-07-31": "", "2006-04-30": 0, "2006-01-31": 0, "2005-10-31": 0, "2005-07-31": "", "2005-04-30": 0, "2005-01-31": 0}, "Change In Assets/Liabilities": {"2020-10-31": 15, "2020-07-31": "-142.00000", "2020-04-30": -542, "2020-01-31": 103, "2019-10-31": -10, "2019-07-31": "-160.00000", "2019-04-30": -191, "2019-01-31": 66, "2018-10-31": -330, "2018-07-31": "-169.00000", "2018-04-30": -1287, "2018-01-31": 2210, "2017-10-31": -275, "2017-07-31": "-419.00000", "2017-04-30": -410, "2017-01-31": 420, "2016-10-31": 25, "2016-07-31": "50.00000", "2016-04-30": -4, "2016-01-31": -472, "2015-10-31": 481, "2015-07-31": "-408.00000", "2015-04-30": 644, "2015-01-31": -74, "2014-10-31": 56, "2014-07-31": "17.00000", "2014-04-30": -79, "2014-01-31": 110, "2013-10-31": 232, "2013-07-31": "181.00000", "2013-04-30": -285, "2013-01-31": 42, "2012-10-31": -101, "2012-07-31": "129.00000", "2012-04-30": -416, "2012-01-31": -35, "2011-10-31": 223, "2011-07-31": "383.00000", "2011-04-30": -457, "2011-01-31": -169, "2010-10-31": 64, "2010-07-31": "30.00000", "2010-04-30": -83, "2010-01-31": 124, "2009-10-31": 90, "2009-07-31": "-1.00000", "2009-04-30": 11, "2009-01-31": 118, "2008-10-31": -386, "2008-07-31": "110.00000", "2008-04-30": -86, "2008-01-31": 333, "2007-10-31": 34, "2007-07-31": "83.00000", "2007-04-30": -108, "2007-01-31": -27, "2006-10-31": 53, "2006-07-31": "-33.00000", "2006-04-30": -515, "2006-01-31": 58, "2005-10-31": 183, "2005-07-31": "226.00000", "2005-04-30": -122.8, "2005-01-31": -41.2}, "Total Change In Assets/Liabilities": {"2020-10-31": 227, "2020-07-31": "-1060.00000", "2020-04-30": 490, "2020-01-31": 263, "2019-10-31": -100, "2019-07-31": "-592.00000", "2019-04-30": -351, "2019-01-31": 95, "2018-10-31": -698, "2018-07-31": "-126.00000", "2018-04-30": -1403, "2018-01-31": 2572, "2017-10-31": -279, "2017-07-31": "-1063.00000", "2017-04-30": -145, "2017-01-31": 791, "2016-10-31": -354, "2016-07-31": "-153.00000", "2016-04-30": -879, "2016-01-31": 99, "2015-10-31": 137, "2015-07-31": "-760.00000", "2015-04-30": 401, "2015-01-31": 531, "2014-10-31": 13, "2014-07-31": "-148.00000", "2014-04-30": 29, "2014-01-31": 443, "2013-10-31": -95, "2013-07-31": "-159.00000", "2013-04-30": 144, "2013-01-31": 262, "2012-10-31": -261, "2012-07-31": "215.00000", "2012-04-30": -301, "2012-01-31": 271, "2011-10-31": 53, "2011-07-31": "-5.00000", "2011-04-30": -575, "2011-01-31": 78, "2010-10-31": -213, "2010-07-31": "-302.00000", "2010-04-30": -51, "2010-01-31": 382, "2009-10-31": 46, "2009-07-31": "-135.00000", "2009-04-30": 47, "2009-01-31": 243, "2008-10-31": -43, "2008-07-31": "12.00000", "2008-04-30": -966, "2008-01-31": 519, "2007-10-31": 108, "2007-07-31": "-33.00000", "2007-04-30": -226, "2007-01-31": -119, "2006-10-31": 33, "2006-07-31": "-136.00000", "2006-04-30": -594, "2006-01-31": -315, "2005-10-31": 45, "2005-07-31": "-639.00000", "2005-04-30": -40.3, "2005-01-31": -36.7}, "Cash Flow From Operating Activities": {"2020-10-31": 1861, "2020-07-31": "278.00000", "2020-04-30": 1450, "2020-01-31": 2407, "2019-10-31": 1867, "2019-07-31": "1510.00000", "2019-04-30": 2087, "2019-01-31": 2055, "2018-10-31": 1163, "2018-07-31": "1702.00000", "2018-04-30": 1038, "2018-01-31": 2002, "2017-10-31": 907, "2017-07-31": "737.00000", "2017-04-30": 1773, "2017-01-31": 2085, "2016-10-31": 1472, "2016-07-31": "1550.00000", "2016-04-30": 1326, "2016-01-31": 1797, "2015-10-31": 1279, "2015-07-31": "816.00000", "2015-04-30": 1912, "2015-01-31": 1767, "2014-10-31": 913, "2014-07-31": "310.00000", "2014-04-30": 1328, "2014-01-31": 1612, "2013-10-31": 1036, "2013-07-31": "983.00000", "2013-04-30": 1270, "2013-01-31": 1446, "2012-10-31": 894, "2012-07-31": "1332.00000", "2012-04-30": 1044, "2012-01-31": 1139, "2011-10-31": 1172, "2011-07-31": "1115.00000", "2011-04-30": 793, "2011-01-31": 1245, "2010-10-31": 898, "2010-07-31": "805.00000", "2010-04-30": 1237, "2010-01-31": 1488, "2009-10-31": 785, "2009-07-31": "621.00000", "2009-04-30": 1123, "2009-01-31": 1135, "2008-10-31": 820, "2008-07-31": "800.00000", "2008-04-30": 589, "2008-01-31": 1095, "2007-10-31": 895, "2007-07-31": "910.00000", "2007-04-30": 925, "2007-01-31": 747, "2006-10-31": 727, "2006-07-31": "580.00000", "2006-04-30": 708, "2006-01-31": 493, "2005-10-31": 1031, "2005-07-31": "-12.00000", "2005-04-30": 800, "2005-01-31": 2024}, "Net Change In Property, Plant, And Equipment": {"2020-10-31": -281, "2020-07-31": "-334.00000", "2020-04-30": -336, "2020-01-31": -293, "2019-10-31": -283, "2019-07-31": "-301.00000", "2019-04-30": -335, "2019-01-31": -302, "2018-10-31": -206, "2018-07-31": "-291.00000", "2018-04-30": -292, "2018-01-31": -252, "2017-10-31": -246, "2017-07-31": "-278.00000", "2017-04-30": -330, "2017-01-31": -326, "2016-10-31": -268, "2016-07-31": "-330.00000", "2016-04-30": -353, "2016-01-31": -247, "2015-10-31": -222, "2015-07-31": "-224.00000", "2015-04-30": -255, "2015-01-31": -106, "2014-10-31": -101, "2014-07-31": "-109.00000", "2014-04-30": -105, "2014-01-31": -95, "2013-10-31": -118, "2013-07-31": "-78.00000", "2013-04-30": -121, "2013-01-31": -125, "2012-10-31": -108, "2012-07-31": "-103.00000", "2012-04-30": -110, "2012-01-31": -105, "2011-10-31": -139, "2011-07-31": "-130.00000", "2011-04-30": -116, "2011-01-31": -127, "2010-10-31": -150, "2010-07-31": "-108.00000", "2010-04-30": -171, "2010-01-31": -123, "2009-10-31": -129, "2009-07-31": "-150.00000", "2009-04-30": -120, "2009-01-31": -115, "2008-10-31": -136, "2008-07-31": "-127.00000", "2008-04-30": -90, "2008-01-31": -143, "2007-10-31": -148, "2007-07-31": "-132.00000", "2007-04-30": -190, "2007-01-31": -132, "2006-10-31": -134, "2006-07-31": "-117.00000", "2006-04-30": -102, "2006-01-31": -76, "2005-10-31": -126, "2005-07-31": "-103.00000", "2005-04-30": -145.3, "2005-01-31": -306.7}, "Net Change In Intangible Assets": {"2020-10-31": 0, "2020-07-31": "", "2020-04-30": 0, "2020-01-31": 0, "2019-10-31": 0, "2019-07-31": "", "2019-04-30": 0, "2019-01-31": 0, "2018-10-31": 0, "2018-07-31": "", "2018-04-30": 0, "2018-01-31": 0, "2017-10-31": 0, "2017-07-31": "", "2017-04-30": 0, "2017-01-31": 0, "2016-10-31": 0, "2016-07-31": "", "2016-04-30": 0, "2016-01-31": 0, "2015-10-31": 0, "2015-07-31": "", "2015-04-30": 0, "2015-01-31": 0, "2014-10-31": 0, "2014-07-31": "", "2014-04-30": 0, "2014-01-31": 0, "2013-10-31": 0, "2013-07-31": "", "2013-04-30": 0, "2013-01-31": 0, "2012-10-31": 0, "2012-07-31": "", "2012-04-30": 0, "2012-01-31": 0, "2011-10-31": 0, "2011-07-31": "", "2011-04-30": 48, "2011-01-31": -31, "2010-10-31": -17, "2010-07-31": "", "2010-04-30": -18, "2010-01-31": -4, "2009-10-31": -40, "2009-07-31": "", "2009-04-30": -13, "2009-01-31": -17, "2008-10-31": -135, "2008-07-31": "", "2008-04-30": -5, "2008-01-31": -36, "2007-10-31": -19, "2007-07-31": "-33.00000", "2007-04-30": -25, "2007-01-31": 6, "2006-10-31": -94, "2006-07-31": "-8.00000", "2006-04-30": -6, "2006-01-31": -37, "2005-10-31": -1, "2005-07-31": "-793.00000", "2005-04-30": -10, "2005-01-31": 0}, "Net Acquisitions/Divestitures": {"2020-10-31": -370, "2020-07-31": "", "2020-04-30": -289, "2020-01-31": 2, "2019-10-31": -56, "2019-07-31": "-145.00000", "2019-04-30": -212, "2019-01-31": -1496, "2018-10-31": -15, "2018-07-31": "-104.00000", "2018-04-30": -26, "2018-01-31": -35, "2017-10-31": 5982, "2017-07-31": "", "2017-04-30": 4, "2017-01-31": -22, "2016-10-31": -1294, "2016-07-31": "-12.00000", "2016-04-30": -81, "2016-01-31": -135, "2015-10-31": -818, "2015-07-31": "-179.00000", "2015-04-30": -14273, "2015-01-31": -33, "2014-10-31": -432, "2014-07-31": "-146.00000", "2014-04-30": -16, "2014-01-31": -159, "2013-10-31": -193, "2013-07-31": "-17.00000", "2013-04-30": 0, "2013-01-31": -797, "2012-10-31": 0, "2012-07-31": "-23.00000", "2012-04-30": 386, "2012-01-31": 0, "2011-10-31": -549, "2011-07-31": "-7.00000", "2011-04-30": -64, "2011-01-31": -816, "2010-10-31": -390, "2010-07-31": "-62.00000", "2010-04-30": -350, "2010-01-31": 0, "2009-10-31": 0, "2009-07-31": "", "2009-04-30": -1243, "2009-01-31": -352, "2008-10-31": 0, "2008-07-31": "-29.00000", "2008-04-30": -42, "2008-01-31": -4153, "2007-10-31": 0, "2007-07-31": "-26.00000", "2007-04-30": 0, "2007-01-31": 0, "2006-10-31": -2, "2006-07-31": "-6.00000", "2006-04-30": 0, "2006-01-31": 0, "2005-10-31": -58, "2005-07-31": "-227.00000", "2005-04-30": -11.6, "2005-01-31": -96.4}, "Net Change In Short-term Investments": {"2020-10-31": -1381, "2020-07-31": "358.00000", "2020-04-30": 993, "2020-01-31": -1492, "2019-10-31": -866, "2019-07-31": "-100.00000", "2019-04-30": -21, "2019-01-31": 792, "2018-10-31": 342, "2018-07-31": "1038.00000", "2018-04-30": 446, "2018-01-31": -88, "2017-10-31": 313, "2017-07-31": "356.00000", "2017-04-30": 53, "2017-01-31": -583, "2016-10-31": 1455, "2016-07-31": "60.00000", "2016-04-30": 5010, "2016-01-31": 126, "2015-10-31": -33, "2015-07-31": "-585.00000", "2015-04-30": -716, "2015-01-31": -617, "2014-10-31": -612, "2014-07-31": "253.00000", "2014-04-30": -398, "2014-01-31": -958, "2013-10-31": -866, "2013-07-31": "-562.00000", "2013-04-30": -456, "2013-01-31": -667, "2012-10-31": 158, "2012-07-31": "-845.00000", "2012-04-30": -768, "2012-01-31": -361, "2011-10-31": -437, "2011-07-31": "-421.00000", "2011-04-30": 703, "2011-01-31": 204, "2010-10-31": -68, "2010-07-31": "-564.00000", "2010-04-30": -2174, "2010-01-31": -342, "2009-10-31": -875, "2009-07-31": "-296.00000", "2009-04-30": -51, "2009-01-31": 492, "2008-10-31": -11, "2008-07-31": "-545.00000", "2008-04-30": -108, "2008-01-31": -448, "2007-10-31": 3080, "2007-07-31": "-400.00000", "2007-04-30": -841, "2007-01-31": 386, "2006-10-31": 1394, "2006-07-31": "-1882.00000", "2006-04-30": 576, "2006-01-31": -1105, "2005-10-31": -545, "2005-07-31": "-364.00000", "2005-04-30": -538, "2005-01-31": -464}, "Net Change In Long-Term Investments": {"2020-10-31": 0, "2020-07-31": "", "2020-04-30": 0, "2020-01-31": 0, "2019-10-31": 0, "2019-07-31": "", "2019-04-30": 0, "2019-01-31": 0, "2018-10-31": 0, "2018-07-31": "", "2018-04-30": 0, "2018-01-31": 0, "2017-10-31": 0, "2017-07-31": "", "2017-04-30": 0, "2017-01-31": 0, "2016-10-31": 0, "2016-07-31": "", "2016-04-30": 0, "2016-01-31": 0, "2015-10-31": 0, "2015-07-31": "", "2015-04-30": 0, "2015-01-31": 0, "2014-10-31": 0, "2014-07-31": "", "2014-04-30": 0, "2014-01-31": 0, "2013-10-31": 0, "2013-07-31": "", "2013-04-30": 0, "2013-01-31": 0, "2012-10-31": 0, "2012-07-31": "", "2012-04-30": 0, "2012-01-31": 0, "2011-10-31": 0, "2011-07-31": "", "2011-04-30": 0, "2011-01-31": 0, "2010-10-31": 0, "2010-07-31": "", "2010-04-30": 0, "2010-01-31": 0, "2009-10-31": 0, "2009-07-31": "", "2009-04-30": 0, "2009-01-31": 0, "2008-10-31": 0, "2008-07-31": "", "2008-04-30": 0, "2008-01-31": 0, "2007-10-31": 0, "2007-07-31": "", "2007-04-30": 0, "2007-01-31": 0, "2006-10-31": 0, "2006-07-31": "", "2006-04-30": 0, "2006-01-31": 0, "2005-10-31": 0, "2005-07-31": "", "2005-04-30": 0, "2005-01-31": 0}, "Net Change In Investments - Total": {"2020-10-31": -1381, "2020-07-31": "358.00000", "2020-04-30": 993, "2020-01-31": -1492, "2019-10-31": -866, "2019-07-31": "-100.00000", "2019-04-30": -21, "2019-01-31": 792, "2018-10-31": 342, "2018-07-31": "1038.00000", "2018-04-30": 446, "2018-01-31": -88, "2017-10-31": 313, "2017-07-31": "356.00000", "2017-04-30": 53, "2017-01-31": -583, "2016-10-31": 1455, "2016-07-31": "60.00000", "2016-04-30": 5010, "2016-01-31": 126, "2015-10-31": -33, "2015-07-31": "-585.00000", "2015-04-30": -716, "2015-01-31": -617, "2014-10-31": -612, "2014-07-31": "253.00000", "2014-04-30": -398, "2014-01-31": -958, "2013-10-31": -866, "2013-07-31": "-562.00000", "2013-04-30": -456, "2013-01-31": -667, "2012-10-31": 158, "2012-07-31": "-845.00000", "2012-04-30": -768, "2012-01-31": -361, "2011-10-31": -437, "2011-07-31": "-421.00000", "2011-04-30": 703, "2011-01-31": 204, "2010-10-31": -68, "2010-07-31": "-564.00000", "2010-04-30": -2174, "2010-01-31": -342, "2009-10-31": -875, "2009-07-31": "-296.00000", "2009-04-30": -51, "2009-01-31": 492, "2008-10-31": -11, "2008-07-31": "-545.00000", "2008-04-30": -108, "2008-01-31": -448, "2007-10-31": 3080, "2007-07-31": "-400.00000", "2007-04-30": -841, "2007-01-31": 386, "2006-10-31": 1394, "2006-07-31": "-1882.00000", "2006-04-30": 576, "2006-01-31": -1105, "2005-10-31": -545, "2005-07-31": "-364.00000", "2005-04-30": -538, "2005-01-31": -464}, "Investing Activities - Other": {"2020-10-31": 12, "2020-07-31": "-16.00000", "2020-04-30": -3, "2020-01-31": -18, "2019-10-31": -11, "2019-07-31": "-5.00000", "2019-04-30": 39, "2019-01-31": -3, "2018-10-31": 0, "2018-07-31": "", "2018-04-30": -17, "2018-01-31": -3, "2017-10-31": -7, "2017-07-31": "5.00000", "2017-04-30": 1, "2017-01-31": -11, "2016-10-31": 34, "2016-07-31": "-2.00000", "2016-04-30": -3, "2016-01-31": 2, "2015-10-31": -15, "2015-07-31": "2.00000", "2015-04-30": 29, "2015-01-31": 66, "2014-10-31": -2, "2014-07-31": "-4.00000", "2014-04-30": -6, "2014-01-31": -5, "2013-10-31": -9, "2013-07-31": "-9.00000", "2013-04-30": -10, "2013-01-31": 2, "2012-10-31": -1, "2012-07-31": "-5.00000", "2012-04-30": 11, "2012-01-31": 28, "2011-10-31": -21, "2011-07-31": "-39.00000", "2011-04-30": -51, "2011-01-31": -45, "2010-10-31": -25, "2010-07-31": "-55.00000", "2010-04-30": -1, "2010-01-31": 2, "2009-10-31": -5, "2009-07-31": "-83.00000", "2009-04-30": -68, "2009-01-31": -265, "2008-10-31": -26, "2008-07-31": "21.00000", "2008-04-30": 141, "2008-01-31": -161, "2007-10-31": 48, "2007-07-31": "-115.00000", "2007-04-30": -16, "2007-01-31": 4, "2006-10-31": -37, "2006-07-31": "-7.00000", "2006-04-30": 99, "2006-01-31": 13, "2005-10-31": -21, "2005-07-31": "9.00000", "2005-04-30": -107.3, "2005-01-31": 76.3}, "Cash Flow From Investing Activities": {"2020-10-31": -2020, "2020-07-31": "8.00000", "2020-04-30": 365, "2020-01-31": -1801, "2019-10-31": -1216, "2019-07-31": "-551.00000", "2019-04-30": -529, "2019-01-31": -1009, "2018-10-31": 121, "2018-07-31": "643.00000", "2018-04-30": 111, "2018-01-31": -378, "2017-10-31": 6042, "2017-07-31": "83.00000", "2017-04-30": -272, "2017-01-31": -942, "2016-10-31": -73, "2016-07-31": "-284.00000", "2016-04-30": 4573, "2016-01-31": -254, "2015-10-31": -1088, "2015-07-31": "-986.00000", "2015-04-30": -15215, "2015-01-31": -690, "2014-10-31": -1147, "2014-07-31": "-6.00000", "2014-04-30": -525, "2014-01-31": -1217, "2013-10-31": -1186, "2013-07-31": "-666.00000", "2013-04-30": -587, "2013-01-31": -1587, "2012-10-31": 49, "2012-07-31": "-976.00000", "2012-04-30": -481, "2012-01-31": -438, "2011-10-31": -1146, "2011-07-31": "-597.00000", "2011-04-30": 520, "2011-01-31": -815, "2010-10-31": -650, "2010-07-31": "-789.00000", "2010-04-30": -2714, "2010-01-31": -467, "2009-10-31": -1049, "2009-07-31": "-529.00000", "2009-04-30": -1495, "2009-01-31": -257, "2008-10-31": -308, "2008-07-31": "-680.00000", "2008-04-30": -104, "2008-01-31": -4941, "2007-10-31": 2961, "2007-07-31": "-706.00000", "2007-04-30": -1072, "2007-01-31": 264, "2006-10-31": 1127, "2006-07-31": "-2020.00000", "2006-04-30": 567, "2006-01-31": -1205, "2005-10-31": -751, "2005-07-31": "-1478.00000", "2005-04-30": -812.2, "2005-01-31": -790.8}, "Net Long-Term Debt": {"2020-10-31": 847, "2020-07-31": "-11.00000", "2020-04-30": -504, "2020-01-31": -12, "2019-10-31": -558, "2019-07-31": "532.00000", "2019-04-30": -128, "2019-01-31": -10, "2018-10-31": -4, "2018-07-31": "-12.00000", "2018-04-30": -3203, "2018-01-31": -5, "2017-10-31": -4151, "2017-07-31": "10.00000", "2017-04-30": 1507, "2017-01-31": -109, "2016-10-31": -137, "2016-07-31": "16.00000", "2016-04-30": -3520, "2016-01-31": -4, "2015-10-31": -604, "2015-07-31": "-1004.00000", "2015-04-30": 1769, "2015-01-31": 16912, "2014-10-31": -4, "2014-07-31": "-3.00000", "2014-04-30": 1439, "2014-01-31": -4, "2013-10-31": -2, "2013-07-31": "-4.00000", "2013-04-30": 776, "2013-01-31": -2, "2012-10-31": -2, "2012-07-31": "-6.00000", "2012-04-30": 1210, "2012-01-31": -9, "2011-10-31": -15, "2011-07-31": "", "2011-04-30": -1201, "2011-01-31": 0, "2010-10-31": -400, "2010-07-31": "-2.00000", "2010-04-30": 3000, "2010-01-31": -14, "2009-10-31": 0, "2009-07-31": "-6.00000", "2009-04-30": 1266, "2009-01-31": -16, "2008-10-31": 0, "2008-07-31": "-300.00000", "2008-04-30": 160, "2008-01-31": 128, "2007-10-31": 2, "2007-07-31": "-2.00000", "2007-04-30": 1, "2007-01-31": -4, "2006-10-31": -1875, "2006-07-31": "-2.00000", "2006-04-30": 4434, "2006-01-31": 0, "2005-10-31": 994, "2005-07-31": "", "2005-04-30": -2, "2005-01-31": 0}, "Net Current Debt": {"2020-10-31": -41, "2020-07-31": "2773.00000", "2020-04-30": -34, "2020-01-31": -25, "2019-10-31": -46, "2019-07-31": "88.00000", "2019-04-30": -17, "2019-01-31": 4, "2018-10-31": -195, "2018-07-31": "-505.00000", "2018-04-30": 142, "2018-01-31": -201, "2017-10-31": -759, "2017-07-31": "569.00000", "2017-04-30": -214, "2017-01-31": -38, "2016-10-31": 232, "2016-07-31": "926.00000", "2016-04-30": -1307, "2016-01-31": -11, "2015-10-31": 896, "2015-07-31": "429.00000", "2015-04-30": -8, "2015-01-31": -1754, "2014-10-31": 899, "2014-07-31": "862.00000", "2014-04-30": -1724, "2014-01-31": -5, "2013-10-31": 1095, "2013-07-31": "636.00000", "2013-04-30": -1558, "2013-01-31": -9, "2012-10-31": 684, "2012-07-31": "91.00000", "2012-04-30": -807, "2012-01-31": -80, "2011-10-31": 174, "2011-07-31": "128.00000", "2011-04-30": 226, "2011-01-31": 214, "2010-10-31": 365, "2010-07-31": "816.00000", "2010-04-30": -964, "2010-01-31": -98, "2009-10-31": 470, "2009-07-31": "148.00000", "2009-04-30": -674, "2009-01-31": 165, "2008-10-31": -605, "2008-07-31": "481.00000", "2008-04-30": -164, "2008-01-31": 441, "2007-10-31": 312, "2007-07-31": "-46.00000", "2007-04-30": -41, "2007-01-31": 22, "2006-10-31": 74, "2006-07-31": "-10.00000", "2006-04-30": -592, "2006-01-31": 188, "2005-10-31": -596, "2005-07-31": "982.00000", "2005-04-30": 68.1, "2005-01-31": 21.9}, "Debt Issuance/Retirement Net - Total": {"2020-10-31": 806, "2020-07-31": "2762.00000", "2020-04-30": -538, "2020-01-31": -37, "2019-10-31": -604, "2019-07-31": "620.00000", "2019-04-30": -145, "2019-01-31": -6, "2018-10-31": -199, "2018-07-31": "-517.00000", "2018-04-30": -3061, "2018-01-31": -206, "2017-10-31": -4910, "2017-07-31": "579.00000", "2017-04-30": 1293, "2017-01-31": -147, "2016-10-31": 95, "2016-07-31": "942.00000", "2016-04-30": -4827, "2016-01-31": -15, "2015-10-31": 292, "2015-07-31": "-575.00000", "2015-04-30": 1761, "2015-01-31": 15158, "2014-10-31": 895, "2014-07-31": "859.00000", "2014-04-30": -285, "2014-01-31": -9, "2013-10-31": 1093, "2013-07-31": "632.00000", "2013-04-30": -782, "2013-01-31": -11, "2012-10-31": 682, "2012-07-31": "85.00000", "2012-04-30": 403, "2012-01-31": -89, "2011-10-31": 159, "2011-07-31": "128.00000", "2011-04-30": -975, "2011-01-31": 214, "2010-10-31": -35, "2010-07-31": "814.00000", "2010-04-30": 2036, "2010-01-31": -112, "2009-10-31": 470, "2009-07-31": "142.00000", "2009-04-30": 592, "2009-01-31": 149, "2008-10-31": -605, "2008-07-31": "181.00000", "2008-04-30": -4, "2008-01-31": 569, "2007-10-31": 314, "2007-07-31": "-48.00000", "2007-04-30": -40, "2007-01-31": 18, "2006-10-31": -1801, "2006-07-31": "-12.00000", "2006-04-30": 3842, "2006-01-31": 188, "2005-10-31": 398, "2005-07-31": "982.00000", "2005-04-30": 66.1, "2005-01-31": 21.9}, "Net Common Equity Issued/Repurchased": {"2020-10-31": 25, "2020-07-31": "26.00000", "2020-04-30": -41, "2020-01-31": -93, "2019-10-31": -407, "2019-07-31": "-123.00000", "2019-04-30": -48, "2019-01-31": -590, "2018-10-31": -873, "2018-07-31": "-374.00000", "2018-04-30": -137, "2018-01-31": 27, "2017-10-31": -568, "2017-07-31": "-1090.00000", "2017-04-30": -16, "2017-01-31": -566, "2016-10-31": -985, "2016-07-31": "-1549.00000", "2016-04-30": -529, "2016-01-31": -613, "2015-10-31": -545, "2015-07-31": "-652.00000", "2015-04-30": -128, "2015-01-31": 165, "2014-10-31": -397, "2014-07-31": "-911.00000", "2014-04-30": -149, "2014-01-31": 139, "2013-10-31": -464, "2013-07-31": "-772.00000", "2013-04-30": 109, "2013-01-31": -108, "2012-10-31": -535, "2012-07-31": "-446.00000", "2012-04-30": -631, "2012-01-31": -158, "2011-10-31": -187, "2011-07-31": "-368.00000", "2011-04-30": 31, "2011-01-31": -368, "2010-10-31": -103, "2010-07-31": "-615.00000", "2010-04-30": -365, "2010-01-31": 6, "2009-10-31": -198, "2009-07-31": "-308.00000", "2009-04-30": -10, "2009-01-31": -61, "2008-10-31": -295, "2008-07-31": "23.00000", "2008-04-30": -3, "2008-01-31": -522, "2007-10-31": -213, "2007-07-31": "-403.00000", "2007-04-30": -505, "2007-01-31": 82, "2006-10-31": -244, "2006-07-31": "-41.00000", "2006-04-30": -2811, "2006-01-31": 38, "2005-10-31": -204, "2005-07-31": "-106.00000", "2005-04-30": 97.3, "2005-01-31": -274.3}, "Net Total Equity Issued/Repurchased": {"2020-10-31": 25, "2020-07-31": "26.00000", "2020-04-30": -41, "2020-01-31": -93, "2019-10-31": -407, "2019-07-31": "-123.00000", "2019-04-30": -48, "2019-01-31": -590, "2018-10-31": -873, "2018-07-31": "-374.00000", "2018-04-30": -137, "2018-01-31": 27, "2017-10-31": -568, "2017-07-31": "-1090.00000", "2017-04-30": -16, "2017-01-31": -566, "2016-10-31": -985, "2016-07-31": "-1549.00000", "2016-04-30": -529, "2016-01-31": -613, "2015-10-31": -545, "2015-07-31": "-652.00000", "2015-04-30": -128, "2015-01-31": 165, "2014-10-31": -397, "2014-07-31": "-911.00000", "2014-04-30": -149, "2014-01-31": 139, "2013-10-31": -464, "2013-07-31": "-772.00000", "2013-04-30": 109, "2013-01-31": -108, "2012-10-31": -535, "2012-07-31": "-446.00000", "2012-04-30": -631, "2012-01-31": -158, "2011-10-31": -187, "2011-07-31": "-368.00000", "2011-04-30": 31, "2011-01-31": -368, "2010-10-31": -103, "2010-07-31": "-615.00000", "2010-04-30": -365, "2010-01-31": 6, "2009-10-31": -198, "2009-07-31": "-308.00000", "2009-04-30": -10, "2009-01-31": -61, "2008-10-31": -295, "2008-07-31": "23.00000", "2008-04-30": -3, "2008-01-31": -522, "2007-10-31": -213, "2007-07-31": "-403.00000", "2007-04-30": -505, "2007-01-31": 82, "2006-10-31": -244, "2006-07-31": "-41.00000", "2006-04-30": -2811, "2006-01-31": 38, "2005-10-31": -204, "2005-07-31": "-106.00000", "2005-04-30": 97.3, "2005-01-31": -274.3}, "Total Common And Preferred Stock Dividends Paid": {"2020-10-31": -780, "2020-07-31": "-778.00000", "2020-04-30": -724, "2020-01-31": -723, "2019-10-31": -723, "2019-07-31": "-724.00000", "2019-04-30": -671, "2019-01-31": -671, "2018-10-31": -674, "2018-07-31": "-677.00000", "2018-04-30": -624, "2018-01-31": -623, "2017-10-31": -622, "2017-07-31": "-625.00000", "2017-04-30": -594, "2017-01-31": -590, "2016-10-31": -593, "2016-07-31": "-599.00000", "2016-04-30": -531, "2016-01-31": -533, "2015-10-31": -537, "2015-07-31": "-538.00000", "2015-04-30": -435, "2015-01-31": -300, "2014-10-31": -298, "2014-07-31": "-304.00000", "2014-04-30": -277, "2014-01-31": -279, "2013-10-31": -279, "2013-07-31": "-281.00000", "2013-04-30": -258, "2013-01-31": -264, "2012-10-31": -266, "2012-07-31": "-267.00000", "2012-04-30": -252, "2012-01-31": -255, "2011-10-31": -257, "2011-07-31": "-257.00000", "2011-04-30": -241, "2011-01-31": -240, "2010-10-31": -243, "2010-07-31": "-245.00000", "2010-04-30": -226, "2010-01-31": -226, "2009-10-31": -227, "2009-07-31": "-228.00000", "2009-04-30": -211, "2009-01-31": -211, "2008-10-31": -210, "2008-07-31": "-211.00000", "2008-04-30": -140, "2008-01-31": -141, "2007-10-31": -142, "2007-07-31": "-142.00000", "2007-04-30": -124, "2007-01-31": -126, "2006-10-31": -127, "2006-07-31": "-127.00000", "2006-04-30": -115, "2006-01-31": -118, "2005-10-31": -115, "2005-07-31": "-117.00000", "2005-04-30": -101.4, "2005-01-31": -303.6}, "Financial Activities - Other": {"2020-10-31": -19, "2020-07-31": "-51.00000", "2020-04-30": -7, "2020-01-31": -20, "2019-10-31": -7, "2019-07-31": "-47.00000", "2019-04-30": 4, "2019-01-31": -1, "2018-10-31": 16, "2018-07-31": "-5.00000", "2018-04-30": -6, "2018-01-31": -47, "2017-10-31": -36, "2017-07-31": "-5.00000", "2017-04-30": 4, "2017-01-31": -16, "2016-10-31": -8, "2016-07-31": "46.00000", "2016-04-30": 21, "2016-01-31": 9, "2015-10-31": 9, "2015-07-31": "21.00000", "2015-04-30": -47, "2015-01-31": -98, "2014-10-31": 28, "2014-07-31": "1.00000", "2014-04-30": -6, "2014-01-31": 7, "2013-10-31": 13, "2013-07-31": "-1.00000", "2013-04-30": -21, "2013-01-31": -4, "2012-10-31": 0, "2012-07-31": "-15.00000", "2012-04-30": -56, "2012-01-31": 0, "2011-10-31": -62, "2011-07-31": "", "2011-04-30": 0, "2011-01-31": 0, "2010-10-31": 0, "2010-07-31": "", "2010-04-30": 0, "2010-01-31": 0, "2009-10-31": 0, "2009-07-31": "", "2009-04-30": 1, "2009-01-31": -3, "2008-10-31": 15, "2008-07-31": "11.00000", "2008-04-30": 8, "2008-01-31": 0, "2007-10-31": 20, "2007-07-31": "12.00000", "2007-04-30": 12, "2007-01-31": 13, "2006-10-31": 4, "2006-07-31": "7.00000", "2006-04-30": -558, "2006-01-31": 0, "2005-10-31": 0, "2005-07-31": "", "2005-04-30": 0, "2005-01-31": 0}, "Cash Flow From Financial Activities": {"2020-10-31": 32, "2020-07-31": "1959.00000", "2020-04-30": -1310, "2020-01-31": -873, "2019-10-31": -1741, "2019-07-31": "-274.00000", "2019-04-30": -860, "2019-01-31": -1268, "2018-10-31": -1730, "2018-07-31": "-1573.00000", "2018-04-30": -3828, "2018-01-31": -849, "2017-10-31": -6136, "2017-07-31": "-1141.00000", "2017-04-30": 687, "2017-01-31": -1319, "2016-10-31": -1491, "2016-07-31": "-1160.00000", "2016-04-30": -5866, "2016-01-31": -1152, "2015-10-31": -781, "2015-07-31": "-1744.00000", "2015-04-30": 1151, "2015-01-31": 14925, "2014-10-31": 228, "2014-07-31": "-355.00000", "2014-04-30": -717, "2014-01-31": -142, "2013-10-31": 363, "2013-07-31": "-422.00000", "2013-04-30": -952, "2013-01-31": -387, "2012-10-31": -119, "2012-07-31": "-643.00000", "2012-04-30": -536, "2012-01-31": -502, "2011-10-31": -347, "2011-07-31": "-497.00000", "2011-04-30": -1185, "2011-01-31": -394, "2010-10-31": -381, "2010-07-31": "-46.00000", "2010-04-30": 1445, "2010-01-31": -332, "2009-10-31": 45, "2009-07-31": "-394.00000", "2009-04-30": 372, "2009-01-31": -126, "2008-10-31": -1095, "2008-07-31": "4.00000", "2008-04-30": -139, "2008-01-31": -94, "2007-10-31": -21, "2007-07-31": "-581.00000", "2007-04-30": -657, "2007-01-31": -13, "2006-10-31": -2168, "2006-07-31": "-173.00000", "2006-04-30": 358, "2006-01-31": 108, "2005-10-31": 79, "2005-07-31": "759.00000", "2005-04-30": 62, "2005-01-31": -556}, "Net Cash Flow": {"2020-10-31": -79, "2020-07-31": "2359.00000", "2020-04-30": 431, "2020-01-31": -253, "2019-10-31": -1118, "2019-07-31": "687.00000", "2019-04-30": 690, "2019-01-31": -208, "2018-10-31": -469, "2018-07-31": "711.00000", "2018-04-30": -2689, "2018-01-31": 829, "2017-10-31": 838, "2017-07-31": "-276.00000", "2017-04-30": 2199, "2017-01-31": -186, "2016-10-31": -106, "2016-07-31": "184.00000", "2016-04-30": 155, "2016-01-31": 343, "2015-10-31": -601, "2015-07-31": "-1864.00000", "2015-04-30": -12388, "2015-01-31": 15944, "2014-10-31": -49, "2014-07-31": "-67.00000", "2014-04-30": 99, "2014-01-31": 238, "2013-10-31": 238, "2013-07-31": "-91.00000", "2013-04-30": -273, "2013-01-31": -492, "2012-10-31": 875, "2012-07-31": "-363.00000", "2012-04-30": 47, "2012-01-31": 142, "2011-10-31": -345, "2011-07-31": "11.00000", "2011-04-30": 180, "2011-01-31": 27, "2010-10-31": -108, "2010-07-31": "-36.00000", "2010-04-30": -63, "2010-01-31": 637, "2009-10-31": -196, "2009-07-31": "-249.00000", "2009-04-30": -12, "2009-01-31": 742, "2008-10-31": -629, "2008-07-31": "110.00000", "2008-04-30": 331, "2008-01-31": -3954, "2007-10-31": 3810, "2007-07-31": "-383.00000", "2007-04-30": -831, "2007-01-31": 997, "2006-10-31": -306, "2006-07-31": "-1598.00000", "2006-04-30": 1626, "2006-01-31": -580, "2005-10-31": 358, "2005-07-31": "-642.00000", "2005-04-30": 46.2, "2005-01-31": 591.8}, "Stock-Based Compensation": {"2020-10-31": 140, "2020-07-31": "70.00000", "2020-04-30": 62, "2020-01-31": 66, "2019-10-31": 108, "2019-07-31": "61.00000", "2019-04-30": 62, "2019-01-31": 60, "2018-10-31": 104, "2018-07-31": "64.00000", "2018-04-30": 74, "2018-01-31": 72, "2017-10-31": 106, "2017-07-31": "92.00000", "2017-04-30": 76, "2017-01-31": 82, "2016-10-31": 111, "2016-07-31": "79.00000", "2016-04-30": 84, "2016-01-31": 82, "2015-10-31": 113, "2015-07-31": "96.00000", "2015-04-30": 324, "2015-01-31": 33, "2014-10-31": 48, "2014-07-31": "34.00000", "2014-04-30": 37, "2014-01-31": 33, "2013-10-31": 44, "2013-07-31": "31.00000", "2013-04-30": 33, "2013-01-31": 34, "2012-10-31": 49, "2012-07-31": "36.00000", "2012-04-30": 37, "2012-01-31": 34, "2011-10-31": 49, "2011-07-31": "41.00000", "2011-04-30": 42, "2011-01-31": 52, "2010-10-31": 55, "2010-07-31": "49.00000", "2010-04-30": 49, "2010-01-31": 48, "2009-10-31": 66, "2009-07-31": "62.00000", "2009-04-30": 59, "2009-01-31": 70, "2008-10-31": 53, "2008-07-31": "55.00000", "2008-04-30": 54, "2008-01-31": 71, "2007-10-31": 44, "2007-07-31": "48.00000", "2007-04-30": 46, "2007-01-31": 45, "2006-10-31": 45, "2006-07-31": "49.00000", "2006-04-30": 8, "2006-01-31": 5, "2005-10-31": 7, "2005-07-31": "5.00000", "2005-04-30": 19, "2005-01-31": 0}, "Common Stock Dividends Paid": {"2020-10-31": -780, "2020-07-31": "-778.00000", "2020-04-30": -724, "2020-01-31": -723, "2019-10-31": -723, "2019-07-31": "-724.00000", "2019-04-30": -671, "2019-01-31": -671, "2018-10-31": -674, "2018-07-31": "-677.00000", "2018-04-30": -624, "2018-01-31": -623, "2017-10-31": -622, "2017-07-31": "-625.00000", "2017-04-30": -594, "2017-01-31": -590, "2016-10-31": -593, "2016-07-31": "-599.00000", "2016-04-30": -531, "2016-01-31": -533, "2015-10-31": -537, "2015-07-31": "-538.00000", "2015-04-30": -435, "2015-01-31": -300, "2014-10-31": -298, "2014-07-31": "-304.00000", "2014-04-30": -277, "2014-01-31": -279, "2013-10-31": -279, "2013-07-31": "-281.00000", "2013-04-30": -258, "2013-01-31": -264, "2012-10-31": -266, "2012-07-31": "-267.00000", "2012-04-30": -252, "2012-01-31": -255, "2011-10-31": -257, "2011-07-31": "-257.00000", "2011-04-30": -241, "2011-01-31": -240, "2010-10-31": -243, "2010-07-31": "-245.00000", "2010-04-30": -226, "2010-01-31": -226, "2009-10-31": -227, "2009-07-31": "-228.00000", "2009-04-30": -211, "2009-01-31": -211, "2008-10-31": -210, "2008-07-31": "-211.00000", "2008-04-30": -140, "2008-01-31": -141, "2007-10-31": -142, "2007-07-31": "-142.00000", "2007-04-30": -124, "2007-01-31": -126, "2006-10-31": -127, "2006-07-31": "-127.00000", "2006-04-30": -115, "2006-01-31": -118, "2005-10-31": -115, "2005-07-31": "-117.00000", "2005-04-30": -101.4, "2005-01-31": -303.6}}, "financial ratios": {"Current Ratio": {"2020-04-30": "2.12530", "2019-04-30": "2.59290", "2018-04-30": "2.27890", "2017-04-30": "1.74380", "2016-04-30": "3.29380", "2015-04-30": "3.36250", "2014-04-30": "3.81540", "2013-04-30": "4.51950", "2012-04-30": "2.75620", "2011-04-30": "1.93610", "2010-04-30": "1.92130", "2009-04-30": "2.36800", "2008-04-30": "2.07130", "2007-04-30": "3.08930", "2006-04-30": "2.35520", "2005-04-30": "2.19570"}, "Long-term Debt / Capital": {"2020-04-30": "0.30210", "2019-04-30": "0.32780", "2018-04-30": "0.31800", "2017-04-30": "0.33990", "2016-04-30": "0.36640", "2015-04-30": "0.38800", "2014-04-30": "0.34660", "2013-04-30": "0.34280", "2012-04-30": "0.30070", "2011-04-30": "0.33690", "2010-04-30": "0.32190", "2009-04-30": "0.32170", "2008-04-30": "0.33460", "2007-04-30": "0.33690", "2006-04-30": "0.36900", "2005-04-30": "0.15880"}, "Debt/Equity Ratio": {"2020-04-30": "0.48740", "2019-04-30": "0.50430", "2018-04-30": "0.50680", "2017-04-30": "0.66440", "2016-04-30": "0.59740", "2015-04-30": "0.67980", "2014-04-30": "0.61350", "2013-04-30": "0.57050", "2012-04-30": "0.62130", "2011-04-30": "0.61590", "2010-04-30": "0.65070", "2009-04-30": "0.51400", "2008-04-30": "0.60300", "2007-04-30": "0.55450", "2006-04-30": "0.84440", "2005-04-30": "0.23460"}, "Gross Margin": {"2020-04-30": "67.40570", "2019-04-30": "70.03960", "2018-04-30": "69.72930", "2017-04-30": "68.71760", "2016-04-30": "68.29330", "2015-04-30": "68.86140", "2014-04-30": "74.51930", "2013-04-30": "75.12960", "2012-04-30": "75.97010", "2011-04-30": "76.14130", "2010-04-30": "76.72820", "2009-04-30": "75.90250", "2008-04-30": "74.50240", "2007-04-30": "74.24180", "2006-04-30": "75.07090", "2005-04-30": "75.67380"}, "Operating Margin": {"2020-04-30": "16.57040", "2019-04-30": "20.51250", "2018-04-30": "22.16810", "2017-04-30": "18.11850", "2016-04-30": "18.59330", "2015-04-30": "18.58740", "2014-04-30": "22.42280", "2013-04-30": "28.66180", "2012-04-30": "29.33760", "2011-04-30": "27.70830", "2010-04-30": "30.62630", "2009-04-30": "26.25520", "2008-04-30": "27.05140", "2007-04-30": "30.17320", "2006-04-30": "29.58730", "2005-04-30": "34.25160"}, "EBIT Margin": {"2020-04-30": "16.57040", "2019-04-30": "20.51250", "2018-04-30": "22.16810", "2017-04-30": "18.11850", "2016-04-30": "18.59330", "2015-04-30": "18.58740", "2014-04-30": "22.42280", "2013-04-30": "28.66180", "2012-04-30": "29.33760", "2011-04-30": "27.70830", "2010-04-30": "30.62630", "2009-04-30": "26.25520", "2008-04-30": "27.05140", "2007-04-30": "30.17320", "2006-04-30": "29.58730", "2005-04-30": "34.25160"}, "EBITDA Margin": {"2020-04-30": "25.78080", "2019-04-30": "29.21430", "2018-04-30": "30.99520", "2017-04-30": "27.93670", "2016-04-30": "28.47430", "2015-04-30": "25.40840", "2014-04-30": "27.46840", "2013-04-30": "34.22540", "2012-04-30": "35.00990", "2011-04-30": "33.99540", "2010-04-30": "36.72690", "2009-04-30": "32.09810", "2008-04-30": "32.83760", "2007-04-30": "34.91340", "2006-04-30": "34.40490", "2005-04-30": "38.85630"}, "Pre-Tax Profit Margin": {"2020-04-30": "14.02480", "2019-04-30": "17.00760", "2018-04-30": "18.94640", "2017-04-30": "15.48970", "2016-04-30": "15.03830", "2015-04-30": "17.20550", "2014-04-30": "21.78770", "2013-04-30": "25.62390", "2012-04-30": "25.61170", "2011-04-30": "23.62650", "2010-04-30": "25.62370", "2009-04-30": "16.71350", "2008-04-30": "20.27380", "2007-04-30": "28.57960", "2006-04-30": "27.99330", "2005-04-30": "25.30090"}, "Net Profit Margin": {"2020-04-30": "16.56350", "2019-04-30": "15.15530", "2018-04-30": "10.36290", "2017-04-30": "13.55770", "2016-04-30": "12.27070", "2015-04-30": "13.20270", "2014-04-30": "18.02410", "2013-04-30": "20.89810", "2012-04-30": "22.34920", "2011-04-30": "19.96390", "2010-04-30": "20.13380", "2009-04-30": "14.17910", "2008-04-30": "15.81950", "2007-04-30": "22.78230", "2006-04-30": "22.55580", "2005-04-30": "17.94130"}, "Asset Turnover": {"2020-04-30": "0.31880", "2019-04-30": "0.34070", "2018-04-30": "0.32770", "2017-04-30": "0.29750", "2016-04-30": "0.28940", "2015-04-30": "0.18990", "2014-04-30": "0.44820", "2013-04-30": "0.47540", "2012-04-30": "0.49310", "2011-04-30": "0.50560", "2010-04-30": "0.54800", "2009-04-30": "0.61890", "2008-04-30": "0.60880", "2007-04-30": "0.63030", "2006-04-30": "0.57420", "2005-04-30": "0.60510"}, "Inventory Turnover Ratio": {"2020-04-30": "2.22840", "2019-04-30": "2.43940", "2018-04-30": "2.53340", "2017-04-30": "2.78430", "2016-04-30": "2.63230", "2015-04-30": "1.82180", "2014-04-30": "2.51190", "2013-04-30": "2.41000", "2012-04-30": "2.16060", "2011-04-30": "2.28540", "2010-04-30": "2.41860", "2009-04-30": "2.46700", "2008-04-30": "2.69220", "2007-04-30": "2.60740", "2006-04-30": "2.39170", "2005-04-30": "2.49240"}, "Receiveable Turnover": {"2020-04-30": "6.22450", "2019-04-30": "4.91110", "2018-04-30": "5.00300", "2017-04-30": "5.31390", "2016-04-30": "5.18390", "2015-04-30": "3.14270", "2014-04-30": "3.73980", "2013-04-30": "3.88890", "2012-04-30": "3.58770", "2011-04-30": "4.12340", "2010-04-30": "4.61530", "2009-04-30": "4.67470", "2008-04-30": "4.02230", "2007-04-30": "4.49360", "2006-04-30": "4.64880", "2005-04-30": "4.38570"}, "Days Sales In Receivables": {"2020-04-30": "58.63890", "2019-04-30": "74.32110", "2018-04-30": "72.95610", "2017-04-30": "68.68780", "2016-04-30": "70.41000", "2015-04-30": "116.14210", "2014-04-30": "97.59810", "2013-04-30": "93.85720", "2012-04-30": "101.73720", "2011-04-30": "88.51980", "2010-04-30": "79.08490", "2009-04-30": "78.08040", "2008-04-30": "90.74360", "2007-04-30": "81.22650", "2006-04-30": "78.51440", "2005-04-30": "83.22580"}, "ROE - Return On Equity": {"2020-04-30": "9.44720", "2019-04-30": "9.26070", "2018-04-30": "6.08990", "2017-04-30": "7.99520", "2016-04-30": "6.79560", "2015-04-30": "5.02540", "2014-04-30": "15.76400", "2013-04-30": "18.56890", "2012-04-30": "19.95560", "2011-04-30": "19.13200", "2010-04-30": "21.07460", "2009-04-30": "15.70320", "2008-04-30": "18.53330", "2007-04-30": "25.52610", "2006-04-30": "27.14480", "2005-04-30": "17.26400"}, "Return On Tangible Equity": {"2020-04-30": "-59.83570", "2019-04-30": "-45.11500", "2018-04-30": "-29.63420", "2017-04-30": "-34.71360", "2016-04-30": "-21.65770", "2015-04-30": "-17.36900", "2014-04-30": "46.69410", "2013-04-30": "61.15720", "2012-04-30": "75.35300", "2011-04-30": "82.05750", "2010-04-30": "83.80000", "2009-04-30": "82.47010", "2008-04-30": "117.21490", "2007-04-30": "53.70900", "2006-04-30": "73.93320", "2005-04-30": "35.02710"}, "ROA - Return On Assets": {"2020-04-30": "5.29940", "2019-04-30": "5.18430", "2018-04-30": "3.38650", "2017-04-30": "4.02980", "2016-04-30": "3.55060", "2015-04-30": "2.50740", "2014-04-30": "8.07790", "2013-04-30": "9.93410", "2012-04-30": "10.40590", "2011-04-30": "9.95920", "2010-04-30": "10.97540", "2009-04-30": "8.77560", "2008-04-30": "9.63150", "2007-04-30": "14.36040", "2006-04-30": "12.95190", "2005-04-30": "10.85610"}, "ROI - Return On Investment": {"2020-04-30": "6.59320", "2019-04-30": "6.22510", "2018-04-30": "4.15320", "2017-04-30": "5.27730", "2016-04-30": "4.30560", "2015-04-30": "3.07530", "2014-04-30": "10.29980", "2013-04-30": "12.20260", "2012-04-30": "13.95470", "2011-04-30": "12.68690", "2010-04-30": "14.29100", "2009-04-30": "10.65090", "2008-04-30": "12.33130", "2007-04-30": "16.92540", "2006-04-30": "17.12960", "2005-04-30": "14.52180"}, "Book Value Per Share": {"2020-04-30": "37.93380", "2019-04-30": "37.45210", "2018-04-30": "37.52870", "2017-04-30": "36.75270", "2016-04-30": "37.21400", "2015-04-30": "37.44250", "2014-04-30": "19.46250", "2013-04-30": "18.37670", "2012-04-30": "16.49930", "2011-04-30": "14.92110", "2010-04-30": "13.33130", "2009-04-30": "11.77870", "2008-04-30": "10.25490", "2007-04-30": "9.60030", "2006-04-30": "8.12210", "2005-04-30": "8.63460"}, "Operating Cash Flow Per Share": {"2020-04-30": 0.1925, "2019-04-30": 1.7382, "2018-04-30": -1.5212, "2017-04-30": 1.2853, "2016-04-30": -0.7608, "2015-04-30": -0.4723, "2014-04-30": 0.0828, "2013-04-30": 0.5923, "2012-04-30": 0.759, "2011-04-30": -0.2652, "2010-04-30": 0.2805, "2009-04-30": 0.3927, "2008-04-30": 0.4863, "2007-04-30": 0.7404, "2006-04-30": -0.4895, "2005-04-30": 2.3132}, "Free Cash Flow Per Share": {"2020-04-30": 0.1301, "2019-04-30": 1.6834, "2018-04-30": -1.4005, "2017-04-30": 1.1175, "2016-04-30": -0.9794, "2015-04-30": -0.5965, "2014-04-30": 0.1368, "2013-04-30": 0.6043, "2012-04-30": 0.7654, "2011-04-30": -0.2118, "2010-04-30": 0.2061, "2009-04-30": 0.3991, "2008-04-30": 0.531, "2007-04-30": 0.5815, "2006-04-30": -0.4536, "2005-04-30": 1.943}}, "financial ratios, quarterly": {"Current Ratio": {"2020-10-31": "2.15690", "2020-07-31": "1.87290", "2020-04-30": "2.12530", "2020-01-31": "2.75250", "2019-10-31": "2.77270", "2019-07-31": "2.66550", "2019-04-30": "2.59290", "2019-01-31": "2.35820", "2018-10-31": "2.55850", "2018-07-31": "2.46490", "2018-04-30": "2.27890", "2018-01-31": "2.43360", "2017-10-31": "2.39730", "2017-07-31": "1.63580", "2017-04-30": "1.74380", "2017-01-31": "1.76950", "2016-10-31": "2.34620", "2016-07-31": "2.97590", "2016-04-30": "3.29380", "2016-01-31": "3.38640", "2015-10-31": "3.53470", "2015-07-31": "3.80510", "2015-04-30": "3.36250", "2015-01-31": "6.79870", "2014-10-31": "3.10660", "2014-07-31": "3.82290", "2014-04-30": "3.81540", "2014-01-31": "3.61970", "2013-10-31": "3.54490", "2013-07-31": "4.22170", "2013-04-30": "4.51950", "2013-01-31": "1.31660", "2012-10-31": "1.42500", "2012-07-31": "1.58030", "2012-04-30": "2.75620", "2012-01-31": "2.04030", "2011-10-31": "1.90410", "2011-07-31": "1.93240", "2011-04-30": "1.93610", "2011-01-31": "1.55690", "2010-10-31": "1.67840", "2010-07-31": "1.78170", "2010-04-30": "1.92130", "2010-01-31": "2.10310", "2009-10-31": "2.23060", "2009-07-31": "2.32570", "2009-04-30": "2.36800", "2009-01-31": "2.27460", "2008-10-31": "2.23130", "2008-07-31": "1.98760", "2008-04-30": "2.07130", "2008-01-31": "1.88940", "2007-10-31": "3.97620", "2007-07-31": "3.75880", "2007-04-30": "3.08930", "2007-01-31": "3.03740", "2006-10-31": "3.12540", "2006-07-31": "2.34990", "2006-04-30": "2.35520", "2006-01-31": "1.83220", "2005-10-31": "1.65720", "2005-07-31": "1.98030", "2005-04-30": "2.19570", "2005-01-31": "2.53330"}, "Long-term Debt / Capital": {"2020-10-31": "0.34040", "2020-07-31": "0.31190", "2020-04-30": "0.30210", "2020-01-31": "0.32250", "2019-10-31": "0.32800", "2019-07-31": "0.32940", "2019-04-30": "0.32780", "2019-01-31": "0.32160", "2018-10-31": "0.32260", "2018-07-31": "0.31990", "2018-04-30": "0.31800", "2018-01-31": "0.33990", "2017-10-31": "0.33460", "2017-07-31": "0.33820", "2017-04-30": "0.33990", "2017-01-31": "0.34370", "2016-10-31": "0.36580", "2016-07-31": "0.37180", "2016-04-30": "0.36640", "2016-01-31": "0.39860", "2015-10-31": "0.39190", "2015-07-31": "0.38960", "2015-04-30": "0.38800", "2015-01-31": "0.56910", "2014-10-31": "0.33310", "2014-07-31": "0.34910", "2014-04-30": "0.34660", "2014-01-31": "0.33160", "2013-10-31": "0.33960", "2013-07-31": "0.34230", "2013-04-30": "0.34280", "2013-01-31": "0.29080", "2012-10-31": "0.29980", "2012-07-31": "0.29970", "2012-04-30": "0.30070", "2012-01-31": "0.32450", "2011-10-31": "0.32940", "2011-07-31": "0.33400", "2011-04-30": "0.33690", "2011-01-31": "0.31570", "2010-10-31": "0.32530", "2010-07-31": "0.32660", "2010-04-30": "0.32190", "2010-01-31": "0.29510", "2009-10-31": "0.31880", "2009-07-31": "0.32430", "2009-04-30": "0.32170", "2009-01-31": "0.29720", "2008-10-31": "0.30430", "2008-07-31": "0.31000", "2008-04-30": "0.33460", "2008-01-31": "0.34030", "2007-10-31": "0.32380", "2007-07-31": "0.33350", "2007-04-30": "0.33690", "2007-01-31": "0.33680", "2006-10-31": "0.35190", "2006-07-31": "0.35660", "2006-04-30": "0.36900", "2006-01-31": "0.07870", "2005-10-31": "0.08250", "2005-07-31": "0.15720", "2005-04-30": "0.15880", "2005-01-31": "0.16180"}, "Debt/Equity Ratio": {"2020-10-31": "0.59640", "2020-07-31": "0.56880", "2020-04-30": "0.48740", "2020-01-31": "0.49230", "2019-10-31": "0.50530", "2019-07-31": "0.52010", "2019-04-30": "0.50430", "2019-01-31": "0.50120", "2018-10-31": "0.50320", "2018-07-31": "0.50120", "2018-04-30": "0.50680", "2018-01-31": "0.57250", "2017-10-31": "0.56370", "2017-07-31": "0.66970", "2017-04-30": "0.66440", "2017-01-31": "0.64960", "2016-10-31": "0.64380", "2016-07-31": "0.63020", "2016-04-30": "0.59740", "2016-01-31": "0.70520", "2015-10-31": "0.68580", "2015-07-31": "0.67340", "2015-04-30": "0.67980", "2015-01-31": "1.42890", "2014-10-31": "0.70370", "2014-07-31": "0.66500", "2014-04-30": "0.61350", "2014-01-31": "0.63130", "2013-10-31": "0.65540", "2013-07-31": "0.60370", "2013-04-30": "0.57050", "2013-01-31": "0.64020", "2012-10-31": "0.66680", "2012-07-31": "0.62460", "2012-04-30": "0.62130", "2012-01-31": "0.59530", "2011-10-31": "0.61370", "2011-07-31": "0.61520", "2011-04-30": "0.61590", "2011-01-31": "0.70050", "2010-10-31": "0.71260", "2010-07-31": "0.71970", "2010-04-30": "0.65070", "2010-01-31": "0.51860", "2009-10-31": "0.55090", "2009-07-31": "0.52990", "2009-04-30": "0.51400", "2009-01-31": "0.51350", "2008-10-31": "0.51810", "2008-07-31": "0.58290", "2008-04-30": "0.60300", "2008-01-31": "0.63600", "2007-10-31": "0.55520", "2007-07-31": "0.54200", "2007-04-30": "0.55450", "2007-01-31": "0.55790", "2006-10-31": "0.59450", "2006-07-31": "0.79950", "2006-04-30": "0.84440", "2006-01-31": "0.34300", "2005-10-31": "0.34460", "2005-07-31": "0.32440", "2005-04-30": "0.23460", "2005-01-31": "0.23340"}, "Gross Margin": {"2020-10-31": "64.62670", "2020-07-31": "61.50300", "2020-04-30": "62.24780", "2020-01-31": "68.89980", "2019-10-31": "68.93330", "2019-07-31": "68.42390", "2019-04-30": "69.51880", "2019-01-31": "69.98410", "2018-10-31": "70.55210", "2018-07-31": "70.15170", "2018-04-30": "70.55500", "2018-01-31": "70.22660", "2017-10-31": "69.88650", "2017-07-31": "68.17320", "2017-04-30": "69.18900", "2017-01-31": "68.85900", "2016-10-31": "68.33220", "2016-07-31": "68.44820", "2016-04-30": "68.77230", "2016-01-31": "69.12320", "2015-10-31": "69.08470", "2015-07-31": "66.23590", "2015-04-30": "59.83020", "2015-01-31": "73.87680", "2014-10-31": "73.84330", "2014-07-31": "74.14000", "2014-04-30": "74.34830", "2014-01-31": "74.77780", "2013-10-31": "74.01050", "2013-07-31": "74.96940", "2013-04-30": "74.57400", "2013-01-31": "75.19250", "2012-10-31": "75.09160", "2012-07-31": "75.72360", "2012-04-30": "75.63420", "2012-01-31": "76.23790", "2011-10-31": "76.13720", "2011-07-31": "75.89960", "2011-04-30": "77.05660", "2011-01-31": "75.78430", "2010-10-31": "75.37790", "2010-07-31": "76.33180", "2010-04-30": "79.25730", "2010-01-31": "76.31780", "2009-10-31": "75.97710", "2009-07-31": "75.43860", "2009-04-30": "75.65940", "2009-01-31": "75.72980", "2008-10-31": "75.26610", "2008-07-31": "76.92930", "2008-04-30": "75.53770", "2008-01-31": "74.44930", "2007-10-31": "73.11140", "2007-07-31": "74.67220", "2007-04-30": "73.58950", "2007-01-31": "74.57350", "2006-10-31": "74.14630", "2006-07-31": "74.73250", "2006-04-30": "74.99180", "2006-01-31": "74.76530", "2005-10-31": "74.86440", "2005-07-31": "75.68770", "2005-04-30": "74.61490", "2005-01-31": "76.06990"}, "Operating Margin": {"2020-10-31": "12.16160", "2020-07-31": "10.34270", "2020-04-30": "5.26930", "2020-01-31": "21.23880", "2019-10-31": "17.53180", "2019-07-31": "19.81850", "2019-04-30": "23.88900", "2019-01-31": "20.43470", "2018-10-31": "20.63900", "2018-07-31": "16.73890", "2018-04-30": "23.67390", "2018-01-31": "19.48700", "2017-10-31": "26.86530", "2017-07-31": "18.70100", "2017-04-30": "21.27340", "2017-01-31": "15.74900", "2016-10-31": "18.85640", "2016-07-31": "16.28520", "2016-04-30": "20.81410", "2016-01-31": "19.54140", "2015-10-31": "18.41880", "2015-07-31": "15.54850", "2015-04-30": "2.17690", "2015-01-31": "29.52760", "2014-10-31": "27.32480", "2014-07-31": "26.65580", "2014-04-30": "6.68130", "2014-01-31": "24.62170", "2013-10-31": "28.75540", "2013-07-31": "31.27600", "2013-04-30": "26.70400", "2013-01-31": "30.24580", "2012-10-31": "28.96220", "2012-07-31": "28.94210", "2012-04-30": "28.27550", "2012-01-31": "29.42830", "2011-10-31": "30.35050", "2011-07-31": "29.37150", "2011-04-30": "24.70440", "2011-01-31": "29.73810", "2010-10-31": "27.90160", "2010-07-31": "28.59790", "2010-04-30": "28.01060", "2010-01-31": "32.90050", "2009-10-31": "31.89160", "2009-07-31": "29.67200", "2009-04-30": "17.23690", "2009-01-31": "28.04810", "2008-10-31": "30.25210", "2008-07-31": "30.03240", "2008-04-30": "30.99250", "2008-01-31": "20.23500", "2007-10-31": "28.13700", "2007-07-31": "28.52570", "2007-04-30": "29.36870", "2007-01-31": "30.90550", "2006-10-31": "30.04880", "2006-07-31": "30.44530", "2006-04-30": "33.61590", "2006-01-31": "32.16610", "2005-10-31": "32.26040", "2005-07-31": "19.59110", "2005-04-30": "34.81860", "2005-01-31": "34.37390"}, "EBIT Margin": {"2020-10-31": "12.16160", "2020-07-31": "10.34270", "2020-04-30": "5.26930", "2020-01-31": "21.23880", "2019-10-31": "17.53180", "2019-07-31": "19.81850", "2019-04-30": "23.88900", "2019-01-31": "20.43470", "2018-10-31": "20.63900", "2018-07-31": "16.73890", "2018-04-30": "23.67390", "2018-01-31": "19.48700", "2017-10-31": "26.86530", "2017-07-31": "18.70100", "2017-04-30": "21.27340", "2017-01-31": "15.74900", "2016-10-31": "18.85640", "2016-07-31": "16.28520", "2016-04-30": "20.81410", "2016-01-31": "19.54140", "2015-10-31": "18.41880", "2015-07-31": "15.54850", "2015-04-30": "2.17690", "2015-01-31": "29.52760", "2014-10-31": "27.32480", "2014-07-31": "26.65580", "2014-04-30": "6.68130", "2014-01-31": "24.62170", "2013-10-31": "28.75540", "2013-07-31": "31.27600", "2013-04-30": "26.70400", "2013-01-31": "30.24580", "2012-10-31": "28.96220", "2012-07-31": "28.94210", "2012-04-30": "28.27550", "2012-01-31": "29.42830", "2011-10-31": "30.35050", "2011-07-31": "29.37150", "2011-04-30": "24.70440", "2011-01-31": "29.73810", "2010-10-31": "27.90160", "2010-07-31": "28.59790", "2010-04-30": "28.01060", "2010-01-31": "32.90050", "2009-10-31": "31.89160", "2009-07-31": "29.67200", "2009-04-30": "17.23690", "2009-01-31": "28.04810", "2008-10-31": "30.25210", "2008-07-31": "30.03240", "2008-04-30": "30.99250", "2008-01-31": "20.23500", "2007-10-31": "28.13700", "2007-07-31": "28.52570", "2007-04-30": "29.36870", "2007-01-31": "30.90550", "2006-10-31": "30.04880", "2006-07-31": "30.44530", "2006-04-30": "33.61590", "2006-01-31": "32.16610", "2005-10-31": "32.26040", "2005-07-31": "19.59110", "2005-04-30": "34.81860", "2005-01-31": "34.37390"}, "EBITDA Margin": {"2020-10-31": "", "2020-07-31": "", "2020-04-30": "", "2020-01-31": "", "2019-10-31": "", "2019-07-31": "", "2019-04-30": "", "2019-01-31": "", "2018-10-31": "", "2018-07-31": "", "2018-04-30": "", "2018-01-31": "", "2017-10-31": "", "2017-07-31": "", "2017-04-30": "", "2017-01-31": "", "2016-10-31": "", "2016-07-31": "", "2016-04-30": "", "2016-01-31": "", "2015-10-31": "", "2015-07-31": "", "2015-04-30": "", "2015-01-31": "", "2014-10-31": "", "2014-07-31": "", "2014-04-30": "", "2014-01-31": "", "2013-10-31": "", "2013-07-31": "", "2013-04-30": "", "2013-01-31": "", "2012-10-31": "", "2012-07-31": "", "2012-04-30": "", "2012-01-31": "", "2011-10-31": "", "2011-07-31": "", "2011-04-30": "", "2011-01-31": "", "2010-10-31": "", "2010-07-31": "", "2010-04-30": "", "2010-01-31": "", "2009-10-31": "", "2009-07-31": "", "2009-04-30": "", "2009-01-31": "", "2008-10-31": "", "2008-07-31": "", "2008-04-30": "", "2008-01-31": "", "2007-10-31": "", "2007-07-31": "", "2007-04-30": "", "2007-01-31": "", "2006-10-31": "", "2006-07-31": "", "2006-04-30": "", "2006-01-31": "", "2005-10-31": "", "2005-07-31": "", "2005-04-30": "", "2005-01-31": ""}, "Pre-Tax Profit Margin": {"2020-10-31": "6.86540", "2020-07-31": "8.97500", "2020-04-30": "3.41840", "2020-01-31": "20.46130", "2019-10-31": "16.79210", "2019-07-31": "13.03880", "2019-04-30": "15.86060", "2019-01-31": "18.15530", "2018-10-31": "18.11260", "2018-07-31": "15.98050", "2018-04-30": "21.18120", "2018-01-31": "13.93680", "2017-10-31": "24.51060", "2017-07-31": "16.17050", "2017-04-30": "18.12780", "2017-01-31": "13.27750", "2016-10-31": "16.50100", "2016-07-31": "13.78730", "2016-04-30": "14.98610", "2016-01-31": "17.00320", "2015-10-31": "15.34430", "2015-07-31": "12.92270", "2015-04-30": "2.56020", "2015-01-31": "27.65170", "2014-10-31": "23.40820", "2014-07-31": "25.34520", "2014-04-30": "10.53670", "2014-01-31": "22.94020", "2013-10-31": "26.60940", "2013-07-31": "28.23900", "2013-04-30": "25.87440", "2013-01-31": "28.68140", "2012-10-31": "20.85470", "2012-07-31": "27.14570", "2012-04-30": "23.99350", "2012-01-31": "26.87600", "2011-10-31": "25.92590", "2011-07-31": "25.79830", "2011-04-30": "22.01260", "2011-01-31": "25.84910", "2010-10-31": "19.26720", "2010-07-31": "27.56430", "2010-04-30": "32.09550", "2010-01-31": "27.60320", "2009-10-31": "28.92130", "2009-07-31": "14.26390", "2009-04-30": "0.23500", "2009-01-31": "25.55810", "2008-10-31": "17.45100", "2008-07-31": "24.68970", "2008-04-30": "22.23370", "2008-01-31": "3.96480", "2007-10-31": "27.78490", "2007-07-31": "28.11000", "2007-04-30": "26.07500", "2007-01-31": "30.64310", "2006-10-31": "29.62600", "2006-07-31": "28.13260", "2006-04-30": "32.57260", "2006-01-31": "32.67150", "2005-10-31": "27.66730", "2005-07-31": "18.29000", "2005-04-30": "10.05620", "2005-01-31": "30.18930"}, "Net Profit Margin": {"2020-10-31": "6.39470", "2020-07-31": "7.48420", "2020-04-30": "10.77210", "2020-01-31": "24.81530", "2019-10-31": "17.70050", "2019-07-31": "11.53080", "2019-04-30": "14.38740", "2019-01-31": "16.81690", "2018-10-31": "14.90440", "2018-07-31": "14.55850", "2018-04-30": "17.92730", "2018-01-31": "-18.84920", "2017-10-31": "28.60990", "2017-07-31": "13.74830", "2017-04-30": "14.69180", "2017-01-31": "11.27280", "2016-10-31": "15.18040", "2016-07-31": "12.96400", "2016-04-30": "14.57650", "2016-01-31": "15.79180", "2015-10-31": "7.36750", "2015-07-31": "11.27300", "2015-04-30": "-0.01370", "2015-01-31": "22.62620", "2014-10-31": "18.96470", "2014-07-31": "20.38380", "2014-04-30": "9.81380", "2014-01-31": "18.30410", "2013-10-31": "21.50690", "2013-07-31": "23.34070", "2013-04-30": "21.72650", "2013-01-31": "24.53440", "2012-10-31": "15.77530", "2012-07-31": "21.55690", "2012-04-30": "23.03930", "2012-01-31": "23.86420", "2011-10-31": "21.65050", "2011-07-31": "20.80590", "2011-04-30": "19.52200", "2011-01-31": "23.95640", "2010-10-31": "14.50170", "2010-07-31": "21.99840", "2010-04-30": "25.33160", "2010-01-31": "21.57880", "2009-10-31": "22.61600", "2009-07-31": "11.31450", "2009-04-30": "2.66390", "2009-01-31": "19.97710", "2008-10-31": "15.32210", "2008-07-31": "19.50890", "2008-04-30": "18.65770", "2008-01-31": "2.26140", "2007-10-31": "21.31880", "2007-07-31": "21.58620", "2007-04-30": "24.76370", "2007-01-31": "23.29400", "2006-10-31": "22.14630", "2006-07-31": "20.67660", "2006-04-30": "24.09520", "2006-01-31": "24.18770", "2005-10-31": "29.54790", "2005-07-31": "11.93310", "2005-04-30": "7.00040", "2005-01-31": "21.50000"}, "Asset Turnover": {"2020-10-31": "0.07980", "2020-07-31": "0.06930", "2020-04-30": "0.06610", "2020-01-31": "0.08310", "2019-10-31": "0.08460", "2019-07-31": "0.08210", "2019-04-30": "0.09080", "2019-01-31": "0.08500", "2018-10-31": "0.08490", "2018-07-31": "0.08230", "2018-04-30": "0.08910", "2018-01-31": "0.07690", "2017-10-31": "0.07460", "2017-07-31": "0.07370", "2017-04-30": "0.07930", "2017-01-31": "0.07460", "2016-10-31": "0.07460", "2016-07-31": "0.07270", "2016-04-30": "0.07590", "2016-01-31": "0.06750", "2015-10-31": "0.06730", "2015-07-31": "0.06950", "2015-04-30": "0.06850", "2015-01-31": "0.07820", "2014-10-31": "0.11260", "2014-07-31": "0.11380", "2014-04-30": "0.12030", "2014-01-31": "0.11180", "2013-10-31": "0.11500", "2013-07-31": "0.11680", "2013-04-30": "0.12780", "2013-01-31": "0.11520", "2012-10-31": "0.12060", "2012-07-31": "0.12050", "2012-04-30": "0.13090", "2012-01-31": "0.12280", "2011-10-31": "0.12670", "2011-07-31": "0.12690", "2011-04-30": "0.12960", "2011-01-31": "0.12610", "2010-10-31": "0.13320", "2010-07-31": "0.13160", "2010-04-30": "0.13420", "2010-01-31": "0.15300", "2009-10-31": "0.15800", "2009-07-31": "0.16680", "2009-04-30": "0.16230", "2009-01-31": "0.15350", "2008-10-31": "0.16200", "2008-07-31": "0.16300", "2008-04-30": "0.17380", "2008-01-31": "0.15900", "2007-10-31": "0.15180", "2007-07-31": "0.15910", "2007-04-30": "0.16810", "2007-01-31": "0.15570", "2006-10-31": "0.16270", "2006-07-31": "0.14360", "2006-04-30": "0.15600", "2006-01-31": "0.15100", "2005-10-31": "0.15560", "2005-07-31": "0.15900", "2005-04-30": "0.16720", "2005-01-31": "0.16120"}, "Inventory Turnover Ratio": {"2020-10-31": "0.60330", "2020-07-31": "0.55040", "2020-04-30": "0.53540", "2020-01-31": "0.58220", "2019-10-31": "0.59230", "2019-07-31": "0.60170", "2019-04-30": "0.66160", "2019-01-31": "0.58590", "2018-10-31": "0.58540", "2018-07-31": "0.59880", "2018-04-30": "0.67000", "2018-01-31": "0.58490", "2017-10-31": "0.58360", "2017-07-31": "0.66480", "2017-04-30": "0.73070", "2017-01-31": "0.60970", "2016-10-31": "0.62580", "2016-07-31": "0.63160", "2016-04-30": "0.68040", "2016-01-31": "0.60550", "2015-10-31": "0.62060", "2015-07-31": "0.72150", "2015-04-30": "0.84720", "2015-01-31": "0.60160", "2014-10-31": "0.60970", "2014-07-31": "0.60190", "2014-04-30": "0.67880", "2014-01-31": "0.58920", "2013-10-31": "0.59730", "2013-07-31": "0.57480", "2013-04-30": "0.66240", "2013-01-31": "0.52890", "2012-10-31": "0.54340", "2012-07-31": "0.52480", "2012-04-30": "0.58170", "2012-01-31": "0.51180", "2011-10-31": "0.52170", "2011-07-31": "0.52600", "2011-04-30": "0.56330", "2011-01-31": "0.55530", "2010-10-31": "0.58780", "2010-07-31": "0.56630", "2010-04-30": "0.52800", "2010-01-31": "0.62130", "2009-10-31": "0.62550", "2009-07-31": "0.64750", "2009-04-30": "0.65360", "2009-01-31": "0.59340", "2008-10-31": "0.65500", "2008-07-31": "0.63050", "2008-04-30": "0.73750", "2008-01-31": "0.66560", "2007-10-31": "0.67310", "2007-07-31": "0.63720", "2007-04-30": "0.71280", "2007-01-31": "0.58760", "2006-10-31": "0.60320", "2006-07-31": "0.57190", "2006-04-30": "0.65170", "2006-01-31": "0.59380", "2005-10-31": "0.61690", "2005-07-31": "0.62500", "2005-04-30": "0.71870", "2005-01-31": "0.59690"}, "Receiveable Turnover": {"2020-10-31": "1.42990", "2020-07-31": "1.33450", "2020-04-30": "1.29110", "2020-01-31": "1.23510", "2019-10-31": "1.25960", "2019-07-31": "1.27130", "2019-04-30": "1.30920", "2019-01-31": "1.28900", "2018-10-31": "1.30260", "2018-07-31": "1.30140", "2018-04-30": "1.36030", "2018-01-31": "1.27600", "2017-10-31": "1.22570", "2017-07-31": "1.27770", "2017-04-30": "1.41580", "2017-01-31": "1.33560", "2016-10-31": "1.29750", "2016-07-31": "1.33770", "2016-04-30": "1.36050", "2016-01-31": "1.42590", "2015-10-31": "1.05930", "2015-07-31": "1.15440", "2015-04-30": "1.13290", "2015-01-31": "1.03150", "2014-10-31": "0.98200", "2014-07-31": "0.99630", "2014-04-30": "1.00400", "2014-01-31": "0.98250", "2013-10-31": "0.95450", "2013-07-31": "0.97140", "2013-04-30": "1.04550", "2013-01-31": "1.14010", "2012-10-31": "1.13370", "2012-07-31": "1.16240", "2012-04-30": "0.95260", "2012-01-31": "1.06900", "2011-10-31": "1.04850", "2011-07-31": "1.05370", "2011-04-30": "1.05690", "2011-01-31": "1.11090", "2010-10-31": "1.13030", "2010-07-31": "1.16810", "2010-04-30": "1.13040", "2010-01-31": "1.23000", "2009-10-31": "1.18750", "2009-07-31": "1.26340", "2009-04-30": "1.22610", "2009-01-31": "1.16310", "2008-10-31": "1.15350", "2008-07-31": "1.14420", "2008-04-30": "1.14850", "2008-01-31": "1.14300", "2007-10-31": "1.09040", "2007-07-31": "1.13300", "2007-04-30": "1.19800", "2007-01-31": "1.16070", "2006-10-31": "1.18730", "2006-07-31": "1.18540", "2006-04-30": "1.26270", "2006-01-31": "1.17140", "2005-10-31": "1.19380", "2005-07-31": "1.19040", "2005-04-30": "1.21180", "2005-01-31": "1.14880"}, "Days Sales In Receivables": {"2020-10-31": "62.94230", "2020-07-31": "67.44120", "2020-04-30": "69.70990", "2020-01-31": "72.86770", "2019-10-31": "71.45340", "2019-07-31": "70.79410", "2019-04-30": "68.74290", "2019-01-31": "69.81980", "2018-10-31": "69.09100", "2018-07-31": "69.15760", "2018-04-30": "66.16280", "2018-01-31": "70.53200", "2017-10-31": "73.42980", "2017-07-31": "70.44110", "2017-04-30": "63.56620", "2017-01-31": "67.38570", "2016-10-31": "69.36560", "2016-07-31": "67.28020", "2016-04-30": "66.15300", "2016-01-31": "63.11940", "2015-10-31": "84.96320", "2015-07-31": "77.96120", "2015-04-30": "79.44000", "2015-01-31": "87.24870", "2014-10-31": "91.64910", "2014-07-31": "90.33700", "2014-04-30": "89.64510", "2014-01-31": "91.59980", "2013-10-31": "94.29190", "2013-07-31": "92.64510", "2013-04-30": "86.08520", "2013-01-31": "78.93720", "2012-10-31": "79.38460", "2012-07-31": "77.42520", "2012-04-30": "94.48220", "2012-01-31": "84.18840", "2011-10-31": "85.83890", "2011-07-31": "85.41560", "2011-04-30": "85.15470", "2011-01-31": "81.01630", "2010-10-31": "79.62340", "2010-07-31": "77.04740", "2010-04-30": "79.61540", "2010-01-31": "73.17320", "2009-10-31": "75.78950", "2009-07-31": "71.23570", "2009-04-30": "73.40560", "2009-01-31": "77.37840", "2008-10-31": "78.02520", "2008-07-31": "78.65890", "2008-04-30": "78.36230", "2008-01-31": "78.74010", "2007-10-31": "82.53840", "2007-07-31": "79.43720", "2007-04-30": "75.12350", "2007-01-31": "77.53940", "2006-10-31": "75.80490", "2006-07-31": "75.92680", "2006-04-30": "71.27810", "2006-01-31": "76.82820", "2005-10-31": "75.39170", "2005-07-31": "75.60670", "2005-04-30": "74.26690", "2005-01-31": "78.34240"}, "ROE - Return On Equity": {"2020-10-31": "0.98180", "2020-07-31": "0.97340", "2020-04-30": "1.25610", "2020-01-31": "3.69370", "2019-10-31": "2.70310", "2019-07-31": "1.73670", "2019-04-30": "2.35400", "2019-01-31": "2.54500", "2018-10-31": "2.25290", "2018-07-31": "2.13990", "2018-04-30": "2.88260", "2018-01-31": "-2.76520", "2017-10-31": "3.90280", "2017-07-31": "1.98670", "2017-04-30": "2.31270", "2017-01-31": "1.65680", "2016-10-31": "2.20910", "2016-07-31": "1.82540", "2016-04-30": "2.11860", "2016-01-31": "2.15480", "2015-10-31": "0.99490", "2015-07-31": "1.55280", "2015-04-30": "-0.00190", "2015-01-31": "4.84310", "2014-10-31": "4.25970", "2014-07-31": "4.52510", "2014-04-30": "2.30420", "2014-01-31": "3.93720", "2013-10-31": "4.81220", "2013-07-31": "5.14610", "2013-04-30": "5.18990", "2013-01-31": "5.53940", "2012-10-31": "3.76130", "2012-07-31": "5.00720", "2012-04-30": "5.18320", "2012-01-31": "4.92170", "2011-10-31": "5.16160", "2011-07-31": "5.01220", "2011-04-30": "4.67180", "2011-01-31": "5.94480", "2010-10-31": "3.81790", "2010-07-31": "5.68450", "2010-04-30": "6.41880", "2010-01-31": "5.80310", "2009-10-31": "6.37860", "2009-07-31": "3.38560", "2009-04-30": "0.77380", "2009-01-31": "5.34290", "2008-10-31": "4.33300", "2008-07-31": "5.90730", "2008-04-30": "6.24130", "2008-01-31": "0.70220", "2007-10-31": "5.80390", "2007-07-31": "6.05760", "2007-04-30": "7.39730", "2007-01-31": "6.46390", "2006-10-31": "6.62640", "2006-07-31": "6.05300", "2006-04-30": "7.87590", "2006-01-31": "5.70820", "2005-10-31": "7.33810", "2005-07-31": "3.03380", "2005-04-30": "1.86130", "2005-01-31": "5.31760"}, "Return On Tangible Equity": {"2020-10-31": "-5.30730", "2020-07-31": "-5.49160", "2020-04-30": "-7.95570", "2020-01-31": "-25.27000", "2019-10-31": "-15.21980", "2019-07-31": "-8.93170", "2019-04-30": "-11.46790", "2019-01-31": "-11.66380", "2018-10-31": "-11.53450", "2018-07-31": "-10.88320", "2018-04-30": "-14.02720", "2018-01-31": "11.96600", "2017-10-31": "-19.88350", "2017-07-31": "-8.83920", "2017-04-30": "-10.04140", "2017-01-31": "-4.57080", "2016-10-31": "-6.12020", "2016-07-31": "-5.51200", "2016-04-30": "-6.75200", "2016-01-31": "-6.48850", "2015-10-31": "-3.10710", "2015-07-31": "-5.27430", "2015-04-30": "0.00650", "2015-01-31": "14.19230", "2014-10-31": "13.85310", "2014-07-31": "14.02350", "2014-04-30": "6.82510", "2014-01-31": "11.92680", "2013-10-31": "15.90270", "2013-07-31": "17.12180", "2013-04-30": "17.09300", "2013-01-31": "20.85710", "2012-10-31": "13.65460", "2012-07-31": "18.13980", "2012-04-30": "19.57190", "2012-01-31": "18.60820", "2011-10-31": "22.04080", "2011-07-31": "19.95610", "2011-04-30": "20.03760", "2011-01-31": "29.72010", "2010-10-31": "15.60090", "2010-07-31": "22.45670", "2010-04-30": "25.52320", "2010-01-31": "21.86270", "2009-10-31": "28.81810", "2009-07-31": "17.72910", "2009-04-30": "4.06370", "2009-01-31": "22.27190", "2008-10-31": "18.79080", "2008-07-31": "28.20910", "2008-04-30": "39.47370", "2008-01-31": "6.53100", "2007-10-31": "11.58060", "2007-07-31": "12.51620", "2007-04-30": "15.56450", "2007-01-31": "14.01500", "2006-10-31": "15.80780", "2006-07-31": "15.06540", "2006-04-30": "21.45140", "2006-01-31": "11.62990", "2005-10-31": "15.80330", "2005-07-31": "6.97220", "2005-04-30": "3.77650", "2005-01-31": "11.07760"}, "ROA - Return On Assets": {"2020-10-31": "0.51520", "2020-07-31": "0.52290", "2020-04-30": "0.70460", "2020-01-31": "2.06740", "2019-10-31": "1.50570", "2019-07-31": "0.96090", "2019-04-30": "1.31780", "2019-01-31": "1.43240", "2018-10-31": "1.27060", "2018-07-31": "1.20040", "2018-04-30": "1.60300", "2018-01-31": "-1.45300", "2017-10-31": "2.13110", "2017-07-31": "1.00650", "2017-04-30": "1.16570", "2017-01-31": "0.84040", "2016-10-31": "1.12900", "2016-07-31": "0.94220", "2016-04-30": "1.10690", "2016-01-31": "1.06620", "2015-10-31": "0.49550", "2015-07-31": "0.78370", "2015-04-30": "-0.00090", "2015-01-31": "1.76890", "2014-10-31": "2.13510", "2014-07-31": "2.31930", "2014-04-30": "1.18070", "2014-01-31": "2.04670", "2013-10-31": "2.47340", "2013-07-31": "2.72500", "2013-04-30": "2.77650", "2013-01-31": "2.82700", "2012-10-31": "1.90220", "2012-07-31": "2.59830", "2012-04-30": "2.70280", "2012-01-31": "2.64800", "2011-10-31": "2.72100", "2011-07-31": "2.63420", "2011-04-30": "2.43190", "2011-01-31": "2.98400", "2010-10-31": "1.93100", "2010-07-31": "2.89600", "2010-04-30": "3.34280", "2010-01-31": "3.30180", "2009-10-31": "3.57440", "2009-07-31": "1.88770", "2009-04-30": "0.43240", "2009-01-31": "3.06620", "2008-10-31": "2.48260", "2008-07-31": "3.18040", "2008-04-30": "3.24350", "2008-01-31": "0.35960", "2007-10-31": "3.23520", "2007-07-31": "3.43340", "2007-04-30": "4.16150", "2007-01-31": "3.62760", "2006-10-31": "3.60390", "2006-07-31": "2.96810", "2006-04-30": "3.75790", "2006-01-31": "3.65340", "2005-10-31": "4.59830", "2005-07-31": "1.89750", "2005-04-30": "1.17050", "2005-01-31": "3.46660"}, "ROI - Return On Investment": {"2020-10-31": "0.64760", "2020-07-31": "0.66980", "2020-04-30": "0.87660", "2020-01-31": "2.50240", "2019-10-31": "1.81660", "2019-07-31": "1.16470", "2019-04-30": "1.58240", "2019-01-31": "1.72660", "2018-10-31": "1.52620", "2018-07-31": "1.45530", "2018-04-30": "1.96590", "2018-01-31": "-1.82540", "2017-10-31": "2.59680", "2017-07-31": "1.31480", "2017-04-30": "1.52650", "2017-01-31": "1.08730", "2016-10-31": "1.40100", "2016-07-31": "1.14670", "2016-04-30": "1.34230", "2016-01-31": "1.29590", "2015-10-31": "0.60490", "2015-07-31": "0.94780", "2015-04-30": "-0.00110", "2015-01-31": "2.08700", "2014-10-31": "2.84090", "2014-07-31": "2.94550", "2014-04-30": "1.50550", "2014-01-31": "2.63170", "2013-10-31": "3.17820", "2013-07-31": "3.38470", "2013-04-30": "3.41050", "2013-01-31": "3.92840", "2012-10-31": "2.63350", "2012-07-31": "3.50640", "2012-04-30": "3.62460", "2012-01-31": "3.32450", "2011-10-31": "3.46140", "2011-07-31": "3.33810", "2011-04-30": "3.09800", "2011-01-31": "4.06830", "2010-10-31": "2.57590", "2010-07-31": "3.82820", "2010-04-30": "4.35270", "2010-01-31": "4.09040", "2009-10-31": "4.34520", "2009-07-31": "2.28780", "2009-04-30": "0.52480", "2009-01-31": "3.75490", "2008-10-31": "3.01430", "2008-07-31": "4.07600", "2008-04-30": "4.15270", "2008-01-31": "0.46320", "2007-10-31": "3.92480", "2007-07-31": "4.03730", "2007-04-30": "4.90490", "2007-01-31": "4.28720", "2006-10-31": "4.29440", "2006-07-31": "3.89440", "2006-04-30": "4.97010", "2006-01-31": "5.25900", "2005-10-31": "6.73260", "2005-07-31": "2.55700", "2005-04-30": "1.56570", "2005-01-31": "4.45730"}, "Book Value Per Share": {"2020-10-31": "37.39440", "2020-07-31": "37.55100", "2020-04-30": "37.93380", "2020-01-31": "38.74820", "2019-10-31": "37.83940", "2019-07-31": "37.66190", "2019-04-30": "37.45210", "2019-01-31": "37.25290", "2018-10-31": "36.92970", "2018-07-31": "37.23310", "2018-04-30": "37.52870", "2018-01-31": "37.14410", "2017-10-31": "38.10450", "2017-07-31": "37.49250", "2017-04-30": "36.75270", "2017-01-31": "36.15570", "2016-10-31": "36.62880", "2016-07-31": "36.82660", "2016-04-30": "37.21400", "2016-01-31": "36.27010", "2015-10-31": "37.17160", "2015-07-31": "37.35740", "2015-04-30": "37.44250", "2015-01-31": "20.17300", "2014-10-31": "19.74770", "2014-07-31": "19.65050", "2014-04-30": "19.46250", "2014-01-31": "19.33820", "2013-10-31": "18.77500", "2013-07-31": "18.56600", "2013-04-30": "18.37670", "2013-01-31": "17.59310", "2012-10-31": "16.98210", "2012-07-31": "16.91440", "2012-04-30": "16.49930", "2012-01-31": "16.49930", "2011-10-31": "15.86120", "2011-07-31": "15.47380", "2011-04-30": "14.92110", "2011-01-31": "14.36160", "2010-10-31": "13.81030", "2010-07-31": "13.52090", "2010-04-30": "13.33130", "2010-01-31": "13.00010", "2009-10-31": "12.31880", "2009-07-31": "11.87570", "2009-04-30": "11.77870", "2009-01-31": "11.67180", "2008-10-31": "11.28930", "2008-07-31": "10.84740", "2008-04-30": "10.25490", "2008-01-31": "9.76470", "2007-10-31": "10.14900", "2007-07-31": "9.82520", "2007-04-30": "9.60030", "2007-01-31": "9.53830", "2006-10-31": "8.92770", "2006-07-31": "8.61010", "2006-04-30": "8.12210", "2006-01-31": "9.72450", "2005-10-31": "9.20450", "2005-07-31": "8.73680", "2005-04-30": "8.63460", "2005-01-31": "8.45960"}, "Operating Cash Flow Per Share": {"2020-10-31": 1.3761, "2020-07-31": "0.20590", "2020-04-30": 1.0745, "2020-01-31": 1.7808, "2019-10-31": 1.382, "2019-07-31": "1.11690", "2019-04-30": 1.5245, "2019-01-31": 1.532, "2018-10-31": 0.8587, "2018-07-31": "1.24650", "2018-04-30": 0.7307, "2018-01-31": 1.4891, "2017-10-31": 0.6679, "2017-07-31": "0.53580", "2017-04-30": 1.2523, "2017-01-31": 1.5222, "2016-10-31": 1.0686, "2016-07-31": "1.10160", "2016-04-30": 0.9228, "2016-01-31": 1.2703, "2015-10-31": 0.8982, "2015-07-31": "0.56810", "2015-04-30": 1.4176, "2015-01-31": 1.771, "2014-10-31": 0.9232, "2014-07-31": "0.30840", "2014-04-30": 1.2974, "2014-01-31": 1.5949, "2013-10-31": 1.0376, "2013-07-31": "0.96260", "2013-04-30": 1.2132, "2013-01-31": 1.4307, "2012-10-31": 0.8814, "2012-07-31": "1.28440", "2012-04-30": 0.9859, "2012-01-31": 1.0802, "2011-10-31": 1.1089, "2011-07-31": "1.04240", "2011-04-30": 0.7235, "2011-01-31": 1.1634, "2010-10-31": 0.8328, "2010-07-31": "0.73870", "2010-04-30": 1.1133, "2010-01-31": 1.3427, "2009-10-31": 0.7104, "2009-07-31": "0.55720", "2009-04-30": 0.9872, "2009-01-31": 1.0232, "2008-10-31": 0.7258, "2008-07-31": "0.70690", "2008-04-30": 0.4953, "2008-01-31": 0.9824, "2007-10-31": 0.7835, "2007-07-31": "0.78920", "2007-04-30": 0.799, "2007-01-31": 0.6378, "2006-10-31": 0.6294, "2006-07-31": "0.49790", "2006-04-30": 0.5872, "2006-01-31": 0.403, "2005-10-31": 0.8433, "2005-07-31": "-0.00980", "2005-04-30": 0.653, "2005-01-31": 1.6602}, "Free Cash Flow Per Share": {"2020-10-31": 1.1686, "2020-07-31": "-0.04150", "2020-04-30": 0.8256, "2020-01-31": 1.5641, "2019-10-31": 1.1724, "2019-07-31": "0.89430", "2019-04-30": 1.2798, "2019-01-31": 1.3065, "2018-10-31": 0.7066, "2018-07-31": "1.03340", "2018-04-30": 0.5233, "2018-01-31": 1.2996, "2017-10-31": 0.4863, "2017-07-31": "0.33370", "2017-04-30": 1.019, "2017-01-31": 1.2836, "2016-10-31": 0.8738, "2016-07-31": "0.86700", "2016-04-30": 0.6766, "2016-01-31": 1.0952, "2015-10-31": 0.742, "2015-07-31": "0.41210", "2015-04-30": 1.22, "2015-01-31": 1.6652, "2014-10-31": 0.8201, "2014-07-31": "0.20000", "2014-04-30": 1.1949, "2014-01-31": 1.5009, "2013-10-31": 0.9198, "2013-07-31": "0.88620", "2013-04-30": 1.0976, "2013-01-31": 1.3069, "2012-10-31": 0.7755, "2012-07-31": "1.18500", "2012-04-30": 0.882, "2012-01-31": 0.9805, "2011-10-31": 0.9773, "2011-07-31": "0.92090", "2011-04-30": 0.6175, "2011-01-31": 1.0444, "2010-10-31": 0.6938, "2010-07-31": "0.63960", "2010-04-30": 0.9594, "2010-01-31": 1.2317, "2009-10-31": 0.5934, "2009-07-31": "0.42260", "2009-04-30": 0.8821, "2009-01-31": 0.9188, "2008-10-31": 0.6054, "2008-07-31": "0.59470", "2008-04-30": 0.4195, "2008-01-31": 0.8537, "2007-10-31": 0.654, "2007-07-31": "0.67470", "2007-04-30": 0.635, "2007-01-31": 0.5251, "2006-10-31": 0.5133, "2006-07-31": "0.39750", "2006-04-30": 0.5023, "2006-01-31": 0.3409, "2005-10-31": 0.7403, "2005-07-31": "-0.09410", "2005-04-30": 0.5343, "2005-01-31": 1.4087}}, "revenue": {"Medtronic Annual Revenue (Millions of US $)": {"2020": "$28,913", "2019": "$30,557", "2018": "$29,953", "2017": "$29,710", "2016": "$28,833", "2015": "$20,261", "2014": "$17,005", "2013": "$16,590", "2012": "$16,184", "2011": "$15,508", "2010": "$15,392", "2009": "$14,599", "2008": "$13,515", "2007": "$12,299", "2006": "$11,292", "2005": "$10,055"}, "Medtronic Quarterly Revenue (Millions of US $)": {"2020-10-31": "$7,647", "2020-07-31": "$6,507", "2020-04-30": "$5,997", "2020-01-31": "$7,717", "2019-10-31": "$7,706", "2019-07-31": "$7,493", "2019-04-30": "$8,146", "2019-01-31": "$7,546", "2018-10-31": "$7,481", "2018-07-31": "$7,384", "2018-04-30": "$8,144", "2018-01-31": "$7,369", "2017-10-31": "$7,050", "2017-07-31": "$7,390", "2017-04-30": "$7,916", "2017-01-31": "$7,283", "2016-10-31": "$7,345", "2016-07-31": "$7,166", "2016-04-30": "$7,567", "2016-01-31": "$6,934", "2015-10-31": "$7,058", "2015-07-31": "$7,274", "2015-04-30": "$7,304", "2015-01-31": "$4,318", "2014-10-31": "$4,366", "2014-07-31": "$4,273", "2014-04-30": "$4,565", "2014-01-31": "$4,163", "2013-10-31": "$4,194", "2013-07-31": "$4,083", "2013-04-30": "$4,460", "2013-01-31": "$4,027", "2012-10-31": "$4,095", "2012-07-31": "$4,008", "2012-04-30": "$4,297", "2012-01-31": "$3,918", "2011-10-31": "$4,023", "2011-07-31": "$3,946", "2011-04-30": "$3,975", "2011-01-31": "$3,857", "2010-10-31": "$3,903", "2010-07-31": "$3,773", "2010-04-30": "$3,770", "2010-01-31": "$3,851", "2009-10-31": "$3,838", "2009-07-31": "$3,933", "2009-04-30": "$3,829", "2009-01-31": "$3,494", "2008-10-31": "$3,570", "2008-07-31": "$3,706", "2008-04-30": "$3,859", "2008-01-31": "$3,405", "2007-10-31": "$3,124", "2007-07-31": "$3,127", "2007-04-30": "$3,279", "2007-01-31": "$3,048", "2006-10-31": "$3,075", "2006-07-31": "$2,897", "2006-04-30": "$3,067", "2006-01-31": "$2,770", "2005-10-31": "$2,765", "2005-07-31": "$2,690", "2005-04-30": "$2,778", "2005-01-31": "$2,531"}}, "gross-profit": {"Medtronic Annual Gross Profit (Millions of US $)": {"2020": "$19,489", "2019": "$21,402", "2018": "$20,886", "2017": "$20,416", "2016": "$19,691", "2015": "$13,952", "2014": "$12,672", "2013": "$12,464", "2012": "$12,295", "2011": "$11,808", "2010": "$11,810", "2009": "$11,081", "2008": "$10,069", "2007": "$9,131", "2006": "$8,477", "2005": "$7,609"}, "Medtronic Quarterly Gross Profit (Millions of US $)": {"2020-10-31": "$4,942", "2020-07-31": "$4,002", "2020-04-30": "$3,733", "2020-01-31": "$5,317", "2019-10-31": "$5,312", "2019-07-31": "$5,127", "2019-04-30": "$5,663", "2019-01-31": "$5,281", "2018-10-31": "$5,278", "2018-07-31": "$5,180", "2018-04-30": "$5,746", "2018-01-31": "$5,175", "2017-10-31": "$4,927", "2017-07-31": "$5,038", "2017-04-30": "$5,477", "2017-01-31": "$5,015", "2016-10-31": "$5,019", "2016-07-31": "$4,905", "2016-04-30": "$5,204", "2016-01-31": "$4,793", "2015-10-31": "$4,876", "2015-07-31": "$4,818", "2015-04-30": "$4,370", "2015-01-31": "$3,190", "2014-10-31": "$3,224", "2014-07-31": "$3,168", "2014-04-30": "$3,394", "2014-01-31": "$3,113", "2013-10-31": "$3,104", "2013-07-31": "$3,061", "2013-04-30": "$3,326", "2013-01-31": "$3,028", "2012-10-31": "$3,075", "2012-07-31": "$3,035", "2012-04-30": "$3,250", "2012-01-31": "$2,987", "2011-10-31": "$3,063", "2011-07-31": "$2,995", "2011-04-30": "$3,063", "2011-01-31": "$2,923", "2010-10-31": "$2,942", "2010-07-31": "$2,880", "2010-04-30": "$2,988", "2010-01-31": "$2,939", "2009-10-31": "$2,916", "2009-07-31": "$2,967", "2009-04-30": "$2,897", "2009-01-31": "$2,646", "2008-10-31": "$2,687", "2008-07-31": "$2,851", "2008-04-30": "$2,915", "2008-01-31": "$2,535", "2007-10-31": "$2,284", "2007-07-31": "$2,335", "2007-04-30": "$2,413", "2007-01-31": "$2,273", "2006-10-31": "$2,280", "2006-07-31": "$2,165", "2006-04-30": "$2,300", "2006-01-31": "$2,071", "2005-10-31": "$2,070", "2005-07-31": "$2,036", "2005-04-30": "$2,073", "2005-01-31": "$1,925"}}, "operating-income": {"Medtronic Annual Operating Income (Millions of US $)": {"2020": "$4,791", "2019": "$6,268", "2018": "$6,640", "2017": "$5,383", "2016": "$5,361", "2015": "$3,766", "2014": "$3,813", "2013": "$4,755", "2012": "$4,748", "2011": "$4,297", "2010": "$4,714", "2009": "$3,833", "2008": "$3,656", "2007": "$3,711", "2006": "$3,341", "2005": "$3,444"}, "Medtronic Quarterly Operating Income (Millions of US $)": {"2020-10-31": "$930", "2020-07-31": "$673", "2020-04-30": "$316", "2020-01-31": "$1,639", "2019-10-31": "$1,351", "2019-07-31": "$1,485", "2019-04-30": "$1,946", "2019-01-31": "$1,542", "2018-10-31": "$1,544", "2018-07-31": "$1,236", "2018-04-30": "$1,928", "2018-01-31": "$1,436", "2017-10-31": "$1,894", "2017-07-31": "$1,382", "2017-04-30": "$1,684", "2017-01-31": "$1,147", "2016-10-31": "$1,385", "2016-07-31": "$1,167", "2016-04-30": "$1,575", "2016-01-31": "$1,355", "2015-10-31": "$1,300", "2015-07-31": "$1,131", "2015-04-30": "$159", "2015-01-31": "$1,275", "2014-10-31": "$1,193", "2014-07-31": "$1,139", "2014-04-30": "$305", "2014-01-31": "$1,025", "2013-10-31": "$1,206", "2013-07-31": "$1,277", "2013-04-30": "$1,191", "2013-01-31": "$1,218", "2012-10-31": "$1,186", "2012-07-31": "$1,160", "2012-04-30": "$1,215", "2012-01-31": "$1,153", "2011-10-31": "$1,221", "2011-07-31": "$1,159", "2011-04-30": "$982", "2011-01-31": "$1,147", "2010-10-31": "$1,089", "2010-07-31": "$1,079", "2010-04-30": "$1,056", "2010-01-31": "$1,267", "2009-10-31": "$1,224", "2009-07-31": "$1,167", "2009-04-30": "$660", "2009-01-31": "$980", "2008-10-31": "$1,080", "2008-07-31": "$1,113", "2008-04-30": "$1,196", "2008-01-31": "$689", "2007-10-31": "$879", "2007-07-31": "$892", "2007-04-30": "$963", "2007-01-31": "$942", "2006-10-31": "$924", "2006-07-31": "$882", "2006-04-30": "$1,031", "2006-01-31": "$891", "2005-10-31": "$892", "2005-07-31": "$527", "2005-04-30": "$967", "2005-01-31": "$870"}}, "ebitda": {"Medtronic Annual EBITDA (Millions of US $)": {"2020": "$7,454", "2019": "$8,927", "2018": "$9,284", "2017": "$8,300", "2016": "$8,210", "2015": "$5,148", "2014": "$4,671", "2013": "$5,678", "2012": "$5,666", "2011": "$5,272", "2010": "$5,653", "2009": "$4,686", "2008": "$4,438", "2007": "$4,294", "2006": "$3,885", "2005": "$3,907"}, "Medtronic Quarterly EBITDA (Millions of US $)": {"2020-10-31": "$1,601", "2020-07-31": "$1,342", "2020-04-30": "$988", "2020-01-31": "$2,302", "2019-10-31": "$2,022", "2019-07-31": "$2,142", "2019-04-30": "$2,613", "2019-01-31": "$2,217", "2018-10-31": "$2,195", "2018-07-31": "$1,902", "2018-04-30": "$2,592", "2018-01-31": "$2,102", "2017-10-31": "$2,572", "2017-07-31": "$2,018", "2017-04-30": "$2,381", "2017-01-31": "$1,884", "2016-10-31": "$2,124", "2016-07-31": "$1,911", "2016-04-30": "$2,290", "2016-01-31": "$2,077", "2015-10-31": "$2,004", "2015-07-31": "$1,839", "2015-04-30": "$843", "2015-01-31": "$1,550", "2014-10-31": "$1,401", "2014-07-31": "$1,354", "2014-04-30": "$522", "2014-01-31": "$1,241", "2013-10-31": "$1,421", "2013-07-31": "$1,487", "2013-04-30": "$1,435", "2013-01-31": "$1,455", "2012-10-31": "$1,408", "2012-07-31": "$1,380", "2012-04-30": "$1,437", "2012-01-31": "$1,383", "2011-10-31": "$1,455", "2011-07-31": "$1,391", "2011-04-30": "$1,236", "2011-01-31": "$1,380", "2010-10-31": "$1,347", "2010-07-31": "$1,309", "2010-04-30": "$1,304", "2010-01-31": "$1,502", "2009-10-31": "$1,449", "2009-07-31": "$1,398", "2009-04-30": "$877", "2009-01-31": "$1,188", "2008-10-31": "$1,297", "2008-07-31": "$1,324", "2008-04-30": "$1,521", "2008-01-31": "$870", "2007-10-31": "$1,006", "2007-07-31": "$1,041", "2007-04-30": "$1,131", "2007-01-31": "$1,080", "2006-10-31": "$1,061", "2006-07-31": "$1,022", "2006-04-30": "$1,169", "2006-01-31": "$1,029", "2005-10-31": "$1,032", "2005-07-31": "$655", "2005-04-30": "$1,091", "2005-01-31": "$986"}}, "net-income": {"Medtronic Annual Net Income (Millions of US $)": {"2020": "$4,789", "2019": "$4,631", "2018": "$3,104", "2017": "$4,028", "2016": "$3,538", "2015": "$2,675", "2014": "$3,065", "2013": "$3,467", "2012": "$3,617", "2011": "$3,096", "2010": "$3,099", "2009": "$2,070", "2008": "$2,138", "2007": "$2,802", "2006": "$2,547", "2005": "$1,804"}, "Medtronic Quarterly Net Income (Millions of US $)": {"2020-10-31": "$489", "2020-07-31": "$487", "2020-04-30": "$646", "2020-01-31": "$1,915", "2019-10-31": "$1,364", "2019-07-31": "$864", "2019-04-30": "$1,172", "2019-01-31": "$1,269", "2018-10-31": "$1,115", "2018-07-31": "$1,075", "2018-04-30": "$1,460", "2018-01-31": "$-1,389", "2017-10-31": "$2,017", "2017-07-31": "$1,016", "2017-04-30": "$1,163", "2017-01-31": "$821", "2016-10-31": "$1,115", "2016-07-31": "$929", "2016-04-30": "$1,103", "2016-01-31": "$1,095", "2015-10-31": "$520", "2015-07-31": "$820", "2015-04-30": "$-1", "2015-01-31": "$977", "2014-10-31": "$828", "2014-07-31": "$871", "2014-04-30": "$448", "2014-01-31": "$762", "2013-10-31": "$902", "2013-07-31": "$953", "2013-04-30": "$969", "2013-01-31": "$988", "2012-10-31": "$646", "2012-07-31": "$864", "2012-04-30": "$990", "2012-01-31": "$935", "2011-10-31": "$871", "2011-07-31": "$821", "2011-04-30": "$776", "2011-01-31": "$924", "2010-10-31": "$566", "2010-07-31": "$830", "2010-04-30": "$955", "2010-01-31": "$831", "2009-10-31": "$868", "2009-07-31": "$445", "2009-04-30": "$102", "2009-01-31": "$698", "2008-10-31": "$547", "2008-07-31": "$723", "2008-04-30": "$720", "2008-01-31": "$77", "2007-10-31": "$666", "2007-07-31": "$675", "2007-04-30": "$812", "2007-01-31": "$710", "2006-10-31": "$681", "2006-07-31": "$599", "2006-04-30": "$739", "2006-01-31": "$670", "2005-10-31": "$817", "2005-07-31": "$321", "2005-04-30": "$195", "2005-01-31": "$544"}}, "eps-earnings-per-share-diluted": {"Medtronic Annual EPS": {"2020": "$3.54", "2019": "$3.41", "2018": "$2.27", "2017": "$2.89", "2016": "$2.48", "2015": "$2.41", "2014": "$3.02", "2013": "$3.37", "2012": "$3.41", "2011": "$2.86", "2010": "$2.79", "2009": "$1.84", "2008": "$1.87", "2007": "$2.41", "2006": "$2.09", "2005": "$1.48"}, "Medtronic Quarterly EPS": {"2020-10-31": "$0.36", "2020-07-31": "$0.36", "2020-04-30": "$0.47", "2020-01-31": "$1.42", "2019-10-31": "$1.01", "2019-07-31": "$0.64", "2019-04-30": "$0.86", "2019-01-31": "$0.94", "2018-10-31": "$0.82", "2018-07-31": "$0.79", "2018-04-30": "$1.08", "2018-01-31": "$-1.03", "2017-10-31": "$1.48", "2017-07-31": "$0.74", "2017-04-30": "$0.84", "2017-01-31": "$0.59", "2016-10-31": "$0.80", "2016-07-31": "$0.66", "2016-04-30": "$0.78", "2016-01-31": "$0.77", "2015-10-31": "$0.36", "2015-07-31": "$0.57", "2015-04-30": "$-0.27", "2015-01-31": "$0.98", "2014-10-31": "$0.83", "2014-07-31": "$0.87", "2014-04-30": "$0.45", "2014-01-31": "$0.75", "2013-10-31": "$0.89", "2013-07-31": "$0.93", "2013-04-30": "$0.94", "2013-01-31": "$0.97", "2012-10-31": "$0.63", "2012-07-31": "$0.83", "2012-04-30": "$0.94", "2012-01-31": "$0.88", "2011-10-31": "$0.82", "2011-07-31": "$0.77", "2011-04-30": "$0.72", "2011-01-31": "$0.86", "2010-10-31": "$0.52", "2010-07-31": "$0.76", "2010-04-30": "$0.86", "2010-01-31": "$0.75", "2009-10-31": "$0.78", "2009-07-31": "$0.40", "2009-04-30": "$0.10", "2009-01-31": "$0.62", "2008-10-31": "$0.48", "2008-07-31": "$0.64", "2008-04-30": "$0.63", "2008-01-31": "$0.07", "2007-10-31": "$0.58", "2007-07-31": "$0.59", "2007-04-30": "$0.70", "2007-01-31": "$0.61", "2006-10-31": "$0.59", "2006-07-31": "$0.51", "2006-04-30": "$0.61", "2006-01-31": "$0.55", "2005-10-31": "$0.67", "2005-07-31": "$0.26", "2005-04-30": "$0.16", "2005-01-31": "$0.45"}}, "shares-outstanding": {"Medtronic Annual Shares Outstanding (Millions of Shares)": {"2020": "1,351", "2019": "1,358", "2018": "1,368", "2017": "1,391", "2016": "1,426", "2015": "1,109", "2014": "1,014", "2013": "1,028", "2012": "1,060", "2011": "1,082", "2010": "1,109", "2009": "1,126", "2008": "1,144", "2007": "1,162", "2006": "1,217", "2005": "1,221"}, "Medtronic Quarterly Shares Outstanding (Millions of Shares)": {"2020-10-31": "1,352", "2020-07-31": "1,350", "2020-04-30": "1,351", "2020-01-31": "1,352", "2019-10-31": "1,351", "2019-07-31": "1,352", "2019-04-30": "1,358", "2019-01-31": "1,353", "2018-10-31": "1,361", "2018-07-31": "1,365", "2018-04-30": "1,368", "2018-01-31": "1,354", "2017-10-31": "1,366", "2017-07-31": "1,376", "2017-04-30": "1,391", "2017-01-31": "1,383", "2016-10-31": "1,393", "2016-07-31": "1,407", "2016-04-30": "1,426", "2016-01-31": "1,422", "2015-10-31": "1,429", "2015-07-31": "1,436", "2015-04-30": "1,109", "2015-01-31": "996", "2014-10-31": "993", "2014-07-31": "1,005", "2014-04-30": "1,014", "2014-01-31": "1,010", "2013-10-31": "1,009", "2013-07-31": "1,021", "2013-04-30": "1,028", "2013-01-31": "1,021", "2012-10-31": "1,028", "2012-07-31": "1,037", "2012-04-30": "1,060", "2012-01-31": "1,060", "2011-10-31": "1,063", "2011-07-31": "1,070", "2011-04-30": "1,082", "2011-01-31": "1,078", "2010-10-31": "1,084", "2010-07-31": "1,090", "2010-04-30": "1,109", "2010-01-31": "1,109", "2009-10-31": "1,109", "2009-07-31": "1,115", "2009-04-30": "1,126", "2009-01-31": "1,122", "2008-10-31": "1,131", "2008-07-31": "1,132", "2008-04-30": "1,144", "2008-01-31": "1,135", "2007-10-31": "1,148", "2007-07-31": "1,153", "2007-04-30": "1,162", "2007-01-31": "1,164", "2006-10-31": "1,159", "2006-07-31": "1,165", "2006-04-30": "1,217", "2006-01-31": "1,223", "2005-10-31": "1,223", "2005-07-31": "1,223", "2005-04-30": "1,221", "2005-01-31": "1,219"}}, "total-assets": {"Medtronic Annual Total Assets (Millions of US $)": {"2020": "$90,689", "2019": "$89,694", "2018": "$91,393", "2017": "$99,857", "2016": "$99,644", "2015": "$106,685", "2014": "$37,943", "2013": "$34,900", "2012": "$32,818", "2011": "$30,675", "2010": "$28,090", "2009": "$23,588", "2008": "$22,198", "2007": "$19,512", "2006": "$19,665", "2005": "$16,617"}, "Medtronic Quarterly Total Assets (Millions of US $)": {"2020-10-31": "$95,886", "2020-07-31": "$93,906", "2020-04-30": "$90,689", "2020-01-31": "$92,822", "2019-10-31": "$91,053", "2019-07-31": "$91,268", "2019-04-30": "$89,694", "2019-01-31": "$88,730", "2018-10-31": "$88,150", "2018-07-31": "$89,721", "2018-04-30": "$91,393", "2018-01-31": "$95,800", "2017-10-31": "$94,458", "2017-07-31": "$100,250", "2017-04-30": "$99,857", "2017-01-31": "$97,578", "2016-10-31": "$98,406", "2016-07-31": "$98,601", "2016-04-30": "$99,644", "2016-01-31": "$102,706", "2015-10-31": "$104,945", "2015-07-31": "$104,626", "2015-04-30": "$106,685", "2015-01-31": "$55,233", "2014-10-31": "$38,780", "2014-07-31": "$37,554", "2014-04-30": "$37,943", "2014-01-31": "$37,231", "2013-10-31": "$36,468", "2013-07-31": "$34,972", "2013-04-30": "$34,900", "2013-01-31": "$34,949", "2012-10-31": "$33,960", "2012-07-31": "$33,252", "2012-04-30": "$32,818", "2012-01-31": "$31,911", "2011-10-31": "$31,753", "2011-07-31": "$31,091", "2011-04-30": "$30,675", "2011-01-31": "$30,597", "2010-10-31": "$29,311", "2010-07-31": "$28,660", "2010-04-30": "$28,090", "2010-01-31": "$25,168", "2009-10-31": "$24,284", "2009-07-31": "$23,574", "2009-04-30": "$23,588", "2009-01-31": "$22,764", "2008-10-31": "$22,033", "2008-07-31": "$22,733", "2008-04-30": "$22,198", "2008-01-31": "$21,412", "2007-10-31": "$20,586", "2007-07-31": "$19,660", "2007-04-30": "$19,512", "2007-01-31": "$19,572", "2006-10-31": "$18,896", "2006-07-31": "$20,181", "2006-04-30": "$19,665", "2006-01-31": "$18,339", "2005-10-31": "$17,768", "2005-07-31": "$16,917", "2005-04-30": "$16,617", "2005-01-31": "$15,695"}}, "cash-on-hand": {"Medtronic Annual Cash on Hand (Millions of US $)": {"2020": "$10,948", "2019": "$9,848", "2018": "$11,227", "2017": "$13,708", "2016": "$12,634", "2015": "$19,480", "2014": "$14,241", "2013": "$11,130", "2012": "$9,350", "2011": "$2,428", "2010": "$3,775", "2009": "$1,676", "2008": "$1,613", "2007": "$3,078", "2006": "$6,101", "2005": "$3,392"}, "Medtronic Quarterly Cash on Hand (Millions of US $)": {"2020-10-31": "$14,277", "2020-07-31": "$13,012", "2020-04-30": "$10,948", "2020-01-31": "$11,628", "2019-10-31": "$10,398", "2019-07-31": "$10,683", "2019-04-30": "$9,848", "2019-01-31": "$9,142", "2018-10-31": "$10,133", "2018-07-31": "$11,004", "2018-04-30": "$11,227", "2018-01-31": "$14,436", "2017-10-31": "$13,526", "2017-07-31": "$13,088", "2017-04-30": "$13,708", "2017-01-31": "$11,458", "2016-10-31": "$11,257", "2016-07-31": "$12,810", "2016-04-30": "$12,634", "2016-01-31": "$17,286", "2015-10-31": "$17,229", "2015-07-31": "$17,982", "2015-04-30": "$19,480", "2015-01-31": "$31,148", "2014-10-31": "$14,464", "2014-07-31": "$13,962", "2014-04-30": "$14,241", "2014-01-31": "$13,667", "2013-10-31": "$12,584", "2013-07-31": "$11,404", "2013-04-30": "$11,130", "2013-01-31": "$2,464", "2012-10-31": "$2,675", "2012-07-31": "$2,491", "2012-04-30": "$9,350", "2012-01-31": "$2,345", "2011-10-31": "$2,166", "2011-07-31": "$2,521", "2011-04-30": "$2,428", "2011-01-31": "$3,467", "2010-10-31": "$3,544", "2010-07-31": "$3,917", "2010-04-30": "$3,775", "2010-01-31": "$2,292", "2009-10-31": "$1,542", "2009-07-31": "$1,544", "2009-04-30": "$1,676", "2009-01-31": "$1,743", "2008-10-31": "$1,042", "2008-07-31": "$1,745", "2008-04-30": "$1,613", "2008-01-31": "$1,307", "2007-10-31": "$5,583", "2007-07-31": "$2,813", "2007-04-30": "$3,078", "2007-01-31": "$3,321", "2006-10-31": "$3,605", "2006-07-31": "$5,945", "2006-04-30": "$6,101", "2006-01-31": "$4,927", "2005-10-31": "$4,177", "2005-07-31": "$3,160", "2005-04-30": "$3,392", "2005-01-31": "$2,930"}}, "long-term-debt": {"Medtronic Annual Long Term Debt (Millions of US $)": {"2020": "$22,021", "2019": "$24,486", "2018": "$23,699", "2017": "$25,921", "2016": "$30,109", "2015": "$33,752", "2014": "$10,315", "2013": "$9,741", "2012": "$7,359", "2011": "$8,112", "2010": "$6,944", "2009": "$6,253", "2008": "$5,802", "2007": "$5,578", "2006": "$5,486", "2005": "$1,973"}, "Medtronic Quarterly Long Term Debt (Millions of US $)": {"2020-10-31": "$25,967", "2020-07-31": "$22,867", "2020-04-30": "$22,021", "2020-01-31": "$24,732", "2019-10-31": "$24,752", "2019-07-31": "$24,804", "2019-04-30": "$24,486", "2019-01-31": "$23,674", "2018-10-31": "$23,673", "2018-07-31": "$23,678", "2018-04-30": "$23,699", "2018-01-31": "$25,918", "2017-10-31": "$25,941", "2017-07-31": "$25,953", "2017-04-30": "$25,921", "2017-01-31": "$25,923", "2016-10-31": "$29,010", "2016-07-31": "$30,124", "2016-04-30": "$30,109", "2016-01-31": "$33,681", "2015-10-31": "$33,690", "2015-07-31": "$33,709", "2015-04-30": "$33,752", "2015-01-31": "$26,641", "2014-10-31": "$9,708", "2014-07-31": "$10,323", "2014-04-30": "$10,315", "2014-01-31": "$9,601", "2013-10-31": "$9,637", "2013-07-31": "$9,637", "2013-04-30": "$9,741", "2013-01-31": "$7,314", "2012-10-31": "$7,355", "2012-07-31": "$7,386", "2012-04-30": "$7,359", "2012-01-31": "$8,248", "2011-10-31": "$8,222", "2011-07-31": "$8,195", "2011-04-30": "$8,112", "2011-01-31": "$7,084", "2010-10-31": "$7,148", "2010-07-31": "$7,080", "2010-04-30": "$6,944", "2010-01-31": "$5,996", "2009-10-31": "$6,368", "2009-07-31": "$6,307", "2009-04-30": "$6,253", "2009-01-31": "$5,525", "2008-10-31": "$5,523", "2008-07-31": "$5,499", "2008-04-30": "$5,802", "2008-01-31": "$5,656", "2007-10-31": "$5,494", "2007-07-31": "$5,576", "2007-04-30": "$5,578", "2007-01-31": "$5,577", "2006-10-31": "$5,581", "2006-07-31": "$5,485", "2006-04-30": "$5,486", "2006-01-31": "$1,003", "2005-10-31": "$1,001", "2005-07-31": "$1,973", "2005-04-30": "$1,973", "2005-01-31": "$1,975"}}, "total-liabilities": {"Medtronic Annual Total Liabilities (Millions of US $)": {"2020": "$39,817", "2019": "$39,482", "2018": "$40,571", "2017": "$49,527", "2016": "$47,581", "2015": "$53,455", "2014": "$18,500", "2013": "$16,229", "2012": "$15,705", "2011": "$14,707", "2010": "$13,461", "2009": "$10,406", "2008": "$10,662", "2007": "$8,535", "2006": "$10,282", "2005": "$6,168"}, "Medtronic Quarterly Total Liabilities (Millions of US $)": {"2020-10-31": "$45,570", "2020-07-31": "$43,463", "2020-04-30": "$39,817", "2020-01-31": "$40,869", "2019-10-31": "$40,334", "2019-07-31": "$40,771", "2019-04-30": "$39,482", "2019-01-31": "$38,789", "2018-10-31": "$38,436", "2018-07-31": "$39,392", "2018-04-30": "$40,571", "2018-01-31": "$45,460", "2017-10-31": "$42,880", "2017-07-31": "$49,463", "2017-04-30": "$49,527", "2017-01-31": "$48,085", "2016-10-31": "$48,113", "2016-07-31": "$47,709", "2016-04-30": "$47,581", "2016-01-31": "$51,890", "2015-10-31": "$52,676", "2015-07-31": "$51,817", "2015-04-30": "$53,455", "2015-01-31": "$35,060", "2014-10-31": "$19,342", "2014-07-31": "$18,306", "2014-04-30": "$18,500", "2014-01-31": "$17,877", "2013-10-31": "$17,724", "2013-07-31": "$16,453", "2013-04-30": "$16,229", "2013-01-31": "$17,113", "2012-10-31": "$16,785", "2012-07-31": "$15,997", "2012-04-30": "$15,705", "2012-01-31": "$14,742", "2011-10-31": "$15,014", "2011-07-31": "$14,751", "2011-04-30": "$14,707", "2011-01-31": "$15,239", "2010-10-31": "$14,486", "2010-07-31": "$14,059", "2010-04-30": "$13,461", "2010-01-31": "$10,848", "2009-10-31": "$10,676", "2009-07-31": "$10,430", "2009-04-30": "$10,406", "2009-01-31": "$9,700", "2008-10-31": "$9,409", "2008-07-31": "$10,494", "2008-04-30": "$10,662", "2008-01-31": "$10,446", "2007-10-31": "$9,111", "2007-07-31": "$8,517", "2007-04-30": "$8,535", "2007-01-31": "$8,588", "2006-10-31": "$8,619", "2006-07-31": "$10,285", "2006-04-30": "$10,282", "2006-01-31": "$6,601", "2005-10-31": "$6,634", "2005-07-31": "$6,337", "2005-04-30": "$6,168", "2005-01-31": "$5,463"}}, "total-share-holder-equity": {"Medtronic Annual Share Holder Equity (Millions of US $)": {"2020": "$50,872", "2019": "$50,212", "2018": "$50,822", "2017": "$50,330", "2016": "$52,063", "2015": "$53,230", "2014": "$19,443", "2013": "$18,671", "2012": "$17,113", "2011": "$15,968", "2010": "$14,629", "2009": "$13,182", "2008": "$11,536", "2007": "$10,977", "2006": "$9,383", "2005": "$10,450"}, "Medtronic Quarterly Share Holder Equity (Millions of US $)": {"2020-10-31": "$50,316", "2020-07-31": "$50,443", "2020-04-30": "$50,872", "2020-01-31": "$51,953", "2019-10-31": "$50,719", "2019-07-31": "$50,497", "2019-04-30": "$50,212", "2019-01-31": "$49,941", "2018-10-31": "$49,714", "2018-07-31": "$50,329", "2018-04-30": "$50,822", "2018-01-31": "$50,340", "2017-10-31": "$51,578", "2017-07-31": "$50,787", "2017-04-30": "$50,330", "2017-01-31": "$49,493", "2016-10-31": "$50,293", "2016-07-31": "$50,892", "2016-04-30": "$52,063", "2016-01-31": "$50,816", "2015-10-31": "$52,269", "2015-07-31": "$52,809", "2015-04-30": "$53,230", "2015-01-31": "$20,173", "2014-10-31": "$19,438", "2014-07-31": "$19,248", "2014-04-30": "$19,443", "2014-01-31": "$19,354", "2013-10-31": "$18,744", "2013-07-31": "$18,519", "2013-04-30": "$18,671", "2013-01-31": "$17,836", "2012-10-31": "$17,175", "2012-07-31": "$17,255", "2012-04-30": "$17,113", "2012-01-31": "$17,169", "2011-10-31": "$16,739", "2011-07-31": "$16,340", "2011-04-30": "$15,968", "2011-01-31": "$15,358", "2010-10-31": "$14,825", "2010-07-31": "$14,601", "2010-04-30": "$14,629", "2010-01-31": "$14,320", "2009-10-31": "$13,608", "2009-07-31": "$13,144", "2009-04-30": "$13,182", "2009-01-31": "$13,064", "2008-10-31": "$12,624", "2008-07-31": "$12,239", "2008-04-30": "$11,536", "2008-01-31": "$10,966", "2007-10-31": "$11,475", "2007-07-31": "$11,143", "2007-04-30": "$10,977", "2007-01-31": "$10,984", "2006-10-31": "$10,277", "2006-07-31": "$9,896", "2006-04-30": "$9,383", "2006-01-31": "$11,738", "2005-10-31": "$11,134", "2005-07-31": "$10,581", "2005-04-30": "$10,450", "2005-01-31": "$10,232"}}, "profit-margins": {"current": "12.69%"}, "gross margin": {"2020-10-31": "64.57%", "2020-07-31": "65.76%", "2020-04-30": "67.41%", "2020-01-31": "68.96%", "2019-10-31": "69.22%", "2019-07-31": "69.62%", "2019-04-30": "70.04%", "2019-01-31": "70.32%", "2018-10-31": "70.38%", "2018-07-31": "70.22%", "2018-04-30": "69.73%", "2018-01-31": "69.36%", "2017-10-31": "69.02%", "2017-07-31": "68.65%", "2017-04-30": "68.72%", "2017-01-31": "68.60%", "2016-10-31": "68.66%", "2016-07-31": "68.85%", "2016-04-30": "68.29%", "2016-01-31": "66.00%", "2015-10-31": "66.48%", "2015-07-31": "67.07%", "2015-04-30": "68.86%", "2015-01-31": "74.06%", "2014-10-31": "74.27%", "2014-07-31": "74.32%", "2014-04-30": "74.52%", "2014-01-31": "74.58%", "2013-10-31": "74.68%", "2013-07-31": "74.95%", "2013-04-30": "75.13%", "2013-01-31": "75.41%", "2012-10-31": "75.66%", "2012-07-31": "75.93%", "2012-04-30": "75.97%", "2012-01-31": "76.33%", "2011-10-31": "76.22%", "2011-07-31": "76.03%", "2011-04-30": "76.14%", "2011-01-31": "76.67%", "2010-10-31": "76.81%", "2010-07-31": "76.96%", "2010-04-30": "76.73%", "2010-01-31": "75.85%", "2009-10-31": "75.70%", "2009-07-31": "75.52%", "2009-04-30": "75.90%", "2009-01-31": "75.87%", "2008-10-31": "75.57%", "2008-07-31": "75.10%", "2008-04-30": "74.50%", "2008-01-31": "73.96%", "2007-10-31": "73.98%", "2007-07-31": "74.24%", "2007-04-30": "74.24%", "2007-01-31": "74.61%", "2006-10-31": "74.65%", "2006-07-31": "74.84%", "2006-04-30": "75.07%", "2006-01-31": "74.98%", "2005-10-31": "75.29%"}, "operating margin": {"2020-10-31": "12.77%", "2020-07-31": "14.25%", "2020-04-30": "16.57%", "2020-01-31": "20.67%", "2019-10-31": "20.47%", "2019-07-31": "21.25%", "2019-04-30": "20.51%", "2019-01-31": "20.45%", "2018-10-31": "20.23%", "2018-07-31": "21.68%", "2018-04-30": "22.17%", "2018-01-31": "21.52%", "2017-10-31": "20.60%", "2017-07-31": "18.70%", "2017-04-30": "18.12%", "2017-01-31": "17.96%", "2016-10-31": "18.90%", "2016-07-31": "18.79%", "2016-04-30": "18.59%", "2016-01-31": "13.81%", "2015-10-31": "14.89%", "2015-07-31": "16.16%", "2015-04-30": "18.59%", "2015-01-31": "22.33%", "2014-10-31": "21.09%", "2014-07-31": "21.37%", "2014-04-30": "22.42%", "2014-01-31": "27.80%", "2013-10-31": "29.18%", "2013-07-31": "29.23%", "2013-04-30": "28.66%", "2013-01-31": "29.09%", "2012-10-31": "28.89%", "2012-07-31": "29.23%", "2012-04-30": "29.34%", "2012-01-31": "28.46%", "2011-10-31": "28.54%", "2011-07-31": "27.91%", "2011-04-30": "27.71%", "2011-01-31": "28.56%", "2010-10-31": "29.36%", "2010-07-31": "30.37%", "2010-04-30": "30.63%", "2010-01-31": "27.95%", "2009-10-31": "26.71%", "2009-07-31": "26.22%", "2009-04-30": "26.26%", "2009-01-31": "29.87%", "2008-10-31": "28.05%", "2008-07-31": "27.51%", "2008-04-30": "27.05%", "2008-01-31": "26.46%", "2007-10-31": "29.23%", "2007-07-31": "29.70%", "2007-04-30": "30.17%", "2007-01-31": "31.26%", "2006-10-31": "31.57%", "2006-07-31": "32.14%", "2006-04-30": "29.59%", "2006-01-31": "29.78%", "2005-10-31": "30.25%"}, "ebitda margin": {"2020-10-31": "22.37%", "2020-07-31": "23.83%", "2020-04-30": "25.78%", "2020-01-31": "29.23%", "2019-10-31": "29.12%", "2019-07-31": "29.89%", "2019-04-30": "29.21%", "2019-01-31": "29.15%", "2018-10-31": "28.94%", "2018-07-31": "30.61%", "2018-04-30": "31.00%", "2018-01-31": "30.52%", "2017-10-31": "29.88%", "2017-07-31": "28.09%", "2017-04-30": "27.94%", "2017-01-31": "27.96%", "2016-10-31": "28.96%", "2016-07-31": "28.83%", "2016-04-30": "28.47%", "2016-01-31": "23.67%", "2015-10-31": "24.03%", "2015-07-31": "24.22%", "2015-04-30": "25.41%", "2015-01-31": "27.55%", "2014-10-31": "26.01%", "2014-07-31": "26.39%", "2014-04-30": "27.47%", "2014-01-31": "33.04%", "2013-10-31": "34.59%", "2013-07-31": "34.71%", "2013-04-30": "34.23%", "2013-01-31": "34.58%", "2012-10-31": "34.37%", "2012-07-31": "34.81%", "2012-04-30": "35.01%", "2012-01-31": "34.45%", "2011-10-31": "34.57%", "2011-07-31": "34.14%", "2011-04-30": "34.00%", "2011-01-31": "34.90%", "2010-10-31": "35.71%", "2010-07-31": "36.53%", "2010-04-30": "36.73%", "2010-01-31": "33.82%", "2009-10-31": "32.54%", "2009-07-31": "32.11%", "2009-04-30": "32.10%", "2009-01-31": "36.43%", "2008-10-31": "34.47%", "2008-07-31": "33.50%", "2008-04-30": "32.84%", "2008-01-31": "31.29%", "2007-10-31": "33.85%", "2007-07-31": "34.42%", "2007-04-30": "34.91%", "2007-01-31": "35.84%", "2006-10-31": "36.25%", "2006-07-31": "36.98%", "2006-04-30": "34.40%", "2006-01-31": "34.60%", "2005-10-31": "34.96%"}, "pre tax profit margin": {"2020-10-31": "10.38%", "2020-07-31": "13.11%", "2020-04-30": "14.02%", "2020-01-31": "16.55%", "2019-10-31": "15.97%", "2019-07-31": "16.29%", "2019-04-30": "17.01%", "2019-01-31": "18.43%", "2018-10-31": "17.40%", "2018-07-31": "18.90%", "2018-04-30": "18.95%", "2018-01-31": "18.12%", "2017-10-31": "17.97%", "2017-07-31": "16.07%", "2017-04-30": "15.49%", "2017-01-31": "14.65%", "2016-10-31": "15.56%", "2016-07-31": "15.26%", "2016-04-30": "15.04%", "2016-01-31": "11.86%", "2015-10-31": "13.12%", "2015-07-31": "14.37%", "2015-04-30": "17.21%", "2015-01-31": "21.57%", "2014-10-31": "20.39%", "2014-07-31": "21.14%", "2014-04-30": "21.79%", "2014-01-31": "25.91%", "2013-10-31": "27.31%", "2013-07-31": "25.90%", "2013-04-30": "25.62%", "2013-01-31": "25.13%", "2012-10-31": "24.67%", "2012-07-31": "25.94%", "2012-04-30": "25.61%", "2012-01-31": "25.15%", "2011-10-31": "24.89%", "2011-07-31": "23.23%", "2011-04-30": "23.63%", "2011-01-31": "26.13%", "2010-10-31": "26.57%", "2010-07-31": "29.04%", "2010-04-30": "25.62%", "2010-01-31": "17.75%", "2009-10-31": "17.05%", "2009-07-31": "14.07%", "2009-04-30": "16.71%", "2009-01-31": "22.48%", "2008-10-31": "17.41%", "2008-07-31": "19.70%", "2008-04-30": "20.27%", "2008-01-31": "21.16%", "2007-10-31": "28.11%", "2007-07-31": "28.57%", "2007-04-30": "28.58%", "2007-01-31": "30.27%", "2006-10-31": "30.74%", "2006-07-31": "30.30%", "2006-04-30": "27.99%", "2006-01-31": "22.18%", "2005-10-31": "21.37%"}, "net profit margin": {"2020-10-31": "12.69%", "2020-07-31": "15.80%", "2020-04-30": "16.56%", "2020-01-31": "17.11%", "2019-10-31": "15.11%", "2019-07-31": "14.41%", "2019-04-30": "15.16%", "2019-01-31": "16.10%", "2018-10-31": "7.44%", "2018-07-31": "10.56%", "2018-04-30": "10.36%", "2018-01-31": "9.44%", "2017-10-31": "16.93%", "2017-07-31": "13.75%", "2017-04-30": "13.56%", "2017-01-31": "13.51%", "2016-10-31": "14.62%", "2016-07-31": "12.70%", "2016-04-30": "12.27%", "2016-01-31": "8.52%", "2015-10-31": "8.92%", "2015-07-31": "11.28%", "2015-04-30": "13.20%", "2015-01-31": "17.83%", "2014-10-31": "16.75%", "2014-07-31": "17.35%", "2014-04-30": "18.02%", "2014-01-31": "21.22%", "2013-10-31": "22.74%", "2013-07-31": "21.34%", "2013-04-30": "20.90%", "2013-01-31": "21.23%", "2012-10-31": "21.05%", "2012-07-31": "22.53%", "2012-04-30": "22.35%", "2012-01-31": "21.45%", "2011-10-31": "21.47%", "2011-07-31": "19.69%", "2011-04-30": "19.96%", "2011-01-31": "21.40%", "2010-10-31": "20.80%", "2010-07-31": "22.87%", "2010-04-30": "20.13%", "2010-01-31": "14.54%", "2009-10-31": "14.00%", "2009-07-31": "12.09%", "2009-04-30": "14.18%", "2009-01-31": "18.37%", "2008-10-31": "14.22%", "2008-07-31": "15.51%", "2008-04-30": "15.82%", "2008-01-31": "17.24%", "2007-10-31": "22.76%", "2007-07-31": "22.97%", "2007-04-30": "22.78%", "2007-01-31": "22.58%", "2006-10-31": "22.77%", "2006-07-31": "24.57%", "2006-04-30": "22.56%", "2006-01-31": "18.20%", "2005-10-31": "17.44%"}, "pe ratio": {"current": "32.35", "2021-02-05": "45.19", "2020-10-31": "38.19", "2020-07-31": "29.19", "2020-04-30": "27.03", "2020-01-31": "28.63", "2019-10-31": "30.61", "2019-07-31": "30.16", "2019-04-30": "24.99", "2019-01-31": "23.37", "2018-10-31": "51.81", "2018-07-31": "36.99", "2018-04-30": "33.38", "2018-01-31": "39.83", "2017-10-31": "20.77", "2017-07-31": "26.46", "2017-04-30": "26.77", "2017-01-31": "24.88", "2016-10-31": "25.09", "2016-07-31": "31.24", "2016-04-30": "29.10", "2016-01-31": "40.51", "2015-10-31": "34.93", "2015-07-31": "29.57", "2015-04-30": "24.81", "2015-01-31": "20.36", "2014-10-31": "20.89", "2014-07-31": "18.45", "2014-04-30": "17.15", "2014-01-31": "14.04", "2013-10-31": "13.34", "2013-07-31": "13.73", "2013-04-30": "11.88", "2013-01-31": "11.83", "2012-10-31": "10.78", "2012-07-31": "9.60", "2012-04-30": "9.40", "2012-01-31": "10.09", "2011-10-31": "9.09", "2011-07-31": "10.34", "2011-04-30": "11.94", "2011-01-31": "10.39", "2010-10-31": "9.85", "2010-07-31": "9.42", "2010-04-30": "12.49", "2010-01-31": "15.84", "2009-10-31": "13.77", "2009-07-31": "15.65", "2009-04-30": "12.26", "2009-01-31": "10.24", "2008-10-31": "15.88", "2008-07-31": "20.01", "2008-04-30": "19.03", "2008-01-31": "18.31", "2007-10-31": "14.58", "2007-07-31": "15.48", "2007-04-30": "16.66", "2007-01-31": "17.37", "2006-10-31": "16.20"}, "price sales": {"2021-02-05": "5.74", "2020-10-31": "4.85", "2020-07-31": "4.62", "2020-04-30": "4.49", "2020-01-31": "4.91", "2019-10-31": "4.64", "2019-07-31": "4.36", "2019-04-30": "3.80", "2019-01-31": "3.77", "2018-10-31": "3.83", "2018-07-31": "3.89", "2018-04-30": "3.44", "2018-01-31": "3.73", "2017-10-31": "3.53", "2017-07-31": "3.64", "2017-04-30": "3.63", "2017-01-31": "3.36", "2016-10-31": "3.67", "2016-07-31": "3.97", "2016-04-30": "3.57", "2016-01-31": "3.21", "2015-10-31": "3.19", "2015-07-31": "3.45", "2015-04-30": "3.40", "2015-01-31": "3.63", "2014-10-31": "3.50", "2014-07-31": "3.20", "2014-04-30": "3.08", "2014-01-31": "2.97", "2013-10-31": "3.04", "2013-07-31": "2.94", "2013-04-30": "2.49", "2013-01-31": "2.52", "2012-10-31": "2.27", "2012-07-31": "2.16", "2012-04-30": "2.11", "2012-01-31": "2.17", "2011-10-31": "1.96", "2011-07-31": "2.04", "2011-04-30": "2.38", "2011-01-31": "2.22", "2010-10-31": "2.04", "2010-07-31": "2.15", "2010-04-30": "2.51", "2010-01-31": "2.46", "2009-10-31": "2.09", "2009-07-31": "2.11", "2009-04-30": "1.93", "2009-01-31": "2.01", "2008-10-31": "2.43", "2008-07-31": "3.28", "2008-04-30": "3.16", "2008-01-31": "3.16", "2007-10-31": "3.32", "2007-07-31": "3.57", "2007-04-30": "3.80", "2007-01-31": "3.94", "2006-10-31": "3.71"}, "price book": {"current": "3.16", "2021-02-05": "3.17", "2020-10-31": "2.68", "2020-07-31": "2.54", "2020-04-30": "2.53", "2020-01-31": "2.91", "2019-10-31": "2.80", "2019-07-31": "2.62", "2019-04-30": "2.28", "2019-01-31": "2.27", "2018-10-31": "2.31", "2018-07-31": "2.29", "2018-04-30": "2.01", "2018-01-31": "2.18", "2017-10-31": "1.99", "2017-07-31": "2.10", "2017-04-30": "2.11", "2017-01-31": "1.95", "2016-10-31": "2.06", "2016-07-31": "2.18", "2016-04-30": "1.94", "2016-01-31": "1.90", "2015-10-31": "1.79", "2015-07-31": "1.88", "2015-04-30": "1.78", "2015-01-31": "3.15", "2014-10-31": "3.06", "2014-07-31": "2.77", "2014-04-30": "2.65", "2014-01-31": "2.55", "2013-10-31": "2.66", "2013-07-31": "2.57", "2013-04-30": "2.18", "2013-01-31": "2.27", "2012-10-31": "2.08", "2012-07-31": "1.97", "2012-04-30": "1.94", "2012-01-31": "1.95", "2011-10-31": "1.82", "2011-07-31": "1.92", "2011-04-30": "2.29", "2011-01-31": "2.17", "2010-10-31": "2.06", "2010-07-31": "2.19", "2010-04-30": "2.61", "2010-01-31": "2.62", "2009-10-31": "2.29", "2009-07-31": "2.35", "2009-04-30": "2.12", "2009-01-31": "2.23", "2008-10-31": "2.76", "2008-07-31": "3.74", "2008-04-30": "3.64", "2008-01-31": "3.64", "2007-10-31": "3.56", "2007-07-31": "3.92", "2007-04-30": "4.18", "2007-01-31": "4.24", "2006-10-31": "4.12", "2006-07-31": "4.42", "2006-04-30": "4.64", "2006-01-31": "4.36"}, "price fcf": {"2021-02-05": "", "2020-10-31": "$3.52", "2020-07-31": "$3.52", "2020-04-30": "$4.46", "2020-01-31": "$4.91", "2019-10-31": "$4.65", "2019-07-31": "$4.19", "2019-04-30": "$4.33", "2019-01-31": "$3.57", "2018-10-31": "$3.56", "2018-07-31": "$3.34", "2018-04-30": "$2.64", "2018-01-31": "$3.14", "2017-10-31": "$3.12", "2017-07-31": "$3.51", "2017-04-30": "$4.04", "2017-01-31": "$3.70", "2016-10-31": "$3.51", "2016-07-31": "$3.38", "2016-04-30": "$2.93", "2016-01-31": "$3.47", "2015-10-31": "$4.04", "2015-07-31": "$4.12", "2015-04-30": "$3.91", "2015-01-31": "$3.88", "2014-10-31": "$3.72", "2014-07-31": "$3.82", "2014-04-30": "$4.50", "2014-01-31": "$4.40", "2013-10-31": "$4.21", "2013-07-31": "$4.07", "2013-04-30": "$4.37", "2013-01-31": "$4.15", "2012-10-31": "$3.82", "2012-07-31": "$4.02", "2012-04-30": "$3.76", "2012-01-31": "$3.50", "2011-10-31": "$3.56", "2011-07-31": "$3.28", "2011-04-30": "$3.00", "2011-01-31": "$3.34", "2010-10-31": "$3.52", "2010-07-31": "$3.42", "2010-04-30": "$3.21", "2010-01-31": "$3.13", "2009-10-31": "$2.82", "2009-07-31": "$2.83", "2009-04-30": "$3.00", "2009-01-31": "$2.54", "2008-10-31": "$2.47", "2008-07-31": "$2.52", "2008-04-30": "$2.60", "2008-01-31": "$2.82", "2007-10-31": "$2.49", "2007-07-31": "$2.35", "2007-04-30": "$2.07", "2007-01-31": "$1.94", "2006-10-31": "$2.40"}, "net worth": {"value": "$159.37B"}, "current ratio": {"current": "2.16", "2020-10-31": "2.16", "2020-07-31": "1.87", "2020-04-30": "2.13", "2020-01-31": "2.75", "2019-10-31": "2.77", "2019-07-31": "2.67", "2019-04-30": "2.59", "2019-01-31": "2.36", "2018-10-31": "2.56", "2018-07-31": "2.47", "2018-04-30": "2.28", "2018-01-31": "2.43", "2017-10-31": "2.40", "2017-07-31": "1.64", "2017-04-30": "1.74", "2017-01-31": "1.77", "2016-10-31": "2.35", "2016-07-31": "2.98", "2016-04-30": "3.29", "2016-01-31": "3.39", "2015-10-31": "3.54", "2015-07-31": "3.81", "2015-04-30": "3.36", "2015-01-31": "6.80", "2014-10-31": "3.11", "2014-07-31": "3.82", "2014-04-30": "3.82", "2014-01-31": "3.62", "2013-10-31": "3.55", "2013-07-31": "4.22", "2013-04-30": "4.52", "2013-01-31": "1.32", "2012-10-31": "1.43", "2012-07-31": "1.58", "2012-04-30": "2.76", "2012-01-31": "2.04", "2011-10-31": "1.90", "2011-07-31": "1.93", "2011-04-30": "1.94", "2011-01-31": "1.56", "2010-10-31": "1.68", "2010-07-31": "1.78", "2010-04-30": "1.92", "2010-01-31": "2.10", "2009-10-31": "2.23", "2009-07-31": "2.33", "2009-04-30": "2.37", "2009-01-31": "2.28", "2008-10-31": "2.23", "2008-07-31": "1.99", "2008-04-30": "2.07", "2008-01-31": "1.89", "2007-10-31": "3.98", "2007-07-31": "3.76", "2007-04-30": "3.09", "2007-01-31": "3.04", "2006-10-31": "3.13", "2006-07-31": "2.35", "2006-04-30": "2.36", "2006-01-31": "1.83", "2005-10-31": "1.66", "2005-07-31": "1.98", "2005-04-30": "2.20", "2005-01-31": "2.53"}, "quick ratio": {"2020-10-31": "1.79", "2020-07-31": "1.53", "2020-04-30": "1.72", "2020-01-31": "2.28", "2019-10-31": "2.28", "2019-07-31": "2.20", "2019-04-30": "2.15", "2019-01-31": "1.92", "2018-10-31": "2.11", "2018-07-31": "2.06", "2018-04-30": "1.92", "2018-01-31": "2.09", "2017-10-31": "2.05", "2017-07-31": "1.40", "2017-04-30": "1.51", "2017-01-31": "1.48", "2016-10-31": "1.96", "2016-07-31": "2.52", "2016-04-30": "2.81", "2016-01-31": "2.95", "2015-10-31": "3.10", "2015-07-31": "3.36", "2015-04-30": "2.99", "2015-01-31": "6.47", "2014-10-31": "2.84", "2014-07-31": "3.49", "2014-04-30": "3.51", "2014-01-31": "3.30", "2013-10-31": "3.21", "2013-07-31": "3.81", "2013-04-30": "4.09", "2013-01-31": "1.05", "2012-10-31": "1.14", "2012-07-31": "1.26", "2012-04-30": "2.45", "2012-01-31": "1.64", "2011-10-31": "1.52", "2011-07-31": "1.56", "2011-04-30": "1.59", "2011-01-31": "1.30", "2010-10-31": "1.40", "2010-07-31": "1.50", "2010-04-30": "1.63", "2010-01-31": "1.72", "2009-10-31": "1.78", "2009-07-31": "1.85", "2009-04-30": "1.92", "2009-01-31": "1.82", "2008-10-31": "1.77", "2008-07-31": "1.62", "2008-04-30": "1.71", "2008-01-31": "1.52", "2007-10-31": "3.51", "2007-07-31": "3.15", "2007-04-30": "2.62", "2007-01-31": "2.55", "2006-10-31": "2.64", "2006-07-31": "2.06", "2006-04-30": "2.09", "2006-01-31": "1.59", "2005-10-31": "1.43", "2005-07-31": "1.69", "2005-04-30": "1.91", "2005-01-31": "2.15"}, "debt equity ratio": {"current": "0.52", "2020-10-31": "0.91", "2020-07-31": "0.86", "2020-04-30": "0.78", "2020-01-31": "0.79", "2019-10-31": "0.80", "2019-07-31": "0.81", "2019-04-30": "0.79", "2019-01-31": "0.78", "2018-10-31": "0.77", "2018-07-31": "0.78", "2018-04-30": "0.80", "2018-01-31": "0.90", "2017-10-31": "0.83", "2017-07-31": "0.97", "2017-04-30": "0.98", "2017-01-31": "0.97", "2016-10-31": "0.96", "2016-07-31": "0.94", "2016-04-30": "0.91", "2016-01-31": "1.02", "2015-10-31": "1.01", "2015-07-31": "0.98", "2015-04-30": "1.00", "2015-01-31": "1.74", "2014-10-31": "1.00", "2014-07-31": "0.95", "2014-04-30": "0.95", "2014-01-31": "0.92", "2013-10-31": "0.95", "2013-07-31": "0.89", "2013-04-30": "0.87", "2013-01-31": "0.96", "2012-10-31": "0.98", "2012-07-31": "0.93", "2012-04-30": "0.92", "2012-01-31": "0.86", "2011-10-31": "0.90", "2011-07-31": "0.90", "2011-04-30": "0.92", "2011-01-31": "0.99", "2010-10-31": "0.98", "2010-07-31": "0.96", "2010-04-30": "0.92", "2010-01-31": "0.76", "2009-10-31": "0.79", "2009-07-31": "0.79", "2009-04-30": "0.79", "2009-01-31": "0.74", "2008-10-31": "0.75", "2008-07-31": "0.86", "2008-04-30": "0.92", "2008-01-31": "0.95", "2007-10-31": "0.79", "2007-07-31": "0.76", "2007-04-30": "0.78", "2007-01-31": "0.78", "2006-10-31": "0.84", "2006-07-31": "1.04", "2006-04-30": "1.10", "2006-01-31": "0.56", "2005-10-31": "0.60", "2005-07-31": "0.60", "2005-04-30": "0.59", "2005-01-31": "0.53"}, "return on equity": {"2020-10-31": "6.95%", "2020-07-31": "8.65%", "2020-04-30": "9.39%", "2020-01-31": "10.45%", "2019-10-31": "9.27%", "2019-07-31": "8.82%", "2019-04-30": "9.25%", "2019-01-31": "9.80%", "2018-10-31": "4.49%", "2018-07-31": "6.23%", "2018-04-30": "6.10%", "2018-01-31": "5.53%", "2017-10-31": "9.93%", "2017-07-31": "8.19%", "2017-04-30": "8.02%", "2017-01-31": "7.83%", "2016-10-31": "8.32%", "2016-07-31": "7.08%", "2016-04-30": "6.81%", "2016-01-31": "4.66%", "2015-10-31": "5.19%", "2015-07-31": "7.21%", "2015-04-30": "9.55%", "2015-01-31": "15.96%", "2014-10-31": "15.02%", "2014-07-31": "15.54%", "2014-04-30": "16.12%", "2014-01-31": "19.05%", "2013-10-31": "20.67%", "2013-07-31": "19.70%", "2013-04-30": "19.55%", "2013-01-31": "20.11%", "2012-10-31": "20.00%", "2012-07-31": "21.44%", "2012-04-30": "21.48%", "2012-01-31": "20.56%", "2011-10-31": "21.07%", "2011-07-31": "19.76%", "2011-04-30": "20.38%", "2011-01-31": "22.05%", "2010-10-31": "21.80%", "2010-07-31": "24.38%", "2010-04-30": "22.25%", "2010-01-31": "16.56%", "2009-10-31": "15.95%", "2009-07-31": "13.78%", "2009-04-30": "16.20%", "2009-01-31": "21.74%", "2008-10-31": "17.46%", "2008-07-31": "18.92%", "2008-04-30": "18.95%", "2008-01-31": "20.02%", "2007-10-31": "25.69%", "2007-07-31": "26.54%", "2007-04-30": "26.60%", "2007-01-31": "26.93%", "2006-10-31": "26.05%", "2006-07-31": "26.81%", "2006-04-30": "23.78%", "2006-01-31": "18.25%", "2005-10-31": "17.71%"}, "return on assets": {"2020-10-31": "3.79%", "2020-07-31": "4.79%", "2020-04-30": "5.24%", "2020-01-31": "5.83%", "2019-10-31": "5.18%", "2019-07-31": "4.94%", "2019-04-30": "5.20%", "2019-01-31": "5.50%", "2018-10-31": "2.48%", "2018-07-31": "3.41%", "2018-04-30": "3.25%", "2018-01-31": "2.88%", "2017-10-31": "5.12%", "2017-07-31": "4.16%", "2017-04-30": "4.08%", "2017-01-31": "4.03%", "2016-10-31": "4.25%", "2016-07-31": "3.59%", "2016-04-30": "3.44%", "2016-01-31": "2.32%", "2015-10-31": "2.49%", "2015-07-31": "3.44%", "2015-04-30": "4.49%", "2015-01-31": "7.37%", "2014-10-31": "7.68%", "2014-07-31": "8.00%", "2014-04-30": "8.36%", "2014-01-31": "9.99%", "2013-10-31": "10.79%", "2013-07-31": "10.25%", "2013-04-30": "10.12%", "2013-01-31": "10.34%", "2012-10-31": "10.41%", "2012-07-31": "11.28%", "2012-04-30": "11.34%", "2012-01-31": "10.85%", "2011-10-31": "10.93%", "2011-07-31": "10.15%", "2011-04-30": "10.39%", "2011-01-31": "11.23%", "2010-10-31": "11.44%", "2010-07-31": "13.12%", "2010-04-30": "12.26%", "2010-01-31": "9.30%", "2009-10-31": "8.97%", "2009-07-31": "7.79%", "2009-04-30": "9.09%", "2009-01-31": "11.98%", "2008-10-31": "9.36%", "2008-07-31": "10.06%", "2008-04-30": "10.20%", "2008-01-31": "10.99%", "2007-10-31": "14.44%", "2007-07-31": "14.83%", "2007-04-30": "14.34%", "2007-01-31": "13.94%", "2006-10-31": "13.95%", "2006-07-31": "14.88%", "2006-04-30": "14.02%", "2006-01-31": "11.50%", "2005-10-31": "11.21%"}, "return on investments": {"2020-10-31": "4.76%", "2020-07-31": "5.33%", "2020-04-30": "6.38%", "2020-01-31": "8.50%", "2019-10-31": "8.46%", "2019-07-31": "8.78%", "2019-04-30": "8.48%", "2019-01-31": "8.46%", "2018-10-31": "8.24%", "2018-07-31": "8.59%", "2018-04-30": "8.71%", "2018-01-31": "8.34%", "2017-10-31": "7.98%", "2017-07-31": "7.28%", "2017-04-30": "6.90%", "2017-01-31": "6.64%", "2016-10-31": "6.71%", "2016-07-31": "6.47%", "2016-04-30": "6.32%", "2016-01-31": "4.59%", "2015-10-31": "5.05%", "2015-07-31": "6.03%", "2015-04-30": "7.82%", "2015-01-31": "11.57%", "2014-10-31": "12.47%", "2014-07-31": "12.60%", "2014-04-30": "13.23%", "2014-01-31": "16.50%", "2013-10-31": "17.77%", "2013-07-31": "18.34%", "2013-04-30": "18.51%", "2013-01-31": "19.35%", "2012-10-31": "19.03%", "2012-07-31": "19.09%", "2012-04-30": "19.11%", "2012-01-31": "18.24%", "2011-10-31": "18.78%", "2011-07-31": "18.82%", "2011-04-30": "19.06%", "2011-01-31": "19.94%", "2010-10-31": "21.00%", "2010-07-31": "22.15%", "2010-04-30": "23.19%", "2010-01-31": "21.81%", "2009-10-31": "20.82%", "2009-07-31": "20.56%", "2009-04-30": "20.74%", "2009-01-31": "24.34%", "2008-10-31": "23.35%", "2008-07-31": "22.58%", "2008-04-30": "21.62%", "2008-01-31": "20.48%", "2007-10-31": "22.01%", "2007-07-31": "22.66%", "2007-04-30": "23.07%", "2007-01-31": "24.12%", "2006-10-31": "25.34%", "2006-07-31": "26.82%", "2006-04-30": "25.55%", "2006-01-31": "26.29%", "2005-10-31": "26.41%"}, "return on tangible equity": {"2020-10-31": "-41.77%", "2020-07-31": "-52.56%", "2020-04-30": "-55.60%", "2020-01-31": "-57.88%", "2019-10-31": "-46.65%", "2019-07-31": "-43.40%", "2019-04-30": "-45.39%", "2019-01-31": "-48.05%", "2018-10-31": "-21.70%", "2018-07-31": "-30.05%", "2018-04-30": "-28.47%", "2018-01-31": "-25.08%", "2017-10-31": "-39.29%", "2017-07-31": "-27.85%", "2017-04-30": "-24.96%", "2017-01-31": "-22.91%", "2016-10-31": "-24.87%", "2016-07-31": "-21.84%", "2016-04-30": "-21.61%", "2016-01-31": "-15.08%", "2015-10-31": "-22.71%", "2015-07-31": "-58.03%", "2015-04-30": "291.47%", "2015-01-31": "48.74%", "2014-10-31": "46.28%", "2014-07-31": "48.04%", "2014-04-30": "50.68%", "2014-01-31": "61.57%", "2013-10-31": "70.45%", "2013-07-31": "68.71%", "2013-04-30": "69.69%", "2013-01-31": "74.36%", "2012-10-31": "74.00%", "2012-07-31": "82.45%", "2012-04-30": "84.62%", "2012-01-31": "83.57%", "2011-10-31": "91.56%", "2011-07-31": "85.00%", "2011-04-30": "87.71%", "2011-01-31": "93.07%", "2010-10-31": "85.98%", "2010-07-31": "98.22%", "2010-04-30": "95.34%", "2010-01-31": "75.92%", "2009-10-31": "75.69%", "2009-07-31": "64.78%", "2009-04-30": "74.47%", "2009-01-31": "103.07%", "2008-10-31": "97.53%", "2008-07-31": "77.26%", "2008-04-30": "60.45%", "2008-01-31": "50.86%", "2007-10-31": "53.45%", "2007-07-31": "57.61%", "2007-04-30": "60.37%", "2007-01-31": "65.00%", "2006-10-31": "61.50%", "2006-07-31": "61.57%", "2006-04-30": "53.68%", "2006-01-31": "38.73%", "2005-10-31": "37.85%"}, "dividend yield history": {"last payout": "$2.32", "last yield": "1.96%"}}