{"ticker": "MCY", "price": {"title": "Mercury General Historical Annual Stock Price Data", "value": 54.15, "historical": {"2021": {"Average Stock Price": "53.0421", "Year Open": "51.1500", "Year High": "54.6400", "Year Low": "51.1500", "Year Close": "54.1500", "Annual % Change": "3.72%"}, "2020": {"Average Stock Price": "43.3555", "Year Open": "48.8100", "Year High": "53.7000", "Year Low": "34.1500", "Year Close": "52.2100", "Annual % Change": "7.14%"}, "2019": {"Average Stock Price": "53.8210", "Year Open": "50.7100", "Year High": "64.8100", "Year Low": "47.2900", "Year Close": "48.7300", "Annual % Change": "-5.76%"}, "2018": {"Average Stock Price": "49.7471", "Year Open": "52.0800", "Year High": "61.3700", "Year Low": "42.3100", "Year Close": "51.7100", "Annual % Change": "-3.24%"}, "2017": {"Average Stock Price": "57.0058", "Year Open": "59.4800", "Year High": "64.1500", "Year Low": "51.8700", "Year Close": "53.4400", "Annual % Change": "-11.24%"}, "2016": {"Average Stock Price": "53.3499", "Year Open": "45.9000", "Year High": "60.8700", "Year Low": "43.0600", "Year Close": "60.2100", "Annual % Change": "29.29%"}, "2015": {"Average Stock Price": "54.1541", "Year Open": "56.0900", "Year High": "60.2000", "Year Low": "45.6400", "Year Close": "46.5700", "Annual % Change": "-17.82%"}, "2014": {"Average Stock Price": "48.9319", "Year Open": "49.0800", "Year High": "58.8600", "Year Low": "42.9700", "Year Close": "56.6700", "Annual % Change": "14.00%"}, "2013": {"Average Stock Price": "43.8331", "Year Open": "40.5100", "Year High": "50.7400", "Year Low": "36.2200", "Year Close": "49.7100", "Annual % Change": "25.25%"}, "2012": {"Average Stock Price": "41.8140", "Year Open": "45.6300", "Year High": "45.6300", "Year Low": "36.1400", "Year Close": "39.6900", "Annual % Change": "-13.00%"}, "2011": {"Average Stock Price": "40.3469", "Year Open": "43.2900", "Year High": "46.4400", "Year Low": "33.8600", "Year Close": "45.6200", "Annual % Change": "6.07%"}, "2010": {"Average Stock Price": "42.0394", "Year Open": "39.8600", "Year High": "46.2600", "Year Low": "37.4900", "Year Close": "43.0100", "Annual % Change": "9.55%"}, "2009": {"Average Stock Price": "34.9354", "Year Open": "45.6000", "Year High": "45.6000", "Year Low": "22.6800", "Year Close": "39.2600", "Annual % Change": "-14.63%"}, "2008": {"Average Stock Price": "47.8198", "Year Open": "49.5100", "Year High": "61.9000", "Year Low": "36.9300", "Year Close": "45.9900", "Annual % Change": "-7.67%"}, "2007": {"Average Stock Price": "53.3134", "Year Open": "53.6900", "Year High": "57.5700", "Year Low": "49.1700", "Year Close": "49.8100", "Annual % Change": "-5.54%"}, "2006": {"Average Stock Price": "54.2849", "Year Open": "58.6300", "Year High": "59.5200", "Year Low": "49.0200", "Year Close": "52.7300", "Annual % Change": "-9.43%"}, "2005": {"Average Stock Price": "56.5337", "Year Open": "58.8300", "Year High": "60.4500", "Year Low": "51.6200", "Year Close": "58.2200", "Annual % Change": "-2.84%"}, "2004": {"Average Stock Price": "51.1337", "Year Open": "46.5500", "Year High": "59.9800", "Year Low": "46.4400", "Year Close": "59.9200", "Annual % Change": "28.72%"}, "2003": {"Average Stock Price": "43.0233", "Year Open": "37.7200", "Year High": "48.5800", "Year Low": "34.3000", "Year Close": "46.5500", "Annual % Change": "23.87%"}, "2002": {"Average Stock Price": "43.8327", "Year Open": "42.5400", "Year High": "50.6300", "Year Low": "37.3700", "Year Close": "37.5800", "Annual % Change": "-13.93%"}, "2001": {"Average Stock Price": "37.4592", "Year Open": "42.7500", "Year High": "43.8500", "Year Low": "32.2100", "Year Close": "43.6600", "Annual % Change": "-0.50%"}, "2000": {"Average Stock Price": "27.9227", "Year Open": "22.0000", "Year High": "43.8800", "Year Low": "21.2500", "Year Close": "43.8800", "Annual % Change": "97.21%"}, "1999": {"Average Stock Price": "32.4292", "Year Open": "45.5000", "Year High": "45.5000", "Year Low": "21.0600", "Year Close": "22.2500", "Annual % Change": "-49.21%"}, "1998": {"Average Stock Price": "51.5720", "Year Open": "55.0000", "Year High": "69.4400", "Year Low": "33.2500", "Year Close": "43.8100", "Annual % Change": "-20.71%"}, "1997": {"Average Stock Price": "38.2142", "Year Open": "26.1900", "Year High": "55.2500", "Year Low": "26.1900", "Year Close": "55.2500", "Annual % Change": "110.48%"}, "1996": {"Average Stock Price": "23.4374", "Year Open": "24.2500", "Year High": "29.0000", "Year Low": "19.8750", "Year Close": "26.2500", "Annual % Change": "9.95%"}, "1995": {"Average Stock Price": "17.8306", "Year Open": "14.7500", "Year High": "24.6250", "Year Low": "14.3750", "Year Close": "23.8750", "Annual % Change": "66.09%"}, "1994": {"Average Stock Price": "14.2732", "Year Open": "15.1250", "Year High": "15.7500", "Year Low": "12.8750", "Year Close": "14.3750", "Annual % Change": "-4.17%"}, "1993": {"Average Stock Price": "16.4313", "Year Open": "13.8750", "Year High": "19.3750", "Year Low": "13.5000", "Year Close": "15.0000", "Annual % Change": "8.11%"}, "1992": {"Average Stock Price": "9.9782", "Year Open": "7.5625", "Year High": "14.1250", "Year Low": "6.7500", "Year Close": "13.8750", "Annual % Change": "81.97%"}, "1991": {"Average Stock Price": "7.2896", "Year Open": "5.4050", "Year High": "9.2500", "Year Low": "5.2800", "Year Close": "7.6250", "Annual % Change": "40.23%"}}}, "market cap": {"value": "$3B"}, "income statement": {"Revenue": {"2019-12-31": "3972.51800", "2018-12-31": "3380.00400", "2017-12-31": "3415.96200", "2016-12-31": "3227.68300", "2015-12-31": "3009.30000", "2014-12-31": "3011.77300", "2013-12-31": "2821.04100", "2012-12-31": "2783.37000", "2011-12-31": "2777.28500", "2010-12-31": "2775.88500", "2009-12-31": "3121.49300", "2008-12-31": "2414.19600", "2007-12-31": "3178.75000", "2006-12-31": "3168.74300", "2005-12-31": "2991.91300"}, "Cost Of Goods Sold": {"2019-12-31": "3308.10900", "2018-12-31": "3148.95300", "2017-12-31": "3000.23400", "2016-12-31": "2917.68300", "2015-12-31": "2684.72600", "2014-12-31": "2512.33000", "2013-12-31": "2468.20700", "2012-12-31": "2439.23600", "2011-12-31": "2310.92600", "2010-12-31": "2331.33100", "2009-12-31": "2325.54000", "2008-12-31": "2685.26300", "2007-12-31": "2696.31500", "2006-12-31": "2670.59100", "2005-12-31": "2481.85100"}, "Gross Profit": {"2019-12-31": "664.40920", "2018-12-31": "231.05080", "2017-12-31": "415.72800", "2016-12-31": "310.00020", "2015-12-31": "324.57400", "2014-12-31": "499.44290", "2013-12-31": "352.83400", "2012-12-31": "344.13400", "2011-12-31": "466.35890", "2010-12-31": "444.55400", "2009-12-31": "795.95290", "2008-12-31": "-271.06690", "2007-12-31": "482.43510", "2006-12-31": "498.15190", "2005-12-31": "510.06200"}, "Research And Development Expenses": {"2019-12-31": "", "2018-12-31": "", "2017-12-31": "", "2016-12-31": "", "2015-12-31": "", "2014-12-31": "", "2013-12-31": "", "2012-12-31": "", "2011-12-31": "", "2010-12-31": "", "2009-12-31": "", "2008-12-31": "", "2007-12-31": "", "2006-12-31": "", "2005-12-31": ""}, "SG&A Expenses": {"2019-12-31": "", "2018-12-31": "", "2017-12-31": "", "2016-12-31": "", "2015-12-31": "", "2014-12-31": "", "2013-12-31": "", "2012-12-31": "", "2011-12-31": "", "2010-12-31": "", "2009-12-31": "", "2008-12-31": "", "2007-12-31": "", "2006-12-31": "", "2005-12-31": ""}, "Other Operating Income Or Expenses": {"2019-12-31": "-269.30500", "2018-12-31": "-244.63000", "2017-12-31": "-233.47500", "2016-12-31": "-235.31400", "2015-12-31": "-250.83900", "2014-12-31": "-249.38100", "2013-12-31": "-219.47800", "2012-12-31": "-207.28100", "2011-12-31": "-215.71100", "2010-12-31": "-255.35800", "2009-12-31": "-217.68300", "2008-12-31": "-174.82800", "2007-12-31": "-158.81000", "2006-12-31": "-176.56300", "2005-12-31": "-150.20100"}, "Operating Expenses": {"2019-12-31": "3577.41400", "2018-12-31": "3393.58300", "2017-12-31": "3233.70900", "2016-12-31": "3152.99700", "2015-12-31": "2935.56500", "2014-12-31": "2761.71100", "2013-12-31": "2687.68500", "2012-12-31": "2646.51700", "2011-12-31": "2526.63700", "2010-12-31": "2586.68900", "2009-12-31": "2543.22300", "2008-12-31": "2860.09100", "2007-12-31": "2855.12500", "2006-12-31": "2847.15400", "2005-12-31": "2632.05200"}, "Operating Income": {"2019-12-31": "395.10420", "2018-12-31": "-13.57910", "2017-12-31": "182.25290", "2016-12-31": "74.68630", "2015-12-31": "73.73490", "2014-12-31": "250.06180", "2013-12-31": "133.35600", "2012-12-31": "136.85300", "2011-12-31": "250.64790", "2010-12-31": "189.19600", "2009-12-31": "578.26980", "2008-12-31": "-445.89480", "2007-12-31": "323.62500", "2006-12-31": "321.58890", "2005-12-31": "359.86110"}, "Total Non-Operating Income/Expense": {"2019-12-31": "-17.03500", "2018-12-31": "-17.03600", "2017-12-31": "-15.16800", "2016-12-31": "-3.96200", "2015-12-31": "-3.16800", "2014-12-31": "-2.63700", "2013-12-31": "-1.26000", "2012-12-31": "-1.54300", "2011-12-31": "-5.54900", "2010-12-31": "-6.80600", "2009-12-31": "-6.72900", "2008-12-31": "-4.96600", "2007-12-31": "-8.58900", "2006-12-31": "-9.18000", "2005-12-31": "-7.22200"}, "Pre-Tax Income": {"2019-12-31": "378.06900", "2018-12-31": "-30.61500", "2017-12-31": "167.08500", "2016-12-31": "70.72400", "2015-12-31": "70.56700", "2014-12-31": "247.42500", "2013-12-31": "132.09600", "2012-12-31": "135.31000", "2011-12-31": "245.09900", "2010-12-31": "182.39000", "2009-12-31": "571.54100", "2008-12-31": "-450.86100", "2007-12-31": "315.03600", "2006-12-31": "312.40900", "2005-12-31": "352.63900"}, "Income Taxes": {"2019-12-31": "57.98200", "2018-12-31": "-24.88700", "2017-12-31": "22.20800", "2016-12-31": "-2.32000", "2015-12-31": "-3.91200", "2014-12-31": "69.47600", "2013-12-31": "19.95300", "2012-12-31": "18.39900", "2011-12-31": "53.93500", "2010-12-31": "30.19200", "2009-12-31": "168.46900", "2008-12-31": "-208.74200", "2007-12-31": "77.20400", "2006-12-31": "97.59200", "2005-12-31": "99.38000"}, "Income After Taxes": {"2019-12-31": "320.08700", "2018-12-31": "-5.72800", "2017-12-31": "144.87700", "2016-12-31": "73.04400", "2015-12-31": "74.47900", "2014-12-31": "177.94900", "2013-12-31": "112.14300", "2012-12-31": "116.91100", "2011-12-31": "191.16400", "2010-12-31": "152.19800", "2009-12-31": "403.07200", "2008-12-31": "-242.11900", "2007-12-31": "237.83200", "2006-12-31": "214.81700", "2005-12-31": "253.25900"}, "Other Income": {"2019-12-31": "", "2018-12-31": "", "2017-12-31": "", "2016-12-31": "", "2015-12-31": "", "2014-12-31": "", "2013-12-31": "", "2012-12-31": "", "2011-12-31": "", "2010-12-31": "", "2009-12-31": "", "2008-12-31": "", "2007-12-31": "", "2006-12-31": "", "2005-12-31": ""}, "Income From Continuous Operations": {"2019-12-31": "320.08700", "2018-12-31": "-5.72800", "2017-12-31": "144.87700", "2016-12-31": "73.04400", "2015-12-31": "74.47900", "2014-12-31": "177.94900", "2013-12-31": "112.14300", "2012-12-31": "116.91100", "2011-12-31": "191.16400", "2010-12-31": "152.19800", "2009-12-31": "403.07200", "2008-12-31": "-242.11900", "2007-12-31": "237.83200", "2006-12-31": "214.81700", "2005-12-31": "253.25900"}, "Income From Discontinued Operations": {"2019-12-31": "", "2018-12-31": "", "2017-12-31": "", "2016-12-31": "", "2015-12-31": "", "2014-12-31": "", "2013-12-31": "", "2012-12-31": "", "2011-12-31": "", "2010-12-31": "", "2009-12-31": "", "2008-12-31": "", "2007-12-31": "", "2006-12-31": "", "2005-12-31": ""}, "Net Income": {"2019-12-31": "320.08700", "2018-12-31": "-5.72800", "2017-12-31": "144.87700", "2016-12-31": "73.04400", "2015-12-31": "74.47900", "2014-12-31": "177.94900", "2013-12-31": "112.14300", "2012-12-31": "116.91100", "2011-12-31": "191.16400", "2010-12-31": "152.19800", "2009-12-31": "403.07200", "2008-12-31": "-242.11900", "2007-12-31": "237.83200", "2006-12-31": "214.81700", "2005-12-31": "253.25900"}, "EBITDA": {"2019-12-31": "459.83430", "2018-12-31": "45.21190", "2017-12-31": "237.59590", "2016-12-31": "127.94430", "2015-12-31": "121.57290", "2014-12-31": "297.03380", "2013-12-31": "176.47200", "2012-12-31": "180.58400", "2011-12-31": "295.92000", "2010-12-31": "230.99300", "2009-12-31": "620.61680", "2008-12-31": "-406.59480", "2007-12-31": "357.36300", "2006-12-31": "350.55190", "2005-12-31": "390.45610"}, "EBIT": {"2019-12-31": "395.10420", "2018-12-31": "-13.57910", "2017-12-31": "182.25290", "2016-12-31": "74.68630", "2015-12-31": "73.73490", "2014-12-31": "250.06180", "2013-12-31": "133.35600", "2012-12-31": "136.85300", "2011-12-31": "250.64790", "2010-12-31": "189.19600", "2009-12-31": "578.26980", "2008-12-31": "-445.89480", "2007-12-31": "323.62500", "2006-12-31": "321.58890", "2005-12-31": "359.86110"}, "Basic Shares Outstanding": {"2019-12-31": "55.35100", "2018-12-31": "55.33500", "2017-12-31": "55.31600", "2016-12-31": "55.24900", "2015-12-31": "55.15700", "2014-12-31": "55.00800", "2013-12-31": "54.94700", "2012-12-31": "54.89900", "2011-12-31": "54.82500", "2010-12-31": "54.79200", "2009-12-31": "54.77000", "2008-12-31": "54.74400", "2007-12-31": "54.70400", "2006-12-31": "54.65100", "2005-12-31": "54.56600"}, "Shares Outstanding": {"2019-12-31": "55.36000", "2018-12-31": "55.33500", "2017-12-31": "55.32700", "2016-12-31": "55.30200", "2015-12-31": "55.20900", "2014-12-31": "55.02000", "2013-12-31": "54.96400", "2012-12-31": "54.92200", "2011-12-31": "54.84500", "2010-12-31": "54.82600", "2009-12-31": "55.09200", "2008-12-31": "54.91700", "2007-12-31": "54.82900", "2006-12-31": "54.78600", "2005-12-31": "54.71700"}, "Basic EPS": {"2019-12-31": "5.78000", "2018-12-31": "-0.10000", "2017-12-31": "2.62000", "2016-12-31": "1.32000", "2015-12-31": "1.35000", "2014-12-31": "3.23000", "2013-12-31": "2.04000", "2012-12-31": "2.13000", "2011-12-31": "3.49000", "2010-12-31": "2.78000", "2009-12-31": "7.36000", "2008-12-31": "-4.42000", "2007-12-31": "4.35000", "2006-12-31": "3.93000", "2005-12-31": "4.64000"}, "EPS - Earnings Per Share": {"2019-12-31": "5.78000", "2018-12-31": "-0.10000", "2017-12-31": "2.62000", "2016-12-31": "1.32000", "2015-12-31": "1.35000", "2014-12-31": "3.23000", "2013-12-31": "2.04000", "2012-12-31": "2.13000", "2011-12-31": "3.49000", "2010-12-31": "2.78000", "2009-12-31": "7.32000", "2008-12-31": "-4.42000", "2007-12-31": "4.34000", "2006-12-31": "3.92000", "2005-12-31": "4.63000"}}, "income statement, quarterly": {"Revenue": {"2020-09-30": "998.77400", "2020-06-30": "1005.84300", "2020-03-31": "708.31100", "2019-12-31": "987.99310", "2019-09-30": "987.29500", "2019-06-30": "979.48700", "2019-03-31": "1017.74300", "2018-12-31": "816.61790", "2018-09-30": "894.81100", "2018-06-30": "885.39100", "2018-03-31": "783.18400", "2017-12-31": "857.25400", "2017-09-30": "858.35700", "2017-06-30": "852.84700", "2017-03-31": "847.50400", "2016-12-31": "737.59810", "2016-09-30": "808.16200", "2016-06-30": "858.00300", "2016-03-31": "823.92000", "2015-12-31": "786.16800", "2015-09-30": "752.41300", "2015-06-30": "726.17100", "2015-03-31": "744.54800", "2014-12-31": "721.81090", "2014-09-30": "719.98700", "2014-06-30": "807.01900", "2014-03-31": "762.95600", "2013-12-31": "709.65400", "2013-09-30": "728.66700", "2013-06-30": "642.56700", "2013-03-31": "740.15300", "2012-12-31": "681.21200", "2012-09-30": "731.77800", "2012-06-30": "647.70500", "2012-03-31": "722.67500", "2011-12-31": "749.45390", "2011-09-30": "615.74100", "2011-06-30": "706.54700", "2011-03-31": "705.54300", "2010-12-31": "655.63910", "2010-09-30": "766.75000", "2010-06-30": "653.65900", "2010-03-31": "699.83700", "2009-12-31": "677.32180", "2009-09-30": "861.23400", "2009-06-30": "795.97900", "2009-03-31": "786.95800", "2008-12-31": "497.89610", "2008-09-30": "459.03100", "2008-06-30": "787.89700", "2008-03-31": "669.37200", "2007-12-31": "783.07600", "2007-09-30": "791.38700", "2007-06-30": "806.08500", "2007-03-31": "798.20200", "2006-12-31": "795.98400", "2006-09-30": "793.93200", "2006-06-30": "794.95300", "2006-03-31": "783.87400", "2005-12-31": "766.89790", "2005-09-30": "762.74600", "2005-06-30": "742.93100", "2005-03-31": "719.33800"}, "Cost Of Goods Sold": {"2020-09-30": "776.02200", "2020-06-30": "645.00600", "2020-03-31": "808.20300", "2019-12-31": "892.21690", "2019-09-30": "831.85700", "2019-06-30": "805.20610", "2019-03-31": "778.82900", "2018-12-31": "872.30410", "2018-09-30": "756.36400", "2018-06-30": "747.06700", "2018-03-31": "773.21800", "2017-12-31": "792.95610", "2017-09-30": "731.58000", "2017-06-30": "726.43400", "2017-03-31": "749.26400", "2016-12-31": "730.51410", "2016-09-30": "716.51900", "2016-06-30": "735.00800", "2016-03-31": "735.64200", "2015-12-31": "701.55210", "2015-09-30": "678.57300", "2015-06-30": "656.35400", "2015-03-31": "648.24700", "2014-12-31": "666.19490", "2014-09-30": "623.61500", "2014-06-30": "616.10300", "2014-03-31": "606.41700", "2013-12-31": "644.67690", "2013-09-30": "619.44900", "2013-06-30": "613.29900", "2013-03-31": "590.78200", "2012-12-31": "667.07810", "2012-09-30": "589.83500", "2012-06-30": "614.97700", "2012-03-31": "567.34600", "2011-12-31": "588.94790", "2011-09-30": "579.54600", "2011-06-30": "574.16700", "2011-03-31": "568.26500", "2010-12-31": "640.22600", "2010-09-30": "565.56700", "2010-06-30": "565.93400", "2010-03-31": "559.60400", "2009-12-31": "575.28700", "2009-09-30": "576.60800", "2009-06-30": "581.82200", "2009-03-31": "591.82300", "2008-12-31": "728.32680", "2008-09-30": "666.33600", "2008-06-30": "646.98600", "2008-03-31": "643.61400", "2007-12-31": "686.99510", "2007-09-30": "664.28700", "2007-06-30": "670.06300", "2007-03-31": "674.97000", "2006-12-31": "685.66800", "2006-09-30": "654.49100", "2006-06-30": "695.15600", "2006-03-31": "635.27600", "2005-12-31": "666.55900", "2005-09-30": "618.94600", "2005-06-30": "597.04200", "2005-03-31": "599.30400"}, "Gross Profit": {"2020-09-30": "222.75200", "2020-06-30": "360.83700", "2020-03-31": "-99.89200", "2019-12-31": "95.77620", "2019-09-30": "155.43800", "2019-06-30": "174.28090", "2019-03-31": "238.91400", "2018-12-31": "-55.68620", "2018-09-30": "138.44700", "2018-06-30": "138.32400", "2018-03-31": "9.96600", "2017-12-31": "64.29800", "2017-09-30": "126.77700", "2017-06-30": "126.41300", "2017-03-31": "98.24010", "2016-12-31": "7.08400", "2016-09-30": "91.64300", "2016-06-30": "122.99500", "2016-03-31": "88.27800", "2015-12-31": "84.61580", "2015-09-30": "73.84000", "2015-06-30": "69.81700", "2015-03-31": "96.30100", "2014-12-31": "55.61590", "2014-09-30": "96.37200", "2014-06-30": "190.91600", "2014-03-31": "156.53900", "2013-12-31": "64.97710", "2013-09-30": "109.21800", "2013-06-30": "29.26800", "2013-03-31": "149.37100", "2012-12-31": "14.13390", "2012-09-30": "141.94310", "2012-06-30": "32.72800", "2012-03-31": "155.32900", "2011-12-31": "160.50600", "2011-09-30": "36.19500", "2011-06-30": "132.38000", "2011-03-31": "137.27800", "2010-12-31": "15.41320", "2010-09-30": "201.18300", "2010-06-30": "87.72500", "2010-03-31": "140.23300", "2009-12-31": "102.03480", "2009-09-30": "284.62600", "2009-06-30": "214.15700", "2009-03-31": "195.13500", "2008-12-31": "-230.43080", "2008-09-30": "-207.30500", "2008-06-30": "140.91090", "2008-03-31": "25.75800", "2007-12-31": "96.08090", "2007-09-30": "127.10000", "2007-06-30": "136.02200", "2007-03-31": "123.23210", "2006-12-31": "110.31600", "2006-09-30": "139.44100", "2006-06-30": "99.79700", "2006-03-31": "148.59800", "2005-12-31": "100.33900", "2005-09-30": "143.79990", "2005-06-30": "145.88900", "2005-03-31": "120.03400"}, "Research And Development Expenses": {"2020-09-30": "", "2020-06-30": "", "2020-03-31": "", "2019-12-31": "", "2019-09-30": "", "2019-06-30": "", "2019-03-31": "", "2018-12-31": "", "2018-09-30": "", "2018-06-30": "", "2018-03-31": "", "2017-12-31": "", "2017-09-30": "", "2017-06-30": "", "2017-03-31": "", "2016-12-31": "", "2016-09-30": "", "2016-06-30": "", "2016-03-31": "", "2015-12-31": "", "2015-09-30": "", "2015-06-30": "", "2015-03-31": "", "2014-12-31": "", "2014-09-30": "", "2014-06-30": "", "2014-03-31": "", "2013-12-31": "", "2013-09-30": "", "2013-06-30": "", "2013-03-31": "", "2012-12-31": "", "2012-09-30": "", "2012-06-30": "", "2012-03-31": "", "2011-12-31": "", "2011-09-30": "", "2011-06-30": "", "2011-03-31": "", "2010-12-31": "", "2010-09-30": "", "2010-06-30": "", "2010-03-31": "", "2009-12-31": "", "2009-09-30": "", "2009-06-30": "", "2009-03-31": "", "2008-12-31": "", "2008-09-30": "", "2008-06-30": "", "2008-03-31": "", "2007-12-31": "", "2007-09-30": "", "2007-06-30": "", "2007-03-31": "", "2006-12-31": "", "2006-09-30": "", "2006-06-30": "", "2006-03-31": "", "2005-12-31": "", "2005-09-30": "", "2005-06-30": "", "2005-03-31": ""}, "SG&A Expenses": {"2020-09-30": "", "2020-06-30": "", "2020-03-31": "", "2019-12-31": "", "2019-09-30": "", "2019-06-30": "", "2019-03-31": "", "2018-12-31": "", "2018-09-30": "", "2018-06-30": "", "2018-03-31": "", "2017-12-31": "", "2017-09-30": "", "2017-06-30": "", "2017-03-31": "", "2016-12-31": "", "2016-09-30": "", "2016-06-30": "", "2016-03-31": "", "2015-12-31": "", "2015-09-30": "", "2015-06-30": "", "2015-03-31": "", "2014-12-31": "", "2014-09-30": "", "2014-06-30": "", "2014-03-31": "", "2013-12-31": "", "2013-09-30": "", "2013-06-30": "", "2013-03-31": "", "2012-12-31": "", "2012-09-30": "", "2012-06-30": "", "2012-03-31": "", "2011-12-31": "", "2011-09-30": "", "2011-06-30": "", "2011-03-31": "", "2010-12-31": "", "2010-09-30": "", "2010-06-30": "", "2010-03-31": "", "2009-12-31": "", "2009-09-30": "", "2009-06-30": "", "2009-03-31": "", "2008-12-31": "", "2008-09-30": "", "2008-06-30": "", "2008-03-31": "", "2007-12-31": "", "2007-09-30": "", "2007-06-30": "", "2007-03-31": "", "2006-12-31": "", "2006-09-30": "", "2006-06-30": "", "2006-03-31": "", "2005-12-31": "", "2005-09-30": "", "2005-06-30": "", "2005-03-31": ""}, "Other Operating Income Or Expenses": {"2020-09-30": "-71.85900", "2020-06-30": "-71.10300", "2020-03-31": "-76.55700", "2019-12-31": "-63.05500", "2019-09-30": "-70.34100", "2019-06-30": "-68.42000", "2019-03-31": "-67.48900", "2018-12-31": "-54.50500", "2018-09-30": "-63.90400", "2018-06-30": "-60.82200", "2018-03-31": "-65.39900", "2017-12-31": "-50.51600", "2017-09-30": "-64.33900", "2017-06-30": "-53.43200", "2017-03-31": "-65.18800", "2016-12-31": "-57.31400", "2016-09-30": "-59.00600", "2016-06-30": "-57.70000", "2016-03-31": "-61.29400", "2015-12-31": "-59.82200", "2015-09-30": "-60.78800", "2015-06-30": "-64.53700", "2015-03-31": "-65.69200", "2014-12-31": "-83.04000", "2014-09-30": "-58.54500", "2014-06-30": "-53.79200", "2014-03-31": "-54.00400", "2013-12-31": "-53.31300", "2013-09-30": "-54.08700", "2013-06-30": "-54.01500", "2013-03-31": "-58.06300", "2012-12-31": "-52.92800", "2012-09-30": "-50.22500", "2012-06-30": "-51.20300", "2012-03-31": "-52.92500", "2011-12-31": "-48.91400", "2011-09-30": "-53.02700", "2011-06-30": "-55.09800", "2011-03-31": "-58.67200", "2010-12-31": "-63.80700", "2010-09-30": "-63.71100", "2010-06-30": "-70.51600", "2010-03-31": "-57.32400", "2009-12-31": "-59.06700", "2009-09-30": "-53.76600", "2009-06-30": "-51.36400", "2009-03-31": "-53.48600", "2008-12-31": "-42.99400", "2008-09-30": "-44.35000", "2008-06-30": "-43.16900", "2008-03-31": "-44.31500", "2007-12-31": "-39.51800", "2007-09-30": "-41.28900", "2007-06-30": "-38.63600", "2007-03-31": "-39.36700", "2006-12-31": "-41.83400", "2006-09-30": "-45.81300", "2006-06-30": "-47.84300", "2006-03-31": "-41.07300", "2005-12-31": "-37.31200", "2005-09-30": "-37.75000", "2005-06-30": "-40.41900", "2005-03-31": "-34.72000"}, "Operating Expenses": {"2020-09-30": "847.88100", "2020-06-30": "716.10900", "2020-03-31": "884.76000", "2019-12-31": "955.27190", "2019-09-30": "902.19800", "2019-06-30": "873.62600", "2019-03-31": "846.31800", "2018-12-31": "926.80890", "2018-09-30": "820.26790", "2018-06-30": "807.88900", "2018-03-31": "838.61700", "2017-12-31": "843.47210", "2017-09-30": "795.91890", "2017-06-30": "779.86600", "2017-03-31": "814.45200", "2016-12-31": "787.82790", "2016-09-30": "775.52500", "2016-06-30": "792.70800", "2016-03-31": "796.93600", "2015-12-31": "761.37410", "2015-09-30": "739.36100", "2015-06-30": "720.89100", "2015-03-31": "713.93900", "2014-12-31": "749.23520", "2014-09-30": "682.16000", "2014-06-30": "669.89500", "2014-03-31": "660.42100", "2013-12-31": "697.99000", "2013-09-30": "673.53600", "2013-06-30": "667.31400", "2013-03-31": "648.84500", "2012-12-31": "720.00610", "2012-09-30": "640.05990", "2012-06-30": "666.18000", "2012-03-31": "620.27100", "2011-12-31": "637.86190", "2011-09-30": "632.57300", "2011-06-30": "629.26500", "2011-03-31": "626.93700", "2010-12-31": "704.03300", "2010-09-30": "629.27800", "2010-06-30": "636.45000", "2010-03-31": "616.92800", "2009-12-31": "634.35410", "2009-09-30": "630.37400", "2009-06-30": "633.18600", "2009-03-31": "645.30900", "2008-12-31": "771.32070", "2008-09-30": "710.68600", "2008-06-30": "690.15500", "2008-03-31": "687.92900", "2007-12-31": "726.51310", "2007-09-30": "705.57600", "2007-06-30": "708.69900", "2007-03-31": "714.33700", "2006-12-31": "727.50210", "2006-09-30": "700.30400", "2006-06-30": "742.99900", "2006-03-31": "676.34900", "2005-12-31": "703.87100", "2005-09-30": "656.69600", "2005-06-30": "637.46100", "2005-03-31": "634.02400"}, "Operating Income": {"2020-09-30": "150.89300", "2020-06-30": "289.73400", "2020-03-31": "-176.44900", "2019-12-31": "32.72130", "2019-09-30": "85.09700", "2019-06-30": "105.86100", "2019-03-31": "171.42500", "2018-12-31": "-110.19100", "2018-09-30": "74.54300", "2018-06-30": "77.50200", "2018-03-31": "-55.43300", "2017-12-31": "13.78190", "2017-09-30": "62.43810", "2017-06-30": "72.98100", "2017-03-31": "33.05210", "2016-12-31": "-50.22990", "2016-09-30": "32.63700", "2016-06-30": "65.29500", "2016-03-31": "26.98400", "2015-12-31": "24.79390", "2015-09-30": "13.05200", "2015-06-30": "5.28000", "2015-03-31": "30.60900", "2014-12-31": "-27.42440", "2014-09-30": "37.82700", "2014-06-30": "137.12400", "2014-03-31": "102.53500", "2013-12-31": "11.66400", "2013-09-30": "55.13100", "2013-06-30": "-24.74700", "2013-03-31": "91.30800", "2012-12-31": "-38.79410", "2012-09-30": "91.71810", "2012-06-30": "-18.47500", "2012-03-31": "102.40400", "2011-12-31": "111.59200", "2011-09-30": "-16.83200", "2011-06-30": "77.28200", "2011-03-31": "78.60600", "2010-12-31": "-48.39390", "2010-09-30": "137.47200", "2010-06-30": "17.20900", "2010-03-31": "82.90900", "2009-12-31": "42.96770", "2009-09-30": "230.86000", "2009-06-30": "162.79300", "2009-03-31": "141.64900", "2008-12-31": "-273.42470", "2008-09-30": "-251.65500", "2008-06-30": "97.74190", "2008-03-31": "-18.55700", "2007-12-31": "56.56290", "2007-09-30": "85.81100", "2007-06-30": "97.38610", "2007-03-31": "83.86510", "2006-12-31": "68.48190", "2006-09-30": "93.62810", "2006-06-30": "51.95400", "2006-03-31": "107.52500", "2005-12-31": "63.02700", "2005-09-30": "106.04990", "2005-06-30": "105.47000", "2005-03-31": "85.31400"}, "Total Non-Operating Income/Expense": {"2020-09-30": "-4.26200", "2020-06-30": "-4.26800", "2020-03-31": "-4.25600", "2019-12-31": "-4.25600", "2019-09-30": "-4.25700", "2019-06-30": "-4.26600", "2019-03-31": "-4.25600", "2018-12-31": "-4.25700", "2018-09-30": "-4.25700", "2018-06-30": "-4.25600", "2018-03-31": "-4.26600", "2017-12-31": "-4.29500", "2017-09-30": "-4.19100", "2017-06-30": "-4.22900", "2017-03-31": "-2.45300", "2016-12-31": "-1.04000", "2016-09-30": "-1.01200", "2016-06-30": "-0.96000", "2016-03-31": "-0.95000", "2015-12-31": "-0.86400", "2015-09-30": "-0.78500", "2015-06-30": "-0.76900", "2015-03-31": "-0.75000", "2014-12-31": "-0.73700", "2014-09-30": "-0.70700", "2014-06-30": "-0.68800", "2014-03-31": "-0.50500", "2013-12-31": "-0.39600", "2013-09-30": "-0.33800", "2013-06-30": "-0.21200", "2013-03-31": "-0.31400", "2012-12-31": "-0.36700", "2012-09-30": "-0.38800", "2012-06-30": "-0.37800", "2012-03-31": "-0.41000", "2011-12-31": "-0.89900", "2011-09-30": "-1.28600", "2011-06-30": "-1.66900", "2011-03-31": "-1.69500", "2010-12-31": "-1.70300", "2010-09-30": "-1.63300", "2010-06-30": "-1.85100", "2010-03-31": "-1.61900", "2009-12-31": "-1.67000", "2009-09-30": "-1.63400", "2009-06-30": "-1.87900", "2009-03-31": "-1.54600", "2008-12-31": "-1.30700", "2008-09-30": "-1.66300", "2008-06-30": "-1.48600", "2008-03-31": "-0.51000", "2007-12-31": "-1.81800", "2007-09-30": "-2.13600", "2007-06-30": "-2.26900", "2007-03-31": "-2.36600", "2006-12-31": "-2.26400", "2006-09-30": "-2.20900", "2006-06-30": "-2.39600", "2006-03-31": "-2.31100", "2005-12-31": "-2.05100", "2005-09-30": "-1.88100", "2005-06-30": "-1.82100", "2005-03-31": "-1.46900"}, "Pre-Tax Income": {"2020-09-30": "146.63100", "2020-06-30": "285.46600", "2020-03-31": "-180.70500", "2019-12-31": "28.46500", "2019-09-30": "80.84000", "2019-06-30": "101.59500", "2019-03-31": "167.16900", "2018-12-31": "-114.44800", "2018-09-30": "70.28600", "2018-06-30": "73.24600", "2018-03-31": "-59.69900", "2017-12-31": "9.48700", "2017-09-30": "58.24700", "2017-06-30": "68.75200", "2017-03-31": "30.59900", "2016-12-31": "-51.27000", "2016-09-30": "31.62500", "2016-06-30": "64.33500", "2016-03-31": "26.03400", "2015-12-31": "23.93000", "2015-09-30": "12.26700", "2015-06-30": "4.51100", "2015-03-31": "29.85900", "2014-12-31": "-28.16100", "2014-09-30": "37.12000", "2014-06-30": "136.43600", "2014-03-31": "102.03000", "2013-12-31": "11.26800", "2013-09-30": "54.79300", "2013-06-30": "-24.95900", "2013-03-31": "90.99400", "2012-12-31": "-39.16100", "2012-09-30": "91.33000", "2012-06-30": "-18.85300", "2012-03-31": "101.99400", "2011-12-31": "110.69300", "2011-09-30": "-18.11800", "2011-06-30": "75.61300", "2011-03-31": "76.91100", "2010-12-31": "-50.09700", "2010-09-30": "135.83900", "2010-06-30": "15.35800", "2010-03-31": "81.29000", "2009-12-31": "41.29800", "2009-09-30": "229.22600", "2009-06-30": "160.91400", "2009-03-31": "140.10300", "2008-12-31": "-274.73200", "2008-09-30": "-253.31800", "2008-06-30": "96.25600", "2008-03-31": "-19.06700", "2007-12-31": "54.74500", "2007-09-30": "83.67500", "2007-06-30": "95.11700", "2007-03-31": "81.49900", "2006-12-31": "66.21800", "2006-09-30": "91.41900", "2006-06-30": "49.55800", "2006-03-31": "105.21400", "2005-12-31": "60.97600", "2005-09-30": "104.16900", "2005-06-30": "103.64900", "2005-03-31": "83.84500"}, "Income Taxes": {"2020-09-30": "27.77400", "2020-06-30": "57.25500", "2020-03-31": "-41.50100", "2019-12-31": "-3.22300", "2019-09-30": "11.55800", "2019-06-30": "18.34500", "2019-03-31": "31.30200", "2018-12-31": "-32.56900", "2018-09-30": "11.70800", "2018-06-30": "13.06600", "2018-03-31": "-17.09200", "2017-12-31": "-10.29200", "2017-09-30": "11.76200", "2017-06-30": "17.11900", "2017-03-31": "3.61900", "2016-12-31": "-25.18800", "2016-09-30": "4.69500", "2016-06-30": "15.46200", "2016-03-31": "2.71100", "2015-12-31": "0.52500", "2015-09-30": "-3.00300", "2015-06-30": "-5.12800", "2015-03-31": "3.69400", "2014-12-31": "-7.20500", "2014-09-30": "5.82400", "2014-06-30": "41.47600", "2014-03-31": "29.38100", "2013-12-31": "-4.10800", "2013-09-30": "15.22300", "2013-06-30": "-15.69500", "2013-03-31": "24.53300", "2012-12-31": "-21.77900", "2012-09-30": "25.12900", "2012-06-30": "-13.58900", "2012-03-31": "28.63800", "2011-12-31": "31.22400", "2011-09-30": "-14.33600", "2011-06-30": "18.36200", "2011-03-31": "18.68500", "2010-12-31": "-26.45000", "2010-09-30": "38.99000", "2010-06-30": "-2.45900", "2010-03-31": "20.11100", "2009-12-31": "7.06300", "2009-09-30": "71.48900", "2009-06-30": "46.46700", "2009-03-31": "43.45000", "2008-12-31": "-106.38700", "2008-09-30": "-112.77900", "2008-06-30": "25.53000", "2008-03-31": "-15.10600", "2007-12-31": "10.15300", "2007-09-30": "20.39700", "2007-06-30": "25.60800", "2007-03-31": "21.04600", "2006-12-31": "16.08600", "2006-09-30": "23.19200", "2006-06-30": "11.74600", "2006-03-31": "46.56800", "2005-12-31": "14.75700", "2005-09-30": "31.15500", "2005-06-30": "30.04700", "2005-03-31": "23.42100"}, "Income After Taxes": {"2020-09-30": "118.85700", "2020-06-30": "228.21100", "2020-03-31": "-139.20400", "2019-12-31": "31.68800", "2019-09-30": "69.28200", "2019-06-30": "83.25000", "2019-03-31": "135.86700", "2018-12-31": "-81.87900", "2018-09-30": "58.57800", "2018-06-30": "60.18000", "2018-03-31": "-42.60700", "2017-12-31": "19.77900", "2017-09-30": "46.48500", "2017-06-30": "51.63300", "2017-03-31": "26.98000", "2016-12-31": "-26.08200", "2016-09-30": "26.93000", "2016-06-30": "48.87300", "2016-03-31": "23.32300", "2015-12-31": "23.40500", "2015-09-30": "15.27000", "2015-06-30": "9.63900", "2015-03-31": "26.16500", "2014-12-31": "-20.95600", "2014-09-30": "31.29600", "2014-06-30": "94.96000", "2014-03-31": "72.64900", "2013-12-31": "15.37600", "2013-09-30": "39.57000", "2013-06-30": "-9.26400", "2013-03-31": "66.46100", "2012-12-31": "-17.38200", "2012-09-30": "66.20100", "2012-06-30": "-5.26400", "2012-03-31": "73.35600", "2011-12-31": "79.46900", "2011-09-30": "-3.78200", "2011-06-30": "57.25100", "2011-03-31": "58.22600", "2010-12-31": "-23.64700", "2010-09-30": "96.84900", "2010-06-30": "17.81700", "2010-03-31": "61.17900", "2009-12-31": "34.23500", "2009-09-30": "157.73700", "2009-06-30": "114.44700", "2009-03-31": "96.65300", "2008-12-31": "-168.34500", "2008-09-30": "-140.53900", "2008-06-30": "70.72600", "2008-03-31": "-3.96100", "2007-12-31": "44.59200", "2007-09-30": "63.27800", "2007-06-30": "69.50900", "2007-03-31": "60.45300", "2006-12-31": "50.13200", "2006-09-30": "68.22700", "2006-06-30": "37.81200", "2006-03-31": "58.64600", "2005-12-31": "46.21900", "2005-09-30": "73.01400", "2005-06-30": "73.60200", "2005-03-31": "60.42400"}, "Other Income": {"2020-09-30": "", "2020-06-30": "", "2020-03-31": "", "2019-12-31": "", "2019-09-30": "", "2019-06-30": "", "2019-03-31": "", "2018-12-31": "", "2018-09-30": "", "2018-06-30": "", "2018-03-31": "", "2017-12-31": "", "2017-09-30": "", "2017-06-30": "", "2017-03-31": "", "2016-12-31": "", "2016-09-30": "", "2016-06-30": "", "2016-03-31": "", "2015-12-31": "", "2015-09-30": "", "2015-06-30": "", "2015-03-31": "", "2014-12-31": "", "2014-09-30": "", "2014-06-30": "", "2014-03-31": "", "2013-12-31": "", "2013-09-30": "", "2013-06-30": "", "2013-03-31": "", "2012-12-31": "", "2012-09-30": "", "2012-06-30": "", "2012-03-31": "", "2011-12-31": "", "2011-09-30": "", "2011-06-30": "", "2011-03-31": "", "2010-12-31": "", "2010-09-30": "", "2010-06-30": "", "2010-03-31": "", "2009-12-31": "", "2009-09-30": "", "2009-06-30": "", "2009-03-31": "", "2008-12-31": "", "2008-09-30": "", "2008-06-30": "", "2008-03-31": "", "2007-12-31": "", "2007-09-30": "", "2007-06-30": "", "2007-03-31": "", "2006-12-31": "", "2006-09-30": "", "2006-06-30": "", "2006-03-31": "", "2005-12-31": "", "2005-09-30": "", "2005-06-30": "", "2005-03-31": ""}, "Income From Continuous Operations": {"2020-09-30": "118.85700", "2020-06-30": "228.21100", "2020-03-31": "-139.20400", "2019-12-31": "31.68800", "2019-09-30": "69.28200", "2019-06-30": "83.25000", "2019-03-31": "135.86700", "2018-12-31": "-81.87900", "2018-09-30": "58.57800", "2018-06-30": "60.18000", "2018-03-31": "-42.60700", "2017-12-31": "19.77900", "2017-09-30": "46.48500", "2017-06-30": "51.63300", "2017-03-31": "26.98000", "2016-12-31": "-26.08200", "2016-09-30": "26.93000", "2016-06-30": "48.87300", "2016-03-31": "23.32300", "2015-12-31": "23.40500", "2015-09-30": "15.27000", "2015-06-30": "9.63900", "2015-03-31": "26.16500", "2014-12-31": "-20.95600", "2014-09-30": "31.29600", "2014-06-30": "94.96000", "2014-03-31": "72.64900", "2013-12-31": "15.37600", "2013-09-30": "39.57000", "2013-06-30": "-9.26400", "2013-03-31": "66.46100", "2012-12-31": "-17.38200", "2012-09-30": "66.20100", "2012-06-30": "-5.26400", "2012-03-31": "73.35600", "2011-12-31": "79.46900", "2011-09-30": "-3.78200", "2011-06-30": "57.25100", "2011-03-31": "58.22600", "2010-12-31": "-23.64700", "2010-09-30": "96.84900", "2010-06-30": "17.81700", "2010-03-31": "61.17900", "2009-12-31": "34.23500", "2009-09-30": "157.73700", "2009-06-30": "114.44700", "2009-03-31": "96.65300", "2008-12-31": "-168.34500", "2008-09-30": "-140.53900", "2008-06-30": "70.72600", "2008-03-31": "-3.96100", "2007-12-31": "44.59200", "2007-09-30": "63.27800", "2007-06-30": "69.50900", "2007-03-31": "60.45300", "2006-12-31": "50.13200", "2006-09-30": "68.22700", "2006-06-30": "37.81200", "2006-03-31": "58.64600", "2005-12-31": "46.21900", "2005-09-30": "73.01400", "2005-06-30": "73.60200", "2005-03-31": "60.42400"}, "Income From Discontinued Operations": {"2020-09-30": "", "2020-06-30": "", "2020-03-31": "", "2019-12-31": "", "2019-09-30": "", "2019-06-30": "", "2019-03-31": "", "2018-12-31": "", "2018-09-30": "", "2018-06-30": "", "2018-03-31": "", "2017-12-31": "", "2017-09-30": "", "2017-06-30": "", "2017-03-31": "", "2016-12-31": "", "2016-09-30": "", "2016-06-30": "", "2016-03-31": "", "2015-12-31": "", "2015-09-30": "", "2015-06-30": "", "2015-03-31": "", "2014-12-31": "", "2014-09-30": "", "2014-06-30": "", "2014-03-31": "", "2013-12-31": "", "2013-09-30": "", "2013-06-30": "", "2013-03-31": "", "2012-12-31": "", "2012-09-30": "", "2012-06-30": "", "2012-03-31": "", "2011-12-31": "", "2011-09-30": "", "2011-06-30": "", "2011-03-31": "", "2010-12-31": "", "2010-09-30": "", "2010-06-30": "", "2010-03-31": "", "2009-12-31": "", "2009-09-30": "", "2009-06-30": "", "2009-03-31": "", "2008-12-31": "", "2008-09-30": "", "2008-06-30": "", "2008-03-31": "", "2007-12-31": "", "2007-09-30": "", "2007-06-30": "", "2007-03-31": "", "2006-12-31": "", "2006-09-30": "", "2006-06-30": "", "2006-03-31": "", "2005-12-31": "", "2005-09-30": "", "2005-06-30": "", "2005-03-31": ""}, "Net Income": {"2020-09-30": "118.85700", "2020-06-30": "228.21100", "2020-03-31": "-139.20400", "2019-12-31": "31.68800", "2019-09-30": "69.28200", "2019-06-30": "83.25000", "2019-03-31": "135.86700", "2018-12-31": "-81.87900", "2018-09-30": "58.57800", "2018-06-30": "60.18000", "2018-03-31": "-42.60700", "2017-12-31": "19.77900", "2017-09-30": "46.48500", "2017-06-30": "51.63300", "2017-03-31": "26.98000", "2016-12-31": "-26.08200", "2016-09-30": "26.93000", "2016-06-30": "48.87300", "2016-03-31": "23.32300", "2015-12-31": "23.40500", "2015-09-30": "15.27000", "2015-06-30": "9.63900", "2015-03-31": "26.16500", "2014-12-31": "-20.95600", "2014-09-30": "31.29600", "2014-06-30": "94.96000", "2014-03-31": "72.64900", "2013-12-31": "15.37600", "2013-09-30": "39.57000", "2013-06-30": "-9.26400", "2013-03-31": "66.46100", "2012-12-31": "-17.38200", "2012-09-30": "66.20100", "2012-06-30": "-5.26400", "2012-03-31": "73.35600", "2011-12-31": "79.46900", "2011-09-30": "-3.78200", "2011-06-30": "57.25100", "2011-03-31": "58.22600", "2010-12-31": "-23.64700", "2010-09-30": "96.84900", "2010-06-30": "17.81700", "2010-03-31": "61.17900", "2009-12-31": "34.23500", "2009-09-30": "157.73700", "2009-06-30": "114.44700", "2009-03-31": "96.65300", "2008-12-31": "-168.34500", "2008-09-30": "-140.53900", "2008-06-30": "70.72600", "2008-03-31": "-3.96100", "2007-12-31": "44.59200", "2007-09-30": "63.27800", "2007-06-30": "69.50900", "2007-03-31": "60.45300", "2006-12-31": "50.13200", "2006-09-30": "68.22700", "2006-06-30": "37.81200", "2006-03-31": "58.64600", "2005-12-31": "46.21900", "2005-09-30": "73.01400", "2005-06-30": "73.60200", "2005-03-31": "60.42400"}, "EBITDA": {"2020-09-30": "168.52800", "2020-06-30": "306.69000", "2020-03-31": "-160.42300", "2019-12-31": "50.03930", "2019-09-30": "101.34500", "2019-06-30": "121.94000", "2019-03-31": "186.51000", "2018-12-31": "-95.13000", "2018-09-30": "89.70100", "2018-06-30": "91.92600", "2018-03-31": "-41.28500", "2017-12-31": "27.50790", "2017-09-30": "76.53010", "2017-06-30": "87.24100", "2017-03-31": "46.31710", "2016-12-31": "-36.55190", "2016-09-30": "46.29900", "2016-06-30": "78.33500", "2016-03-31": "39.86200", "2015-12-31": "35.38590", "2015-09-30": "25.20000", "2015-06-30": "18.05800", "2015-03-31": "42.92900", "2014-12-31": "-15.24740", "2014-09-30": "49.11500", "2014-06-30": "149.71800", "2014-03-31": "113.44800", "2013-12-31": "22.40600", "2013-09-30": "64.87200", "2013-06-30": "-13.66600", "2013-03-31": "102.86000", "2012-12-31": "-29.57910", "2012-09-30": "103.55310", "2012-06-30": "-6.85500", "2012-03-31": "113.46500", "2011-12-31": "122.19700", "2011-09-30": "-5.44300", "2011-06-30": "88.86300", "2011-03-31": "90.30300", "2010-12-31": "-35.84090", "2010-09-30": "150.83600", "2010-06-30": "24.96100", "2010-03-31": "91.03700", "2009-12-31": "54.23970", "2009-09-30": "242.29900", "2009-06-30": "173.56800", "2009-03-31": "150.51000", "2008-12-31": "-259.75370", "2008-09-30": "-242.74400", "2008-06-30": "105.32990", "2008-03-31": "-9.42700", "2007-12-31": "66.55090", "2007-09-30": "94.66100", "2007-06-30": "105.42300", "2007-03-31": "90.72810", "2006-12-31": "76.27090", "2006-09-30": "102.51910", "2006-06-30": "60.18300", "2006-03-31": "111.57900", "2005-12-31": "71.01100", "2005-09-30": "113.46990", "2005-06-30": "113.44500", "2005-03-31": "92.53000"}, "EBIT": {"2020-09-30": "150.89300", "2020-06-30": "289.73400", "2020-03-31": "-176.44900", "2019-12-31": "32.72130", "2019-09-30": "85.09700", "2019-06-30": "105.86100", "2019-03-31": "171.42500", "2018-12-31": "-110.19110", "2018-09-30": "74.54300", "2018-06-30": "77.50200", "2018-03-31": "-55.43300", "2017-12-31": "13.78180", "2017-09-30": "62.43810", "2017-06-30": "72.98100", "2017-03-31": "33.05210", "2016-12-31": "-50.22970", "2016-09-30": "32.63700", "2016-06-30": "65.29500", "2016-03-31": "26.98400", "2015-12-31": "24.79390", "2015-09-30": "13.05200", "2015-06-30": "5.28000", "2015-03-31": "30.60900", "2014-12-31": "-27.42420", "2014-09-30": "37.82700", "2014-06-30": "137.12400", "2014-03-31": "102.53500", "2013-12-31": "11.66390", "2013-09-30": "55.13100", "2013-06-30": "-24.74700", "2013-03-31": "91.30800", "2012-12-31": "-38.79410", "2012-09-30": "91.71810", "2012-06-30": "-18.47500", "2012-03-31": "102.40400", "2011-12-31": "111.59190", "2011-09-30": "-16.83200", "2011-06-30": "77.28200", "2011-03-31": "78.60600", "2010-12-31": "-48.39390", "2010-09-30": "137.47200", "2010-06-30": "17.20900", "2010-03-31": "82.90900", "2009-12-31": "42.96780", "2009-09-30": "230.86000", "2009-06-30": "162.79300", "2009-03-31": "141.64900", "2008-12-31": "-273.42470", "2008-09-30": "-251.65500", "2008-06-30": "97.74190", "2008-03-31": "-18.55700", "2007-12-31": "56.56290", "2007-09-30": "85.81100", "2007-06-30": "97.38610", "2007-03-31": "83.86510", "2006-12-31": "68.48180", "2006-09-30": "93.62810", "2006-06-30": "51.95400", "2006-03-31": "107.52500", "2005-12-31": "63.02720", "2005-09-30": "106.04990", "2005-06-30": "105.47000", "2005-03-31": "85.31400"}, "Basic Shares Outstanding": {"2020-09-30": "55.35800", "2020-06-30": "55.35800", "2020-03-31": "55.35800", "2019-12-31": "55.35100", "2019-09-30": "55.35500", "2019-06-30": "55.35300", "2019-03-31": "55.34100", "2018-12-31": "55.33500", "2018-09-30": "55.33700", "2018-06-30": "55.33200", "2018-03-31": "55.33200", "2017-12-31": "55.31600", "2017-09-30": "55.32400", "2017-06-30": "55.31100", "2017-03-31": "55.29700", "2016-12-31": "55.24900", "2016-09-30": "55.25900", "2016-06-30": "55.25400", "2016-03-31": "55.20100", "2015-12-31": "55.15700", "2015-09-30": "55.16400", "2015-06-30": "55.16000", "2015-03-31": "55.13900", "2014-12-31": "55.00800", "2014-09-30": "55.00200", "2014-06-30": "54.97800", "2014-03-31": "54.97700", "2013-12-31": "54.94700", "2013-09-30": "54.95900", "2013-06-30": "54.94100", "2013-03-31": "54.92200", "2012-12-31": "54.89900", "2012-09-30": "54.91100", "2012-06-30": "54.89500", "2012-03-31": "54.87700", "2011-12-31": "54.82500", "2011-09-30": "54.82600", "2011-06-30": "54.82000", "2011-03-31": "54.80900", "2010-12-31": "54.79200", "2010-09-30": "54.79500", "2010-06-30": "54.78800", "2010-03-31": "54.78300", "2009-12-31": "54.77000", "2009-09-30": "54.77000", "2009-06-30": "54.77000", "2009-03-31": "54.76700", "2008-12-31": "54.74400", "2008-09-30": "54.74800", "2008-06-30": "54.73400", "2008-03-31": "54.73000", "2007-12-31": "54.70400", "2007-09-30": "54.72000", "2007-06-30": "54.68500", "2007-03-31": "54.67400", "2006-12-31": "54.65100", "2006-09-30": "54.66200", "2006-06-30": "54.64800", "2006-03-31": "54.62300", "2005-12-31": "54.56600", "2005-09-30": "54.57800", "2005-06-30": "54.54800", "2005-03-31": "54.53500"}, "Shares Outstanding": {"2020-09-30": "55.35800", "2020-06-30": "55.35800", "2020-03-31": "55.35800", "2019-12-31": "55.36000", "2019-09-30": "55.36600", "2019-06-30": "55.36300", "2019-03-31": "55.34800", "2018-12-31": "55.33500", "2018-09-30": "55.34100", "2018-06-30": "55.33500", "2018-03-31": "55.33200", "2017-12-31": "55.32700", "2017-09-30": "55.33400", "2017-06-30": "55.32300", "2017-03-31": "55.31200", "2016-12-31": "55.30200", "2016-09-30": "55.32800", "2016-06-30": "55.32200", "2016-03-31": "55.20800", "2015-12-31": "55.20900", "2015-09-30": "55.17800", "2015-06-30": "55.17900", "2015-03-31": "55.15900", "2014-12-31": "55.02000", "2014-09-30": "55.01400", "2014-06-30": "54.98900", "2014-03-31": "54.98600", "2013-12-31": "54.96400", "2013-09-30": "54.97300", "2013-06-30": "54.94100", "2013-03-31": "54.93500", "2012-12-31": "54.92200", "2012-09-30": "54.92500", "2012-06-30": "54.89500", "2012-03-31": "54.90800", "2011-12-31": "54.84500", "2011-09-30": "54.82600", "2011-06-30": "54.83700", "2011-03-31": "54.83100", "2010-12-31": "54.82600", "2010-09-30": "54.81700", "2010-06-30": "54.83300", "2010-03-31": "54.80500", "2009-12-31": "55.09200", "2009-09-30": "55.31300", "2009-06-30": "55.32000", "2009-03-31": "55.09100", "2008-12-31": "54.91700", "2008-09-30": "54.74800", "2008-06-30": "54.99700", "2008-03-31": "54.75000", "2007-12-31": "54.82900", "2007-09-30": "54.85100", "2007-06-30": "54.82900", "2007-03-31": "54.82100", "2006-12-31": "54.78600", "2006-09-30": "54.75000", "2006-06-30": "54.76100", "2006-03-31": "54.74500", "2005-12-31": "54.71700", "2005-09-30": "54.73900", "2005-06-30": "54.69900", "2005-03-31": "54.71600"}, "Basic EPS": {"2020-09-30": "2.15000", "2020-06-30": "4.12000", "2020-03-31": "-2.51000", "2019-12-31": "0.57000", "2019-09-30": "1.25000", "2019-06-30": "1.50000", "2019-03-31": "2.46000", "2018-12-31": "-1.48000", "2018-09-30": "1.06000", "2018-06-30": "1.09000", "2018-03-31": "-0.77000", "2017-12-31": "0.36000", "2017-09-30": "0.84000", "2017-06-30": "0.93000", "2017-03-31": "0.49000", "2016-12-31": "-0.47000", "2016-09-30": "0.49000", "2016-06-30": "0.88000", "2016-03-31": "0.42000", "2015-12-31": "0.43000", "2015-09-30": "0.28000", "2015-06-30": "0.17000", "2015-03-31": "0.47000", "2014-12-31": "-0.39000", "2014-09-30": "0.57000", "2014-06-30": "1.73000", "2014-03-31": "1.32000", "2013-12-31": "0.28000", "2013-09-30": "0.72000", "2013-06-30": "-0.17000", "2013-03-31": "1.21000", "2012-12-31": "-0.32000", "2012-09-30": "1.21000", "2012-06-30": "-0.10000", "2012-03-31": "1.34000", "2011-12-31": "1.46000", "2011-09-30": "-0.07000", "2011-06-30": "1.04000", "2011-03-31": "1.06000", "2010-12-31": "-0.44000", "2010-09-30": "1.77000", "2010-06-30": "0.33000", "2010-03-31": "1.12000", "2009-12-31": "0.63000", "2009-09-30": "2.88000", "2009-06-30": "2.09000", "2009-03-31": "1.76000", "2008-12-31": "-3.07000", "2008-09-30": "-2.57000", "2008-06-30": "1.29000", "2008-03-31": "-0.07000", "2007-12-31": "0.81000", "2007-09-30": "1.16000", "2007-06-30": "1.27000", "2007-03-31": "1.11000", "2006-12-31": "0.92000", "2006-09-30": "1.25000", "2006-06-30": "0.69000", "2006-03-31": "1.07000", "2005-12-31": "0.84000", "2005-09-30": "1.34000", "2005-06-30": "1.35000", "2005-03-31": "1.11000"}, "EPS - Earnings Per Share": {"2020-09-30": "2.15000", "2020-06-30": "4.12000", "2020-03-31": "-2.51000", "2019-12-31": "0.58000", "2019-09-30": "1.25000", "2019-06-30": "1.50000", "2019-03-31": "2.45000", "2018-12-31": "-1.48000", "2018-09-30": "1.06000", "2018-06-30": "1.09000", "2018-03-31": "-0.77000", "2017-12-31": "0.36000", "2017-09-30": "0.84000", "2017-06-30": "0.93000", "2017-03-31": "0.49000", "2016-12-31": "-0.47000", "2016-09-30": "0.49000", "2016-06-30": "0.88000", "2016-03-31": "0.42000", "2015-12-31": "0.43000", "2015-09-30": "0.28000", "2015-06-30": "0.17000", "2015-03-31": "0.47000", "2014-12-31": "-0.39000", "2014-09-30": "0.57000", "2014-06-30": "1.73000", "2014-03-31": "1.32000", "2013-12-31": "0.28000", "2013-09-30": "0.72000", "2013-06-30": "-0.17000", "2013-03-31": "1.21000", "2012-12-31": "-0.32000", "2012-09-30": "1.21000", "2012-06-30": "-0.10000", "2012-03-31": "1.34000", "2011-12-31": "1.46000", "2011-09-30": "-0.07000", "2011-06-30": "1.04000", "2011-03-31": "1.06000", "2010-12-31": "-0.43000", "2010-09-30": "1.77000", "2010-06-30": "0.32000", "2010-03-31": "1.12000", "2009-12-31": "0.65000", "2009-09-30": "2.85000", "2009-06-30": "2.07000", "2009-03-31": "1.75000", "2008-12-31": "-3.07000", "2008-09-30": "-2.57000", "2008-06-30": "1.29000", "2008-03-31": "-0.07000", "2007-12-31": "0.82000", "2007-09-30": "1.15000", "2007-06-30": "1.27000", "2007-03-31": "1.10000", "2006-12-31": "0.91000", "2006-09-30": "1.25000", "2006-06-30": "0.69000", "2006-03-31": "1.07000", "2005-12-31": "0.85000", "2005-09-30": "1.33000", "2005-06-30": "1.35000", "2005-03-31": "1.10000"}}, "balance sheet": {"Cash On Hand": {"2019-12-31": "294.39800", "2018-12-31": "314.29100", "2017-12-31": "291.41300", "2016-12-31": "220.31800", "2015-12-31": "264.22100", "2014-12-31": "289.90700", "2013-12-31": "266.50800", "2012-12-31": "158.18300", "2011-12-31": "211.39300", "2010-12-31": "181.38800", "2009-12-31": "185.50500", "2008-12-31": "35.39600", "2007-12-31": "48.24500", "2006-12-31": "47.60600", "2005-12-31": "69.78400"}, "Receivables": {"2019-12-31": "730.21590", "2018-12-31": "827.63100", "2017-12-31": "576.43500", "2016-12-31": "524.99200", "2015-12-31": "501.29300", "2014-12-31": "449.94800", "2013-12-31": "425.22400", "2012-12-31": "394.25200", "2011-12-31": "332.66000", "2010-12-31": "327.94100", "2009-12-31": "327.88200", "2008-12-31": "339.99200", "2007-12-31": "367.68600", "2006-12-31": "372.77700", "2005-12-31": "364.56000"}, "Inventory": {"2019-12-31": "", "2018-12-31": "", "2017-12-31": "", "2016-12-31": "", "2015-12-31": "", "2014-12-31": "", "2013-12-31": "", "2012-12-31": "", "2011-12-31": "", "2010-12-31": "", "2009-12-31": "", "2008-12-31": "", "2007-12-31": "", "2006-12-31": "", "2005-12-31": ""}, "Pre-Paid Expenses": {"2019-12-31": "", "2018-12-31": "", "2017-12-31": "", "2016-12-31": "", "2015-12-31": "", "2014-12-31": "", "2013-12-31": "", "2012-12-31": "", "2011-12-31": "", "2010-12-31": "", "2009-12-31": "", "2008-12-31": "", "2007-12-31": "", "2006-12-31": "", "2005-12-31": ""}, "Other Current Assets": {"2019-12-31": "", "2018-12-31": "", "2017-12-31": "", "2016-12-31": "", "2015-12-31": "", "2014-12-31": "", "2013-12-31": "", "2012-12-31": "", "2011-12-31": "", "2010-12-31": "", "2009-12-31": "", "2008-12-31": "", "2007-12-31": "", "2006-12-31": "", "2005-12-31": ""}, "Total Current Assets": {"2019-12-31": "1024.61400", "2018-12-31": "1141.92200", "2017-12-31": "867.84800", "2016-12-31": "745.31000", "2015-12-31": "765.51400", "2014-12-31": "739.85500", "2013-12-31": "691.73200", "2012-12-31": "552.43500", "2011-12-31": "544.05300", "2010-12-31": "509.32900", "2009-12-31": "513.38700", "2008-12-31": "375.38800", "2007-12-31": "415.93100", "2006-12-31": "420.38300", "2005-12-31": "434.34400"}, "Property, Plant, And Equipment": {"2019-12-31": "168.98600", "2018-12-31": "153.02300", "2017-12-31": "145.22300", "2016-12-31": "155.91000", "2015-12-31": "157.13100", "2014-12-31": "158.97600", "2013-12-31": "156.71600", "2012-12-31": "161.94000", "2011-12-31": "177.76000", "2010-12-31": "196.50500", "2009-12-31": "201.86200", "2008-12-31": "191.77700", "2007-12-31": "172.35700", "2006-12-31": "152.26000", "2005-12-31": "136.77900"}, "Long-Term Investments": {"2019-12-31": "4312.16100", "2018-12-31": "3768.09100", "2017-12-31": "3732.72800", "2016-12-31": "3547.56000", "2015-12-31": "3380.64200", "2014-12-31": "3403.82200", "2013-12-31": "3158.31200", "2012-12-31": "3180.09500", "2011-12-31": "3062.42100", "2010-12-31": "3155.25700", "2009-12-31": "3146.85700", "2008-12-31": "2933.82000", "2007-12-31": "3588.67500", "2006-12-31": "3499.73800", "2005-12-31": "3242.71200"}, "Goodwill And Intangible Assets": {"2019-12-31": "53.43200", "2018-12-31": "58.33000", "2017-12-31": "63.52400", "2016-12-31": "68.42100", "2015-12-31": "74.49800", "2014-12-31": "78.41900", "2013-12-31": "84.39900", "2012-12-31": "90.38500", "2011-12-31": "96.59900", "2010-12-31": "102.97400", "2009-12-31": "109.67300", "2008-12-31": "", "2007-12-31": "", "2006-12-31": "", "2005-12-31": ""}, "Other Long-Term Assets": {"2019-12-31": "51.88900", "2018-12-31": "83.89300", "2017-12-31": "93.84900", "2016-12-31": "25.41400", "2015-12-31": "25.86700", "2014-12-31": "22.01500", "2013-12-31": "14.33600", "2012-12-31": "18.92100", "2011-12-31": "11.23200", "2010-12-31": "42.22100", "2009-12-31": "48.84900", "2008-12-31": "78.18000", "2007-12-31": "27.72800", "2006-12-31": "18.89800", "2005-12-31": "39.09000"}, "Total Long-Term Assets": {"2019-12-31": "4819.63400", "2018-12-31": "4291.80700", "2017-12-31": "4233.47500", "2016-12-31": "4043.40800", "2015-12-31": "3863.13100", "2014-12-31": "3860.43400", "2013-12-31": "3623.44900", "2012-12-31": "3637.25100", "2011-12-31": "3525.95300", "2010-12-31": "3694.03500", "2009-12-31": "3719.24600", "2008-12-31": "3574.80700", "2007-12-31": "3998.56500", "2006-12-31": "3880.67900", "2005-12-31": "3616.52400"}, "Total Assets": {"2019-12-31": "5889.15700", "2018-12-31": "5433.72900", "2017-12-31": "5101.32300", "2016-12-31": "4788.71800", "2015-12-31": "4628.64500", "2014-12-31": "4600.28900", "2013-12-31": "4315.18100", "2012-12-31": "4189.68600", "2011-12-31": "4070.00600", "2010-12-31": "4203.36400", "2009-12-31": "4232.63300", "2008-12-31": "3950.19500", "2007-12-31": "4414.49600", "2006-12-31": "4301.06200", "2005-12-31": "4050.86800"}, "Total Current Liabilities": {"2019-12-31": "3420.12000", "2018-12-31": "3180.66400", "2017-12-31": "2720.79200", "2016-12-31": "2477.01900", "2015-12-31": "2318.57300", "2014-12-31": "2222.48200", "2013-12-31": "2120.17400", "2012-12-31": "2052.77200", "2011-12-31": "1923.44900", "2010-12-31": "1974.24600", "2009-12-31": "2012.34300", "2008-12-31": "2107.02300", "2007-12-31": "2168.04000", "2006-12-31": "2176.36000", "2005-12-31": "2062.83100"}, "Long Term Debt": {"2019-12-31": "372.13300", "2018-12-31": "371.73400", "2017-12-31": "371.33500", "2016-12-31": "320.00000", "2015-12-31": "290.00000", "2014-12-31": "290.00000", "2013-12-31": "190.00000", "2012-12-31": "140.00000", "2011-12-31": "140.00000", "2010-12-31": "267.21000", "2009-12-31": "271.39700", "2008-12-31": "158.62500", "2007-12-31": "138.56200", "2006-12-31": "141.55400", "2005-12-31": "143.54000"}, "Other Non-Current Liabilities": {"2019-12-31": "221.44200", "2018-12-31": "263.64700", "2017-12-31": "224.87700", "2016-12-31": "229.33500", "2015-12-31": "199.18700", "2014-12-31": "207.02800", "2013-12-31": "170.66500", "2012-12-31": "153.97200", "2011-12-31": "149.00700", "2010-12-31": "167.09300", "2009-12-31": "177.94700", "2008-12-31": "190.49600", "2007-12-31": "211.89400", "2006-12-31": "207.16900", "2005-12-31": "199.20400"}, "Total Long Term Liabilities": {"2019-12-31": "621.53890", "2018-12-31": "635.38100", "2017-12-31": "619.14400", "2016-12-31": "559.29700", "2015-12-31": "489.18700", "2014-12-31": "502.36100", "2013-12-31": "372.52100", "2012-12-31": "294.41700", "2011-12-31": "289.07400", "2010-12-31": "434.30300", "2009-12-31": "449.34400", "2008-12-31": "349.12100", "2007-12-31": "384.45800", "2006-12-31": "400.57200", "2005-12-31": "380.20000"}, "Total Liabilities": {"2019-12-31": "4089.65500", "2018-12-31": "3816.04500", "2017-12-31": "3339.93600", "2016-12-31": "3036.31600", "2015-12-31": "2807.76000", "2014-12-31": "2724.84300", "2013-12-31": "2492.69500", "2012-12-31": "2347.18900", "2011-12-31": "2212.52300", "2010-12-31": "2408.54900", "2009-12-31": "2461.68700", "2008-12-31": "2456.14400", "2007-12-31": "2552.49800", "2006-12-31": "2576.93200", "2005-12-31": "2443.03100"}, "Common Stock Net": {"2019-12-31": "98.82800", "2018-12-31": "98.02600", "2017-12-31": "97.52300", "2016-12-31": "95.52900", "2015-12-31": "90.98500", "2014-12-31": "88.70500", "2013-12-31": "81.59100", "2012-12-31": "79.38000", "2011-12-31": "76.63400", "2010-12-31": "74.18800", "2009-12-31": "72.58900", "2008-12-31": "71.42800", "2007-12-31": "69.36900", "2006-12-31": "66.43600", "2005-12-31": "63.10300"}, "Retained Earnings (Accumulated Deficit)": {"2019-12-31": "1700.67400", "2018-12-31": "1519.65800", "2017-12-31": "1663.86400", "2016-12-31": "1656.87300", "2015-12-31": "1721.03000", "2014-12-31": "1782.93700", "2013-12-31": "1740.48400", "2012-12-31": "1763.11700", "2011-12-31": "1780.31100", "2010-12-31": "1721.28900", "2009-12-31": "1698.95400", "2008-12-31": "1423.49900", "2007-12-31": "1712.07200", "2006-12-31": "1588.04200", "2005-12-31": "1478.18500"}, "Comprehensive Income": {"2019-12-31": "", "2018-12-31": "", "2017-12-31": "", "2016-12-31": "", "2015-12-31": "", "2014-12-31": "", "2013-12-31": "", "2012-12-31": "", "2011-12-31": "", "2010-12-31": "-0.74000", "2009-12-31": "-0.59700", "2008-12-31": "-0.87600", "2007-12-31": "80.55700", "2006-12-31": "69.65200", "2005-12-31": "66.54900"}, "Other Share Holders Equity": {"2019-12-31": "", "2018-12-31": "", "2017-12-31": "", "2016-12-31": "", "2015-12-31": "", "2014-12-31": "", "2013-12-31": "", "2012-12-31": "", "2011-12-31": "", "2010-12-31": "", "2009-12-31": "", "2008-12-31": "", "2007-12-31": "", "2006-12-31": "", "2005-12-31": ""}, "Share Holder Equity": {"2019-12-31": "1799.50200", "2018-12-31": "1617.68400", "2017-12-31": "1761.38700", "2016-12-31": "1752.40200", "2015-12-31": "1820.88500", "2014-12-31": "1875.44600", "2013-12-31": "1822.48600", "2012-12-31": "1842.49700", "2011-12-31": "1857.48300", "2010-12-31": "1794.81500", "2009-12-31": "1770.94600", "2008-12-31": "1494.05100", "2007-12-31": "1861.99800", "2006-12-31": "1724.13000", "2005-12-31": "1607.83700"}, "Total Liabilities And Share Holders Equity": {"2019-12-31": "5889.15700", "2018-12-31": "5433.72900", "2017-12-31": "5101.32300", "2016-12-31": "4788.71800", "2015-12-31": "4628.64500", "2014-12-31": "4600.28900", "2013-12-31": "4315.18100", "2012-12-31": "4189.68600", "2011-12-31": "4070.00600", "2010-12-31": "4203.36400", "2009-12-31": "4232.63300", "2008-12-31": "3950.19500", "2007-12-31": "4414.49600", "2006-12-31": "4301.06200", "2005-12-31": "4050.86800"}}, "balance sheet, quarterly": {"Cash On Hand": {"2020-09-30": "322.12900", "2020-06-30": "262.15300", "2020-03-31": "252.83600", "2019-12-31": "294.39800", "2019-09-30": "315.37000", "2019-06-30": "240.32000", "2019-03-31": "270.10500", "2018-12-31": "314.29100", "2018-09-30": "261.68000", "2018-06-30": "243.75100", "2018-03-31": "290.07000", "2017-12-31": "291.41300", "2017-09-30": "284.63900", "2017-06-30": "261.42500", "2017-03-31": "236.58400", "2016-12-31": "220.31800", "2016-09-30": "229.85700", "2016-06-30": "233.28100", "2016-03-31": "235.10900", "2015-12-31": "264.22100", "2015-09-30": "295.18400", "2015-06-30": "274.78200", "2015-03-31": "234.57600", "2014-12-31": "289.90700", "2014-09-30": "279.68100", "2014-06-30": "258.47300", "2014-03-31": "238.83200", "2013-12-31": "266.50800", "2013-09-30": "250.06100", "2013-06-30": "180.33100", "2013-03-31": "185.04200", "2012-12-31": "158.18300", "2012-09-30": "188.17400", "2012-06-30": "160.48700", "2012-03-31": "204.70100", "2011-12-31": "211.39300", "2011-09-30": "209.76300", "2011-06-30": "305.05700", "2011-03-31": "334.29000", "2010-12-31": "181.38800", "2010-09-30": "174.79400", "2010-06-30": "219.46600", "2010-03-31": "242.51100", "2009-12-31": "185.50500", "2009-09-30": "204.19400", "2009-06-30": "194.71000", "2009-03-31": "178.84400", "2008-12-31": "35.39600", "2008-09-30": "33.76100", "2008-06-30": "43.23900", "2008-03-31": "50.55900", "2007-12-31": "48.24500", "2007-09-30": "47.92000", "2007-06-30": "42.22000", "2007-03-31": "46.27500", "2006-12-31": "47.60600", "2006-09-30": "62.10200", "2006-06-30": "38.33300", "2006-03-31": "39.80300", "2005-12-31": "69.78400", "2005-09-30": "34.20100", "2005-06-30": "36.55200", "2005-03-31": "29.83400"}, "Receivables": {"2020-09-30": "715.83500", "2020-06-30": "703.46200", "2020-03-31": "744.47800", "2019-12-31": "730.21590", "2019-09-30": "780.33000", "2019-06-30": "767.24600", "2019-03-31": "744.72900", "2018-12-31": "827.63100", "2018-09-30": "665.52110", "2018-06-30": "626.92600", "2018-03-31": "611.43010", "2017-12-31": "576.43500", "2017-09-30": "546.44400", "2017-06-30": "532.37600", "2017-03-31": "543.10000", "2016-12-31": "524.99200", "2016-09-30": "538.02000", "2016-06-30": "525.31300", "2016-03-31": "527.68100", "2015-12-31": "501.29300", "2015-09-30": "504.55800", "2015-06-30": "478.84300", "2015-03-31": "479.89500", "2014-12-31": "449.94800", "2014-09-30": "456.07100", "2014-06-30": "445.10400", "2014-03-31": "450.54300", "2013-12-31": "425.22400", "2013-09-30": "426.53300", "2013-06-30": "407.69000", "2013-03-31": "418.38700", "2012-12-31": "394.25200", "2012-09-30": "391.76700", "2012-06-30": "361.95700", "2012-03-31": "355.12400", "2011-12-31": "332.66000", "2011-09-30": "342.36300", "2011-06-30": "333.59300", "2011-03-31": "342.70200", "2010-12-31": "327.94100", "2010-09-30": "340.22500", "2010-06-30": "328.26500", "2010-03-31": "340.57800", "2009-12-31": "327.88200", "2009-09-30": "339.04400", "2009-06-30": "328.39100", "2009-03-31": "348.94200", "2008-12-31": "339.99200", "2008-09-30": "359.18700", "2008-06-30": "353.58800", "2008-03-31": "376.32700", "2007-12-31": "367.68600", "2007-09-30": "393.94300", "2007-06-30": "380.15000", "2007-03-31": "393.86300", "2006-12-31": "372.77700", "2006-09-30": "399.59600", "2006-06-30": "400.44500", "2006-03-31": "408.18100", "2005-12-31": "364.56000", "2005-09-30": "385.19600", "2005-06-30": "365.09600", "2005-03-31": "360.85900"}, "Inventory": {"2020-09-30": "", "2020-06-30": "", "2020-03-31": "", "2019-12-31": "", "2019-09-30": "", "2019-06-30": "", "2019-03-31": "", "2018-12-31": "", "2018-09-30": "", "2018-06-30": "", "2018-03-31": "", "2017-12-31": "", "2017-09-30": "", "2017-06-30": "", "2017-03-31": "", "2016-12-31": "", "2016-09-30": "", "2016-06-30": "", "2016-03-31": "", "2015-12-31": "", "2015-09-30": "", "2015-06-30": "", "2015-03-31": "", "2014-12-31": "", "2014-09-30": "", "2014-06-30": "", "2014-03-31": "", "2013-12-31": "", "2013-09-30": "", "2013-06-30": "", "2013-03-31": "", "2012-12-31": "", "2012-09-30": "", "2012-06-30": "", "2012-03-31": "", "2011-12-31": "", "2011-09-30": "", "2011-06-30": "", "2011-03-31": "", "2010-12-31": "", "2010-09-30": "", "2010-06-30": "", "2010-03-31": "", "2009-12-31": "", "2009-09-30": "", "2009-06-30": "", "2009-03-31": "", "2008-12-31": "", "2008-09-30": "", "2008-06-30": "", "2008-03-31": "", "2007-12-31": "", "2007-09-30": "", "2007-06-30": "", "2007-03-31": "", "2006-12-31": "", "2006-09-30": "", "2006-06-30": "", "2006-03-31": "", "2005-12-31": "", "2005-09-30": "", "2005-06-30": "", "2005-03-31": ""}, "Pre-Paid Expenses": {"2020-09-30": "", "2020-06-30": "", "2020-03-31": "", "2019-12-31": "", "2019-09-30": "", "2019-06-30": "", "2019-03-31": "", "2018-12-31": "", "2018-09-30": "", "2018-06-30": "", "2018-03-31": "", "2017-12-31": "", "2017-09-30": "", "2017-06-30": "", "2017-03-31": "", "2016-12-31": "", "2016-09-30": "", "2016-06-30": "", "2016-03-31": "", "2015-12-31": "", "2015-09-30": "", "2015-06-30": "", "2015-03-31": "", "2014-12-31": "", "2014-09-30": "", "2014-06-30": "", "2014-03-31": "", "2013-12-31": "", "2013-09-30": "", "2013-06-30": "", "2013-03-31": "", "2012-12-31": "", "2012-09-30": "", "2012-06-30": "", "2012-03-31": "", "2011-12-31": "", "2011-09-30": "", "2011-06-30": "", "2011-03-31": "", "2010-12-31": "", "2010-09-30": "", "2010-06-30": "", "2010-03-31": "", "2009-12-31": "", "2009-09-30": "", "2009-06-30": "", "2009-03-31": "", "2008-12-31": "", "2008-09-30": "", "2008-06-30": "", "2008-03-31": "", "2007-12-31": "", "2007-09-30": "", "2007-06-30": "", "2007-03-31": "", "2006-12-31": "", "2006-09-30": "", "2006-06-30": "", "2006-03-31": "", "2005-12-31": "", "2005-09-30": "", "2005-06-30": "", "2005-03-31": ""}, "Other Current Assets": {"2020-09-30": "", "2020-06-30": "", "2020-03-31": "", "2019-12-31": "", "2019-09-30": "", "2019-06-30": "", "2019-03-31": "", "2018-12-31": "", "2018-09-30": "", "2018-06-30": "", "2018-03-31": "", "2017-12-31": "", "2017-09-30": "", "2017-06-30": "", "2017-03-31": "", "2016-12-31": "", "2016-09-30": "", "2016-06-30": "", "2016-03-31": "", "2015-12-31": "", "2015-09-30": "", "2015-06-30": "", "2015-03-31": "", "2014-12-31": "", "2014-09-30": "", "2014-06-30": "", "2014-03-31": "", "2013-12-31": "", "2013-09-30": "", "2013-06-30": "", "2013-03-31": "", "2012-12-31": "", "2012-09-30": "", "2012-06-30": "", "2012-03-31": "", "2011-12-31": "", "2011-09-30": "", "2011-06-30": "", "2011-03-31": "", "2010-12-31": "", "2010-09-30": "", "2010-06-30": "", "2010-03-31": "", "2009-12-31": "", "2009-09-30": "", "2009-06-30": "", "2009-03-31": "", "2008-12-31": "", "2008-09-30": "", "2008-06-30": "", "2008-03-31": "", "2007-12-31": "", "2007-09-30": "", "2007-06-30": "", "2007-03-31": "", "2006-12-31": "", "2006-09-30": "", "2006-06-30": "", "2006-03-31": "", "2005-12-31": "", "2005-09-30": "", "2005-06-30": "", "2005-03-31": ""}, "Total Current Assets": {"2020-09-30": "1037.96400", "2020-06-30": "965.61510", "2020-03-31": "997.31400", "2019-12-31": "1024.61400", "2019-09-30": "1095.70000", "2019-06-30": "1007.56600", "2019-03-31": "1014.83400", "2018-12-31": "1141.92200", "2018-09-30": "927.20100", "2018-06-30": "870.67700", "2018-03-31": "901.50010", "2017-12-31": "867.84800", "2017-09-30": "831.08300", "2017-06-30": "793.80100", "2017-03-31": "779.68400", "2016-12-31": "745.31000", "2016-09-30": "767.87700", "2016-06-30": "758.59400", "2016-03-31": "762.79000", "2015-12-31": "765.51400", "2015-09-30": "799.74200", "2015-06-30": "753.62500", "2015-03-31": "714.47100", "2014-12-31": "739.85500", "2014-09-30": "735.75200", "2014-06-30": "703.57700", "2014-03-31": "689.37500", "2013-12-31": "691.73200", "2013-09-30": "676.59400", "2013-06-30": "588.02100", "2013-03-31": "603.42900", "2012-12-31": "552.43500", "2012-09-30": "579.94100", "2012-06-30": "522.44400", "2012-03-31": "559.82500", "2011-12-31": "544.05300", "2011-09-30": "552.12600", "2011-06-30": "638.65000", "2011-03-31": "676.99210", "2010-12-31": "509.32900", "2010-09-30": "515.01900", "2010-06-30": "547.73100", "2010-03-31": "583.08900", "2009-12-31": "513.38700", "2009-09-30": "543.23800", "2009-06-30": "523.10100", "2009-03-31": "527.78600", "2008-12-31": "375.38800", "2008-09-30": "392.94800", "2008-06-30": "396.82700", "2008-03-31": "426.88600", "2007-12-31": "415.93100", "2007-09-30": "441.86300", "2007-06-30": "422.37000", "2007-03-31": "440.13800", "2006-12-31": "420.38300", "2006-09-30": "461.69800", "2006-06-30": "438.77800", "2006-03-31": "447.98400", "2005-12-31": "434.34400", "2005-09-30": "419.39700", "2005-06-30": "401.64800", "2005-03-31": "390.69300"}, "Property, Plant, And Equipment": {"2020-09-30": "174.92400", "2020-06-30": "172.01500", "2020-03-31": "169.28700", "2019-12-31": "168.98600", "2019-09-30": "168.29400", "2019-06-30": "162.65000", "2019-03-31": "155.84400", "2018-12-31": "153.02300", "2018-09-30": "149.71900", "2018-06-30": "148.21400", "2018-03-31": "145.85300", "2017-12-31": "145.22300", "2017-09-30": "144.47800", "2017-06-30": "155.26400", "2017-03-31": "155.51500", "2016-12-31": "155.91000", "2016-09-30": "155.73000", "2016-06-30": "157.16400", "2016-03-31": "158.41200", "2015-12-31": "157.13100", "2015-09-30": "157.60500", "2015-06-30": "157.45500", "2015-03-31": "156.98900", "2014-12-31": "158.97600", "2014-09-30": "160.13400", "2014-06-30": "157.42800", "2014-03-31": "155.95400", "2013-12-31": "156.71600", "2013-09-30": "154.46700", "2013-06-30": "154.88400", "2013-03-31": "158.28400", "2012-12-31": "161.94000", "2012-09-30": "165.16900", "2012-06-30": "168.69600", "2012-03-31": "172.42200", "2011-12-31": "177.76000", "2011-09-30": "179.97700", "2011-06-30": "185.07500", "2011-03-31": "190.32500", "2010-12-31": "196.50500", "2010-09-30": "197.16500", "2010-06-30": "200.99900", "2010-03-31": "201.09100", "2009-12-31": "201.86200", "2009-09-30": "200.93000", "2009-06-30": "201.98700", "2009-03-31": "198.67500", "2008-12-31": "191.77700", "2008-09-30": "189.47700", "2008-06-30": "188.50400", "2008-03-31": "190.29400", "2007-12-31": "172.35700", "2007-09-30": "165.94600", "2007-06-30": "165.78800", "2007-03-31": "162.56000", "2006-12-31": "152.26000", "2006-09-30": "140.68800", "2006-06-30": "136.94400", "2006-03-31": "137.12000", "2005-12-31": "136.77900", "2005-09-30": "126.17900", "2005-06-30": "124.51100", "2005-03-31": "119.19800"}, "Long-Term Investments": {"2020-09-30": "4548.79600", "2020-06-30": "4402.15900", "2020-03-31": "4157.07700", "2019-12-31": "4312.16100", "2019-09-30": "4218.14800", "2019-06-30": "4165.00200", "2019-03-31": "4061.22400", "2018-12-31": "3768.09100", "2018-09-30": "3904.06400", "2018-06-30": "3834.15600", "2018-03-31": "3724.11600", "2017-12-31": "3732.72800", "2017-09-30": "3727.33200", "2017-06-30": "3659.15800", "2017-03-31": "3600.49800", "2016-12-31": "3547.56000", "2016-09-30": "3554.23600", "2016-06-30": "3487.83700", "2016-03-31": "3433.31500", "2015-12-31": "3380.64200", "2015-09-30": "3348.38600", "2015-06-30": "3359.76700", "2015-03-31": "3443.36300", "2014-12-31": "3403.82200", "2014-09-30": "3407.70300", "2014-06-30": "3389.58200", "2014-03-31": "3316.70400", "2013-12-31": "3158.31200", "2013-09-30": "3126.33000", "2013-06-30": "3176.29700", "2013-03-31": "3204.75700", "2012-12-31": "3180.09500", "2012-09-30": "3160.61300", "2012-06-30": "3113.13000", "2012-03-31": "3119.24600", "2011-12-31": "3062.42100", "2011-09-30": "3037.56100", "2011-06-30": "3117.60200", "2011-03-31": "3025.85400", "2010-12-31": "3155.25700", "2010-09-30": "3223.48200", "2010-06-30": "3081.10400", "2010-03-31": "3116.14100", "2009-12-31": "3146.85700", "2009-09-30": "3142.70700", "2009-06-30": "2978.18200", "2009-03-31": "2905.21700", "2008-12-31": "2933.82000", "2008-09-30": "3217.92300", "2008-06-30": "3484.05500", "2008-03-31": "3474.06200", "2007-12-31": "3588.67500", "2007-09-30": "3612.94000", "2007-06-30": "3536.42500", "2007-03-31": "3536.03100", "2006-12-31": "3499.73800", "2006-09-30": "3472.81500", "2006-06-30": "3376.31900", "2006-03-31": "3321.28100", "2005-12-31": "3242.71200", "2005-09-30": "3253.35900", "2005-06-30": "3114.91000", "2005-03-31": "3040.57100"}, "Goodwill And Intangible Assets": {"2020-09-30": "52.73500", "2020-06-30": "52.96000", "2020-03-31": "53.19600", "2019-12-31": "53.43200", "2019-09-30": "54.69900", "2019-06-30": "55.96600", "2019-03-31": "57.23300", "2018-12-31": "58.33000", "2018-09-30": "59.69700", "2018-06-30": "61.05200", "2018-03-31": "62.41800", "2017-12-31": "63.52400", "2017-09-30": "64.40700", "2017-06-30": "65.74500", "2017-03-31": "67.08300", "2016-12-31": "68.42100", "2016-09-30": "69.94000", "2016-06-30": "71.45900", "2016-03-31": "72.97800", "2015-12-31": "74.49800", "2015-09-30": "75.33400", "2015-06-30": "76.82900", "2015-03-31": "78.32400", "2014-12-31": "78.41900", "2014-09-30": "79.91400", "2014-06-30": "81.40900", "2014-03-31": "82.90400", "2013-12-31": "84.39900", "2013-09-30": "85.89400", "2013-06-30": "87.38900", "2013-03-31": "88.88600", "2012-12-31": "90.38500", "2012-09-30": "91.95500", "2012-06-30": "93.50300", "2012-03-31": "95.05100", "2011-12-31": "96.59900", "2011-09-30": "98.14800", "2011-06-30": "99.72000", "2011-03-31": "101.33600", "2010-12-31": "102.97400", "2010-09-30": "104.56500", "2010-06-30": "106.26800", "2010-03-31": "107.97000", "2009-12-31": "109.67300", "2009-09-30": "111.37600", "2009-06-30": "113.07900", "2009-03-31": "114.33200", "2008-12-31": "", "2008-09-30": "", "2008-06-30": "", "2008-03-31": "", "2007-12-31": "", "2007-09-30": "", "2007-06-30": "", "2007-03-31": "", "2006-12-31": "", "2006-09-30": "", "2006-06-30": "", "2006-03-31": "", "2005-12-31": "", "2005-09-30": "", "2005-06-30": "", "2005-03-31": ""}, "Other Long-Term Assets": {"2020-09-30": "38.83200", "2020-06-30": "38.04100", "2020-03-31": "33.56700", "2019-12-31": "51.88900", "2019-09-30": "52.87300", "2019-06-30": "53.73500", "2019-03-31": "56.58700", "2018-12-31": "83.89300", "2018-09-30": "55.87600", "2018-06-30": "81.09700", "2018-03-31": "96.69200", "2017-12-31": "93.84900", "2017-09-30": "26.04100", "2017-06-30": "31.59800", "2017-03-31": "20.29000", "2016-12-31": "25.41400", "2016-09-30": "33.21100", "2016-06-30": "37.76700", "2016-03-31": "42.36600", "2015-12-31": "25.86700", "2015-09-30": "39.29600", "2015-06-30": "25.42700", "2015-03-31": "25.48300", "2014-12-31": "22.01500", "2014-09-30": "24.06500", "2014-06-30": "31.18700", "2014-03-31": "29.86400", "2013-12-31": "14.33600", "2013-09-30": "74.45000", "2013-06-30": "17.94100", "2013-03-31": "25.96600", "2012-12-31": "18.92100", "2012-09-30": "26.91900", "2012-06-30": "43.54500", "2012-03-31": "14.84300", "2011-12-31": "11.23200", "2011-09-30": "8.66100", "2011-06-30": "11.40700", "2011-03-31": "14.80400", "2010-12-31": "42.22100", "2010-09-30": "24.93200", "2010-06-30": "28.10200", "2010-03-31": "22.00200", "2009-12-31": "48.84900", "2009-09-30": "29.75500", "2009-06-30": "24.40200", "2009-03-31": "34.29100", "2008-12-31": "78.18000", "2008-09-30": "51.65800", "2008-06-30": "35.44400", "2008-03-31": "37.93200", "2007-12-31": "27.72800", "2007-09-30": "41.43100", "2007-06-30": "32.43800", "2007-03-31": "17.82200", "2006-12-31": "18.89800", "2006-09-30": "21.19600", "2006-06-30": "20.73600", "2006-03-31": "25.63900", "2005-12-31": "39.09000", "2005-09-30": "19.95100", "2005-06-30": "22.85200", "2005-03-31": "22.25800"}, "Total Long-Term Assets": {"2020-09-30": "5066.74900", "2020-06-30": "4907.91600", "2020-03-31": "4674.45800", "2019-12-31": "4819.63400", "2019-09-30": "4731.70800", "2019-06-30": "4664.52000", "2019-03-31": "4550.61100", "2018-12-31": "4291.80700", "2018-09-30": "4385.83600", "2018-06-30": "4333.79400", "2018-03-31": "4231.28700", "2017-12-31": "4233.47500", "2017-09-30": "4194.51600", "2017-06-30": "4145.18200", "2017-03-31": "4084.30500", "2016-12-31": "4043.40800", "2016-09-30": "4033.39500", "2016-06-30": "3963.45400", "2016-03-31": "3929.27300", "2015-12-31": "3863.13100", "2015-09-30": "3846.83700", "2015-06-30": "3832.85900", "2015-03-31": "3903.58600", "2014-12-31": "3860.43400", "2014-09-30": "3873.25400", "2014-06-30": "3858.82300", "2014-03-31": "3786.74400", "2013-12-31": "3623.44900", "2013-09-30": "3663.86200", "2013-06-30": "3643.79900", "2013-03-31": "3668.73700", "2012-12-31": "3637.25100", "2012-09-30": "3630.96900", "2012-06-30": "3597.98900", "2012-03-31": "3576.95400", "2011-12-31": "3525.95300", "2011-09-30": "3544.49100", "2011-06-30": "3607.86500", "2011-03-31": "3531.58300", "2010-12-31": "3694.03500", "2010-09-30": "3745.47700", "2010-06-30": "3634.13900", "2010-03-31": "3654.41900", "2009-12-31": "3719.24600", "2009-09-30": "3730.60900", "2009-06-30": "3618.77000", "2009-03-31": "3604.17600", "2008-12-31": "3574.80700", "2008-09-30": "3757.30200", "2008-06-30": "3913.95700", "2008-03-31": "3917.17200", "2007-12-31": "3998.56500", "2007-09-30": "4035.96700", "2007-06-30": "3948.55300", "2007-03-31": "3932.60400", "2006-12-31": "3880.67900", "2006-09-30": "3848.41900", "2006-06-30": "3741.68300", "2006-03-31": "3688.96100", "2005-12-31": "3616.52400", "2005-09-30": "3597.43500", "2005-06-30": "3452.27100", "2005-03-31": "3365.45600"}, "Total Assets": {"2020-09-30": "6145.78800", "2020-06-30": "5916.73700", "2020-03-31": "5716.89800", "2019-12-31": "5889.15700", "2019-09-30": "5873.24200", "2019-06-30": "5716.51800", "2019-03-31": "5606.72000", "2018-12-31": "5433.72900", "2018-09-30": "5313.03700", "2018-06-30": "5204.47100", "2018-03-31": "5132.78700", "2017-12-31": "5101.32300", "2017-09-30": "5025.59900", "2017-06-30": "4938.98300", "2017-03-31": "4863.98900", "2016-12-31": "4788.71800", "2016-09-30": "4801.27200", "2016-06-30": "4722.04800", "2016-03-31": "4692.06300", "2015-12-31": "4628.64500", "2015-09-30": "4646.57900", "2015-06-30": "4586.48400", "2015-03-31": "4618.05700", "2014-12-31": "4600.28900", "2014-09-30": "4609.00600", "2014-06-30": "4562.40000", "2014-03-31": "4476.11900", "2013-12-31": "4315.18100", "2013-09-30": "4340.45600", "2013-06-30": "4231.82000", "2013-03-31": "4272.16600", "2012-12-31": "4189.68600", "2012-09-30": "4210.91000", "2012-06-30": "4120.43300", "2012-03-31": "4136.77900", "2011-12-31": "4070.00600", "2011-09-30": "4096.61700", "2011-06-30": "4246.51500", "2011-03-31": "4208.57500", "2010-12-31": "4203.36400", "2010-09-30": "4260.49600", "2010-06-30": "4181.87000", "2010-03-31": "4237.50800", "2009-12-31": "4232.63300", "2009-09-30": "4273.84700", "2009-06-30": "4141.87100", "2009-03-31": "4131.96200", "2008-12-31": "3950.19500", "2008-09-30": "4150.25000", "2008-06-30": "4310.78400", "2008-03-31": "4344.05800", "2007-12-31": "4414.49600", "2007-09-30": "4477.83000", "2007-06-30": "4370.92300", "2007-03-31": "4372.74200", "2006-12-31": "4301.06200", "2006-09-30": "4310.11700", "2006-06-30": "4180.46100", "2006-03-31": "4136.94500", "2005-12-31": "4050.86800", "2005-09-30": "4016.83200", "2005-06-30": "3853.91900", "2005-03-31": "3756.14900"}, "Total Current Liabilities": {"2020-09-30": "3554.84700", "2020-06-30": "3445.35300", "2020-03-31": "3433.05500", "2019-12-31": "3420.12000", "2019-09-30": "3395.45200", "2019-06-30": "3246.34300", "2019-03-31": "3198.53100", "2018-12-31": "3180.66400", "2018-09-30": "2959.47300", "2018-06-30": "2873.90900", "2018-03-31": "2813.54000", "2017-12-31": "2720.79200", "2017-09-30": "2622.96200", "2017-06-30": "2541.75200", "2017-03-31": "2536.22300", "2016-12-31": "2477.01900", "2016-09-30": "2466.21200", "2016-06-30": "2406.49200", "2016-03-31": "2370.30400", "2015-12-31": "2318.57300", "2015-09-30": "2334.22100", "2015-06-30": "2268.83700", "2015-03-31": "2250.06500", "2014-12-31": "2222.48200", "2014-09-30": "2217.42900", "2014-06-30": "2167.33100", "2014-03-31": "2149.71300", "2013-12-31": "2120.17400", "2013-09-30": "2111.82700", "2013-06-30": "2061.70900", "2013-03-31": "2070.88100", "2012-12-31": "2052.77200", "2012-09-30": "1999.87600", "2012-06-30": "1960.92000", "2012-03-31": "1919.78800", "2011-12-31": "1923.44900", "2011-09-30": "1950.78700", "2011-06-30": "1936.73500", "2011-03-31": "1941.85900", "2010-12-31": "1974.24600", "2010-09-30": "1980.57700", "2010-06-30": "1973.38700", "2010-03-31": "1997.42000", "2009-12-31": "2012.34300", "2009-09-30": "2061.53900", "2009-06-30": "2051.47500", "2009-03-31": "2092.83500", "2008-12-31": "2107.02300", "2008-09-30": "2096.61400", "2008-06-30": "2059.95600", "2008-03-31": "2115.45300", "2007-12-31": "2168.04000", "2007-09-30": "2214.23300", "2007-06-30": "2188.02300", "2007-03-31": "2178.67000", "2006-12-31": "2176.36000", "2006-09-30": "2184.96200", "2006-06-30": "2139.71200", "2006-03-31": "2084.60500", "2005-12-31": "2062.83100", "2005-09-30": "2019.59400", "2005-06-30": "1942.52500", "2005-03-31": "1883.95100"}, "Long Term Debt": {"2020-09-30": "372.43200", "2020-06-30": "372.33300", "2020-03-31": "372.23300", "2019-12-31": "372.13300", "2019-09-30": "372.03400", "2019-06-30": "371.93400", "2019-03-31": "371.83400", "2018-12-31": "371.73400", "2018-09-30": "371.63500", "2018-06-30": "371.53500", "2018-03-31": "371.43500", "2017-12-31": "371.33500", "2017-09-30": "371.23600", "2017-06-30": "371.13600", "2017-03-31": "371.04400", "2016-12-31": "320.00000", "2016-09-30": "290.00000", "2016-06-30": "290.00000", "2016-03-31": "290.00000", "2015-12-31": "290.00000", "2015-09-30": "290.00000", "2015-06-30": "290.00000", "2015-03-31": "290.00000", "2014-12-31": "290.00000", "2014-09-30": "290.00000", "2014-06-30": "270.00000", "2014-03-31": "270.00000", "2013-12-31": "190.00000", "2013-09-30": "180.00000", "2013-06-30": "140.00000", "2013-03-31": "140.00000", "2012-12-31": "140.00000", "2012-09-30": "140.00000", "2012-06-30": "140.00000", "2012-03-31": "140.00000", "2011-12-31": "140.00000", "2011-09-30": "138.00000", "2011-06-30": "263.89600", "2011-03-31": "265.59200", "2010-12-31": "267.21000", "2010-09-30": "268.99100", "2010-06-30": "269.96400", "2010-03-31": "270.91500", "2009-12-31": "271.39700", "2009-09-30": "272.69000", "2009-06-30": "273.42600", "2009-03-31": "275.88800", "2008-12-31": "158.62500", "2008-09-30": "154.95600", "2008-06-30": "154.06700", "2008-03-31": "160.11800", "2007-12-31": "138.56200", "2007-09-30": "130.98000", "2007-06-30": "127.91300", "2007-03-31": "140.80800", "2006-12-31": "141.55400", "2006-09-30": "141.96100", "2006-06-30": "138.74400", "2006-03-31": "140.74300", "2005-12-31": "143.54000", "2005-09-30": "136.01600", "2005-06-30": "136.00800", "2005-03-31": "136.00100"}, "Other Non-Current Liabilities": {"2020-09-30": "246.72200", "2020-06-30": "219.61600", "2020-03-31": "234.41800", "2019-12-31": "221.44200", "2019-09-30": "233.44500", "2019-06-30": "267.53400", "2019-03-31": "267.45600", "2018-12-31": "263.64700", "2018-09-30": "240.55300", "2018-06-30": "240.36200", "2018-03-31": "256.34000", "2017-12-31": "224.87700", "2017-09-30": "242.03700", "2017-06-30": "250.19700", "2017-03-31": "202.10700", "2016-12-31": "229.33500", "2016-09-30": "226.85500", "2016-06-30": "203.52800", "2016-03-31": "224.38100", "2015-12-31": "199.18700", "2015-09-30": "192.85900", "2015-06-30": "179.90400", "2015-03-31": "208.02800", "2014-12-31": "207.02800", "2014-09-30": "163.83900", "2014-06-30": "163.96800", "2014-03-31": "187.32100", "2013-12-31": "170.66500", "2013-09-30": "182.15000", "2013-06-30": "193.84800", "2013-03-31": "168.45800", "2012-12-31": "153.97200", "2012-09-30": "160.18700", "2012-06-30": "157.78000", "2012-03-31": "163.22400", "2011-12-31": "149.00700", "2011-09-30": "182.77300", "2011-06-30": "184.41900", "2011-03-31": "180.24700", "2010-12-31": "167.09300", "2010-09-30": "159.83700", "2010-06-30": "152.51500", "2010-03-31": "169.04800", "2009-12-31": "177.94700", "2009-09-30": "163.89200", "2009-06-30": "164.84800", "2009-03-31": "203.89500", "2008-12-31": "190.49600", "2008-09-30": "203.90800", "2008-06-30": "223.22800", "2008-03-31": "219.62300", "2007-12-31": "211.89400", "2007-09-30": "238.50400", "2007-06-30": "233.45700", "2007-03-31": "227.34600", "2006-12-31": "207.16900", "2006-09-30": "242.89100", "2006-06-30": "233.54100", "2006-03-31": "215.13900", "2005-12-31": "199.20400", "2005-09-30": "205.01900", "2005-06-30": "182.83000", "2005-03-31": "204.94000"}, "Total Long Term Liabilities": {"2020-09-30": "645.55100", "2020-06-30": "607.93300", "2020-03-31": "612.16100", "2019-12-31": "621.53900", "2019-09-30": "626.54700", "2019-06-30": "655.12190", "2019-03-31": "645.45600", "2018-12-31": "635.38100", "2018-09-30": "619.33400", "2018-06-30": "620.70400", "2018-03-31": "635.02600", "2017-12-31": "619.14400", "2017-09-30": "626.44600", "2017-06-30": "634.03900", "2017-03-31": "581.79700", "2016-12-31": "559.29700", "2016-09-30": "519.60300", "2016-06-30": "493.52800", "2016-03-31": "514.38100", "2015-12-31": "489.18700", "2015-09-30": "482.85900", "2015-06-30": "469.90400", "2015-03-31": "498.02800", "2014-12-31": "502.36100", "2014-09-30": "466.93700", "2014-06-30": "471.40600", "2014-03-31": "464.60000", "2013-12-31": "372.52100", "2013-09-30": "388.47400", "2013-06-30": "336.24300", "2013-03-31": "325.93900", "2012-12-31": "294.41700", "2012-09-30": "317.20100", "2012-06-30": "298.78200", "2012-03-31": "318.43100", "2011-12-31": "289.07400", "2011-09-30": "336.34300", "2011-06-30": "464.17800", "2011-03-31": "445.83900", "2010-12-31": "434.30300", "2010-09-30": "428.82800", "2010-06-30": "422.47900", "2010-03-31": "439.96300", "2009-12-31": "449.34400", "2009-09-30": "443.69500", "2009-06-30": "447.85000", "2009-03-31": "479.78300", "2008-12-31": "349.12100", "2008-09-30": "358.86400", "2008-06-30": "384.50000", "2008-03-31": "402.43200", "2007-12-31": "384.45800", "2007-09-30": "417.92500", "2007-06-30": "393.28100", "2007-03-31": "427.96200", "2006-12-31": "400.57200", "2006-09-30": "430.96900", "2006-06-30": "407.41200", "2006-03-31": "422.20400", "2005-12-31": "380.20000", "2005-09-30": "399.35600", "2005-06-30": "359.94490", "2005-03-31": "388.02900"}, "Total Liabilities": {"2020-09-30": "4244.95600", "2020-06-30": "4099.92200", "2020-03-31": "4093.45400", "2019-12-31": "4089.65500", "2019-09-30": "4070.69800", "2019-06-30": "3948.55600", "2019-03-31": "3887.42600", "2018-12-31": "3816.04500", "2018-09-30": "3578.80700", "2018-06-30": "3494.61300", "2018-03-31": "3448.56600", "2017-12-31": "3339.93600", "2017-09-30": "3249.40800", "2017-06-30": "3175.79100", "2017-03-31": "3118.02000", "2016-12-31": "3036.31600", "2016-09-30": "2985.81500", "2016-06-30": "2900.02000", "2016-03-31": "2884.68500", "2015-12-31": "2807.76000", "2015-09-30": "2817.08000", "2015-06-30": "2738.74100", "2015-03-31": "2748.09300", "2014-12-31": "2724.84300", "2014-09-30": "2684.36600", "2014-06-30": "2638.73700", "2014-03-31": "2614.31300", "2013-12-31": "2492.69500", "2013-09-30": "2500.30100", "2013-06-30": "2397.95200", "2013-03-31": "2396.82000", "2012-12-31": "2347.18900", "2012-09-30": "2317.07700", "2012-06-30": "2259.70200", "2012-03-31": "2238.21900", "2011-12-31": "2212.52300", "2011-09-30": "2287.13000", "2011-06-30": "2400.91300", "2011-03-31": "2387.69800", "2010-12-31": "2408.54900", "2010-09-30": "2409.40500", "2010-06-30": "2395.86600", "2010-03-31": "2437.38300", "2009-12-31": "2461.68700", "2009-09-30": "2505.23400", "2009-06-30": "2499.32500", "2009-03-31": "2572.61800", "2008-12-31": "2456.14400", "2008-09-30": "2455.47800", "2008-06-30": "2444.45600", "2008-03-31": "2517.88500", "2007-12-31": "2552.49800", "2007-09-30": "2632.15800", "2007-06-30": "2581.30400", "2007-03-31": "2606.63200", "2006-12-31": "2576.93200", "2006-09-30": "2615.93100", "2006-06-30": "2547.12400", "2006-03-31": "2506.80900", "2005-12-31": "2443.03100", "2005-09-30": "2418.95000", "2005-06-30": "2302.47000", "2005-03-31": "2271.98000"}, "Common Stock Net": {"2020-09-30": "98.93400", "2020-06-30": "98.89800", "2020-03-31": "98.86300", "2019-12-31": "98.82800", "2019-09-30": "98.68300", "2019-06-30": "98.64700", "2019-03-31": "98.49500", "2018-12-31": "98.02600", "2018-09-30": "97.96700", "2018-06-30": "97.58600", "2018-03-31": "97.54600", "2017-12-31": "97.52300", "2017-09-30": "97.52300", "2017-06-30": "96.56500", "2017-03-31": "96.54400", "2016-12-31": "95.52900", "2016-09-30": "94.93700", "2016-06-30": "94.00600", "2016-03-31": "93.97100", "2015-12-31": "90.98500", "2015-09-30": "91.02800", "2015-06-30": "90.99300", "2015-03-31": "90.10500", "2014-12-31": "88.70500", "2014-09-30": "83.66600", "2014-06-30": "81.78400", "2014-03-31": "81.71000", "2013-12-31": "81.59100", "2013-09-30": "81.10900", "2013-06-30": "80.85700", "2013-03-31": "79.40900", "2012-12-31": "79.38000", "2012-09-30": "79.06300", "2012-06-30": "79.01600", "2012-03-31": "77.83300", "2011-12-31": "76.63400", "2011-09-30": "75.37000", "2011-06-30": "75.08600", "2011-03-31": "74.82200", "2010-12-31": "74.18800", "2010-09-30": "73.85900", "2010-06-30": "73.46600", "2010-03-31": "72.99400", "2009-12-31": "72.58900", "2009-09-30": "72.24800", "2009-06-30": "72.03000", "2009-03-31": "71.82700", "2008-12-31": "71.42800", "2008-09-30": "71.11100", "2008-06-30": "70.25000", "2008-03-31": "69.53800", "2007-12-31": "69.36900", "2007-09-30": "69.00600", "2007-06-30": "68.73200", "2007-03-31": "67.06200", "2006-12-31": "66.43600", "2006-09-30": "66.35200", "2006-06-30": "65.78100", "2006-03-31": "64.45100", "2005-12-31": "63.10300", "2005-09-30": "62.64600", "2005-06-30": "61.66600", "2005-03-31": "61.04100"}, "Retained Earnings (Accumulated Deficit)": {"2020-09-30": "1801.89800", "2020-06-30": "1717.91700", "2020-03-31": "1524.58100", "2019-12-31": "1700.67400", "2019-09-30": "1703.86100", "2019-06-30": "1669.31500", "2019-03-31": "1620.79900", "2018-12-31": "1519.65800", "2018-09-30": "1636.26300", "2018-06-30": "1612.27200", "2018-03-31": "1586.67500", "2017-12-31": "1663.86400", "2017-09-30": "1678.66800", "2017-06-30": "1666.62700", "2017-03-31": "1649.42500", "2016-12-31": "1656.87300", "2016-09-30": "1717.37300", "2016-06-30": "1724.71100", "2016-03-31": "1710.09600", "2015-12-31": "1721.03000", "2015-09-30": "1731.82700", "2015-06-30": "1750.62100", "2015-03-31": "1775.04700", "2014-12-31": "1782.93700", "2014-09-30": "1837.92800", "2014-06-30": "1840.46900", "2014-03-31": "1779.32200", "2013-12-31": "1740.48400", "2013-09-30": "1758.91800", "2013-06-30": "1753.01100", "2013-03-31": "1795.93700", "2012-12-31": "1763.11700", "2012-09-30": "1814.13500", "2012-06-30": "1781.43000", "2012-03-31": "1820.18900", "2011-12-31": "1780.31100", "2011-09-30": "1734.30400", "2011-06-30": "1770.98100", "2011-03-31": "1746.62400", "2010-12-31": "1721.28900", "2010-09-30": "1777.81700", "2010-06-30": "1713.29900", "2010-03-31": "1727.80900", "2009-12-31": "1698.95400", "2009-09-30": "1697.03700", "2009-06-30": "1571.06600", "2009-03-31": "1488.38500", "2008-12-31": "1423.49900", "2008-09-30": "1623.60700", "2008-06-30": "1795.90300", "2008-03-31": "1756.92400", "2007-12-31": "1712.07200", "2007-09-30": "1695.94000", "2007-06-30": "1661.11700", "2007-03-31": "1620.06100", "2006-12-31": "1588.04200", "2006-09-30": "1564.15200", "2006-06-30": "1522.17300", "2006-03-31": "1510.60600", "2005-12-31": "1478.18500", "2005-09-30": "1455.44800", "2005-06-30": "1405.90600", "2005-03-31": "1355.76500"}, "Comprehensive Income": {"2020-09-30": "", "2020-06-30": "", "2020-03-31": "", "2019-12-31": "", "2019-09-30": "", "2019-06-30": "", "2019-03-31": "", "2018-12-31": "", "2018-09-30": "", "2018-06-30": "", "2018-03-31": "", "2017-12-31": "", "2017-09-30": "", "2017-06-30": "", "2017-03-31": "", "2016-12-31": "", "2016-09-30": "", "2016-06-30": "", "2016-03-31": "", "2015-12-31": "", "2015-09-30": "", "2015-06-30": "", "2015-03-31": "", "2014-12-31": "", "2014-09-30": "", "2014-06-30": "", "2014-03-31": "", "2013-12-31": "", "2013-09-30": "", "2013-06-30": "", "2013-03-31": "", "2012-12-31": "", "2012-09-30": "", "2012-06-30": "", "2012-03-31": "", "2011-12-31": "", "2011-09-30": "-0.53900", "2011-06-30": "-0.63100", "2011-03-31": "-0.64700", "2010-12-31": "-0.74000", "2010-09-30": "-0.87000", "2010-06-30": "-0.79700", "2010-03-31": "-0.69600", "2009-12-31": "-0.59700", "2009-09-30": "-0.67200", "2009-06-30": "-0.55000", "2009-03-31": "-0.86800", "2008-12-31": "-0.87600", "2008-09-30": "0.05400", "2008-06-30": "0.17500", "2008-03-31": "-0.28900", "2007-12-31": "80.55700", "2007-09-30": "80.72600", "2007-06-30": "59.77000", "2007-03-31": "78.98700", "2006-12-31": "69.65200", "2006-09-30": "63.68200", "2006-06-30": "45.38300", "2006-03-31": "55.07900", "2005-12-31": "66.54900", "2005-09-30": "79.78800", "2005-06-30": "83.87700", "2005-03-31": "67.36300"}, "Other Share Holders Equity": {"2020-09-30": "", "2020-06-30": "", "2020-03-31": "", "2019-12-31": "", "2019-09-30": "", "2019-06-30": "", "2019-03-31": "", "2018-12-31": "", "2018-09-30": "", "2018-06-30": "", "2018-03-31": "", "2017-12-31": "", "2017-09-30": "", "2017-06-30": "", "2017-03-31": "", "2016-12-31": "", "2016-09-30": "", "2016-06-30": "", "2016-03-31": "", "2015-12-31": "", "2015-09-30": "", "2015-06-30": "", "2015-03-31": "", "2014-12-31": "", "2014-09-30": "", "2014-06-30": "", "2014-03-31": "", "2013-12-31": "", "2013-09-30": "", "2013-06-30": "", "2013-03-31": "", "2012-12-31": "", "2012-09-30": "", "2012-06-30": "", "2012-03-31": "", "2011-12-31": "", "2011-09-30": "", "2011-06-30": "", "2011-03-31": "", "2010-12-31": "", "2010-09-30": "", "2010-06-30": "", "2010-03-31": "", "2009-12-31": "", "2009-09-30": "", "2009-06-30": "", "2009-03-31": "", "2008-12-31": "", "2008-09-30": "", "2008-06-30": "", "2008-03-31": "", "2007-12-31": "", "2007-09-30": "", "2007-06-30": "", "2007-03-31": "", "2006-12-31": "", "2006-09-30": "", "2006-06-30": "", "2006-03-31": "", "2005-12-31": "", "2005-09-30": "", "2005-06-30": "", "2005-03-31": ""}, "Share Holder Equity": {"2020-09-30": "1900.83200", "2020-06-30": "1816.81500", "2020-03-31": "1623.44400", "2019-12-31": "1799.50200", "2019-09-30": "1802.54400", "2019-06-30": "1767.96200", "2019-03-31": "1719.29400", "2018-12-31": "1617.68400", "2018-09-30": "1734.23000", "2018-06-30": "1709.85800", "2018-03-31": "1684.22100", "2017-12-31": "1761.38700", "2017-09-30": "1776.19100", "2017-06-30": "1763.19200", "2017-03-31": "1745.96900", "2016-12-31": "1752.40200", "2016-09-30": "1815.45700", "2016-06-30": "1822.02800", "2016-03-31": "1807.37800", "2015-12-31": "1820.88500", "2015-09-30": "1829.49900", "2015-06-30": "1847.74300", "2015-03-31": "1869.96400", "2014-12-31": "1875.44600", "2014-09-30": "1924.64000", "2014-06-30": "1923.66300", "2014-03-31": "1861.80600", "2013-12-31": "1822.48600", "2013-09-30": "1840.15500", "2013-06-30": "1833.86800", "2013-03-31": "1875.34600", "2012-12-31": "1842.49700", "2012-09-30": "1893.83300", "2012-06-30": "1860.73100", "2012-03-31": "1898.56000", "2011-12-31": "1857.48300", "2011-09-30": "1809.48700", "2011-06-30": "1845.60200", "2011-03-31": "1820.87700", "2010-12-31": "1794.81500", "2010-09-30": "1851.09100", "2010-06-30": "1786.00400", "2010-03-31": "1800.12500", "2009-12-31": "1770.94600", "2009-09-30": "1768.61300", "2009-06-30": "1642.54600", "2009-03-31": "1559.34400", "2008-12-31": "1494.05100", "2008-09-30": "1694.77200", "2008-06-30": "1866.32800", "2008-03-31": "1826.17300", "2007-12-31": "1861.99800", "2007-09-30": "1845.67200", "2007-06-30": "1789.61900", "2007-03-31": "1766.11000", "2006-12-31": "1724.13000", "2006-09-30": "1694.18600", "2006-06-30": "1633.33700", "2006-03-31": "1630.13600", "2005-12-31": "1607.83700", "2005-09-30": "1597.88200", "2005-06-30": "1551.44900", "2005-03-31": "1484.16900"}, "Total Liabilities And Share Holders Equity": {"2020-09-30": "6145.78800", "2020-06-30": "5916.73700", "2020-03-31": "5716.89800", "2019-12-31": "5889.15700", "2019-09-30": "5873.24200", "2019-06-30": "5716.51800", "2019-03-31": "5606.72000", "2018-12-31": "5433.72900", "2018-09-30": "5313.03700", "2018-06-30": "5204.47100", "2018-03-31": "5132.78700", "2017-12-31": "5101.32300", "2017-09-30": "5025.59900", "2017-06-30": "4938.98300", "2017-03-31": "4863.98900", "2016-12-31": "4788.71800", "2016-09-30": "4801.27200", "2016-06-30": "4722.04800", "2016-03-31": "4692.06300", "2015-12-31": "4628.64500", "2015-09-30": "4646.57900", "2015-06-30": "4586.48400", "2015-03-31": "4618.05700", "2014-12-31": "4600.28900", "2014-09-30": "4609.00600", "2014-06-30": "4562.40000", "2014-03-31": "4476.11900", "2013-12-31": "4315.18100", "2013-09-30": "4340.45600", "2013-06-30": "4231.82000", "2013-03-31": "4272.16600", "2012-12-31": "4189.68600", "2012-09-30": "4210.91000", "2012-06-30": "4120.43300", "2012-03-31": "4136.77900", "2011-12-31": "4070.00600", "2011-09-30": "4096.61700", "2011-06-30": "4246.51500", "2011-03-31": "4208.57500", "2010-12-31": "4203.36400", "2010-09-30": "4260.49600", "2010-06-30": "4181.87000", "2010-03-31": "4237.50800", "2009-12-31": "4232.63300", "2009-09-30": "4273.84700", "2009-06-30": "4141.87100", "2009-03-31": "4131.96200", "2008-12-31": "3950.19500", "2008-09-30": "4150.25000", "2008-06-30": "4310.78400", "2008-03-31": "4344.05800", "2007-12-31": "4414.49600", "2007-09-30": "4477.83000", "2007-06-30": "4370.92300", "2007-03-31": "4372.74200", "2006-12-31": "4301.06200", "2006-09-30": "4310.11700", "2006-06-30": "4180.46100", "2006-03-31": "4136.94500", "2005-12-31": "4050.86800", "2005-09-30": "4016.83200", "2005-06-30": "3853.91900", "2005-03-31": "3756.14900"}}, "cash flow statement": {"Net Income/Loss": {"2019-12-31": "320.08700", "2018-12-31": "-5.72800", "2017-12-31": "144.87700", "2016-12-31": "73.04400", "2015-12-31": "74.47900", "2014-12-31": "177.94900", "2013-12-31": "112.14300", "2012-12-31": "116.91100", "2011-12-31": "191.16400", "2010-12-31": "152.19800", "2009-12-31": "403.07200", "2008-12-31": "-242.11900", "2007-12-31": "237.83200", "2006-12-31": "214.81700", "2005-12-31": "253.25900"}, "Total Depreciation And Amortization - Cash Flow": {"2019-12-31": "64.73000", "2018-12-31": "58.79100", "2017-12-31": "55.34300", "2016-12-31": "53.25800", "2015-12-31": "47.83800", "2014-12-31": "46.97200", "2013-12-31": "43.11600", "2012-12-31": "43.73100", "2011-12-31": "45.27200", "2010-12-31": "41.79700", "2009-12-31": "42.34700", "2008-12-31": "39.30000", "2007-12-31": "33.73800", "2006-12-31": "28.96300", "2005-12-31": "30.59500"}, "Other Non-Cash Items": {"2019-12-31": "-222.67000", "2018-12-31": "133.66500", "2017-12-31": "-86.66800", "2016-12-31": "34.39700", "2015-12-31": "83.94900", "2014-12-31": "-77.22000", "2013-12-31": "12.19400", "2012-12-31": "-66.83600", "2011-12-31": "-57.55400", "2010-12-31": "-56.40900", "2009-12-31": "-345.68600", "2008-12-31": "551.05100", "2007-12-31": "-20.59400", "2006-12-31": "-15.05500", "2005-12-31": "-16.16000"}, "Total Non-Cash Items": {"2019-12-31": "-157.94000", "2018-12-31": "192.45600", "2017-12-31": "-31.32500", "2016-12-31": "87.65500", "2015-12-31": "131.78700", "2014-12-31": "-30.24800", "2013-12-31": "55.31000", "2012-12-31": "-23.10500", "2011-12-31": "-12.28200", "2010-12-31": "-14.61200", "2009-12-31": "-303.33900", "2008-12-31": "590.35110", "2007-12-31": "13.14400", "2006-12-31": "13.90800", "2005-12-31": "14.43500"}, "Change In Accounts Receivable": {"2019-12-31": "92.48200", "2018-12-31": "-245.71800", "2017-12-31": "-57.95100", "2016-12-31": "-21.53300", "2015-12-31": "-41.60100", "2014-12-31": "-23.93400", "2013-12-31": "-20.68800", "2012-12-31": "-56.58800", "2011-12-31": "-7.81900", "2010-12-31": "-4.19200", "2009-12-31": "17.13800", "2008-12-31": "28.31400", "2007-12-31": "6.14500", "2006-12-31": "-16.60000", "2005-12-31": "-18.04100"}, "Change In Inventories": {"2019-12-31": "", "2018-12-31": "", "2017-12-31": "", "2016-12-31": "", "2015-12-31": "", "2014-12-31": "", "2013-12-31": "", "2012-12-31": "", "2011-12-31": "", "2010-12-31": "", "2009-12-31": "3.20900", "2008-12-31": "3.46300", "2007-12-31": "-10.10100", "2006-12-31": "", "2005-12-31": ""}, "Change In Accounts Payable": {"2019-12-31": "145.85900", "2018-12-31": "140.84000", "2017-12-31": "23.31200", "2016-12-31": "14.53800", "2015-12-31": "7.46600", "2014-12-31": "77.29000", "2013-12-31": "63.46500", "2012-12-31": "78.19900", "2011-12-31": "0.06300", "2010-12-31": "-20.21500", "2009-12-31": "-19.35400", "2008-12-31": "-89.53500", "2007-12-31": "-24.23800", "2006-12-31": "50.51800", "2005-12-31": "101.71300"}, "Change In Assets/Liabilities": {"2019-12-31": "46.64500", "2018-12-31": "315.48200", "2017-12-31": "265.50200", "2016-12-31": "140.10400", "2015-12-31": "53.42700", "2014-12-31": "37.13500", "2013-12-31": "-3.87700", "2012-12-31": "32.72800", "2011-12-31": "-58.03200", "2010-12-31": "-32.79700", "2009-12-31": "-62.55100", "2008-12-31": "21.93900", "2007-12-31": "14.33100", "2006-12-31": "79.32600", "2005-12-31": "160.87000"}, "Total Change In Assets/Liabilities": {"2019-12-31": "357.53100", "2018-12-31": "196.70600", "2017-12-31": "227.85300", "2016-12-31": "130.97900", "2015-12-31": "-15.99500", "2014-12-31": "98.83400", "2013-12-31": "42.35100", "2012-12-31": "54.25600", "2011-12-31": "-20.35700", "2010-12-31": "-45.80500", "2009-12-31": "89.29200", "2008-12-31": "-283.63100", "2007-12-31": "-35.68000", "2006-12-31": "137.67900", "2005-12-31": "238.09900"}, "Cash Flow From Operating Activities": {"2019-12-31": "519.67800", "2018-12-31": "383.43400", "2017-12-31": "341.40500", "2016-12-31": "291.67800", "2015-12-31": "190.27100", "2014-12-31": "246.53500", "2013-12-31": "209.80400", "2012-12-31": "148.06200", "2011-12-31": "158.52500", "2010-12-31": "91.78100", "2009-12-31": "189.02500", "2008-12-31": "64.60100", "2007-12-31": "215.29600", "2006-12-31": "366.40400", "2005-12-31": "505.79300"}, "Net Change In Property, Plant, And Equipment": {"2019-12-31": "-40.08800", "2018-12-31": "-27.95900", "2017-12-31": "-13.20400", "2016-12-31": "-16.96500", "2015-12-31": "-19.97100", "2014-12-31": "-25.81300", "2013-12-31": "-17.85100", "2012-12-31": "-13.13300", "2011-12-31": "-15.08900", "2010-12-31": "-27.54500", "2009-12-31": "-35.96700", "2008-12-31": "-46.99900", "2007-12-31": "-40.10100", "2006-12-31": "-43.32300", "2005-12-31": "-41.00000"}, "Net Change In Intangible Assets": {"2019-12-31": "", "2018-12-31": "", "2017-12-31": "", "2016-12-31": "", "2015-12-31": "", "2014-12-31": "", "2013-12-31": "", "2012-12-31": "", "2011-12-31": "", "2010-12-31": "", "2009-12-31": "", "2008-12-31": "", "2007-12-31": "", "2006-12-31": "", "2005-12-31": ""}, "Net Acquisitions/Divestitures": {"2019-12-31": "", "2018-12-31": "", "2017-12-31": "", "2016-12-31": "", "2015-12-31": "7.77100", "2014-12-31": "", "2013-12-31": "", "2012-12-31": "", "2011-12-31": "", "2010-12-31": "", "2009-12-31": "-115.48800", "2008-12-31": "", "2007-12-31": "", "2006-12-31": "", "2005-12-31": ""}, "Net Change In Short-term Investments": {"2019-12-31": "-242.92700", "2018-12-31": "49.78200", "2017-12-31": "28.26500", "2016-12-31": "-161.57200", "2015-12-31": "186.10500", "2014-12-31": "-47.23600", "2013-12-31": "-18.30300", "2012-12-31": "-57.03000", "2011-12-31": "-102.87400", "2010-12-31": "23.57800", "2009-12-31": "49.91000", "2008-12-31": "66.95200", "2007-12-31": "4.48300", "2006-12-31": "39.69600", "2005-12-31": "100.57000"}, "Net Change In Long-Term Investments": {"2019-12-31": "-124.43300", "2018-12-31": "-254.36400", "2017-12-31": "-202.59200", "2016-12-31": "-51.78810", "2015-12-31": "-258.05990", "2014-12-31": "-124.45810", "2013-12-31": "16.06200", "2012-12-31": "-1.83700", "2011-12-31": "230.55200", "2010-12-31": "30.19900", "2009-12-31": "67.15800", "2008-12-31": "9.36690", "2007-12-31": "-59.88790", "2006-12-31": "-813.31100", "2005-12-31": "-446.83590"}, "Net Change In Investments - Total": {"2019-12-31": "-367.36000", "2018-12-31": "-204.58200", "2017-12-31": "-174.32700", "2016-12-31": "-213.36010", "2015-12-31": "-71.95490", "2014-12-31": "-171.69410", "2013-12-31": "-2.24100", "2012-12-31": "-58.86700", "2011-12-31": "127.67800", "2010-12-31": "53.77700", "2009-12-31": "117.06800", "2008-12-31": "76.31890", "2007-12-31": "-55.40500", "2006-12-31": "-773.61510", "2005-12-31": "-346.26590"}, "Investing Activities - Other": {"2019-12-31": "6.24700", "2018-12-31": "10.10500", "2017-12-31": "1.93400", "2016-12-31": "3.60500", "2015-12-31": "2.47300", "2014-12-31": "3.47200", "2013-12-31": "1.74100", "2012-12-31": "2.25500", "2011-12-31": "12.02600", "2010-12-31": "6.86800", "2009-12-31": "2.69000", "2008-12-31": "5.33400", "2007-12-31": "3.45500", "2006-12-31": "530.86800", "2005-12-31": "3.44200"}, "Cash Flow From Investing Activities": {"2019-12-31": "-401.20100", "2018-12-31": "-222.43600", "2017-12-31": "-185.59700", "2016-12-31": "-226.72000", "2015-12-31": "-81.68200", "2014-12-31": "-194.03500", "2013-12-31": "-18.35100", "2012-12-31": "-69.74500", "2011-12-31": "124.61500", "2010-12-31": "33.10000", "2009-12-31": "-31.69700", "2008-12-31": "34.65400", "2007-12-31": "-92.05100", "2006-12-31": "-286.07000", "2005-12-31": "-383.82400"}, "Net Long-Term Debt": {"2019-12-31": "", "2018-12-31": "", "2017-12-31": "51.01100", "2016-12-31": "30.00000", "2015-12-31": "", "2014-12-31": "100.00000", "2013-12-31": "50.00000", "2012-12-31": "", "2011-12-31": "-123.00000", "2010-12-31": "", "2009-12-31": "120.00000", "2008-12-31": "13.50000", "2007-12-31": "-11.25000", "2006-12-31": "", "2005-12-31": ""}, "Net Current Debt": {"2019-12-31": "", "2018-12-31": "", "2017-12-31": "", "2016-12-31": "", "2015-12-31": "", "2014-12-31": "", "2013-12-31": "", "2012-12-31": "", "2011-12-31": "", "2010-12-31": "", "2009-12-31": "", "2008-12-31": "", "2007-12-31": "", "2006-12-31": "", "2005-12-31": ""}, "Debt Issuance/Retirement Net - Total": {"2019-12-31": "", "2018-12-31": "", "2017-12-31": "51.01100", "2016-12-31": "30.00000", "2015-12-31": "", "2014-12-31": "100.00000", "2013-12-31": "50.00000", "2012-12-31": "", "2011-12-31": "-123.00000", "2010-12-31": "", "2009-12-31": "120.00000", "2008-12-31": "13.50000", "2007-12-31": "-11.25000", "2006-12-31": "", "2005-12-31": ""}, "Net Common Equity Issued/Repurchased": {"2019-12-31": "0.70100", "2018-12-31": "0.35800", "2017-12-31": "2.16200", "2016-12-31": "1.63200", "2015-12-31": "2.11100", "2014-12-31": "6.24700", "2013-12-31": "1.44600", "2012-12-31": "2.49200", "2011-12-31": "1.95100", "2010-12-31": "0.73300", "2009-12-31": "0.39300", "2008-12-31": "1.28600", "2007-12-31": "2.17300", "2006-12-31": "1.94300", "2005-12-31": "2.39400"}, "Net Total Equity Issued/Repurchased": {"2019-12-31": "0.70100", "2018-12-31": "0.35800", "2017-12-31": "2.16200", "2016-12-31": "1.63200", "2015-12-31": "2.11100", "2014-12-31": "6.24700", "2013-12-31": "1.44600", "2012-12-31": "2.49200", "2011-12-31": "1.95100", "2010-12-31": "0.73300", "2009-12-31": "0.39300", "2008-12-31": "1.28600", "2007-12-31": "2.17300", "2006-12-31": "1.94300", "2005-12-31": "2.39400"}, "Total Common And Preferred Stock Dividends Paid": {"2019-12-31": "-139.07100", "2018-12-31": "-138.47800", "2017-12-31": "-137.88600", "2016-12-31": "-137.20100", "2015-12-31": "-136.38600", "2014-12-31": "-135.49600", "2013-12-31": "-134.77600", "2012-12-31": "-134.10500", "2011-12-31": "-132.14200", "2010-12-31": "-129.86300", "2009-12-31": "-127.61700", "2008-12-31": "-127.01100", "2007-12-31": "-113.80200", "2006-12-31": "-104.96000", "2005-12-31": "-93.86700"}, "Financial Activities - Other": {"2019-12-31": "", "2018-12-31": "", "2017-12-31": "", "2016-12-31": "-3.29200", "2015-12-31": "", "2014-12-31": "0.14800", "2013-12-31": "0.20200", "2012-12-31": "0.08600", "2011-12-31": "0.05600", "2010-12-31": "0.13200", "2009-12-31": "0.00500", "2008-12-31": "0.12100", "2007-12-31": "0.27300", "2006-12-31": "0.50500", "2005-12-31": ""}, "Cash Flow From Financial Activities": {"2019-12-31": "-138.37000", "2018-12-31": "-138.12000", "2017-12-31": "-84.71300", "2016-12-31": "-108.86100", "2015-12-31": "-134.27500", "2014-12-31": "-29.10100", "2013-12-31": "-83.12800", "2012-12-31": "-131.52700", "2011-12-31": "-253.13500", "2010-12-31": "-128.99800", "2009-12-31": "-7.21900", "2008-12-31": "-112.10400", "2007-12-31": "-122.60600", "2006-12-31": "-102.51200", "2005-12-31": "-91.47300"}, "Net Cash Flow": {"2019-12-31": "-19.89300", "2018-12-31": "22.87800", "2017-12-31": "71.09500", "2016-12-31": "-43.90300", "2015-12-31": "-25.68600", "2014-12-31": "23.39900", "2013-12-31": "108.32500", "2012-12-31": "-53.21000", "2011-12-31": "30.00500", "2010-12-31": "-4.11700", "2009-12-31": "150.10900", "2008-12-31": "-12.84900", "2007-12-31": "0.63900", "2006-12-31": "-22.17800", "2005-12-31": "30.49600"}, "Stock-Based Compensation": {"2019-12-31": "0.12300", "2018-12-31": "0.14500", "2017-12-31": "0.06000", "2016-12-31": "0.14200", "2015-12-31": "0.14200", "2014-12-31": "4.11200", "2013-12-31": "0.97400", "2012-12-31": "-0.37000", "2011-12-31": "0.89900", "2010-12-31": "0.81200", "2009-12-31": "0.76300", "2008-12-31": "0.65200", "2007-12-31": "0.48700", "2006-12-31": "0.88600", "2005-12-31": ""}, "Common Stock Dividends Paid": {"2019-12-31": "-139.07100", "2018-12-31": "-138.47800", "2017-12-31": "-137.88600", "2016-12-31": "-137.20100", "2015-12-31": "-136.38600", "2014-12-31": "-135.49600", "2013-12-31": "-134.77600", "2012-12-31": "-134.10500", "2011-12-31": "-132.14200", "2010-12-31": "-129.86300", "2009-12-31": "-127.61700", "2008-12-31": "-127.01100", "2007-12-31": "-113.80200", "2006-12-31": "-104.96000", "2005-12-31": "-93.86700"}}, "cash flow statement, quarterly": {"Net Income/Loss": {"2020-09-30": 118.857, "2020-06-30": 228.211, "2020-03-31": "-139.20400", "2019-12-31": 31.688, "2019-09-30": 69.282, "2019-06-30": 83.25, "2019-03-31": "135.86700", "2018-12-31": -81.879, "2018-09-30": 58.578, "2018-06-30": 60.18, "2018-03-31": "-42.60700", "2017-12-31": 19.779, "2017-09-30": 46.485, "2017-06-30": 51.633, "2017-03-31": "26.98000", "2016-12-31": -26.082, "2016-09-30": 26.93, "2016-06-30": 48.873, "2016-03-31": "23.32300", "2015-12-31": 23.405, "2015-09-30": 15.27, "2015-06-30": 9.639, "2015-03-31": "26.16500", "2014-12-31": -20.956, "2014-09-30": 31.296, "2014-06-30": 94.96, "2014-03-31": "72.64900", "2013-12-31": 15.376, "2013-09-30": 39.57, "2013-06-30": -9.264, "2013-03-31": "66.46100", "2012-12-31": -17.382, "2012-09-30": 66.201, "2012-06-30": -5.264, "2012-03-31": "73.35600", "2011-12-31": 79.469, "2011-09-30": -3.782, "2011-06-30": 57.251, "2011-03-31": "58.22600", "2010-12-31": -23.647, "2010-09-30": 96.849, "2010-06-30": 17.817, "2010-03-31": "61.17900", "2009-12-31": 34.235, "2009-09-30": 157.737, "2009-06-30": 114.447, "2009-03-31": "96.65300", "2008-12-31": -168.345, "2008-09-30": -140.539, "2008-06-30": 70.726, "2008-03-31": "-3.96100", "2007-12-31": 44.592, "2007-09-30": 63.278, "2007-06-30": 69.509, "2007-03-31": "60.45300", "2006-12-31": 50.132, "2006-09-30": 68.227, "2006-06-30": 37.812, "2006-03-31": "58.64600", "2005-12-31": 46.219, "2005-09-30": 73.014, "2005-06-30": 73.602, "2005-03-31": "60.42400"}, "Total Depreciation And Amortization - Cash Flow": {"2020-09-30": 17.635, "2020-06-30": 16.956, "2020-03-31": "16.02600", "2019-12-31": 17.318, "2019-09-30": 16.248, "2019-06-30": 16.079, "2019-03-31": "15.08500", "2018-12-31": 15.061, "2018-09-30": 15.158, "2018-06-30": 14.424, "2018-03-31": "14.14800", "2017-12-31": 13.726, "2017-09-30": 14.092, "2017-06-30": 14.26, "2017-03-31": "13.26500", "2016-12-31": 13.678, "2016-09-30": 13.662, "2016-06-30": 13.04, "2016-03-31": "12.87800", "2015-12-31": 10.592, "2015-09-30": 12.148, "2015-06-30": 12.778, "2015-03-31": "12.32000", "2014-12-31": 12.177, "2014-09-30": 11.288, "2014-06-30": 12.594, "2014-03-31": "10.91300", "2013-12-31": 10.742, "2013-09-30": 9.741, "2013-06-30": 11.081, "2013-03-31": "11.55200", "2012-12-31": 9.215, "2012-09-30": 11.835, "2012-06-30": 11.62, "2012-03-31": "11.06100", "2011-12-31": 10.605, "2011-09-30": 11.389, "2011-06-30": 11.581, "2011-03-31": "11.69700", "2010-12-31": 12.553, "2010-09-30": 13.364, "2010-06-30": 7.752, "2010-03-31": "8.12800", "2009-12-31": 11.272, "2009-09-30": 11.439, "2009-06-30": 10.775, "2009-03-31": "8.86100", "2008-12-31": 13.671, "2008-09-30": 8.911, "2008-06-30": 7.588, "2008-03-31": "9.13000", "2007-12-31": 9.988, "2007-09-30": 8.85, "2007-06-30": 8.037, "2007-03-31": "6.86300", "2006-12-31": 7.789, "2006-09-30": 8.891, "2006-06-30": 8.229, "2006-03-31": "4.05400", "2005-12-31": 7.984, "2005-09-30": 7.42, "2005-06-30": 7.975, "2005-03-31": "7.21600"}, "Other Non-Cash Items": {"2020-09-30": -64.4, "2020-06-30": -158.391, "2020-03-31": "251.35500", "2019-12-31": -25.032, "2019-09-30": -33.287, "2019-06-30": -53.293, "2019-03-31": "-111.05800", "2018-12-31": 85.206, "2018-09-30": 3.951, "2018-06-30": -14.25, "2018-03-31": "58.75800", "2017-12-31": -17.087, "2017-09-30": -24.021, "2017-06-30": -21.135, "2017-03-31": "-24.42500", "2016-12-31": 89.263, "2016-09-30": 15.501, "2016-06-30": -45.345, "2016-03-31": "-25.02200", "2015-12-31": 5.514, "2015-09-30": 26.836, "2015-06-30": 40.677, "2015-03-31": "10.92200", "2014-12-31": 23.021, "2014-09-30": 21.597, "2014-06-30": -75.524, "2014-03-31": "-46.31400", "2013-12-31": 5.083, "2013-09-30": -15.902, "2013-06-30": 67.034, "2013-03-31": "-44.02100", "2012-12-31": 11.624, "2012-09-30": -49.355, "2012-06-30": 23.495, "2012-03-31": "-52.60000", "2011-12-31": -72.585, "2011-09-30": 67.203, "2011-06-30": -23.578, "2011-03-31": "-28.59400", "2010-12-31": 23.617, "2010-09-30": -86.049, "2010-06-30": 27.883, "2010-03-31": "-21.86000", "2009-12-31": 6.297, "2009-09-30": -171.171, "2009-06-30": -99.66, "2009-03-31": "-81.15200", "2008-12-31": 218.081, "2008-09-30": 277.061, "2008-06-30": -36.397, "2008-03-31": "92.30600", "2007-12-31": -9.783, "2007-09-30": -1.986, "2007-06-30": -9.955, "2007-03-31": "1.13000", "2006-12-31": -2.084, "2006-09-30": -2.396, "2006-06-30": -4.131, "2006-03-31": "-6.44400", "2005-12-31": -0.703, "2005-09-30": -7.696, "2005-06-30": -3.545, "2005-03-31": "-4.21600"}, "Total Non-Cash Items": {"2020-09-30": -46.765, "2020-06-30": -141.435, "2020-03-31": "267.38100", "2019-12-31": -7.714, "2019-09-30": -17.039, "2019-06-30": -37.214, "2019-03-31": "-95.97300", "2018-12-31": 100.267, "2018-09-30": 19.109, "2018-06-30": 0.174, "2018-03-31": "72.90600", "2017-12-31": -3.361, "2017-09-30": -9.929, "2017-06-30": -6.875, "2017-03-31": "-11.16000", "2016-12-31": 102.941, "2016-09-30": 29.163, "2016-06-30": -32.305, "2016-03-31": "-12.14400", "2015-12-31": 16.106, "2015-09-30": 38.984, "2015-06-30": 53.455, "2015-03-31": "23.24200", "2014-12-31": 35.198, "2014-09-30": 32.885, "2014-06-30": -62.93, "2014-03-31": "-35.40100", "2013-12-31": 15.825, "2013-09-30": -6.161, "2013-06-30": 78.115, "2013-03-31": "-32.46900", "2012-12-31": 20.839, "2012-09-30": -37.52, "2012-06-30": 35.115, "2012-03-31": "-41.53900", "2011-12-31": -61.98, "2011-09-30": 78.592, "2011-06-30": -11.997, "2011-03-31": "-16.89700", "2010-12-31": 36.17, "2010-09-30": -72.685, "2010-06-30": 35.635, "2010-03-31": "-13.73200", "2009-12-31": 17.569, "2009-09-30": -159.732, "2009-06-30": -88.885, "2009-03-31": "-72.29100", "2008-12-31": 231.7521, "2008-09-30": 285.972, "2008-06-30": -28.809, "2008-03-31": "101.43600", "2007-12-31": 0.205, "2007-09-30": 6.864, "2007-06-30": -1.918, "2007-03-31": "7.99300", "2006-12-31": 5.705, "2006-09-30": 6.495, "2006-06-30": 4.098, "2006-03-31": "-2.39000", "2005-12-31": 7.281, "2005-09-30": -0.276, "2005-06-30": 4.43, "2005-03-31": "3.00000"}, "Change In Accounts Receivable": {"2020-09-30": -9.671, "2020-06-30": 40.752, "2020-03-31": "-11.91500", "2019-12-31": 49.639, "2019-09-30": -13.981, "2019-06-30": -24.841, "2019-03-31": "81.66500", "2018-12-31": -164.704, "2018-09-30": -36.306, "2018-06-30": -13.264, "2018-03-31": "-31.44400", "2017-12-31": -33.783, "2017-09-30": -15.658, "2017-06-30": 9.991, "2017-03-31": "-18.50100", "2016-12-31": 16.432, "2016-09-30": -14.509, "2016-06-30": 5.66, "2016-03-31": "-29.11600", "2015-12-31": 5.351, "2015-09-30": -28.191, "2015-06-30": 3.453, "2015-03-31": "-22.21400", "2014-12-31": 5.679, "2014-09-30": -11.3, "2014-06-30": 8.135, "2014-03-31": "-26.44800", "2013-12-31": 6.743, "2013-09-30": -16.757, "2013-06-30": 12.242, "2013-03-31": "-22.91600", "2012-12-31": 0.93, "2012-09-30": -28.879, "2012-06-30": -7.528, "2012-03-31": "-21.11100", "2011-12-31": 9.385, "2011-09-30": -11.178, "2011-06-30": 9.315, "2011-03-31": "-15.34100", "2010-12-31": 9.742, "2010-09-30": -10.81, "2010-06-30": 11.671, "2010-03-31": "-14.79500", "2009-12-31": 14.253, "2009-09-30": -7.627, "2009-06-30": 18.137, "2009-03-31": "-7.62500", "2008-12-31": 19.562, "2008-09-30": -4.345, "2008-06-30": 20.201, "2008-03-31": "-7.10400", "2007-12-31": 22.388, "2007-09-30": -9.486, "2007-06-30": 9.787, "2007-03-31": "-16.54400", "2006-12-31": -1.94, "2006-09-30": -3.895, "2006-06-30": 10.237, "2006-03-31": "-21.00200", "2005-12-31": 15.861, "2005-09-30": -22.927, "2005-06-30": -1.148, "2005-03-31": "-9.82700"}, "Change In Inventories": {"2020-09-30": 0, "2020-06-30": 0, "2020-03-31": "", "2019-12-31": 0, "2019-09-30": 0, "2019-06-30": 0, "2019-03-31": "", "2018-12-31": 0, "2018-09-30": 0, "2018-06-30": 0, "2018-03-31": "", "2017-12-31": 0, "2017-09-30": 0, "2017-06-30": 0, "2017-03-31": "", "2016-12-31": 0, "2016-09-30": 0, "2016-06-30": 0, "2016-03-31": "", "2015-12-31": 0, "2015-09-30": 0, "2015-06-30": 0, "2015-03-31": "", "2014-12-31": 0, "2014-09-30": 0, "2014-06-30": 0, "2014-03-31": "", "2013-12-31": 0, "2013-09-30": 0, "2013-06-30": 0, "2013-03-31": "", "2012-12-31": 0, "2012-09-30": 0, "2012-06-30": 0, "2012-03-31": "", "2011-12-31": 0, "2011-09-30": 0, "2011-06-30": 0, "2011-03-31": "", "2010-12-31": 0, "2010-09-30": 0, "2010-06-30": 0, "2010-03-31": "", "2009-12-31": 0, "2009-09-30": 0, "2009-06-30": 0, "2009-03-31": "3.20900", "2008-12-31": 1.421, "2008-09-30": 0.25, "2008-06-30": -5.019, "2008-03-31": "6.81100", "2007-12-31": -4.037, "2007-09-30": 2.429, "2007-06-30": -8.493, "2007-03-31": "", "2006-12-31": 0, "2006-09-30": 0, "2006-06-30": 0, "2006-03-31": "", "2005-12-31": 0, "2005-09-30": 0, "2005-06-30": 0, "2005-03-31": ""}, "Change In Accounts Payable": {"2020-09-30": 32.611, "2020-06-30": 44.374, "2020-03-31": "38.89600", "2019-12-31": -42.689, "2019-09-30": 77.174, "2019-06-30": 51.152, "2019-03-31": "60.22200", "2018-12-31": -29.637, "2018-09-30": 56.092, "2018-06-30": 41.207, "2018-03-31": "73.17800", "2017-12-31": -41.484, "2017-09-30": 36.571, "2017-06-30": -1.724, "2017-03-31": "29.94900", "2016-12-31": -36.128, "2016-09-30": 26.008, "2016-06-30": 0.528, "2016-03-31": "24.13000", "2015-12-31": -31.587, "2015-09-30": 47.978, "2015-06-30": 10.467, "2015-03-31": "-19.39200", "2014-12-31": 2.23, "2014-09-30": 40.925, "2014-06-30": 7.766, "2014-03-31": "26.36900", "2013-12-31": -22.175, "2013-09-30": 46.286, "2013-06-30": -6.25, "2013-03-31": "45.60400", "2012-12-31": -6.203, "2012-09-30": 39.045, "2012-06-30": 16.785, "2012-03-31": "28.57200", "2011-12-31": -34.733, "2011-09-30": 15.914, "2011-06-30": 4.558, "2011-03-31": "14.32400", "2010-12-31": -58.718, "2010-09-30": 21.427, "2010-06-30": 0.048, "2010-03-31": "17.02800", "2009-12-31": -49.152, "2009-09-30": 27.624, "2009-06-30": -19.477, "2009-03-31": "21.65100", "2008-12-31": -72.783, "2008-09-30": 8.349, "2008-06-30": -33.906, "2008-03-31": "8.80500", "2007-12-31": -53.255, "2007-09-30": 19.214, "2007-06-30": -3.025, "2007-03-31": "12.82800", "2006-12-31": -29.152, "2006-09-30": 38.357, "2006-06-30": 8.503, "2006-03-31": "32.81000", "2005-12-31": -10.492, "2005-09-30": 48.686, "2005-06-30": 37.955, "2005-03-31": "25.56400"}, "Change In Assets/Liabilities": {"2020-09-30": 78.224, "2020-06-30": -46.628, "2020-03-31": "-16.51100", "2019-12-31": 62.642, "2019-09-30": 22.175, "2019-06-30": 0.26, "2019-03-31": "-38.43200", "2018-12-31": 266.549, "2018-09-30": 20.465, "2018-06-30": 5.063, "2018-03-31": "23.40500", "2017-12-31": 144.948, "2017-09-30": 39.776, "2017-06-30": 36.391, "2017-03-31": "44.38700", "2016-12-31": 45.324, "2016-09-30": 35.808, "2016-06-30": 18.012, "2016-03-31": "40.96000", "2015-12-31": 27.754, "2015-09-30": 13.219, "2015-06-30": 2.701, "2015-03-31": "9.75300", "2014-12-31": 33.176, "2014-09-30": 1.478, "2014-06-30": 0.847, "2014-03-31": "1.63400", "2013-12-31": 27.625, "2013-09-30": -4.866, "2013-06-30": -4.06, "2013-03-31": "-22.57600", "2012-12-31": 47.479, "2012-09-30": 0.376, "2012-06-30": 11.151, "2012-03-31": "-26.27800", "2011-12-31": -22.938, "2011-09-30": 16.833, "2011-06-30": -28.914, "2011-03-31": "-23.01300", "2010-12-31": 58.022, "2010-09-30": -13.69, "2010-06-30": -31.464, "2010-03-31": "-45.66500", "2009-12-31": 22.616, "2009-09-30": -21.893, "2009-06-30": -29.151, "2009-03-31": "-34.12300", "2008-12-31": 88.659, "2008-09-30": 22.695, "2008-06-30": -31.095, "2008-03-31": "-58.32000", "2007-12-31": 11.9, "2007-09-30": 3.24, "2007-06-30": 14.522, "2007-03-31": "-15.33100", "2006-12-31": 44.923, "2006-09-30": -4.366, "2006-06-30": 40.203, "2006-03-31": "-1.43400", "2005-12-31": 52.718, "2005-09-30": 46.757, "2005-06-30": 9.099, "2005-03-31": "52.29600"}, "Total Change In Assets/Liabilities": {"2020-09-30": 111.577, "2020-06-30": 75.661, "2020-03-31": "-31.03100", "2019-12-31": 82.111, "2019-09-30": 95.727, "2019-06-30": 44.9, "2019-03-31": "134.79300", "2018-12-31": 39.851, "2018-09-30": 63.433, "2018-06-30": 45.37, "2018-03-31": "48.05200", "2017-12-31": 48.522, "2017-09-30": 65.164, "2017-06-30": 55.764, "2017-03-31": "58.40300", "2016-12-31": 1.004, "2016-09-30": 51.93, "2016-06-30": 39.439, "2016-03-31": "38.60600", "2015-12-31": 2.053, "2015-09-30": 21.264, "2015-06-30": -1.357, "2015-03-31": "-37.95500", "2014-12-31": 32.796, "2014-09-30": 6.927, "2014-06-30": 46.913, "2014-03-31": "12.19800", "2013-12-31": 8.886, "2013-09-30": 39.85, "2013-06-30": -30.591, "2013-03-31": "24.20600", "2012-12-31": 31.275, "2012-09-30": 35.268, "2012-06-30": -15.153, "2012-03-31": "2.86600", "2011-12-31": -25.064, "2011-09-30": -1.768, "2011-06-30": 12.228, "2011-03-31": "-5.75300", "2010-12-31": -20.166, "2010-09-30": 23.216, "2010-06-30": -34.289, "2010-03-31": "-14.56600", "2009-12-31": -19.239, "2009-09-30": 52.092, "2009-06-30": 29.943, "2009-03-31": "26.49600", "2008-12-31": -71.418, "2008-09-30": -85.754, "2008-06-30": -61.153, "2008-03-31": "-65.30600", "2007-12-31": -35.942, "2007-09-30": 20.922, "2007-06-30": -4.877, "2007-03-31": "-15.78300", "2006-12-31": 17.394, "2006-09-30": 30.317, "2006-06-30": 33.097, "2006-03-31": "56.87100", "2005-12-31": 33.651, "2005-09-30": 91.92, "2005-06-30": 31.032, "2005-03-31": "81.49600"}, "Cash Flow From Operating Activities": {"2020-09-30": 183.669, "2020-06-30": 162.437, "2020-03-31": "97.14600", "2019-12-31": 106.085, "2019-09-30": 147.97, "2019-06-30": 90.936, "2019-03-31": "174.68700", "2018-12-31": 58.239, "2018-09-30": 141.12, "2018-06-30": 105.724, "2018-03-31": "78.35100", "2017-12-31": 64.94, "2017-09-30": 101.72, "2017-06-30": 100.522, "2017-03-31": "74.22300", "2016-12-31": 77.863, "2016-09-30": 108.023, "2016-06-30": 56.007, "2016-03-31": "49.78500", "2015-12-31": 41.564, "2015-09-30": 75.518, "2015-06-30": 61.737, "2015-03-31": "11.45200", "2014-12-31": 47.038, "2014-09-30": 71.108, "2014-06-30": 78.943, "2014-03-31": "49.44600", "2013-12-31": 40.087, "2013-09-30": 73.259, "2013-06-30": 38.26, "2013-03-31": "58.19800", "2012-12-31": 34.732, "2012-09-30": 63.949, "2012-06-30": 14.698, "2012-03-31": "34.68300", "2011-12-31": -7.575, "2011-09-30": 73.042, "2011-06-30": 57.482, "2011-03-31": "35.57600", "2010-12-31": -7.643, "2010-09-30": 47.38, "2010-06-30": 19.163, "2010-03-31": "32.88100", "2009-12-31": 32.565, "2009-09-30": 50.097, "2009-06-30": 55.505, "2009-03-31": "50.85800", "2008-12-31": -8.011, "2008-09-30": 59.679, "2008-06-30": -19.236, "2008-03-31": "32.16900", "2007-12-31": 8.855, "2007-09-30": 91.064, "2007-06-30": 62.714, "2007-03-31": "52.66300", "2006-12-31": 73.231, "2006-09-30": 105.039, "2006-06-30": 75.007, "2006-03-31": "113.12700", "2005-12-31": 87.151, "2005-09-30": 164.658, "2005-06-30": 109.064, "2005-03-31": "144.92000"}, "Net Change In Property, Plant, And Equipment": {"2020-09-30": -9.975, "2020-06-30": -9.484, "2020-03-31": "-10.30500", "2019-12-31": -8.264, "2019-09-30": -10.95, "2019-06-30": -12.444, "2019-03-31": "-8.43000", "2018-12-31": -7.31, "2018-09-30": -7.501, "2018-06-30": -6.942, "2018-03-31": "-6.20600", "2017-12-31": -5.168, "2017-09-30": 2.521, "2017-06-30": -7.132, "2017-03-31": "-3.42500", "2016-12-31": -4.094, "2016-09-30": -3.938, "2016-06-30": -4.339, "2016-03-31": "-4.59400", "2015-12-31": -3.723, "2015-09-30": -5.054, "2015-06-30": -5.324, "2015-03-31": "-5.87000", "2014-12-31": -5.142, "2014-09-30": -8.674, "2014-06-30": -5.703, "2014-03-31": "-6.29400", "2013-12-31": -5.478, "2013-09-30": -4.465, "2013-06-30": -3.554, "2013-03-31": "-4.35400", "2012-12-31": -2.792, "2012-09-30": -3.959, "2012-06-30": -3.063, "2012-03-31": "-3.31900", "2011-12-31": -5.398, "2011-09-30": -2.56, "2011-06-30": -1.729, "2011-03-31": "-5.40200", "2010-12-31": -5.572, "2010-09-30": -6.732, "2010-06-30": -7.82, "2010-03-31": "-7.42100", "2009-12-31": -6.097, "2009-09-30": -9.571, "2009-06-30": -10.767, "2009-03-31": "-9.53200", "2008-12-31": -10.327, "2008-09-30": -7.691, "2008-06-30": -3.843, "2008-03-31": "-25.13800", "2007-12-31": -8.588, "2007-09-30": -5.1, "2007-06-30": -14.09, "2007-03-31": "-12.32300", "2006-12-31": -21.725, "2006-09-30": -9.953, "2006-06-30": -5.663, "2006-03-31": "-5.98200", "2005-12-31": -15.375, "2005-09-30": -5.831, "2005-06-30": -10.684, "2005-03-31": "-9.11000"}, "Net Change In Intangible Assets": {"2020-09-30": 0, "2020-06-30": 0, "2020-03-31": "", "2019-12-31": 0, "2019-09-30": 0, "2019-06-30": 0, "2019-03-31": "", "2018-12-31": 0, "2018-09-30": 0, "2018-06-30": 0, "2018-03-31": "", "2017-12-31": 0, "2017-09-30": 0, "2017-06-30": 0, "2017-03-31": "", "2016-12-31": 0, "2016-09-30": 0, "2016-06-30": 0, "2016-03-31": "", "2015-12-31": 0, "2015-09-30": 0, "2015-06-30": 0, "2015-03-31": "", "2014-12-31": 0, "2014-09-30": 0, "2014-06-30": 0, "2014-03-31": "", "2013-12-31": 0, "2013-09-30": 0, "2013-06-30": 0, "2013-03-31": "", "2012-12-31": 0, "2012-09-30": 0, "2012-06-30": 0, "2012-03-31": "", "2011-12-31": 0, "2011-09-30": 0, "2011-06-30": 0, "2011-03-31": "", "2010-12-31": 0, "2010-09-30": 0, "2010-06-30": 0, "2010-03-31": "", "2009-12-31": 0, "2009-09-30": 0, "2009-06-30": 0, "2009-03-31": "", "2008-12-31": 0, "2008-09-30": 0, "2008-06-30": 0, "2008-03-31": "", "2007-12-31": 0, "2007-09-30": 0, "2007-06-30": 0, "2007-03-31": "", "2006-12-31": 0, "2006-09-30": 0, "2006-06-30": 0, "2006-03-31": "", "2005-12-31": 0, "2005-09-30": 0, "2005-06-30": 0, "2005-03-31": ""}, "Net Acquisitions/Divestitures": {"2020-09-30": 0, "2020-06-30": 0, "2020-03-31": "", "2019-12-31": 0, "2019-09-30": 0, "2019-06-30": 0, "2019-03-31": "", "2018-12-31": 0, "2018-09-30": 0, "2018-06-30": 0, "2018-03-31": "", "2017-12-31": 0, "2017-09-30": 0, "2017-06-30": 0, "2017-03-31": "", "2016-12-31": 0, "2016-09-30": 0, "2016-06-30": 0, "2016-03-31": "", "2015-12-31": 0, "2015-09-30": 0, "2015-06-30": 0, "2015-03-31": "7.77100", "2014-12-31": 0, "2014-09-30": 0, "2014-06-30": 0, "2014-03-31": "", "2013-12-31": 0, "2013-09-30": 0, "2013-06-30": 0, "2013-03-31": "", "2012-12-31": 0, "2012-09-30": 0, "2012-06-30": 0, "2012-03-31": "", "2011-12-31": 0, "2011-09-30": 0, "2011-06-30": 0, "2011-03-31": "", "2010-12-31": 0, "2010-09-30": 0, "2010-06-30": 0, "2010-03-31": "", "2009-12-31": 0, "2009-09-30": 0, "2009-06-30": -0.44, "2009-03-31": "-115.04800", "2008-12-31": 0, "2008-09-30": 0, "2008-06-30": 0, "2008-03-31": "", "2007-12-31": 0, "2007-09-30": 0, "2007-06-30": 0, "2007-03-31": "", "2006-12-31": 0, "2006-09-30": 0, "2006-06-30": 0, "2006-03-31": "", "2005-12-31": 0, "2005-09-30": 0, "2005-06-30": 0, "2005-03-31": ""}, "Net Change In Short-term Investments": {"2020-09-30": 95.703, "2020-06-30": -106.782, "2020-03-31": "263.67500", "2019-12-31": -78.32, "2019-09-30": -58.687, "2019-06-30": -8.534, "2019-03-31": "-97.38600", "2018-12-31": -3.515, "2018-09-30": 9.245, "2018-06-30": -32.595, "2018-03-31": "76.64700", "2017-12-31": 41.553, "2017-09-30": -80.02, "2017-06-30": -9.298, "2017-03-31": "76.03000", "2016-12-31": -154.478, "2016-09-30": -6.383, "2016-06-30": -28.815, "2016-03-31": "28.10400", "2015-12-31": -17.511, "2015-09-30": -9.085, "2015-06-30": 0.443, "2015-03-31": "212.25800", "2014-12-31": -65.402, "2014-09-30": -51.716, "2014-06-30": 58.354, "2014-03-31": "11.52800", "2013-12-31": -16.999, "2013-09-30": -154.036, "2013-06-30": 20.813, "2013-03-31": "131.91900", "2012-12-31": -70.22, "2012-09-30": -39.763, "2012-06-30": 43.622, "2012-03-31": "9.33100", "2011-12-31": 11.423, "2011-09-30": -132.718, "2011-06-30": -10.075, "2011-03-31": "28.49600", "2010-12-31": 25.475, "2010-09-30": -53.775, "2010-06-30": 18.499, "2010-03-31": "33.37900", "2009-12-31": -30.559, "2009-09-30": -33.926, "2009-06-30": -22.635, "2009-03-31": "137.03000", "2008-12-31": 44.161, "2008-09-30": -45.025, "2008-06-30": 40.593, "2008-03-31": "27.22300", "2007-12-31": 50.096, "2007-09-30": -51.62, "2007-06-30": -45.627, "2007-03-31": "51.63400", "2006-12-31": -13.967, "2006-09-30": 17.519, "2006-06-30": 38.962, "2006-03-31": "-2.81800", "2005-12-31": 191.352, "2005-09-30": -79.931, "2005-06-30": -7.673, "2005-03-31": "-3.17800"}, "Net Change In Long-Term Investments": {"2020-09-30": -181.0681, "2020-06-30": -9.744, "2020-03-31": "-361.99300", "2019-12-31": -6.9829, "2019-09-30": 30.0609, "2019-06-30": -67.306, "2019-03-31": "-80.20500", "2018-12-31": 37.864, "2018-09-30": -92.625, "2018-06-30": -81.006, "2018-03-31": "-118.59700", "2017-12-31": -59.919, "2017-09-30": 31.85, "2017-06-30": -25.019, "2017-03-31": "-149.50400", "2016-12-31": 74.266, "2016-09-30": -68.3411, "2016-06-30": 8.181, "2016-03-31": "-65.89400", "2015-12-31": -17.1659, "2015-09-30": -7.824, "2015-06-30": 16.324, "2015-03-31": "-249.39400", "2014-12-31": 62.765, "2014-09-30": 21.1419, "2014-06-30": -78.896, "2014-03-31": "-129.46900", "2013-12-31": 22.444, "2013-09-30": 148.438, "2013-06-30": -28.83, "2013-03-31": "-125.99000", "2012-12-31": 41.21, "2012-09-30": 40.662, "2012-06-30": -67.692, "2012-03-31": "-16.01700", "2011-12-31": 30.608, "2011-09-30": 121.948, "2011-06-30": -44.576, "2011-03-31": "122.57200", "2010-12-31": 23.816, "2010-09-30": 0.134, "2010-06-30": -24.5, "2010-03-31": "30.74900", "2009-12-31": 16.327, "2009-09-30": 147.685, "2009-06-30": -89.035, "2009-03-31": "-7.81900", "2008-12-31": 11.6159, "2008-09-30": 141.45, "2008-06-30": -132.218, "2008-03-31": "-11.48100", "2007-12-31": -28.7959, "2007-09-30": -0.337, "2007-06-30": 29.307, "2007-03-31": "-60.06200", "2006-12-31": -547.4821, "2006-09-30": -91.774, "2006-06-30": -93.7039, "2006-03-31": "-80.35100", "2005-12-31": -231.856, "2005-09-30": -46.0419, "2005-06-30": -63.026, "2005-03-31": "-105.91200"}, "Net Change In Investments - Total": {"2020-09-30": -85.365, "2020-06-30": -116.526, "2020-03-31": "-98.31800", "2019-12-31": -85.3029, "2019-09-30": -28.6261, "2019-06-30": -75.84, "2019-03-31": "-177.59100", "2018-12-31": 34.349, "2018-09-30": -83.38, "2018-06-30": -113.601, "2018-03-31": "-41.95000", "2017-12-31": -18.366, "2017-09-30": -48.17, "2017-06-30": -34.317, "2017-03-31": "-73.47400", "2016-12-31": -80.212, "2016-09-30": -74.7241, "2016-06-30": -20.634, "2016-03-31": "-37.79000", "2015-12-31": -34.6768, "2015-09-30": -16.9091, "2015-06-30": 16.767, "2015-03-31": "-37.13600", "2014-12-31": -2.637, "2014-09-30": -30.5741, "2014-06-30": -20.542, "2014-03-31": "-117.94100", "2013-12-31": 5.445, "2013-09-30": -5.598, "2013-06-30": -8.017, "2013-03-31": "5.92900", "2012-12-31": -29.01, "2012-09-30": 0.899, "2012-06-30": -24.07, "2012-03-31": "-6.68600", "2011-12-31": 42.031, "2011-09-30": -10.77, "2011-06-30": -54.651, "2011-03-31": "151.06800", "2010-12-31": 49.291, "2010-09-30": -53.641, "2010-06-30": -6.001, "2010-03-31": "64.12800", "2009-12-31": -14.232, "2009-09-30": 113.759, "2009-06-30": -111.67, "2009-03-31": "129.21100", "2008-12-31": 55.7769, "2008-09-30": 96.425, "2008-06-30": -91.625, "2008-03-31": "15.74200", "2007-12-31": 21.3, "2007-09-30": -51.957, "2007-06-30": -16.32, "2007-03-31": "-8.42800", "2006-12-31": -561.4492, "2006-09-30": -74.255, "2006-06-30": -54.7419, "2006-03-31": "-83.16900", "2005-12-31": -40.504, "2005-09-30": -125.9729, "2005-06-30": -70.699, "2005-03-31": "-109.09000"}, "Investing Activities - Other": {"2020-09-30": 6.523, "2020-06-30": 7.765, "2020-03-31": "4.79000", "2019-12-31": 1.275, "2019-09-30": 1.392, "2019-06-30": 2.159, "2019-03-31": "1.42100", "2018-12-31": 2.041, "2018-09-30": 1.937, "2018-06-30": 3.083, "2018-03-31": "3.04400", "2017-12-31": -0.049, "2017-09-30": 0.596, "2017-06-30": 0.828, "2017-03-31": "0.55900", "2016-12-31": 0.419, "2016-09-30": 0.843, "2016-06-30": 1.396, "2016-03-31": "0.94700", "2015-12-31": 0.182, "2015-09-30": 0.91, "2015-06-30": 0.239, "2015-03-31": "1.14200", "2014-12-31": 0.576, "2014-09-30": 1.339, "2014-06-30": 0.717, "2014-03-31": "0.84000", "2013-12-31": 0.194, "2013-09-30": 0.134, "2013-06-30": 0.686, "2013-03-31": "0.72700", "2012-12-31": 0.351, "2012-09-30": 0.294, "2012-06-30": 0.606, "2012-03-31": "1.00400", "2011-12-31": 2.877, "2011-09-30": 2.713, "2011-06-30": 2.403, "2011-03-31": "4.03300", "2010-12-31": 3.286, "2010-09-30": 0.417, "2010-06-30": 3.638, "2010-03-31": "-0.47300", "2009-12-31": 1.244, "2009-09-30": -113.048, "2009-06-30": 115.003, "2009-03-31": "-0.50900", "2008-12-31": 0.305, "2008-09-30": -126.833, "2008-06-30": 138.578, "2008-03-31": "-6.71600", "2007-12-31": 6.954, "2007-09-30": -0.03, "2007-06-30": 1.821, "2007-03-31": "-5.29000", "2006-12-31": 521.595, "2006-09-30": 5.621, "2006-06-30": 1.044, "2006-03-31": "2.60800", "2005-12-31": -2.596, "2005-09-30": 1.925, "2005-06-30": 1.976, "2005-03-31": "2.13700"}, "Cash Flow From Investing Activities": {"2020-09-30": -88.817, "2020-06-30": -118.245, "2020-03-31": "-103.83300", "2019-12-31": -92.292, "2019-09-30": -38.184, "2019-06-30": -86.125, "2019-03-31": "-184.60000", "2018-12-31": 29.08, "2018-09-30": -88.944, "2018-06-30": -117.46, "2018-03-31": "-45.11200", "2017-12-31": -23.583, "2017-09-30": -45.053, "2017-06-30": -40.621, "2017-03-31": "-76.34000", "2016-12-31": -83.887, "2016-09-30": -77.819, "2016-06-30": -23.577, "2016-03-31": "-41.43700", "2015-12-31": -38.218, "2015-09-30": -21.053, "2015-06-30": 11.682, "2015-03-31": "-34.09300", "2014-12-31": -7.203, "2014-09-30": -37.909, "2014-06-30": -25.528, "2014-03-31": "-123.39500", "2013-12-31": 0.161, "2013-09-30": -9.929, "2013-06-30": -10.885, "2013-03-31": "2.30200", "2012-12-31": -31.451, "2012-09-30": -2.766, "2012-06-30": -26.527, "2012-03-31": "-9.00100", "2011-12-31": 39.51, "2011-09-30": -10.617, "2011-06-30": -53.977, "2011-03-31": "149.69900", "2010-12-31": 47.005, "2010-09-30": -59.956, "2010-06-30": -10.183, "2010-03-31": "56.23400", "2009-12-31": -19.085, "2009-09-30": -8.86, "2009-06-30": -7.874, "2009-03-31": "4.12200", "2008-12-31": 45.755, "2008-09-30": -38.099, "2008-06-30": 43.11, "2008-03-31": "-16.11200", "2007-12-31": 19.666, "2007-09-30": -57.087, "2007-06-30": -28.589, "2007-03-31": "-26.04100", "2006-12-31": -61.579, "2006-09-30": -78.587, "2006-06-30": -59.361, "2006-03-31": "-86.54300", "2005-12-31": -58.475, "2005-09-30": -129.879, "2005-06-30": -79.407, "2005-03-31": "-116.06300"}, "Net Long-Term Debt": {"2020-09-30": 0, "2020-06-30": 0, "2020-03-31": "", "2019-12-31": 0, "2019-09-30": 0, "2019-06-30": 0, "2019-03-31": "", "2018-12-31": 0, "2018-09-30": 0, "2018-06-30": 0, "2018-03-31": "", "2017-12-31": 0, "2017-09-30": 0, "2017-06-30": -0.629, "2017-03-31": "51.64000", "2016-12-31": 30, "2016-09-30": 0, "2016-06-30": 0, "2016-03-31": "", "2015-12-31": 0, "2015-09-30": 0, "2015-06-30": 0, "2015-03-31": "", "2014-12-31": 0, "2014-09-30": 20, "2014-06-30": 0, "2014-03-31": "80.00000", "2013-12-31": 10, "2013-09-30": 40, "2013-06-30": 0, "2013-03-31": "", "2012-12-31": 0, "2012-09-30": 0, "2012-06-30": 0, "2012-03-31": "", "2011-12-31": 2, "2011-09-30": -125, "2011-06-30": 0, "2011-03-31": "", "2010-12-31": 0, "2010-09-30": 0, "2010-06-30": 0, "2010-03-31": "", "2009-12-31": 0, "2009-09-30": 0, "2009-06-30": 0, "2009-03-31": "120.00000", "2008-12-31": -4.5, "2008-09-30": 0, "2008-06-30": 0, "2008-03-31": "18.00000", "2007-12-31": 0, "2007-09-30": 0, "2007-06-30": -11.25, "2007-03-31": "", "2006-12-31": 0, "2006-09-30": 0, "2006-06-30": 0, "2006-03-31": "", "2005-12-31": 0, "2005-09-30": 0, "2005-06-30": 0, "2005-03-31": ""}, "Net Current Debt": {"2020-09-30": 0, "2020-06-30": 0, "2020-03-31": "", "2019-12-31": 0, "2019-09-30": 0, "2019-06-30": 0, "2019-03-31": "", "2018-12-31": 0, "2018-09-30": 0, "2018-06-30": 0, "2018-03-31": "", "2017-12-31": 0, "2017-09-30": 0, "2017-06-30": 0, "2017-03-31": "", "2016-12-31": 0, "2016-09-30": 0, "2016-06-30": 0, "2016-03-31": "", "2015-12-31": 0, "2015-09-30": 0, "2015-06-30": 0, "2015-03-31": "", "2014-12-31": 0, "2014-09-30": 0, "2014-06-30": 0, "2014-03-31": "", "2013-12-31": 0, "2013-09-30": 0, "2013-06-30": 0, "2013-03-31": "", "2012-12-31": 0, "2012-09-30": 0, "2012-06-30": 0, "2012-03-31": "", "2011-12-31": 0, "2011-09-30": 0, "2011-06-30": 0, "2011-03-31": "", "2010-12-31": 0, "2010-09-30": 0, "2010-06-30": 0, "2010-03-31": "", "2009-12-31": 0, "2009-09-30": 0, "2009-06-30": 0, "2009-03-31": "", "2008-12-31": 0, "2008-09-30": 0, "2008-06-30": 0, "2008-03-31": "", "2007-12-31": 0, "2007-09-30": 0, "2007-06-30": 0, "2007-03-31": "", "2006-12-31": 0, "2006-09-30": 0, "2006-06-30": 0, "2006-03-31": "", "2005-12-31": 0, "2005-09-30": 0, "2005-06-30": 0, "2005-03-31": ""}, "Debt Issuance/Retirement Net - Total": {"2020-09-30": 0, "2020-06-30": 0, "2020-03-31": "", "2019-12-31": 0, "2019-09-30": 0, "2019-06-30": 0, "2019-03-31": "", "2018-12-31": 0, "2018-09-30": 0, "2018-06-30": 0, "2018-03-31": "", "2017-12-31": 0, "2017-09-30": 0, "2017-06-30": -0.629, "2017-03-31": "51.64000", "2016-12-31": 30, "2016-09-30": 0, "2016-06-30": 0, "2016-03-31": "", "2015-12-31": 0, "2015-09-30": 0, "2015-06-30": 0, "2015-03-31": "", "2014-12-31": 0, "2014-09-30": 20, "2014-06-30": 0, "2014-03-31": "80.00000", "2013-12-31": 10, "2013-09-30": 40, "2013-06-30": 0, "2013-03-31": "", "2012-12-31": 0, "2012-09-30": 0, "2012-06-30": 0, "2012-03-31": "", "2011-12-31": 2, "2011-09-30": -125, "2011-06-30": 0, "2011-03-31": "", "2010-12-31": 0, "2010-09-30": 0, "2010-06-30": 0, "2010-03-31": "", "2009-12-31": 0, "2009-09-30": 0, "2009-06-30": 0, "2009-03-31": "120.00000", "2008-12-31": -4.5, "2008-09-30": 0, "2008-06-30": 0, "2008-03-31": "18.00000", "2007-12-31": 0, "2007-09-30": 0, "2007-06-30": -11.25, "2007-03-31": "", "2006-12-31": 0, "2006-09-30": 0, "2006-06-30": 0, "2006-03-31": "", "2005-12-31": 0, "2005-09-30": 0, "2005-06-30": 0, "2005-03-31": ""}, "Net Common Equity Issued/Repurchased": {"2020-09-30": 0, "2020-06-30": 0, "2020-03-31": "", "2019-12-31": 0.11, "2019-09-30": 0, "2019-06-30": 0.138, "2019-03-31": "0.45300", "2018-12-31": 0.018, "2018-09-30": 0.34, "2018-06-30": 0, "2018-03-31": "", "2017-12-31": 0, "2017-09-30": 0.991, "2017-06-30": 0, "2017-03-31": "1.17100", "2016-12-31": 0.926, "2016-09-30": 0.706, "2016-06-30": 0, "2016-03-31": "", "2015-12-31": 0, "2015-09-30": 0, "2015-06-30": 0.828, "2015-03-31": "1.28300", "2014-12-31": 4.447, "2014-09-30": 1.682, "2014-06-30": 0.034, "2014-03-31": "0.08400", "2013-12-31": 0.064, "2013-09-30": 0.058, "2013-06-30": 1.324, "2013-03-31": "", "2012-12-31": 0.394, "2012-09-30": 0, "2012-06-30": 1.026, "2012-03-31": "1.07200", "2011-12-31": 1.141, "2011-09-30": 0.169, "2011-06-30": 0.143, "2011-03-31": "0.49800", "2010-12-31": 0.042, "2010-09-30": 0.216, "2010-06-30": 0.286, "2010-03-31": "0.18900", "2009-12-31": 0.149, "2009-09-30": 0.011, "2009-06-30": 0, "2009-03-31": "0.23300", "2008-12-31": 0.166, "2008-09-30": 0.625, "2008-06-30": 0.495, "2008-03-31": "", "2007-12-31": 0.194, "2007-09-30": 0.145, "2007-06-30": 1.41, "2007-03-31": "0.42400", "2006-12-31": 0.077, "2006-09-30": 0.215, "2006-06-30": 0.791, "2006-03-31": "0.86000", "2005-12-31": 0.366, "2005-09-30": 0.792, "2005-06-30": 0.521, "2005-03-31": "0.71500"}, "Net Total Equity Issued/Repurchased": {"2020-09-30": 0, "2020-06-30": 0, "2020-03-31": "", "2019-12-31": 0.11, "2019-09-30": 0, "2019-06-30": 0.138, "2019-03-31": "0.45300", "2018-12-31": 0.018, "2018-09-30": 0.34, "2018-06-30": 0, "2018-03-31": "", "2017-12-31": 0, "2017-09-30": 0.991, "2017-06-30": 0, "2017-03-31": "1.17100", "2016-12-31": 0.926, "2016-09-30": 0.706, "2016-06-30": 0, "2016-03-31": "", "2015-12-31": 0, "2015-09-30": 0, "2015-06-30": 0.828, "2015-03-31": "1.28300", "2014-12-31": 4.447, "2014-09-30": 1.682, "2014-06-30": 0.034, "2014-03-31": "0.08400", "2013-12-31": 0.064, "2013-09-30": 0.058, "2013-06-30": 1.324, "2013-03-31": "", "2012-12-31": 0.394, "2012-09-30": 0, "2012-06-30": 1.026, "2012-03-31": "1.07200", "2011-12-31": 1.141, "2011-09-30": 0.169, "2011-06-30": 0.143, "2011-03-31": "0.49800", "2010-12-31": 0.042, "2010-09-30": 0.216, "2010-06-30": 0.286, "2010-03-31": "0.18900", "2009-12-31": 0.149, "2009-09-30": 0.011, "2009-06-30": 0, "2009-03-31": "0.23300", "2008-12-31": 0.166, "2008-09-30": 0.625, "2008-06-30": 0.495, "2008-03-31": "", "2007-12-31": 0.194, "2007-09-30": 0.145, "2007-06-30": 1.41, "2007-03-31": "0.42400", "2006-12-31": 0.077, "2006-09-30": 0.215, "2006-06-30": 0.791, "2006-03-31": "0.86000", "2005-12-31": 0.366, "2005-09-30": 0.792, "2005-06-30": 0.521, "2005-03-31": "0.71500"}, "Total Common And Preferred Stock Dividends Paid": {"2020-09-30": -34.876, "2020-06-30": -34.875, "2020-03-31": "-34.87500", "2019-12-31": -34.875, "2019-09-30": -34.736, "2019-06-30": -34.734, "2019-03-31": "-34.72600", "2018-12-31": -34.726, "2018-09-30": -34.587, "2018-06-30": -34.583, "2018-03-31": "-34.58200", "2017-12-31": -34.583, "2017-09-30": -34.444, "2017-06-30": -34.431, "2017-03-31": "-34.42800", "2016-12-31": -34.418, "2016-09-30": -34.268, "2016-06-30": -34.258, "2016-03-31": "-34.25700", "2015-12-31": -34.203, "2015-09-30": -34.063, "2015-06-30": -34.065, "2015-03-31": "-34.05500", "2014-12-31": -34.035, "2014-09-30": -33.837, "2014-06-30": -33.813, "2014-03-31": "-33.81100", "2013-12-31": -33.809, "2013-09-30": -33.664, "2013-06-30": -33.662, "2013-03-31": "-33.64100", "2012-12-31": -33.636, "2012-09-30": -33.496, "2012-06-30": -33.495, "2012-03-31": "-33.47800", "2011-12-31": -33.462, "2011-09-30": -32.896, "2011-06-30": -32.893, "2011-03-31": "-32.89100", "2010-12-31": -32.882, "2010-09-30": -32.33, "2010-06-30": -32.328, "2010-03-31": "-32.32300", "2009-12-31": -32.318, "2009-09-30": -31.766, "2009-06-30": -31.766, "2009-03-31": "-31.76700", "2008-12-31": -31.763, "2008-09-30": -31.757, "2008-06-30": -31.748, "2008-03-31": "-31.74300", "2007-12-31": -28.46, "2007-09-30": -28.455, "2007-06-30": -28.453, "2007-03-31": "-28.43400", "2006-12-31": -26.241, "2006-09-30": -26.249, "2006-06-30": -26.245, "2006-03-31": "-26.22500", "2005-12-31": -23.481, "2005-09-30": -23.474, "2005-06-30": -23.46, "2005-03-31": "-23.45200"}, "Financial Activities - Other": {"2020-09-30": 0, "2020-06-30": 0, "2020-03-31": "", "2019-12-31": 0, "2019-09-30": 0, "2019-06-30": 0, "2019-03-31": "", "2018-12-31": 0, "2018-09-30": 0, "2018-06-30": 0, "2018-03-31": "", "2017-12-31": 0, "2017-09-30": 0, "2017-06-30": 0, "2017-03-31": "", "2016-12-31": -0.023, "2016-09-30": -0.066, "2016-06-30": 0, "2016-03-31": "-3.20300", "2015-12-31": -0.106, "2015-09-30": 0, "2015-06-30": 0.024, "2015-03-31": "0.08200", "2014-12-31": -0.021, "2014-09-30": 0.164, "2014-06-30": 0.005, "2014-03-31": "", "2013-12-31": -0.056, "2013-09-30": 0.006, "2013-06-30": 0.252, "2013-03-31": "", "2012-12-31": -0.03, "2012-09-30": 0, "2012-06-30": 0.084, "2012-03-31": "0.03200", "2011-12-31": 0.016, "2011-09-30": 0.008, "2011-06-30": 0.012, "2011-03-31": "0.02000", "2010-12-31": 0.072, "2010-09-30": 0.018, "2010-06-30": 0.017, "2010-03-31": "0.02500", "2009-12-31": 0, "2009-09-30": 0.002, "2009-06-30": 0.001, "2009-03-31": "0.00200", "2008-12-31": -0.012, "2008-09-30": 0.074, "2008-06-30": 0.059, "2008-03-31": "", "2007-12-31": 0.07, "2007-09-30": 0.033, "2007-06-30": 0.113, "2007-03-31": "0.05700", "2006-12-31": 0.016, "2006-09-30": 0.031, "2006-06-30": 0.219, "2006-03-31": "0.23900", "2005-12-31": 0, "2005-09-30": 0, "2005-06-30": 0, "2005-03-31": ""}, "Cash Flow From Financial Activities": {"2020-09-30": -34.876, "2020-06-30": -34.875, "2020-03-31": "-34.87500", "2019-12-31": -34.765, "2019-09-30": -34.736, "2019-06-30": -34.596, "2019-03-31": "-34.27300", "2018-12-31": -34.708, "2018-09-30": -34.247, "2018-06-30": -34.583, "2018-03-31": "-34.58200", "2017-12-31": -34.583, "2017-09-30": -33.453, "2017-06-30": -35.06, "2017-03-31": "18.38300", "2016-12-31": -3.515, "2016-09-30": -33.628, "2016-06-30": -34.258, "2016-03-31": "-37.46000", "2015-12-31": -34.309, "2015-09-30": -34.063, "2015-06-30": -33.213, "2015-03-31": "-32.69000", "2014-12-31": -29.609, "2014-09-30": -11.991, "2014-06-30": -33.774, "2014-03-31": "46.27300", "2013-12-31": -23.801, "2013-09-30": 6.4, "2013-06-30": -32.086, "2013-03-31": "-33.64100", "2012-12-31": -33.272, "2012-09-30": -33.496, "2012-06-30": -32.385, "2012-03-31": "-32.37400", "2011-12-31": -30.305, "2011-09-30": -157.719, "2011-06-30": -32.738, "2011-03-31": "-32.37300", "2010-12-31": -32.768, "2010-09-30": -32.096, "2010-06-30": -32.025, "2010-03-31": "-32.10900", "2009-12-31": -32.169, "2009-09-30": -31.753, "2009-06-30": -31.765, "2009-03-31": "88.46800", "2008-12-31": -36.109, "2008-09-30": -31.058, "2008-06-30": -31.194, "2008-03-31": "-13.74300", "2007-12-31": -28.196, "2007-09-30": -28.277, "2007-06-30": -38.18, "2007-03-31": "-27.95300", "2006-12-31": -26.148, "2006-09-30": -26.003, "2006-06-30": -25.235, "2006-03-31": "-25.12600", "2005-12-31": -23.115, "2005-09-30": -22.682, "2005-06-30": -22.939, "2005-03-31": "-22.73700"}, "Net Cash Flow": {"2020-09-30": 59.976, "2020-06-30": 9.317, "2020-03-31": "-41.56200", "2019-12-31": -20.972, "2019-09-30": 75.05, "2019-06-30": -29.785, "2019-03-31": "-44.18600", "2018-12-31": 52.611, "2018-09-30": 17.929, "2018-06-30": -46.319, "2018-03-31": "-1.34300", "2017-12-31": 6.774, "2017-09-30": 23.214, "2017-06-30": 24.841, "2017-03-31": "16.26600", "2016-12-31": -9.539, "2016-09-30": -3.424, "2016-06-30": -1.828, "2016-03-31": "-29.11200", "2015-12-31": -30.963, "2015-09-30": 20.402, "2015-06-30": 40.206, "2015-03-31": "-55.33100", "2014-12-31": 10.226, "2014-09-30": 21.208, "2014-06-30": 19.641, "2014-03-31": "-27.67600", "2013-12-31": 16.447, "2013-09-30": 69.73, "2013-06-30": -4.711, "2013-03-31": "26.85900", "2012-12-31": -29.991, "2012-09-30": 27.687, "2012-06-30": -44.214, "2012-03-31": "-6.69200", "2011-12-31": 1.63, "2011-09-30": -95.294, "2011-06-30": -29.233, "2011-03-31": "152.90200", "2010-12-31": 6.594, "2010-09-30": -44.672, "2010-06-30": -23.045, "2010-03-31": "57.00600", "2009-12-31": -18.689, "2009-09-30": 9.484, "2009-06-30": 15.866, "2009-03-31": "143.44800", "2008-12-31": 1.635, "2008-09-30": -9.478, "2008-06-30": -7.32, "2008-03-31": "2.31400", "2007-12-31": 0.325, "2007-09-30": 5.7, "2007-06-30": -4.055, "2007-03-31": "-1.33100", "2006-12-31": -14.496, "2006-09-30": 0.449, "2006-06-30": -9.589, "2006-03-31": "1.45800", "2005-12-31": 5.561, "2005-09-30": 12.097, "2005-06-30": 6.718, "2005-03-31": "6.12000"}, "Stock-Based Compensation": {"2020-09-30": 0.036, "2020-06-30": 0.035, "2020-03-31": "0.03500", "2019-12-31": 0.035, "2019-09-30": 0.036, "2019-06-30": 0.036, "2019-03-31": "0.01600", "2018-12-31": 0.041, "2018-09-30": 0.041, "2018-06-30": 0.04, "2018-03-31": "0.02300", "2017-12-31": 0, "2017-09-30": 0.004, "2017-06-30": 0.021, "2017-03-31": "0.03500", "2016-12-31": 0.035, "2016-09-30": 0.036, "2016-06-30": 0.036, "2016-03-31": "0.03500", "2015-12-31": -2.804, "2015-09-30": 0.55, "2015-06-30": 1.353, "2015-03-31": "1.04300", "2014-12-31": 1.371, "2014-09-30": 1.672, "2014-06-30": 0.671, "2014-03-31": "0.39800", "2013-12-31": 0.758, "2013-09-30": 0.316, "2013-06-30": -0.129, "2013-03-31": "0.02900", "2012-12-31": -0.682, "2012-09-30": 0.397, "2012-06-30": -0.18, "2012-03-31": "0.09500", "2011-12-31": 0.293, "2011-09-30": 0.292, "2011-06-30": 0.198, "2011-03-31": "0.11600", "2010-12-31": 0.008, "2010-09-30": 0.408, "2010-06-30": 0.187, "2010-03-31": "0.20900", "2009-12-31": 0.192, "2009-09-30": 0.204, "2009-06-30": 0.203, "2009-03-31": "0.16400", "2008-12-31": 0.163, "2008-09-30": 0.162, "2008-06-30": 0.158, "2008-03-31": "0.16900", "2007-12-31": 0.099, "2007-09-30": 0.096, "2007-06-30": 0.147, "2007-03-31": "0.14500", "2006-12-31": -0.008, "2006-09-30": 0.325, "2006-06-30": 0.32, "2006-03-31": "0.24900", "2005-12-31": 0, "2005-09-30": 0, "2005-06-30": 0, "2005-03-31": ""}, "Common Stock Dividends Paid": {"2020-09-30": -34.876, "2020-06-30": -34.875, "2020-03-31": "-34.87500", "2019-12-31": -34.875, "2019-09-30": -34.736, "2019-06-30": -34.734, "2019-03-31": "-34.72600", "2018-12-31": -34.726, "2018-09-30": -34.587, "2018-06-30": -34.583, "2018-03-31": "-34.58200", "2017-12-31": -34.583, "2017-09-30": -34.444, "2017-06-30": -34.431, "2017-03-31": "-34.42800", "2016-12-31": -34.418, "2016-09-30": -34.268, "2016-06-30": -34.258, "2016-03-31": "-34.25700", "2015-12-31": -34.203, "2015-09-30": -34.063, "2015-06-30": -34.065, "2015-03-31": "-34.05500", "2014-12-31": -34.035, "2014-09-30": -33.837, "2014-06-30": -33.813, "2014-03-31": "-33.81100", "2013-12-31": -33.809, "2013-09-30": -33.664, "2013-06-30": -33.662, "2013-03-31": "-33.64100", "2012-12-31": -33.636, "2012-09-30": -33.496, "2012-06-30": -33.495, "2012-03-31": "-33.47800", "2011-12-31": -33.462, "2011-09-30": -32.896, "2011-06-30": -32.893, "2011-03-31": "-32.89100", "2010-12-31": -32.882, "2010-09-30": -32.33, "2010-06-30": -32.328, "2010-03-31": "-32.32300", "2009-12-31": -32.318, "2009-09-30": -31.766, "2009-06-30": -31.766, "2009-03-31": "-31.76700", "2008-12-31": -31.763, "2008-09-30": -31.757, "2008-06-30": -31.748, "2008-03-31": "-31.74300", "2007-12-31": -28.46, "2007-09-30": -28.455, "2007-06-30": -28.453, "2007-03-31": "-28.43400", "2006-12-31": -26.241, "2006-09-30": -26.249, "2006-06-30": -26.245, "2006-03-31": "-26.22500", "2005-12-31": -23.481, "2005-09-30": -23.474, "2005-06-30": -23.46, "2005-03-31": "-23.45200"}}, "financial ratios": {"Current Ratio": {"2019-12-31": "", "2018-12-31": "", "2017-12-31": "", "2016-12-31": "", "2015-12-31": "", "2014-12-31": "", "2013-12-31": "", "2012-12-31": "", "2011-12-31": "", "2010-12-31": "", "2009-12-31": "", "2008-12-31": "", "2007-12-31": "", "2006-12-31": "", "2005-12-31": ""}, "Long-term Debt / Capital": {"2019-12-31": "0.17140", "2018-12-31": "0.18690", "2017-12-31": "0.17410", "2016-12-31": "0.15440", "2015-12-31": "0.13740", "2014-12-31": "0.13390", "2013-12-31": "0.09440", "2012-12-31": "0.07060", "2011-12-31": "0.07010", "2010-12-31": "0.12960", "2009-12-31": "0.13290", "2008-12-31": "0.09600", "2007-12-31": "0.06930", "2006-12-31": "0.07590", "2005-12-31": "0.08200"}, "Debt/Equity Ratio": {"2019-12-31": "0.20680", "2018-12-31": "0.22980", "2017-12-31": "0.21080", "2016-12-31": "0.18260", "2015-12-31": "0.15930", "2014-12-31": "0.15460", "2013-12-31": "0.10430", "2012-12-31": "0.07600", "2011-12-31": "0.07540", "2010-12-31": "0.14890", "2009-12-31": "0.15320", "2008-12-31": "0.10620", "2007-12-31": "0.07440", "2006-12-31": "0.08210", "2005-12-31": "0.08930"}, "Gross Margin": {"2019-12-31": "", "2018-12-31": "", "2017-12-31": "", "2016-12-31": "", "2015-12-31": "", "2014-12-31": "", "2013-12-31": "", "2012-12-31": "", "2011-12-31": "", "2010-12-31": "", "2009-12-31": "", "2008-12-31": "", "2007-12-31": "", "2006-12-31": "", "2005-12-31": ""}, "Operating Margin": {"2019-12-31": "9.94590", "2018-12-31": "-0.40170", "2017-12-31": "5.33530", "2016-12-31": "2.31390", "2015-12-31": "2.45020", "2014-12-31": "8.30280", "2013-12-31": "4.72720", "2012-12-31": "4.91680", "2011-12-31": "9.02490", "2010-12-31": "6.81570", "2009-12-31": "18.52540", "2008-12-31": "-18.46970", "2007-12-31": "10.18090", "2006-12-31": "10.14880", "2005-12-31": "12.02780"}, "EBIT Margin": {"2019-12-31": "9.94590", "2018-12-31": "-0.40170", "2017-12-31": "5.33530", "2016-12-31": "2.31390", "2015-12-31": "2.45020", "2014-12-31": "8.30280", "2013-12-31": "4.72720", "2012-12-31": "4.91680", "2011-12-31": "9.02490", "2010-12-31": "6.81570", "2009-12-31": "18.52540", "2008-12-31": "-18.46970", "2007-12-31": "10.18090", "2006-12-31": "10.14880", "2005-12-31": "12.02780"}, "EBITDA Margin": {"2019-12-31": "11.57540", "2018-12-31": "1.33760", "2017-12-31": "6.95550", "2016-12-31": "3.96400", "2015-12-31": "4.03990", "2014-12-31": "9.86240", "2013-12-31": "6.25560", "2012-12-31": "6.48800", "2011-12-31": "10.65500", "2010-12-31": "8.32140", "2009-12-31": "19.88210", "2008-12-31": "-16.84180", "2007-12-31": "11.24230", "2006-12-31": "11.06280", "2005-12-31": "13.05040"}, "Pre-Tax Profit Margin": {"2019-12-31": "9.51710", "2018-12-31": "-0.90580", "2017-12-31": "4.89130", "2016-12-31": "2.19120", "2015-12-31": "2.34500", "2014-12-31": "8.21530", "2013-12-31": "4.68250", "2012-12-31": "4.86140", "2011-12-31": "8.82510", "2010-12-31": "6.57050", "2009-12-31": "18.30990", "2008-12-31": "-18.67540", "2007-12-31": "9.91070", "2006-12-31": "9.85910", "2005-12-31": "11.78640"}, "Net Profit Margin": {"2019-12-31": "8.05750", "2018-12-31": "-0.16950", "2017-12-31": "4.24120", "2016-12-31": "2.26300", "2015-12-31": "2.47500", "2014-12-31": "5.90840", "2013-12-31": "3.97520", "2012-12-31": "4.20030", "2011-12-31": "6.88310", "2010-12-31": "5.48290", "2009-12-31": "12.91280", "2008-12-31": "-10.02900", "2007-12-31": "7.48190", "2006-12-31": "6.77930", "2005-12-31": "8.46480"}, "Asset Turnover": {"2019-12-31": "0.67450", "2018-12-31": "0.62200", "2017-12-31": "0.66960", "2016-12-31": "0.67400", "2015-12-31": "0.65010", "2014-12-31": "0.65470", "2013-12-31": "0.65370", "2012-12-31": "0.66430", "2011-12-31": "0.68240", "2010-12-31": "0.66040", "2009-12-31": "0.73750", "2008-12-31": "0.61120", "2007-12-31": "0.72010", "2006-12-31": "0.73670", "2005-12-31": "0.73860"}, "Inventory Turnover Ratio": {"2019-12-31": "", "2018-12-31": "", "2017-12-31": "", "2016-12-31": "", "2015-12-31": "", "2014-12-31": "", "2013-12-31": "", "2012-12-31": "", "2011-12-31": "", "2010-12-31": "", "2009-12-31": "", "2008-12-31": "", "2007-12-31": "", "2006-12-31": "", "2005-12-31": ""}, "Receiveable Turnover": {"2019-12-31": "", "2018-12-31": "", "2017-12-31": "", "2016-12-31": "", "2015-12-31": "", "2014-12-31": "", "2013-12-31": "", "2012-12-31": "", "2011-12-31": "", "2010-12-31": "", "2009-12-31": "", "2008-12-31": "", "2007-12-31": "", "2006-12-31": "", "2005-12-31": ""}, "Days Sales In Receivables": {"2019-12-31": "", "2018-12-31": "", "2017-12-31": "", "2016-12-31": "", "2015-12-31": "", "2014-12-31": "", "2013-12-31": "", "2012-12-31": "", "2011-12-31": "", "2010-12-31": "", "2009-12-31": "", "2008-12-31": "", "2007-12-31": "", "2006-12-31": "", "2005-12-31": ""}, "ROE - Return On Equity": {"2019-12-31": "17.78750", "2018-12-31": "-0.35410", "2017-12-31": "8.22520", "2016-12-31": "4.16820", "2015-12-31": "4.09030", "2014-12-31": "9.48840", "2013-12-31": "6.15330", "2012-12-31": "6.34520", "2011-12-31": "10.29160", "2010-12-31": "8.47990", "2009-12-31": "22.76030", "2008-12-31": "-16.20550", "2007-12-31": "12.77300", "2006-12-31": "12.45940", "2005-12-31": "15.75150"}, "Return On Tangible Equity": {"2019-12-31": "18.33190", "2018-12-31": "-0.36730", "2017-12-31": "8.53290", "2016-12-31": "4.33760", "2015-12-31": "4.26470", "2014-12-31": "9.90240", "2013-12-31": "6.45210", "2012-12-31": "6.67260", "2011-12-31": "10.85610", "2010-12-31": "8.99600", "2009-12-31": "24.26280", "2008-12-31": "-16.20550", "2007-12-31": "12.77300", "2006-12-31": "12.45940", "2005-12-31": "15.75150"}, "ROA - Return On Assets": {"2019-12-31": "5.43520", "2018-12-31": "-0.10540", "2017-12-31": "2.84000", "2016-12-31": "1.52530", "2015-12-31": "1.60910", "2014-12-31": "3.86820", "2013-12-31": "2.59880", "2012-12-31": "2.79040", "2011-12-31": "4.69690", "2010-12-31": "3.62090", "2009-12-31": "9.52300", "2008-12-31": "-6.12930", "2007-12-31": "5.38750", "2006-12-31": "4.99450", "2005-12-31": "6.25200"}, "ROI - Return On Investment": {"2019-12-31": "14.73950", "2018-12-31": "-0.28790", "2017-12-31": "6.79310", "2016-12-31": "3.52460", "2015-12-31": "3.52830", "2014-12-31": "8.21770", "2013-12-31": "5.57240", "2012-12-31": "5.89720", "2011-12-31": "9.57020", "2010-12-31": "7.38100", "2009-12-31": "19.73580", "2008-12-31": "-14.65010", "2007-12-31": "11.88830", "2006-12-31": "11.51410", "2005-12-31": "14.46060"}, "Book Value Per Share": {"2019-12-31": "32.50660", "2018-12-31": "29.23170", "2017-12-31": "31.83310", "2016-12-31": "31.69530", "2015-12-31": "33.00860", "2014-12-31": "34.02420", "2013-12-31": "33.15120", "2012-12-31": "33.54750", "2011-12-31": "33.86110", "2010-12-31": "32.75030", "2009-12-31": "32.33010", "2008-12-31": "27.28160", "2007-12-31": "34.02150", "2006-12-31": "31.53700", "2005-12-31": "29.44490"}, "Operating Cash Flow Per Share": {"2019-12-31": 2.4579, "2018-12-31": 0.7586, "2017-12-31": 0.8964, "2016-12-31": 1.8279, "2015-12-31": -1.0344, "2014-12-31": 0.6637, "2013-12-31": 1.1212, "2012-12-31": -0.1945, "2011-12-31": 1.2164, "2010-12-31": -1.7571, "2009-12-31": 2.2548, "2008-12-31": -2.7504, "2007-12-31": -2.7612, "2006-12-31": -2.5559, "2005-12-31": 9.2438}, "Free Cash Flow Per Share": {"2019-12-31": 2.239, "2018-12-31": 0.4921, "2017-12-31": 0.9645, "2016-12-31": 1.8829, "2015-12-31": -0.9271, "2014-12-31": 0.5194, "2013-12-31": 1.0356, "2012-12-31": -0.1586, "2011-12-31": 1.4437, "2010-12-31": -1.6066, "2009-12-31": 2.4577, "2008-12-31": -2.8748, "2007-12-31": -2.7018, "2006-12-31": -2.5974, "2005-12-31": 8.4945}}, "financial ratios, quarterly": {"Current Ratio": {"2020-09-30": "", "2020-06-30": "", "2020-03-31": "", "2019-12-31": "", "2019-09-30": "", "2019-06-30": "", "2019-03-31": "", "2018-12-31": "", "2018-09-30": "", "2018-06-30": "", "2018-03-31": "", "2017-12-31": "", "2017-09-30": "", "2017-06-30": "", "2017-03-31": "", "2016-12-31": "", "2016-09-30": "", "2016-06-30": "", "2016-03-31": "", "2015-12-31": "", "2015-09-30": "", "2015-06-30": "", "2015-03-31": "", "2014-12-31": "", "2014-09-30": "", "2014-06-30": "", "2014-03-31": "", "2013-12-31": "", "2013-09-30": "", "2013-06-30": "", "2013-03-31": "", "2012-12-31": "", "2012-09-30": "", "2012-06-30": "", "2012-03-31": "", "2011-12-31": "", "2011-09-30": "", "2011-06-30": "", "2011-03-31": "", "2010-12-31": "", "2010-09-30": "", "2010-06-30": "", "2010-03-31": "", "2009-12-31": "", "2009-09-30": "", "2009-06-30": "", "2009-03-31": "", "2008-12-31": "", "2008-09-30": "", "2008-06-30": "", "2008-03-31": "", "2007-12-31": "", "2007-09-30": "", "2007-06-30": "", "2007-03-31": "", "2006-12-31": "", "2006-09-30": "", "2006-06-30": "", "2006-03-31": "", "2005-12-31": "", "2005-09-30": "", "2005-06-30": "", "2005-03-31": ""}, "Long-term Debt / Capital": {"2020-09-30": "0.16380", "2020-06-30": "0.17010", "2020-03-31": "0.18650", "2019-12-31": "0.17140", "2019-09-30": "0.17110", "2019-06-30": "0.17380", "2019-03-31": "0.17780", "2018-12-31": "0.18690", "2018-09-30": "0.17650", "2018-06-30": "0.17850", "2018-03-31": "0.18070", "2017-12-31": "0.17410", "2017-09-30": "0.17290", "2017-06-30": "0.17390", "2017-03-31": "0.17530", "2016-12-31": "0.15440", "2016-09-30": "0.13770", "2016-06-30": "0.13730", "2016-03-31": "0.13830", "2015-12-31": "0.13740", "2015-09-30": "0.13680", "2015-06-30": "0.13570", "2015-03-31": "0.13430", "2014-12-31": "0.13390", "2014-09-30": "0.13090", "2014-06-30": "0.12310", "2014-03-31": "0.12670", "2013-12-31": "0.09440", "2013-09-30": "0.08910", "2013-06-30": "0.07090", "2013-03-31": "0.06950", "2012-12-31": "0.07060", "2012-09-30": "0.06880", "2012-06-30": "0.07000", "2012-03-31": "0.06870", "2011-12-31": "0.07010", "2011-09-30": "0.07090", "2011-06-30": "0.12510", "2011-03-31": "0.12730", "2010-12-31": "0.12960", "2010-09-30": "0.12690", "2010-06-30": "0.13130", "2010-03-31": "0.13080", "2009-12-31": "0.13290", "2009-09-30": "0.13360", "2009-06-30": "0.14270", "2009-03-31": "0.15030", "2008-12-31": "0.09600", "2008-09-30": "0.08380", "2008-06-30": "0.07630", "2008-03-31": "0.08060", "2007-12-31": "0.06930", "2007-09-30": "0.06630", "2007-06-30": "0.06670", "2007-03-31": "0.07380", "2006-12-31": "0.07590", "2006-09-30": "0.07730", "2006-06-30": "0.07830", "2006-03-31": "0.07950", "2005-12-31": "0.08200", "2005-09-30": "0.07840", "2005-06-30": "0.08060", "2005-03-31": "0.08390"}, "Debt/Equity Ratio": {"2020-09-30": "0.19590", "2020-06-30": "0.20490", "2020-03-31": "0.22930", "2019-12-31": "0.20680", "2019-09-30": "0.20640", "2019-06-30": "0.21040", "2019-03-31": "0.21630", "2018-12-31": "0.22980", "2018-09-30": "0.21430", "2018-06-30": "0.21730", "2018-03-31": "0.22050", "2017-12-31": "0.21080", "2017-09-30": "0.20900", "2017-06-30": "0.21050", "2017-03-31": "0.21250", "2016-12-31": "0.18260", "2016-09-30": "0.15970", "2016-06-30": "0.15920", "2016-03-31": "0.16050", "2015-12-31": "0.15930", "2015-09-30": "0.15850", "2015-06-30": "0.15690", "2015-03-31": "0.15510", "2014-12-31": "0.15460", "2014-09-30": "0.15070", "2014-06-30": "0.14040", "2014-03-31": "0.14500", "2013-12-31": "0.10430", "2013-09-30": "0.09780", "2013-06-30": "0.07630", "2013-03-31": "0.07470", "2012-12-31": "0.07600", "2012-09-30": "0.07390", "2012-06-30": "0.07520", "2012-03-31": "0.07370", "2011-12-31": "0.07540", "2011-09-30": "0.07630", "2011-06-30": "0.14300", "2011-03-31": "0.14590", "2010-12-31": "0.14890", "2010-09-30": "0.14530", "2010-06-30": "0.15120", "2010-03-31": "0.15050", "2009-12-31": "0.15320", "2009-09-30": "0.15420", "2009-06-30": "0.16650", "2009-03-31": "0.17690", "2008-12-31": "0.10620", "2008-09-30": "0.09140", "2008-06-30": "0.08260", "2008-03-31": "0.08770", "2007-12-31": "0.07440", "2007-09-30": "0.07100", "2007-06-30": "0.07150", "2007-03-31": "0.07970", "2006-12-31": "0.08210", "2006-09-30": "0.08380", "2006-06-30": "0.08490", "2006-03-31": "0.08630", "2005-12-31": "0.08930", "2005-09-30": "0.08510", "2005-06-30": "0.08770", "2005-03-31": "0.09160"}, "Gross Margin": {"2020-09-30": "", "2020-06-30": "", "2020-03-31": "", "2019-12-31": "", "2019-09-30": "", "2019-06-30": "", "2019-03-31": "", "2018-12-31": "", "2018-09-30": "", "2018-06-30": "", "2018-03-31": "", "2017-12-31": "", "2017-09-30": "", "2017-06-30": "", "2017-03-31": "", "2016-12-31": "", "2016-09-30": "", "2016-06-30": "", "2016-03-31": "", "2015-12-31": "", "2015-09-30": "", "2015-06-30": "", "2015-03-31": "", "2014-12-31": "", "2014-09-30": "", "2014-06-30": "", "2014-03-31": "", "2013-12-31": "", "2013-09-30": "", "2013-06-30": "", "2013-03-31": "", "2012-12-31": "", "2012-09-30": "", "2012-06-30": "", "2012-03-31": "", "2011-12-31": "", "2011-09-30": "", "2011-06-30": "", "2011-03-31": "", "2010-12-31": "", "2010-09-30": "", "2010-06-30": "", "2010-03-31": "", "2009-12-31": "", "2009-09-30": "", "2009-06-30": "", "2009-03-31": "", "2008-12-31": "", "2008-09-30": "", "2008-06-30": "", "2008-03-31": "", "2007-12-31": "", "2007-09-30": "", "2007-06-30": "", "2007-03-31": "", "2006-12-31": "", "2006-09-30": "", "2006-06-30": "", "2006-03-31": "", "2005-12-31": "", "2005-09-30": "", "2005-06-30": "", "2005-03-31": ""}, "Operating Margin": {"2020-09-30": "15.10780", "2020-06-30": "28.80510", "2020-03-31": "-24.91120", "2019-12-31": "3.31190", "2019-09-30": "8.61920", "2019-06-30": "10.80780", "2019-03-31": "16.84360", "2018-12-31": "-13.49360", "2018-09-30": "8.33060", "2018-06-30": "8.75340", "2018-03-31": "-7.07790", "2017-12-31": "1.60770", "2017-09-30": "7.27410", "2017-06-30": "8.55730", "2017-03-31": "3.89990", "2016-12-31": "-6.80990", "2016-09-30": "4.03840", "2016-06-30": "7.61010", "2016-03-31": "3.27510", "2015-12-31": "3.15380", "2015-09-30": "1.73470", "2015-06-30": "0.72710", "2015-03-31": "4.11110", "2014-12-31": "-3.79940", "2014-09-30": "5.25380", "2014-06-30": "16.99140", "2014-03-31": "13.43920", "2013-12-31": "1.64360", "2013-09-30": "7.56600", "2013-06-30": "-3.85130", "2013-03-31": "12.33640", "2012-12-31": "-5.69490", "2012-09-30": "12.53360", "2012-06-30": "-2.85240", "2012-03-31": "14.17010", "2011-12-31": "14.88980", "2011-09-30": "-2.73360", "2011-06-30": "10.93800", "2011-03-31": "11.14120", "2010-12-31": "-7.38120", "2010-09-30": "17.92920", "2010-06-30": "2.63270", "2010-03-31": "11.84690", "2009-12-31": "6.34380", "2009-09-30": "26.80570", "2009-06-30": "20.45190", "2009-03-31": "17.99960", "2008-12-31": "-54.91600", "2008-09-30": "-54.82310", "2008-06-30": "12.40540", "2008-03-31": "-2.77230", "2007-12-31": "7.22320", "2007-09-30": "10.84310", "2007-06-30": "12.08140", "2007-03-31": "10.50670", "2006-12-31": "8.60340", "2006-09-30": "11.79300", "2006-06-30": "6.53550", "2006-03-31": "13.71710", "2005-12-31": "8.21840", "2005-09-30": "13.90370", "2005-06-30": "14.19650", "2005-03-31": "11.86010"}, "EBIT Margin": {"2020-09-30": "15.10780", "2020-06-30": "28.80510", "2020-03-31": "-24.91120", "2019-12-31": "3.31190", "2019-09-30": "8.61920", "2019-06-30": "10.80780", "2019-03-31": "16.84360", "2018-12-31": "-13.49360", "2018-09-30": "8.33060", "2018-06-30": "8.75340", "2018-03-31": "-7.07790", "2017-12-31": "1.60770", "2017-09-30": "7.27410", "2017-06-30": "8.55730", "2017-03-31": "3.89990", "2016-12-31": "-6.80990", "2016-09-30": "4.03840", "2016-06-30": "7.61010", "2016-03-31": "3.27510", "2015-12-31": "3.15380", "2015-09-30": "1.73470", "2015-06-30": "0.72710", "2015-03-31": "4.11110", "2014-12-31": "-3.79940", "2014-09-30": "5.25380", "2014-06-30": "16.99140", "2014-03-31": "13.43920", "2013-12-31": "1.64360", "2013-09-30": "7.56600", "2013-06-30": "-3.85130", "2013-03-31": "12.33640", "2012-12-31": "-5.69490", "2012-09-30": "12.53360", "2012-06-30": "-2.85240", "2012-03-31": "14.17010", "2011-12-31": "14.88980", "2011-09-30": "-2.73360", "2011-06-30": "10.93800", "2011-03-31": "11.14120", "2010-12-31": "-7.38120", "2010-09-30": "17.92920", "2010-06-30": "2.63270", "2010-03-31": "11.84690", "2009-12-31": "6.34380", "2009-09-30": "26.80570", "2009-06-30": "20.45190", "2009-03-31": "17.99960", "2008-12-31": "-54.91600", "2008-09-30": "-54.82310", "2008-06-30": "12.40540", "2008-03-31": "-2.77230", "2007-12-31": "7.22320", "2007-09-30": "10.84310", "2007-06-30": "12.08140", "2007-03-31": "10.50670", "2006-12-31": "8.60340", "2006-09-30": "11.79300", "2006-06-30": "6.53550", "2006-03-31": "13.71710", "2005-12-31": "8.21850", "2005-09-30": "13.90370", "2005-06-30": "14.19650", "2005-03-31": "11.86010"}, "EBITDA Margin": {"2020-09-30": "", "2020-06-30": "", "2020-03-31": "", "2019-12-31": "", "2019-09-30": "", "2019-06-30": "", "2019-03-31": "", "2018-12-31": "", "2018-09-30": "", "2018-06-30": "", "2018-03-31": "", "2017-12-31": "", "2017-09-30": "", "2017-06-30": "", "2017-03-31": "", "2016-12-31": "", "2016-09-30": "", "2016-06-30": "", "2016-03-31": "", "2015-12-31": "", "2015-09-30": "", "2015-06-30": "", "2015-03-31": "", "2014-12-31": "", "2014-09-30": "", "2014-06-30": "", "2014-03-31": "", "2013-12-31": "", "2013-09-30": "", "2013-06-30": "", "2013-03-31": "", "2012-12-31": "", "2012-09-30": "", "2012-06-30": "", "2012-03-31": "", "2011-12-31": "", "2011-09-30": "", "2011-06-30": "", "2011-03-31": "", "2010-12-31": "", "2010-09-30": "", "2010-06-30": "", "2010-03-31": "", "2009-12-31": "", "2009-09-30": "", "2009-06-30": "", "2009-03-31": "", "2008-12-31": "", "2008-09-30": "", "2008-06-30": "", "2008-03-31": "", "2007-12-31": "", "2007-09-30": "", "2007-06-30": "", "2007-03-31": "", "2006-12-31": "", "2006-09-30": "", "2006-06-30": "", "2006-03-31": "", "2005-12-31": "", "2005-09-30": "", "2005-06-30": "", "2005-03-31": ""}, "Pre-Tax Profit Margin": {"2020-09-30": "14.68110", "2020-06-30": "28.38080", "2020-03-31": "-25.51210", "2019-12-31": "2.88110", "2019-09-30": "8.18800", "2019-06-30": "10.37230", "2019-03-31": "16.42550", "2018-12-31": "-14.01490", "2018-09-30": "7.85480", "2018-06-30": "8.27270", "2018-03-31": "-7.62260", "2017-12-31": "1.10670", "2017-09-30": "6.78590", "2017-06-30": "8.06150", "2017-03-31": "3.61050", "2016-12-31": "-6.95090", "2016-09-30": "3.91320", "2016-06-30": "7.49820", "2016-03-31": "3.15980", "2015-12-31": "3.04390", "2015-09-30": "1.63040", "2015-06-30": "0.62120", "2015-03-31": "4.01040", "2014-12-31": "-3.90140", "2014-09-30": "5.15560", "2014-06-30": "16.90620", "2014-03-31": "13.37300", "2013-12-31": "1.58780", "2013-09-30": "7.51960", "2013-06-30": "-3.88430", "2013-03-31": "12.29390", "2012-12-31": "-5.74870", "2012-09-30": "12.48060", "2012-06-30": "-2.91070", "2012-03-31": "14.11340", "2011-12-31": "14.76980", "2011-09-30": "-2.94250", "2011-06-30": "10.70180", "2011-03-31": "10.90100", "2010-12-31": "-7.64090", "2010-09-30": "17.71620", "2010-06-30": "2.34950", "2010-03-31": "11.61560", "2009-12-31": "6.09730", "2009-09-30": "26.61600", "2009-06-30": "20.21590", "2009-03-31": "17.80310", "2008-12-31": "-55.17860", "2008-09-30": "-55.18540", "2008-06-30": "12.21680", "2008-03-31": "-2.84850", "2007-12-31": "6.99100", "2007-09-30": "10.57320", "2007-06-30": "11.79990", "2007-03-31": "10.21030", "2006-12-31": "8.31900", "2006-09-30": "11.51470", "2006-06-30": "6.23410", "2006-03-31": "13.42230", "2005-12-31": "7.95100", "2005-09-30": "13.65710", "2005-06-30": "13.95140", "2005-03-31": "11.65590"}, "Net Profit Margin": {"2020-09-30": "11.90030", "2020-06-30": "22.68850", "2020-03-31": "-19.65300", "2019-12-31": "3.20730", "2019-09-30": "7.01740", "2019-06-30": "8.49930", "2019-03-31": "13.34980", "2018-12-31": "-10.02660", "2018-09-30": "6.54640", "2018-06-30": "6.79700", "2018-03-31": "-5.44020", "2017-12-31": "2.30730", "2017-09-30": "5.41560", "2017-06-30": "6.05420", "2017-03-31": "3.18350", "2016-12-31": "-3.53610", "2016-09-30": "3.33230", "2016-06-30": "5.69610", "2016-03-31": "2.83070", "2015-12-31": "2.97710", "2015-09-30": "2.02950", "2015-06-30": "1.32740", "2015-03-31": "3.51420", "2014-12-31": "-2.90330", "2014-09-30": "4.34670", "2014-06-30": "11.76680", "2014-03-31": "9.52200", "2013-12-31": "2.16670", "2013-09-30": "5.43050", "2013-06-30": "-1.44170", "2013-03-31": "8.97940", "2012-12-31": "-2.55160", "2012-09-30": "9.04660", "2012-06-30": "-0.81270", "2012-03-31": "10.15060", "2011-12-31": "10.60360", "2011-09-30": "-0.61420", "2011-06-30": "8.10290", "2011-03-31": "8.25270", "2010-12-31": "-3.60670", "2010-09-30": "12.63110", "2010-06-30": "2.72570", "2010-03-31": "8.74190", "2009-12-31": "5.05450", "2009-09-30": "18.31520", "2009-06-30": "14.37810", "2009-03-31": "12.28190", "2008-12-31": "-33.81130", "2008-09-30": "-30.61650", "2008-06-30": "8.97660", "2008-03-31": "-0.59170", "2007-12-31": "5.69450", "2007-09-30": "7.99580", "2007-06-30": "8.62300", "2007-03-31": "7.57360", "2006-12-31": "6.29810", "2006-09-30": "8.59360", "2006-06-30": "4.75650", "2006-03-31": "7.48160", "2005-12-31": "6.02670", "2005-09-30": "9.57250", "2005-06-30": "9.90700", "2005-03-31": "8.39990"}, "Asset Turnover": {"2020-09-30": "0.16250", "2020-06-30": "0.17000", "2020-03-31": "0.12390", "2019-12-31": "0.16780", "2019-09-30": "0.16810", "2019-06-30": "0.17130", "2019-03-31": "0.18150", "2018-12-31": "0.15030", "2018-09-30": "0.16840", "2018-06-30": "0.17010", "2018-03-31": "0.15260", "2017-12-31": "0.16800", "2017-09-30": "0.17080", "2017-06-30": "0.17270", "2017-03-31": "0.17420", "2016-12-31": "0.15400", "2016-09-30": "0.16830", "2016-06-30": "0.18170", "2016-03-31": "0.17560", "2015-12-31": "0.16980", "2015-09-30": "0.16190", "2015-06-30": "0.15830", "2015-03-31": "0.16120", "2014-12-31": "0.15690", "2014-09-30": "0.15620", "2014-06-30": "0.17690", "2014-03-31": "0.17050", "2013-12-31": "0.16450", "2013-09-30": "0.16790", "2013-06-30": "0.15180", "2013-03-31": "0.17330", "2012-12-31": "0.16260", "2012-09-30": "0.17380", "2012-06-30": "0.15720", "2012-03-31": "0.17470", "2011-12-31": "0.18410", "2011-09-30": "0.15030", "2011-06-30": "0.16640", "2011-03-31": "0.16760", "2010-12-31": "0.15600", "2010-09-30": "0.18000", "2010-06-30": "0.15630", "2010-03-31": "0.16520", "2009-12-31": "0.16000", "2009-09-30": "0.20150", "2009-06-30": "0.19220", "2009-03-31": "0.19050", "2008-12-31": "0.12600", "2008-09-30": "0.11060", "2008-06-30": "0.18280", "2008-03-31": "0.15410", "2007-12-31": "0.17740", "2007-09-30": "0.17670", "2007-06-30": "0.18440", "2007-03-31": "0.18250", "2006-12-31": "0.18510", "2006-09-30": "0.18420", "2006-06-30": "0.19020", "2006-03-31": "0.18950", "2005-12-31": "0.18930", "2005-09-30": "0.18990", "2005-06-30": "0.19280", "2005-03-31": "0.19150"}, "Inventory Turnover Ratio": {"2020-09-30": "", "2020-06-30": "", "2020-03-31": "", "2019-12-31": "", "2019-09-30": "", "2019-06-30": "", "2019-03-31": "", "2018-12-31": "", "2018-09-30": "", "2018-06-30": "", "2018-03-31": "", "2017-12-31": "", "2017-09-30": "", "2017-06-30": "", "2017-03-31": "", "2016-12-31": "", "2016-09-30": "", "2016-06-30": "", "2016-03-31": "", "2015-12-31": "", "2015-09-30": "", "2015-06-30": "", "2015-03-31": "", "2014-12-31": "", "2014-09-30": "", "2014-06-30": "", "2014-03-31": "", "2013-12-31": "", "2013-09-30": "", "2013-06-30": "", "2013-03-31": "", "2012-12-31": "", "2012-09-30": "", "2012-06-30": "", "2012-03-31": "", "2011-12-31": "", "2011-09-30": "", "2011-06-30": "", "2011-03-31": "", "2010-12-31": "", "2010-09-30": "", "2010-06-30": "", "2010-03-31": "", "2009-12-31": "", "2009-09-30": "", "2009-06-30": "", "2009-03-31": "", "2008-12-31": "", "2008-09-30": "", "2008-06-30": "", "2008-03-31": "", "2007-12-31": "", "2007-09-30": "", "2007-06-30": "", "2007-03-31": "", "2006-12-31": "", "2006-09-30": "", "2006-06-30": "", "2006-03-31": "", "2005-12-31": "", "2005-09-30": "", "2005-06-30": "", "2005-03-31": ""}, "Receiveable Turnover": {"2020-09-30": "", "2020-06-30": "", "2020-03-31": "", "2019-12-31": "", "2019-09-30": "", "2019-06-30": "", "2019-03-31": "", "2018-12-31": "", "2018-09-30": "", "2018-06-30": "", "2018-03-31": "", "2017-12-31": "", "2017-09-30": "", "2017-06-30": "", "2017-03-31": "", "2016-12-31": "", "2016-09-30": "", "2016-06-30": "", "2016-03-31": "", "2015-12-31": "", "2015-09-30": "", "2015-06-30": "", "2015-03-31": "", "2014-12-31": "", "2014-09-30": "", "2014-06-30": "", "2014-03-31": "", "2013-12-31": "", "2013-09-30": "", "2013-06-30": "", "2013-03-31": "", "2012-12-31": "", "2012-09-30": "", "2012-06-30": "", "2012-03-31": "", "2011-12-31": "", "2011-09-30": "", "2011-06-30": "", "2011-03-31": "", "2010-12-31": "", "2010-09-30": "", "2010-06-30": "", "2010-03-31": "", "2009-12-31": "", "2009-09-30": "", "2009-06-30": "", "2009-03-31": "", "2008-12-31": "", "2008-09-30": "", "2008-06-30": "", "2008-03-31": "", "2007-12-31": "", "2007-09-30": "", "2007-06-30": "", "2007-03-31": "", "2006-12-31": "", "2006-09-30": "", "2006-06-30": "", "2006-03-31": "", "2005-12-31": "", "2005-09-30": "", "2005-06-30": "", "2005-03-31": ""}, "Days Sales In Receivables": {"2020-09-30": "", "2020-06-30": "", "2020-03-31": "", "2019-12-31": "", "2019-09-30": "", "2019-06-30": "", "2019-03-31": "", "2018-12-31": "", "2018-09-30": "", "2018-06-30": "", "2018-03-31": "", "2017-12-31": "", "2017-09-30": "", "2017-06-30": "", "2017-03-31": "", "2016-12-31": "", "2016-09-30": "", "2016-06-30": "", "2016-03-31": "", "2015-12-31": "", "2015-09-30": "", "2015-06-30": "", "2015-03-31": "", "2014-12-31": "", "2014-09-30": "", "2014-06-30": "", "2014-03-31": "", "2013-12-31": "", "2013-09-30": "", "2013-06-30": "", "2013-03-31": "", "2012-12-31": "", "2012-09-30": "", "2012-06-30": "", "2012-03-31": "", "2011-12-31": "", "2011-09-30": "", "2011-06-30": "", "2011-03-31": "", "2010-12-31": "", "2010-09-30": "", "2010-06-30": "", "2010-03-31": "", "2009-12-31": "", "2009-09-30": "", "2009-06-30": "", "2009-03-31": "", "2008-12-31": "", "2008-09-30": "", "2008-06-30": "", "2008-03-31": "", "2007-12-31": "", "2007-09-30": "", "2007-06-30": "", "2007-03-31": "", "2006-12-31": "", "2006-09-30": "", "2006-06-30": "", "2006-03-31": "", "2005-12-31": "", "2005-09-30": "", "2005-06-30": "", "2005-03-31": ""}, "ROE - Return On Equity": {"2020-09-30": "6.25290", "2020-06-30": "12.56110", "2020-03-31": "-8.57460", "2019-12-31": "1.76090", "2019-09-30": "3.84360", "2019-06-30": "4.70880", "2019-03-31": "7.90250", "2018-12-31": "-5.06150", "2018-09-30": "3.37780", "2018-06-30": "3.51960", "2018-03-31": "-2.52980", "2017-12-31": "1.12290", "2017-09-30": "2.61710", "2017-06-30": "2.92840", "2017-03-31": "1.54530", "2016-12-31": "-1.48840", "2016-09-30": "1.48340", "2016-06-30": "2.68230", "2016-03-31": "1.29040", "2015-12-31": "1.28540", "2015-09-30": "0.83470", "2015-06-30": "0.52170", "2015-03-31": "1.39920", "2014-12-31": "-1.11740", "2014-09-30": "1.62610", "2014-06-30": "4.93640", "2014-03-31": "3.90210", "2013-12-31": "0.84370", "2013-09-30": "2.15040", "2013-06-30": "-0.50520", "2013-03-31": "3.54390", "2012-12-31": "-0.94340", "2012-09-30": "3.49560", "2012-06-30": "-0.28290", "2012-03-31": "3.86380", "2011-12-31": "4.27830", "2011-09-30": "-0.20900", "2011-06-30": "3.10200", "2011-03-31": "3.19770", "2010-12-31": "-1.31750", "2010-09-30": "5.23200", "2010-06-30": "0.99760", "2010-03-31": "3.39860", "2009-12-31": "1.93310", "2009-09-30": "8.91870", "2009-06-30": "6.96770", "2009-03-31": "6.19830", "2008-12-31": "-11.26770", "2008-09-30": "-8.29250", "2008-06-30": "3.78960", "2008-03-31": "-0.21690", "2007-12-31": "2.39480", "2007-09-30": "3.42850", "2007-06-30": "3.88400", "2007-03-31": "3.42290", "2006-12-31": "2.90770", "2006-09-30": "4.02710", "2006-06-30": "2.31500", "2006-03-31": "3.59760", "2005-12-31": "2.87460", "2005-09-30": "4.56940", "2005-06-30": "4.74410", "2005-03-31": "4.07120"}, "Return On Tangible Equity": {"2020-09-30": "6.43130", "2020-06-30": "12.93820", "2020-03-31": "-8.86510", "2019-12-31": "1.81480", "2019-09-30": "3.96390", "2019-06-30": "4.86270", "2019-03-31": "8.17460", "2018-12-31": "-5.25080", "2018-09-30": "3.49820", "2018-06-30": "3.64990", "2018-03-31": "-2.62710", "2017-12-31": "1.16490", "2017-09-30": "2.71560", "2017-06-30": "3.04180", "2017-03-31": "1.60700", "2016-12-31": "-1.54880", "2016-09-30": "1.54280", "2016-06-30": "2.79180", "2016-03-31": "1.34470", "2015-12-31": "1.34020", "2015-09-30": "0.87050", "2015-06-30": "0.54430", "2015-03-31": "1.46040", "2014-12-31": "-1.16610", "2014-09-30": "1.69650", "2014-06-30": "5.15460", "2014-03-31": "4.08390", "2013-12-31": "0.88470", "2013-09-30": "2.25570", "2013-06-30": "-0.53040", "2013-03-31": "3.72030", "2012-12-31": "-0.99210", "2012-09-30": "3.67400", "2012-06-30": "-0.29790", "2012-03-31": "4.06740", "2011-12-31": "4.51300", "2011-09-30": "-0.22100", "2011-06-30": "3.27920", "2011-03-31": "3.38610", "2010-12-31": "-1.39770", "2010-09-30": "5.54520", "2010-06-30": "1.06070", "2010-03-31": "3.61540", "2009-12-31": "2.06080", "2009-09-30": "9.51810", "2009-06-30": "7.48280", "2009-03-31": "6.68870", "2008-12-31": "-11.26770", "2008-09-30": "-8.29250", "2008-06-30": "3.78960", "2008-03-31": "-0.21690", "2007-12-31": "2.39480", "2007-09-30": "3.42850", "2007-06-30": "3.88400", "2007-03-31": "3.42290", "2006-12-31": "2.90770", "2006-09-30": "4.02710", "2006-06-30": "2.31500", "2006-03-31": "3.59760", "2005-12-31": "2.87460", "2005-09-30": "4.56940", "2005-06-30": "4.74410", "2005-03-31": "4.07120"}, "ROA - Return On Assets": {"2020-09-30": "1.93400", "2020-06-30": "3.85700", "2020-03-31": "-2.43500", "2019-12-31": "0.53810", "2019-09-30": "1.17960", "2019-06-30": "1.45630", "2019-03-31": "2.42330", "2018-12-31": "-1.50690", "2018-09-30": "1.10250", "2018-06-30": "1.15630", "2018-03-31": "-0.83010", "2017-12-31": "0.38770", "2017-09-30": "0.92500", "2017-06-30": "1.04540", "2017-03-31": "0.55470", "2016-12-31": "-0.54470", "2016-09-30": "0.56090", "2016-06-30": "1.03500", "2016-03-31": "0.49710", "2015-12-31": "0.50570", "2015-09-30": "0.32860", "2015-06-30": "0.21020", "2015-03-31": "0.56660", "2014-12-31": "-0.45550", "2014-09-30": "0.67900", "2014-06-30": "2.08140", "2014-03-31": "1.62300", "2013-12-31": "0.35630", "2013-09-30": "0.91170", "2013-06-30": "-0.21890", "2013-03-31": "1.55570", "2012-12-31": "-0.41490", "2012-09-30": "1.57210", "2012-06-30": "-0.12780", "2012-03-31": "1.77330", "2011-12-31": "1.95260", "2011-09-30": "-0.09230", "2011-06-30": "1.34820", "2011-03-31": "1.38350", "2010-12-31": "-0.56260", "2010-09-30": "2.27320", "2010-06-30": "0.42610", "2010-03-31": "1.44380", "2009-12-31": "0.80880", "2009-09-30": "3.69080", "2009-06-30": "2.76320", "2009-03-31": "2.33920", "2008-12-31": "-4.26170", "2008-09-30": "-3.38630", "2008-06-30": "1.64070", "2008-03-31": "-0.09120", "2007-12-31": "1.01010", "2007-09-30": "1.41310", "2007-06-30": "1.59030", "2007-03-31": "1.38250", "2006-12-31": "1.16560", "2006-09-30": "1.58300", "2006-06-30": "0.90450", "2006-03-31": "1.41760", "2005-12-31": "1.14100", "2005-09-30": "1.81770", "2005-06-30": "1.90980", "2005-03-31": "1.60870"}, "ROI - Return On Investment": {"2020-09-30": "5.22850", "2020-06-30": "10.42470", "2020-03-31": "-6.97530", "2019-12-31": "1.45920", "2019-09-30": "3.18600", "2019-06-30": "3.89040", "2019-03-31": "6.49730", "2018-12-31": "-4.11570", "2018-09-30": "2.78170", "2018-06-30": "2.89130", "2018-03-31": "-2.07270", "2017-12-31": "0.92740", "2017-09-30": "2.16470", "2017-06-30": "2.41920", "2017-03-31": "1.27440", "2016-12-31": "-1.25850", "2016-09-30": "1.27910", "2016-06-30": "2.31400", "2016-03-31": "1.11200", "2015-12-31": "1.10880", "2015-09-30": "0.72050", "2015-06-30": "0.45090", "2015-03-31": "1.21140", "2014-12-31": "-0.96770", "2014-09-30": "1.41310", "2014-06-30": "4.32880", "2014-03-31": "3.40790", "2013-12-31": "0.76400", "2013-09-30": "1.95880", "2013-06-30": "-0.46930", "2013-03-31": "3.29770", "2012-12-31": "-0.87680", "2012-09-30": "3.25500", "2012-06-30": "-0.26310", "2012-03-31": "3.59840", "2011-12-31": "3.97850", "2011-09-30": "-0.19420", "2011-06-30": "2.71400", "2011-03-31": "2.79060", "2010-12-31": "-1.14680", "2010-09-30": "4.56820", "2010-06-30": "0.86660", "2010-03-31": "2.95400", "2009-12-31": "1.67630", "2009-09-30": "7.72730", "2009-06-30": "5.97330", "2009-03-31": "5.26650", "2008-12-31": "-10.18620", "2008-09-30": "-7.59780", "2008-06-30": "3.50060", "2008-03-31": "-0.19940", "2007-12-31": "2.22900", "2007-09-30": "3.20130", "2007-06-30": "3.62490", "2007-03-31": "3.17020", "2006-12-31": "2.68710", "2006-09-30": "3.71580", "2006-06-30": "2.13380", "2006-03-31": "3.31170", "2005-12-31": "2.63900", "2005-09-30": "4.21100", "2005-06-30": "4.36170", "2005-03-31": "3.72950"}, "Book Value Per Share": {"2020-09-30": "34.33710", "2020-06-30": "32.81940", "2020-03-31": "29.32630", "2019-12-31": "32.50660", "2019-09-30": "32.56340", "2019-06-30": "31.93860", "2019-03-31": "31.06220", "2018-12-31": "29.23170", "2018-09-30": "31.33770", "2018-06-30": "30.90180", "2018-03-31": "30.43850", "2017-12-31": "31.83310", "2017-09-30": "32.10060", "2017-06-30": "31.87780", "2017-03-31": "31.56640", "2016-12-31": "31.69530", "2016-09-30": "32.84650", "2016-06-30": "32.97550", "2016-03-31": "32.71040", "2015-12-31": "33.00860", "2015-09-30": "33.16470", "2015-06-30": "33.49550", "2015-03-31": "33.90870", "2014-12-31": "34.02420", "2014-09-30": "34.98010", "2014-06-30": "34.98910", "2014-03-31": "33.86460", "2013-12-31": "33.15120", "2013-09-30": "33.48170", "2013-06-30": "33.36790", "2013-03-31": "34.14560", "2012-12-31": "33.54750", "2012-09-30": "34.48910", "2012-06-30": "33.88630", "2012-03-31": "34.59290", "2011-12-31": "33.86110", "2011-09-30": "33.00360", "2011-06-30": "33.66540", "2011-03-31": "33.21680", "2010-12-31": "32.75030", "2010-09-30": "33.77900", "2010-06-30": "32.59550", "2010-03-31": "32.85800", "2009-12-31": "32.33010", "2009-09-30": "32.29160", "2009-06-30": "29.98990", "2009-03-31": "28.47080", "2008-12-31": "27.28160", "2008-09-30": "30.94910", "2008-06-30": "34.09190", "2008-03-31": "33.36700", "2007-12-31": "34.02150", "2007-09-30": "33.72880", "2007-06-30": "32.70680", "2007-03-31": "32.29840", "2006-12-31": "31.53700", "2006-09-30": "30.98080", "2006-06-30": "29.87190", "2006-03-31": "29.83690", "2005-12-31": "29.44490", "2005-09-30": "29.26790", "2005-06-30": "28.43510", "2005-03-31": "27.21200"}, "Operating Cash Flow Per Share": {"2020-09-30": 3.3178, "2020-06-30": 2.9343, "2020-03-31": "1.75490", "2019-12-31": 1.917, "2019-09-30": 2.6724, "2019-06-30": 1.6416, "2019-03-31": "3.15620", "2018-12-31": 1.0531, "2018-09-30": 2.5496, "2018-06-30": 1.9106, "2018-03-31": "1.41600", "2017-12-31": 1.1744, "2017-09-30": 1.8377, "2017-06-30": 1.8167, "2017-03-31": "1.34190", "2016-12-31": 1.4098, "2016-09-30": 1.9522, "2016-06-30": 1.0105, "2016-03-31": "0.90180", "2015-12-31": 0.7514, "2015-09-30": 1.3686, "2015-06-30": 1.1188, "2015-03-31": "0.20760", "2014-12-31": 0.8545, "2014-09-30": 1.2915, "2014-06-30": 1.4356, "2014-03-31": "0.89920", "2013-12-31": 0.7298, "2013-09-30": 1.3316, "2013-06-30": 0.6963, "2013-03-31": "1.05940", "2012-12-31": 0.6325, "2012-09-30": 1.1638, "2012-06-30": 0.2679, "2012-03-31": "0.63170", "2011-12-31": -0.1392, "2011-09-30": 1.3326, "2011-06-30": 1.0482, "2011-03-31": "0.64880", "2010-12-31": -0.1397, "2010-09-30": 0.8646, "2010-06-30": 0.3491, "2010-03-31": "0.60000", "2009-12-31": 0.6025, "2009-09-30": 0.9059, "2009-06-30": 0.9995, "2009-03-31": "0.92320", "2008-12-31": -0.15, "2008-09-30": 1.0911, "2008-06-30": -0.3524, "2008-03-31": "0.58760", "2007-12-31": 0.163, "2007-09-30": 1.6594, "2007-06-30": 1.1437, "2007-03-31": "0.96060", "2006-12-31": 1.3331, "2006-09-30": 1.9193, "2006-06-30": 1.3691, "2006-03-31": "2.06640", "2005-12-31": 1.5958, "2005-09-30": 3.0047, "2005-06-30": 1.9947, "2005-03-31": "2.64860"}, "Free Cash Flow Per Share": {"2020-09-30": 3.1376, "2020-06-30": 2.763, "2020-03-31": "1.56870", "2019-12-31": 1.7677, "2019-09-30": 2.4746, "2019-06-30": 1.417, "2019-03-31": "3.00380", "2018-12-31": 0.921, "2018-09-30": 2.4142, "2018-06-30": 1.785, "2018-03-31": "1.30390", "2017-12-31": 1.0809, "2017-09-30": 1.8833, "2017-06-30": 1.6878, "2017-03-31": "1.28000", "2016-12-31": 1.3356, "2016-09-30": 1.8811, "2016-06-30": 0.9322, "2016-03-31": "0.81860", "2015-12-31": 0.684, "2015-09-30": 1.2771, "2015-06-30": 1.0223, "2015-03-31": "0.10120", "2014-12-31": 0.7611, "2014-09-30": 1.134, "2014-06-30": 1.3318, "2014-03-31": "0.78480", "2013-12-31": 0.6301, "2013-09-30": 1.2505, "2013-06-30": 0.6316, "2013-03-31": "0.98010", "2012-12-31": 0.5816, "2012-09-30": 1.0918, "2012-06-30": 0.2121, "2012-03-31": "0.57120", "2011-12-31": -0.2375, "2011-09-30": 1.2858, "2011-06-30": 1.0167, "2011-03-31": "0.55030", "2010-12-31": -0.2413, "2010-09-30": 0.7417, "2010-06-30": 0.2066, "2010-03-31": "0.46460", "2009-12-31": 0.4896, "2009-09-30": 0.7329, "2009-06-30": 0.8056, "2009-03-31": "0.75010", "2008-12-31": -0.336, "2008-09-30": 0.9483, "2008-06-30": -0.4202, "2008-03-31": "0.12840", "2007-12-31": 0.0062, "2007-09-30": 1.5665, "2007-06-30": 0.8868, "2007-03-31": "0.73580", "2006-12-31": 0.9368, "2006-09-30": 1.7374, "2006-06-30": 1.2657, "2006-03-31": "1.95720", "2005-12-31": 1.3147, "2005-09-30": 2.8984, "2005-06-30": 1.7993, "2005-03-31": "2.48210"}}, "revenue": {"Mercury General Annual Revenue (Millions of US $)": {"2019": "$3,973", "2018": "$3,380", "2017": "$3,416", "2016": "$3,228", "2015": "$3,009", "2014": "$3,012", "2013": "$2,821", "2012": "$2,783", "2011": "$2,777", "2010": "$2,776", "2009": "$3,121", "2008": "$2,414", "2007": "$3,179", "2006": "$3,169", "2005": "$2,992"}, "Mercury General Quarterly Revenue (Millions of US $)": {"2020-09-30": "$999", "2020-06-30": "$1,006", "2020-03-31": "$708", "2019-12-31": "$988", "2019-09-30": "$987", "2019-06-30": "$979", "2019-03-31": "$1,018", "2018-12-31": "$817", "2018-09-30": "$895", "2018-06-30": "$885", "2018-03-31": "$783", "2017-12-31": "$857", "2017-09-30": "$858", "2017-06-30": "$853", "2017-03-31": "$848", "2016-12-31": "$738", "2016-09-30": "$808", "2016-06-30": "$858", "2016-03-31": "$824", "2015-12-31": "$786", "2015-09-30": "$752", "2015-06-30": "$726", "2015-03-31": "$745", "2014-12-31": "$722", "2014-09-30": "$720", "2014-06-30": "$807", "2014-03-31": "$763", "2013-12-31": "$710", "2013-09-30": "$729", "2013-06-30": "$643", "2013-03-31": "$740", "2012-12-31": "$681", "2012-09-30": "$732", "2012-06-30": "$648", "2012-03-31": "$723", "2011-12-31": "$749", "2011-09-30": "$616", "2011-06-30": "$707", "2011-03-31": "$706", "2010-12-31": "$656", "2010-09-30": "$767", "2010-06-30": "$654", "2010-03-31": "$700", "2009-12-31": "$677", "2009-09-30": "$861", "2009-06-30": "$796", "2009-03-31": "$787", "2008-12-31": "$498", "2008-09-30": "$459", "2008-06-30": "$788", "2008-03-31": "$669", "2007-12-31": "$783", "2007-09-30": "$791", "2007-06-30": "$806", "2007-03-31": "$798", "2006-12-31": "$796", "2006-09-30": "$794", "2006-06-30": "$795", "2006-03-31": "$784", "2005-12-31": "$767", "2005-09-30": "$763", "2005-06-30": "$743", "2005-03-31": "$719"}}, "gross-profit": {"Mercury General Annual Gross Profit (Millions of US $)": {"2019": "$664", "2018": "$231", "2017": "$416", "2016": "$310", "2015": "$325", "2014": "$499", "2013": "$353", "2012": "$344", "2011": "$466", "2010": "$445", "2009": "$796", "2008": "$-271", "2007": "$482", "2006": "$498", "2005": "$510"}, "Mercury General Quarterly Gross Profit (Millions of US $)": {"2020-09-30": "$223", "2020-06-30": "$361", "2020-03-31": "$-100", "2019-12-31": "$96", "2019-09-30": "$155", "2019-06-30": "$174", "2019-03-31": "$239", "2018-12-31": "$-56", "2018-09-30": "$138", "2018-06-30": "$138", "2018-03-31": "$10", "2017-12-31": "$64", "2017-09-30": "$127", "2017-06-30": "$126", "2017-03-31": "$98", "2016-12-31": "$7", "2016-09-30": "$92", "2016-06-30": "$123", "2016-03-31": "$88", "2015-12-31": "$85", "2015-09-30": "$74", "2015-06-30": "$70", "2015-03-31": "$96", "2014-12-31": "$56", "2014-09-30": "$96", "2014-06-30": "$191", "2014-03-31": "$157", "2013-12-31": "$65", "2013-09-30": "$109", "2013-06-30": "$29", "2013-03-31": "$149", "2012-12-31": "$14", "2012-09-30": "$142", "2012-06-30": "$33", "2012-03-31": "$155", "2011-12-31": "$161", "2011-09-30": "$36", "2011-06-30": "$132", "2011-03-31": "$137", "2010-12-31": "$15", "2010-09-30": "$201", "2010-06-30": "$88", "2010-03-31": "$140", "2009-12-31": "$102", "2009-09-30": "$285", "2009-06-30": "$214", "2009-03-31": "$195", "2008-12-31": "$-230", "2008-09-30": "$-207", "2008-06-30": "$141", "2008-03-31": "$26", "2007-12-31": "$96", "2007-09-30": "$127", "2007-06-30": "$136", "2007-03-31": "$123", "2006-12-31": "$110", "2006-09-30": "$139", "2006-06-30": "$100", "2006-03-31": "$149", "2005-12-31": "$100", "2005-09-30": "$144", "2005-06-30": "$146", "2005-03-31": "$120"}}, "operating-income": {"Mercury General Annual Operating Income (Millions of US $)": {"2019": "$395", "2018": "$-14", "2017": "$182", "2016": "$75", "2015": "$74", "2014": "$250", "2013": "$133", "2012": "$137", "2011": "$251", "2010": "$189", "2009": "$578", "2008": "$-446", "2007": "$324", "2006": "$322", "2005": "$360"}, "Mercury General Quarterly Operating Income (Millions of US $)": {"2020-09-30": "$151", "2020-06-30": "$290", "2020-03-31": "$-176", "2019-12-31": "$33", "2019-09-30": "$85", "2019-06-30": "$106", "2019-03-31": "$171", "2018-12-31": "$-110", "2018-09-30": "$75", "2018-06-30": "$78", "2018-03-31": "$-55", "2017-12-31": "$14", "2017-09-30": "$62", "2017-06-30": "$73", "2017-03-31": "$33", "2016-12-31": "$-50", "2016-09-30": "$33", "2016-06-30": "$65", "2016-03-31": "$27", "2015-12-31": "$25", "2015-09-30": "$13", "2015-06-30": "$5", "2015-03-31": "$31", "2014-12-31": "$-27", "2014-09-30": "$38", "2014-06-30": "$137", "2014-03-31": "$103", "2013-12-31": "$12", "2013-09-30": "$55", "2013-06-30": "$-25", "2013-03-31": "$91", "2012-12-31": "$-39", "2012-09-30": "$92", "2012-06-30": "$-18", "2012-03-31": "$102", "2011-12-31": "$112", "2011-09-30": "$-17", "2011-06-30": "$77", "2011-03-31": "$79", "2010-12-31": "$-48", "2010-09-30": "$137", "2010-06-30": "$17", "2010-03-31": "$83", "2009-12-31": "$43", "2009-09-30": "$231", "2009-06-30": "$163", "2009-03-31": "$142", "2008-12-31": "$-273", "2008-09-30": "$-252", "2008-06-30": "$98", "2008-03-31": "$-19", "2007-12-31": "$57", "2007-09-30": "$86", "2007-06-30": "$97", "2007-03-31": "$84", "2006-12-31": "$68", "2006-09-30": "$94", "2006-06-30": "$52", "2006-03-31": "$108", "2005-12-31": "$63", "2005-09-30": "$106", "2005-06-30": "$105", "2005-03-31": "$85"}}, "ebitda": {"Mercury General Annual EBITDA (Millions of US $)": {"2019": "$460", "2018": "$45", "2017": "$238", "2016": "$128", "2015": "$122", "2014": "$297", "2013": "$176", "2012": "$181", "2011": "$296", "2010": "$231", "2009": "$621", "2008": "$-407", "2007": "$357", "2006": "$351", "2005": "$390"}, "Mercury General Quarterly EBITDA (Millions of US $)": {"2020-09-30": "$169", "2020-06-30": "$307", "2020-03-31": "$-160", "2019-12-31": "$50", "2019-09-30": "$101", "2019-06-30": "$122", "2019-03-31": "$187", "2018-12-31": "$-95", "2018-09-30": "$90", "2018-06-30": "$92", "2018-03-31": "$-41", "2017-12-31": "$28", "2017-09-30": "$77", "2017-06-30": "$87", "2017-03-31": "$46", "2016-12-31": "$-37", "2016-09-30": "$46", "2016-06-30": "$78", "2016-03-31": "$40", "2015-12-31": "$35", "2015-09-30": "$25", "2015-06-30": "$18", "2015-03-31": "$43", "2014-12-31": "$-15", "2014-09-30": "$49", "2014-06-30": "$150", "2014-03-31": "$113", "2013-12-31": "$22", "2013-09-30": "$65", "2013-06-30": "$-14", "2013-03-31": "$103", "2012-12-31": "$-30", "2012-09-30": "$104", "2012-06-30": "$-7", "2012-03-31": "$113", "2011-12-31": "$122", "2011-09-30": "$-5", "2011-06-30": "$89", "2011-03-31": "$90", "2010-12-31": "$-36", "2010-09-30": "$151", "2010-06-30": "$25", "2010-03-31": "$91", "2009-12-31": "$54", "2009-09-30": "$242", "2009-06-30": "$174", "2009-03-31": "$151", "2008-12-31": "$-260", "2008-09-30": "$-243", "2008-06-30": "$105", "2008-03-31": "$-9", "2007-12-31": "$67", "2007-09-30": "$95", "2007-06-30": "$105", "2007-03-31": "$91", "2006-12-31": "$76", "2006-09-30": "$103", "2006-06-30": "$60", "2006-03-31": "$112", "2005-12-31": "$71", "2005-09-30": "$113", "2005-06-30": "$113", "2005-03-31": "$93"}}, "net-income": {"Mercury General Annual Net Income (Millions of US $)": {"2019": "$320", "2018": "$-6", "2017": "$145", "2016": "$73", "2015": "$74", "2014": "$178", "2013": "$112", "2012": "$117", "2011": "$191", "2010": "$152", "2009": "$403", "2008": "$-242", "2007": "$238", "2006": "$215", "2005": "$253"}, "Mercury General Quarterly Net Income (Millions of US $)": {"2020-09-30": "$119", "2020-06-30": "$228", "2020-03-31": "$-139", "2019-12-31": "$32", "2019-09-30": "$69", "2019-06-30": "$83", "2019-03-31": "$136", "2018-12-31": "$-82", "2018-09-30": "$59", "2018-06-30": "$60", "2018-03-31": "$-43", "2017-12-31": "$20", "2017-09-30": "$46", "2017-06-30": "$52", "2017-03-31": "$27", "2016-12-31": "$-26", "2016-09-30": "$27", "2016-06-30": "$49", "2016-03-31": "$23", "2015-12-31": "$23", "2015-09-30": "$15", "2015-06-30": "$10", "2015-03-31": "$26", "2014-12-31": "$-21", "2014-09-30": "$31", "2014-06-30": "$95", "2014-03-31": "$73", "2013-12-31": "$15", "2013-09-30": "$40", "2013-06-30": "$-9", "2013-03-31": "$66", "2012-12-31": "$-17", "2012-09-30": "$66", "2012-06-30": "$-5", "2012-03-31": "$73", "2011-12-31": "$79", "2011-09-30": "$-4", "2011-06-30": "$57", "2011-03-31": "$58", "2010-12-31": "$-24", "2010-09-30": "$97", "2010-06-30": "$18", "2010-03-31": "$61", "2009-12-31": "$34", "2009-09-30": "$158", "2009-06-30": "$114", "2009-03-31": "$97", "2008-12-31": "$-168", "2008-09-30": "$-141", "2008-06-30": "$71", "2008-03-31": "$-4", "2007-12-31": "$45", "2007-09-30": "$63", "2007-06-30": "$70", "2007-03-31": "$60", "2006-12-31": "$50", "2006-09-30": "$68", "2006-06-30": "$38", "2006-03-31": "$59", "2005-12-31": "$46", "2005-09-30": "$73", "2005-06-30": "$74", "2005-03-31": "$60"}}, "eps-earnings-per-share-diluted": {"Mercury General Annual EPS": {"2019": "$5.78", "2018": "$-0.10", "2017": "$2.62", "2016": "$1.32", "2015": "$1.35", "2014": "$3.23", "2013": "$2.04", "2012": "$2.13", "2011": "$3.49", "2010": "$2.78", "2009": "$7.32", "2008": "$-4.42", "2007": "$4.34", "2006": "$3.92", "2005": "$4.63"}, "Mercury General Quarterly EPS": {"2020-09-30": "$2.15", "2020-06-30": "$4.12", "2020-03-31": "$-2.51", "2019-12-31": "$0.58", "2019-09-30": "$1.25", "2019-06-30": "$1.50", "2019-03-31": "$2.45", "2018-12-31": "$-1.48", "2018-09-30": "$1.06", "2018-06-30": "$1.09", "2018-03-31": "$-0.77", "2017-12-31": "$0.36", "2017-09-30": "$0.84", "2017-06-30": "$0.93", "2017-03-31": "$0.49", "2016-12-31": "$-0.47", "2016-09-30": "$0.49", "2016-06-30": "$0.88", "2016-03-31": "$0.42", "2015-12-31": "$0.43", "2015-09-30": "$0.28", "2015-06-30": "$0.17", "2015-03-31": "$0.47", "2014-12-31": "$-0.39", "2014-09-30": "$0.57", "2014-06-30": "$1.73", "2014-03-31": "$1.32", "2013-12-31": "$0.28", "2013-09-30": "$0.72", "2013-06-30": "$-0.17", "2013-03-31": "$1.21", "2012-12-31": "$-0.32", "2012-09-30": "$1.21", "2012-06-30": "$-0.10", "2012-03-31": "$1.34", "2011-12-31": "$1.46", "2011-09-30": "$-0.07", "2011-06-30": "$1.04", "2011-03-31": "$1.06", "2010-12-31": "$-0.43", "2010-09-30": "$1.77", "2010-06-30": "$0.32", "2010-03-31": "$1.12", "2009-12-31": "$0.65", "2009-09-30": "$2.85", "2009-06-30": "$2.07", "2009-03-31": "$1.75", "2008-12-31": "$-3.07", "2008-09-30": "$-2.57", "2008-06-30": "$1.29", "2008-03-31": "$-0.07", "2007-12-31": "$0.82", "2007-09-30": "$1.15", "2007-06-30": "$1.27", "2007-03-31": "$1.10", "2006-12-31": "$0.91", "2006-09-30": "$1.25", "2006-06-30": "$0.69", "2006-03-31": "$1.07", "2005-12-31": "$0.85", "2005-09-30": "$1.33", "2005-06-30": "$1.35", "2005-03-31": "$1.10"}}, "shares-outstanding": {"Mercury General Annual Shares Outstanding (Millions of Shares)": {"2019": "55", "2018": "55", "2017": "55", "2016": "55", "2015": "55", "2014": "55", "2013": "55", "2012": "55", "2011": "55", "2010": "55", "2009": "55", "2008": "55", "2007": "55", "2006": "55", "2005": "55"}, "Mercury General Quarterly Shares Outstanding (Millions of Shares)": {"2020-09-30": "55", "2020-06-30": "55", "2020-03-31": "55", "2019-12-31": "55", "2019-09-30": "55", "2019-06-30": "55", "2019-03-31": "55", "2018-12-31": "55", "2018-09-30": "55", "2018-06-30": "55", "2018-03-31": "55", "2017-12-31": "55", "2017-09-30": "55", "2017-06-30": "55", "2017-03-31": "55", "2016-12-31": "55", "2016-09-30": "55", "2016-06-30": "55", "2016-03-31": "55", "2015-12-31": "55", "2015-09-30": "55", "2015-06-30": "55", "2015-03-31": "55", "2014-12-31": "55", "2014-09-30": "55", "2014-06-30": "55", "2014-03-31": "55", "2013-12-31": "55", "2013-09-30": "55", "2013-06-30": "55", "2013-03-31": "55", "2012-12-31": "55", "2012-09-30": "55", "2012-06-30": "55", "2012-03-31": "55", "2011-12-31": "55", "2011-09-30": "55", "2011-06-30": "55", "2011-03-31": "55", "2010-12-31": "55", "2010-09-30": "55", "2010-06-30": "55", "2010-03-31": "55", "2009-12-31": "55", "2009-09-30": "55", "2009-06-30": "55", "2009-03-31": "55", "2008-12-31": "55", "2008-09-30": "55", "2008-06-30": "55", "2008-03-31": "55", "2007-12-31": "55", "2007-09-30": "55", "2007-06-30": "55", "2007-03-31": "55", "2006-12-31": "55", "2006-09-30": "55", "2006-06-30": "55", "2006-03-31": "55", "2005-12-31": "55", "2005-09-30": "55", "2005-06-30": "55", "2005-03-31": "55"}}, "total-assets": {"Mercury General Annual Total Assets (Millions of US $)": {"2019": "$5,889", "2018": "$5,434", "2017": "$5,101", "2016": "$4,789", "2015": "$4,629", "2014": "$4,600", "2013": "$4,315", "2012": "$4,190", "2011": "$4,070", "2010": "$4,203", "2009": "$4,233", "2008": "$3,950", "2007": "$4,414", "2006": "$4,301", "2005": "$4,051"}, "Mercury General Quarterly Total Assets (Millions of US $)": {"2020-09-30": "$6,146", "2020-06-30": "$5,917", "2020-03-31": "$5,717", "2019-12-31": "$5,889", "2019-09-30": "$5,873", "2019-06-30": "$5,717", "2019-03-31": "$5,607", "2018-12-31": "$5,434", "2018-09-30": "$5,313", "2018-06-30": "$5,204", "2018-03-31": "$5,133", "2017-12-31": "$5,101", "2017-09-30": "$5,026", "2017-06-30": "$4,939", "2017-03-31": "$4,864", "2016-12-31": "$4,789", "2016-09-30": "$4,801", "2016-06-30": "$4,722", "2016-03-31": "$4,692", "2015-12-31": "$4,629", "2015-09-30": "$4,647", "2015-06-30": "$4,586", "2015-03-31": "$4,618", "2014-12-31": "$4,600", "2014-09-30": "$4,609", "2014-06-30": "$4,562", "2014-03-31": "$4,476", "2013-12-31": "$4,315", "2013-09-30": "$4,340", "2013-06-30": "$4,232", "2013-03-31": "$4,272", "2012-12-31": "$4,190", "2012-09-30": "$4,211", "2012-06-30": "$4,120", "2012-03-31": "$4,137", "2011-12-31": "$4,070", "2011-09-30": "$4,097", "2011-06-30": "$4,247", "2011-03-31": "$4,209", "2010-12-31": "$4,203", "2010-09-30": "$4,260", "2010-06-30": "$4,182", "2010-03-31": "$4,238", "2009-12-31": "$4,233", "2009-09-30": "$4,274", "2009-06-30": "$4,142", "2009-03-31": "$4,132", "2008-12-31": "$3,950", "2008-09-30": "$4,150", "2008-06-30": "$4,311", "2008-03-31": "$4,344", "2007-12-31": "$4,414", "2007-09-30": "$4,478", "2007-06-30": "$4,371", "2007-03-31": "$4,373", "2006-12-31": "$4,301", "2006-09-30": "$4,310", "2006-06-30": "$4,180", "2006-03-31": "$4,137", "2005-12-31": "$4,051", "2005-09-30": "$4,017", "2005-06-30": "$3,854", "2005-03-31": "$3,756"}}, "cash-on-hand": {"Mercury General Annual Cash on Hand (Millions of US $)": {"2019": "$294", "2018": "$314", "2017": "$291", "2016": "$220", "2015": "$264", "2014": "$290", "2013": "$267", "2012": "$158", "2011": "$211", "2010": "$181", "2009": "$186", "2008": "$35", "2007": "$48", "2006": "$48", "2005": "$70"}, "Mercury General Quarterly Cash on Hand (Millions of US $)": {"2020-09-30": "$322", "2020-06-30": "$262", "2020-03-31": "$253", "2019-12-31": "$294", "2019-09-30": "$315", "2019-06-30": "$240", "2019-03-31": "$270", "2018-12-31": "$314", "2018-09-30": "$262", "2018-06-30": "$244", "2018-03-31": "$290", "2017-12-31": "$291", "2017-09-30": "$285", "2017-06-30": "$261", "2017-03-31": "$237", "2016-12-31": "$220", "2016-09-30": "$230", "2016-06-30": "$233", "2016-03-31": "$235", "2015-12-31": "$264", "2015-09-30": "$295", "2015-06-30": "$275", "2015-03-31": "$235", "2014-12-31": "$290", "2014-09-30": "$280", "2014-06-30": "$258", "2014-03-31": "$239", "2013-12-31": "$267", "2013-09-30": "$250", "2013-06-30": "$180", "2013-03-31": "$185", "2012-12-31": "$158", "2012-09-30": "$188", "2012-06-30": "$160", "2012-03-31": "$205", "2011-12-31": "$211", "2011-09-30": "$210", "2011-06-30": "$305", "2011-03-31": "$334", "2010-12-31": "$181", "2010-09-30": "$175", "2010-06-30": "$219", "2010-03-31": "$243", "2009-12-31": "$186", "2009-09-30": "$204", "2009-06-30": "$195", "2009-03-31": "$179", "2008-12-31": "$35", "2008-09-30": "$34", "2008-06-30": "$43", "2008-03-31": "$51", "2007-12-31": "$48", "2007-09-30": "$48", "2007-06-30": "$42", "2007-03-31": "$46", "2006-12-31": "$48", "2006-09-30": "$62", "2006-06-30": "$38", "2006-03-31": "$40", "2005-12-31": "$70", "2005-09-30": "$34", "2005-06-30": "$37", "2005-03-31": "$30"}}, "long-term-debt": {"Mercury General Annual Long Term Debt (Millions of US $)": {"2019": "$372", "2018": "$372", "2017": "$371", "2016": "$320", "2015": "$290", "2014": "$290", "2013": "$190", "2012": "$140", "2011": "$140", "2010": "$267", "2009": "$271", "2008": "$159", "2007": "$139", "2006": "$142", "2005": "$144"}, "Mercury General Quarterly Long Term Debt (Millions of US $)": {"2020-09-30": "$372", "2020-06-30": "$372", "2020-03-31": "$372", "2019-12-31": "$372", "2019-09-30": "$372", "2019-06-30": "$372", "2019-03-31": "$372", "2018-12-31": "$372", "2018-09-30": "$372", "2018-06-30": "$372", "2018-03-31": "$371", "2017-12-31": "$371", "2017-09-30": "$371", "2017-06-30": "$371", "2017-03-31": "$371", "2016-12-31": "$320", "2016-09-30": "$290", "2016-06-30": "$290", "2016-03-31": "$290", "2015-12-31": "$290", "2015-09-30": "$290", "2015-06-30": "$290", "2015-03-31": "$290", "2014-12-31": "$290", "2014-09-30": "$290", "2014-06-30": "$270", "2014-03-31": "$270", "2013-12-31": "$190", "2013-09-30": "$180", "2013-06-30": "$140", "2013-03-31": "$140", "2012-12-31": "$140", "2012-09-30": "$140", "2012-06-30": "$140", "2012-03-31": "$140", "2011-12-31": "$140", "2011-09-30": "$138", "2011-06-30": "$264", "2011-03-31": "$266", "2010-12-31": "$267", "2010-09-30": "$269", "2010-06-30": "$270", "2010-03-31": "$271", "2009-12-31": "$271", "2009-09-30": "$273", "2009-06-30": "$273", "2009-03-31": "$276", "2008-12-31": "$159", "2008-09-30": "$155", "2008-06-30": "$154", "2008-03-31": "$160", "2007-12-31": "$139", "2007-09-30": "$131", "2007-06-30": "$128", "2007-03-31": "$141", "2006-12-31": "$142", "2006-09-30": "$142", "2006-06-30": "$139", "2006-03-31": "$141", "2005-12-31": "$144", "2005-09-30": "$136", "2005-06-30": "$136", "2005-03-31": "$136"}}, "total-liabilities": {"Mercury General Annual Total Liabilities (Millions of US $)": {"2019": "$4,090", "2018": "$3,816", "2017": "$3,340", "2016": "$3,036", "2015": "$2,808", "2014": "$2,725", "2013": "$2,493", "2012": "$2,347", "2011": "$2,213", "2010": "$2,409", "2009": "$2,462", "2008": "$2,456", "2007": "$2,552", "2006": "$2,577", "2005": "$2,443"}, "Mercury General Quarterly Total Liabilities (Millions of US $)": {"2020-09-30": "$4,245", "2020-06-30": "$4,100", "2020-03-31": "$4,093", "2019-12-31": "$4,090", "2019-09-30": "$4,071", "2019-06-30": "$3,949", "2019-03-31": "$3,887", "2018-12-31": "$3,816", "2018-09-30": "$3,579", "2018-06-30": "$3,495", "2018-03-31": "$3,449", "2017-12-31": "$3,340", "2017-09-30": "$3,249", "2017-06-30": "$3,176", "2017-03-31": "$3,118", "2016-12-31": "$3,036", "2016-09-30": "$2,986", "2016-06-30": "$2,900", "2016-03-31": "$2,885", "2015-12-31": "$2,808", "2015-09-30": "$2,817", "2015-06-30": "$2,739", "2015-03-31": "$2,748", "2014-12-31": "$2,725", "2014-09-30": "$2,684", "2014-06-30": "$2,639", "2014-03-31": "$2,614", "2013-12-31": "$2,493", "2013-09-30": "$2,500", "2013-06-30": "$2,398", "2013-03-31": "$2,397", "2012-12-31": "$2,347", "2012-09-30": "$2,317", "2012-06-30": "$2,260", "2012-03-31": "$2,238", "2011-12-31": "$2,213", "2011-09-30": "$2,287", "2011-06-30": "$2,401", "2011-03-31": "$2,388", "2010-12-31": "$2,409", "2010-09-30": "$2,409", "2010-06-30": "$2,396", "2010-03-31": "$2,437", "2009-12-31": "$2,462", "2009-09-30": "$2,505", "2009-06-30": "$2,499", "2009-03-31": "$2,573", "2008-12-31": "$2,456", "2008-09-30": "$2,455", "2008-06-30": "$2,444", "2008-03-31": "$2,518", "2007-12-31": "$2,552", "2007-09-30": "$2,632", "2007-06-30": "$2,581", "2007-03-31": "$2,607", "2006-12-31": "$2,577", "2006-09-30": "$2,616", "2006-06-30": "$2,547", "2006-03-31": "$2,507", "2005-12-31": "$2,443", "2005-09-30": "$2,419", "2005-06-30": "$2,302", "2005-03-31": "$2,272"}}, "total-share-holder-equity": {"Mercury General Annual Share Holder Equity (Millions of US $)": {"2019": "$1,800", "2018": "$1,618", "2017": "$1,761", "2016": "$1,752", "2015": "$1,821", "2014": "$1,875", "2013": "$1,822", "2012": "$1,842", "2011": "$1,857", "2010": "$1,795", "2009": "$1,771", "2008": "$1,494", "2007": "$1,862", "2006": "$1,724", "2005": "$1,608"}, "Mercury General Quarterly Share Holder Equity (Millions of US $)": {"2020-09-30": "$1,901", "2020-06-30": "$1,817", "2020-03-31": "$1,623", "2019-12-31": "$1,800", "2019-09-30": "$1,803", "2019-06-30": "$1,768", "2019-03-31": "$1,719", "2018-12-31": "$1,618", "2018-09-30": "$1,734", "2018-06-30": "$1,710", "2018-03-31": "$1,684", "2017-12-31": "$1,761", "2017-09-30": "$1,776", "2017-06-30": "$1,763", "2017-03-31": "$1,746", "2016-12-31": "$1,752", "2016-09-30": "$1,815", "2016-06-30": "$1,822", "2016-03-31": "$1,807", "2015-12-31": "$1,821", "2015-09-30": "$1,829", "2015-06-30": "$1,848", "2015-03-31": "$1,870", "2014-12-31": "$1,875", "2014-09-30": "$1,925", "2014-06-30": "$1,924", "2014-03-31": "$1,862", "2013-12-31": "$1,822", "2013-09-30": "$1,840", "2013-06-30": "$1,834", "2013-03-31": "$1,875", "2012-12-31": "$1,842", "2012-09-30": "$1,894", "2012-06-30": "$1,861", "2012-03-31": "$1,899", "2011-12-31": "$1,857", "2011-09-30": "$1,809", "2011-06-30": "$1,846", "2011-03-31": "$1,821", "2010-12-31": "$1,795", "2010-09-30": "$1,851", "2010-06-30": "$1,786", "2010-03-31": "$1,800", "2009-12-31": "$1,771", "2009-09-30": "$1,769", "2009-06-30": "$1,643", "2009-03-31": "$1,559", "2008-12-31": "$1,494", "2008-09-30": "$1,695", "2008-06-30": "$1,866", "2008-03-31": "$1,826", "2007-12-31": "$1,862", "2007-09-30": "$1,846", "2007-06-30": "$1,790", "2007-03-31": "$1,766", "2006-12-31": "$1,724", "2006-09-30": "$1,694", "2006-06-30": "$1,633", "2006-03-31": "$1,630", "2005-12-31": "$1,608", "2005-09-30": "$1,598", "2005-06-30": "$1,551", "2005-03-31": "$1,484"}}, "profit-margins": {"current": "6.47%"}, "gross margin": {"2020-09-30": "15.67%", "2020-06-30": "13.88%", "2020-03-31": "8.87%", "2019-12-31": "16.72%", "2019-09-30": "13.47%", "2019-06-30": "13.35%", "2019-03-31": "12.70%", "2018-12-31": "6.80%", "2018-09-30": "10.23%", "2018-06-30": "10.02%", "2018-03-31": "9.76%", "2017-12-31": "12.15%", "2017-09-30": "10.86%", "2017-06-30": "9.95%", "2017-03-31": "9.84%", "2016-12-31": "9.60%", "2016-09-30": "11.84%", "2016-06-30": "11.49%", "2016-03-31": "10.27%", "2015-12-31": "10.80%", "2015-09-30": "10.05%", "2015-06-30": "10.92%", "2015-03-31": "14.66%", "2014-12-31": "16.60%", "2014-09-30": "16.97%", "2014-06-30": "17.35%", "2014-03-31": "12.65%", "2013-12-31": "12.47%", "2013-09-30": "10.78%", "2013-06-30": "11.95%", "2013-03-31": "12.07%", "2012-12-31": "12.36%", "2012-09-30": "17.22%", "2012-06-30": "14.07%", "2012-03-31": "17.32%", "2011-12-31": "16.77%", "2011-09-30": "11.92%", "2011-06-30": "17.10%", "2011-03-31": "15.85%", "2010-12-31": "15.99%", "2010-09-30": "18.98%", "2010-06-30": "21.27%", "2010-03-31": "24.42%", "2009-12-31": "25.50%", "2009-09-30": "15.77%", "2009-06-30": "-1.10%", "2009-03-31": "-3.99%", "2008-12-31": "-11.18%", "2008-09-30": "2.07%", "2008-06-30": "12.87%", "2008-03-31": "12.63%", "2007-12-31": "15.17%", "2007-09-30": "15.54%", "2007-06-30": "15.90%", "2007-03-31": "14.83%", "2006-12-31": "15.71%", "2006-09-30": "15.54%", "2006-06-30": "15.86%", "2006-03-31": "17.63%", "2005-12-31": "17.05%"}, "operating margin": {"2020-09-30": "8.05%", "2020-06-30": "6.29%", "2020-03-31": "1.31%", "2019-12-31": "9.94%", "2019-09-30": "6.63%", "2019-06-30": "6.52%", "2019-03-31": "5.92%", "2018-12-31": "-0.36%", "2018-09-30": "3.27%", "2018-06-30": "2.93%", "2018-03-31": "2.81%", "2017-12-31": "5.33%", "2017-09-30": "3.58%", "2017-06-30": "2.74%", "2017-03-31": "2.49%", "2016-12-31": "2.32%", "2016-09-30": "4.58%", "2016-06-30": "4.04%", "2016-03-31": "2.27%", "2015-12-31": "2.46%", "2015-09-30": "0.75%", "2015-06-30": "1.61%", "2015-03-31": "5.98%", "2014-12-31": "8.33%", "2014-09-30": "9.67%", "2014-06-30": "10.20%", "2014-03-31": "5.10%", "2013-12-31": "4.71%", "2013-09-30": "2.94%", "2013-06-30": "4.26%", "2013-03-31": "4.50%", "2012-12-31": "4.92%", "2012-09-30": "10.10%", "2012-06-30": "6.54%", "2012-03-31": "9.80%", "2011-12-31": "9.04%", "2011-09-30": "3.39%", "2011-06-30": "8.64%", "2011-03-31": "6.65%", "2010-12-31": "6.81%", "2010-09-30": "10.01%", "2010-06-30": "12.93%", "2010-03-31": "17.14%", "2009-12-31": "18.55%", "2009-09-30": "8.94%", "2009-06-30": "-8.66%", "2009-03-31": "-11.26%", "2008-12-31": "-18.48%", "2008-09-30": "-4.30%", "2008-06-30": "7.32%", "2008-03-31": "7.25%", "2007-12-31": "10.20%", "2007-09-30": "10.50%", "2007-06-30": "10.74%", "2007-03-31": "9.36%", "2006-12-31": "10.16%", "2006-09-30": "10.10%", "2006-06-30": "10.58%", "2006-03-31": "12.50%", "2005-12-31": "12.00%"}, "ebitda margin": {"2020-09-30": "9.89%", "2020-06-30": "8.08%", "2020-03-31": "3.09%", "2019-12-31": "11.58%", "2019-09-30": "8.29%", "2019-06-30": "8.20%", "2019-03-31": "7.58%", "2018-12-31": "1.36%", "2018-09-30": "4.94%", "2018-06-30": "4.61%", "2018-03-31": "4.51%", "2017-12-31": "6.97%", "2017-09-30": "5.25%", "2017-06-30": "4.37%", "2017-03-31": "4.09%", "2016-12-31": "3.93%", "2016-09-30": "6.07%", "2016-06-30": "5.53%", "2016-03-31": "3.82%", "2015-12-31": "4.02%", "2015-09-30": "2.41%", "2015-06-30": "3.26%", "2015-03-31": "7.58%", "2014-12-31": "9.86%", "2014-09-30": "11.13%", "2014-06-30": "11.63%", "2014-03-31": "6.54%", "2013-12-31": "6.24%", "2013-09-30": "4.44%", "2013-06-30": "5.83%", "2013-03-31": "6.07%", "2012-12-31": "6.47%", "2012-09-30": "11.64%", "2012-06-30": "8.15%", "2012-03-31": "11.41%", "2011-12-31": "10.66%", "2011-09-30": "5.14%", "2011-06-30": "10.37%", "2011-03-31": "8.26%", "2010-12-31": "8.32%", "2010-09-30": "11.47%", "2010-06-30": "14.25%", "2010-03-31": "18.49%", "2009-12-31": "19.90%", "2009-09-30": "10.44%", "2009-06-30": "-7.01%", "2009-03-31": "-9.76%", "2008-12-31": "-16.86%", "2008-09-30": "-2.96%", "2008-06-30": "8.51%", "2008-03-31": "8.46%", "2007-12-31": "11.26%", "2007-09-30": "11.50%", "2007-06-30": "11.74%", "2007-03-31": "10.37%", "2006-12-31": "11.08%", "2006-09-30": "11.02%", "2006-06-30": "11.45%", "2006-03-31": "13.38%", "2005-12-31": "13.03%"}, "pre tax profit margin": {"2020-09-30": "7.54%", "2020-06-30": "5.77%", "2020-03-31": "0.82%", "2019-12-31": "9.52%", "2019-09-30": "6.21%", "2019-06-30": "6.07%", "2019-03-31": "5.42%", "2018-12-31": "-0.92%", "2018-09-30": "2.69%", "2018-06-30": "2.36%", "2018-03-31": "2.27%", "2017-12-31": "4.89%", "2017-09-30": "3.25%", "2017-06-30": "2.49%", "2017-03-31": "2.34%", "2016-12-31": "2.20%", "2016-09-30": "4.46%", "2016-06-30": "3.91%", "2016-03-31": "2.17%", "2015-12-31": "2.36%", "2015-09-30": "0.65%", "2015-06-30": "1.51%", "2015-03-31": "5.85%", "2014-12-31": "8.20%", "2014-09-30": "9.53%", "2014-06-30": "10.10%", "2014-03-31": "5.03%", "2013-12-31": "4.68%", "2013-09-30": "2.94%", "2013-06-30": "4.22%", "2013-03-31": "4.43%", "2012-12-31": "4.85%", "2012-09-30": "9.99%", "2012-06-30": "6.43%", "2012-03-31": "9.70%", "2011-12-31": "8.86%", "2011-09-30": "3.17%", "2011-06-30": "8.43%", "2011-03-31": "6.40%", "2010-12-31": "6.55%", "2010-09-30": "9.76%", "2010-06-30": "12.66%", "2010-03-31": "16.88%", "2009-12-31": "18.30%", "2009-09-30": "8.67%", "2009-06-30": "-8.94%", "2009-03-31": "-11.53%", "2008-12-31": "-18.68%", "2008-09-30": "-4.48%", "2008-06-30": "7.13%", "2008-03-31": "7.05%", "2007-12-31": "9.91%", "2007-09-30": "10.22%", "2007-06-30": "10.43%", "2007-03-31": "9.05%", "2006-12-31": "9.85%", "2006-09-30": "9.78%", "2006-06-30": "10.29%", "2006-03-31": "12.23%", "2005-12-31": "11.80%"}, "net profit margin": {"2020-09-30": "6.48%", "2020-06-30": "5.15%", "2020-03-31": "1.23%", "2019-12-31": "8.06%", "2019-09-30": "5.42%", "2019-06-30": "5.28%", "2019-03-31": "4.79%", "2018-12-31": "-0.18%", "2018-09-30": "2.81%", "2018-06-30": "2.45%", "2018-03-31": "2.24%", "2017-12-31": "4.24%", "2017-09-30": "3.00%", "2017-06-30": "2.46%", "2017-03-31": "2.37%", "2016-12-31": "2.26%", "2016-09-30": "3.72%", "2016-06-30": "3.42%", "2016-03-31": "2.30%", "2015-12-31": "2.46%", "2015-09-30": "1.02%", "2015-06-30": "1.58%", "2015-03-31": "4.38%", "2014-12-31": "5.91%", "2014-09-30": "7.13%", "2014-06-30": "7.41%", "2014-03-31": "4.18%", "2013-12-31": "3.97%", "2013-09-30": "2.86%", "2013-06-30": "3.79%", "2013-03-31": "3.93%", "2012-12-31": "4.20%", "2012-09-30": "7.47%", "2012-06-30": "5.23%", "2012-03-31": "7.33%", "2011-12-31": "6.84%", "2011-09-30": "3.24%", "2011-06-30": "6.63%", "2011-03-31": "5.35%", "2010-12-31": "5.47%", "2010-09-30": "7.51%", "2010-06-30": "9.37%", "2010-03-31": "12.10%", "2009-12-31": "12.91%", "2009-09-30": "6.83%", "2009-06-30": "-3.86%", "2009-03-31": "-5.57%", "2008-12-31": "-10.02%", "2008-09-30": "-1.07%", "2008-06-30": "5.77%", "2008-03-31": "5.71%", "2007-12-31": "7.49%", "2007-09-30": "7.62%", "2007-06-30": "7.76%", "2007-03-31": "6.79%", "2006-12-31": "6.78%", "2006-09-30": "6.72%", "2006-06-30": "6.95%", "2006-03-31": "8.24%", "2005-12-31": "8.46%"}, "pe ratio": {"current": "12.39", "2021-02-05": "12.51", "2020-09-30": "9.44", "2020-06-30": "11.57", "2020-03-31": "48.22", "2019-12-31": "7.96", "2019-09-30": "13.97", "2019-06-30": "16.28", "2019-03-31": "14.61", "2018-12-31": "0.00", "2018-09-30": "25.62", "2018-06-30": "26.33", "2018-03-31": "29.24", "2017-12-31": "17.45", "2017-09-30": "26.78", "2017-06-30": "31.36", "2017-03-31": "36.29", "2016-12-31": "37.33", "2016-09-30": "20.10", "2016-06-30": "21.28", "2016-03-31": "34.04", "2015-12-31": "27.19", "2015-09-30": "72.24", "2015-06-30": "51.14", "2015-03-31": "18.23", "2014-12-31": "13.05", "2014-09-30": "9.23", "2014-06-30": "8.46", "2014-03-31": "15.08", "2013-12-31": "17.29", "2013-09-30": "23.50", "2013-06-30": "15.75", "2013-03-31": "12.93", "2012-12-31": "12.49", "2012-09-30": "6.55", "2012-06-30": "10.35", "2012-03-31": "7.46", "2011-12-31": "8.29", "2011-09-30": "14.96", "2011-06-30": "7.06", "2011-03-31": "8.68", "2010-12-31": "9.19", "2010-09-30": "6.26", "2010-06-30": "4.88", "2010-03-31": "3.75", "2009-12-31": "3.04", "2009-09-30": "5.58", "2009-06-30": "0.00", "2009-03-31": "0.00", "2008-12-31": "0.00", "2008-09-30": "0.00", "2008-06-30": "7.53", "2008-03-31": "7.10", "2007-12-31": "5.75", "2007-09-30": "6.02", "2007-06-30": "5.96", "2007-03-31": "6.52", "2006-12-31": "6.46"}, "price sales": {"2021-02-05": "0.81", "2020-09-30": "0.61", "2020-06-30": "0.60", "2020-03-31": "0.59", "2019-12-31": "0.64", "2019-09-30": "0.76", "2019-06-30": "0.86", "2019-03-31": "0.70", "2018-12-31": "0.76", "2018-09-30": "0.72", "2018-06-30": "0.65", "2018-03-31": "0.66", "2017-12-31": "0.74", "2017-09-30": "0.80", "2017-06-30": "0.77", "2017-03-31": "0.86", "2016-12-31": "0.84", "2016-09-30": "0.75", "2016-06-30": "0.73", "2016-03-31": "0.78", "2015-12-31": "0.67", "2015-09-30": "0.73", "2015-06-30": "0.80", "2015-03-31": "0.80", "2014-12-31": "0.77", "2014-09-30": "0.66", "2014-06-30": "0.63", "2014-03-31": "0.63", "2013-12-31": "0.69", "2013-09-30": "0.67", "2013-06-30": "0.60", "2013-03-31": "0.51", "2012-12-31": "0.52", "2012-09-30": "0.49", "2012-06-30": "0.54", "2012-03-31": "0.55", "2011-12-31": "0.57", "2011-09-30": "0.49", "2011-06-30": "0.47", "2011-03-31": "0.47", "2010-12-31": "0.51", "2010-09-30": "0.47", "2010-06-30": "0.46", "2010-03-31": "0.45", "2009-12-31": "0.39", "2009-09-30": "0.38", "2009-06-30": "0.40", "2009-03-31": "0.35", "2008-12-31": "0.55", "2008-09-30": "0.58", "2008-06-30": "0.43", "2008-03-31": "0.40", "2007-12-31": "0.43", "2007-09-30": "0.46", "2007-06-30": "0.46", "2007-03-31": "0.44", "2006-12-31": "0.44"}, "price book": {"current": "1.58", "2021-02-05": "1.58", "2020-09-30": "1.19", "2020-06-30": "1.21", "2020-03-31": "1.33", "2019-12-31": "1.41", "2019-09-30": "1.60", "2019-06-30": "1.80", "2019-03-31": "1.47", "2018-12-31": "1.59", "2018-09-30": "1.42", "2018-06-30": "1.30", "2018-03-31": "1.31", "2017-12-31": "1.44", "2017-09-30": "1.49", "2017-06-30": "1.42", "2017-03-31": "1.60", "2016-12-31": "1.55", "2016-09-30": "1.35", "2016-06-30": "1.29", "2016-03-31": "1.34", "2015-12-31": "1.10", "2015-09-30": "1.18", "2015-06-30": "1.27", "2015-03-31": "1.28", "2014-12-31": "1.24", "2014-09-30": "1.03", "2014-06-30": "0.98", "2014-03-31": "0.96", "2013-12-31": "1.06", "2013-09-30": "1.01", "2013-06-30": "0.91", "2013-03-31": "0.76", "2012-12-31": "0.79", "2012-09-30": "0.74", "2012-06-30": "0.80", "2012-03-31": "0.81", "2011-12-31": "0.85", "2011-09-30": "0.73", "2011-06-30": "0.72", "2011-03-31": "0.71", "2010-12-31": "0.78", "2010-09-30": "0.71", "2010-06-30": "0.74", "2010-03-31": "0.76", "2009-12-31": "0.68", "2009-09-30": "0.62", "2009-06-30": "0.61", "2009-03-31": "0.56", "2008-12-31": "0.88", "2008-09-30": "0.92", "2008-06-30": "0.70", "2008-03-31": "0.67", "2007-12-31": "0.73", "2007-09-30": "0.79", "2007-06-30": "0.83", "2007-03-31": "0.80", "2006-12-31": "0.80", "2006-09-30": "0.76", "2006-06-30": "0.89", "2006-03-31": "0.86"}, "price fcf": {"2021-02-05": "", "2020-09-30": "$9.24", "2020-06-30": "$8.57", "2020-03-31": "$7.23", "2019-12-31": "$8.66", "2019-09-30": "$7.82", "2019-06-30": "$7.76", "2019-03-31": "$8.12", "2018-12-31": "$6.42", "2018-09-30": "$6.58", "2018-06-30": "$6.05", "2018-03-31": "$5.96", "2017-12-31": "$5.93", "2017-09-30": "$6.19", "2017-06-30": "$6.18", "2017-03-31": "$5.43", "2016-12-31": "$4.97", "2016-09-30": "$4.32", "2016-06-30": "$3.71", "2016-03-31": "$3.80", "2015-12-31": "$3.08", "2015-09-30": "$3.16", "2015-06-30": "$3.02", "2015-03-31": "$3.33", "2014-12-31": "$4.01", "2014-09-30": "$3.88", "2014-06-30": "$4.00", "2014-03-31": "$3.30", "2013-12-31": "$3.49", "2013-09-30": "$3.44", "2013-06-30": "$3.29", "2013-03-31": "$2.87", "2012-12-31": "$2.46", "2012-09-30": "$1.64", "2012-06-30": "$1.83", "2012-03-31": "$2.64", "2011-12-31": "$2.62", "2011-09-30": "$2.61", "2011-06-30": "$2.07", "2011-03-31": "$1.26", "2010-12-31": "$1.17", "2010-09-30": "$1.90", "2010-06-30": "$1.89", "2010-03-31": "$2.49", "2009-12-31": "$2.78", "2009-09-30": "$1.95", "2009-06-30": "$2.17", "2009-03-31": "$0.94", "2008-12-31": "$0.32", "2008-09-30": "$0.66", "2008-06-30": "$1.28", "2008-03-31": "$2.59", "2007-12-31": "$3.20", "2007-09-30": "$4.13", "2007-06-30": "$4.30", "2007-03-31": "$4.68", "2006-12-31": "$5.90"}, "net worth": {"value": "$3B"}, "current ratio": {"2020-09-30": "0.29", "2020-06-30": "0.28", "2020-03-31": "0.29", "2019-12-31": "0.30", "2019-09-30": "0.32", "2019-06-30": "0.31", "2019-03-31": "0.32", "2018-12-31": "0.36", "2018-09-30": "0.31", "2018-06-30": "0.30", "2018-03-31": "0.32", "2017-12-31": "0.32", "2017-09-30": "0.32", "2017-06-30": "0.31", "2017-03-31": "0.31", "2016-12-31": "0.30", "2016-09-30": "0.31", "2016-06-30": "0.32", "2016-03-31": "0.32", "2015-12-31": "0.33", "2015-09-30": "0.34", "2015-06-30": "0.33", "2015-03-31": "0.32", "2014-12-31": "0.33", "2014-09-30": "0.33", "2014-06-30": "0.33", "2014-03-31": "0.32", "2013-12-31": "0.33", "2013-09-30": "0.32", "2013-06-30": "0.29", "2013-03-31": "0.29", "2012-12-31": "0.27", "2012-09-30": "0.29", "2012-06-30": "0.27", "2012-03-31": "0.29", "2011-12-31": "0.28", "2011-09-30": "0.28", "2011-06-30": "0.33", "2011-03-31": "0.35", "2010-12-31": "0.26", "2010-09-30": "0.26", "2010-06-30": "0.28", "2010-03-31": "0.29", "2009-12-31": "0.26", "2009-09-30": "0.26", "2009-06-30": "0.26", "2009-03-31": "0.25", "2008-12-31": "0.18", "2008-09-30": "0.19", "2008-06-30": "0.19", "2008-03-31": "0.20", "2007-12-31": "0.19", "2007-09-30": "0.20", "2007-06-30": "0.19", "2007-03-31": "0.20", "2006-12-31": "0.19", "2006-09-30": "0.21", "2006-06-30": "0.21", "2006-03-31": "0.22", "2005-12-31": "0.21", "2005-09-30": "0.21", "2005-06-30": "0.21", "2005-03-31": "0.21"}, "quick ratio": {"2020-09-30": "0.00", "2020-06-30": "0.00", "2020-03-31": "0.00", "2019-12-31": "0.00", "2019-09-30": "0.00", "2019-06-30": "0.00", "2019-03-31": "0.00", "2018-12-31": "0.00", "2018-09-30": "0.00", "2018-06-30": "0.00", "2018-03-31": "0.00", "2017-12-31": "0.00", "2017-09-30": "0.00", "2017-06-30": "0.00", "2017-03-31": "0.00", "2016-12-31": "0.00", "2016-09-30": "0.00", "2016-06-30": "0.00", "2016-03-31": "0.00", "2015-12-31": "0.00", "2015-09-30": "0.00", "2015-06-30": "0.00", "2015-03-31": "0.00", "2014-12-31": "0.00", "2014-09-30": "0.00", "2014-06-30": "0.00", "2014-03-31": "0.00", "2013-12-31": "0.00", "2013-09-30": "0.00", "2013-06-30": "0.00", "2013-03-31": "0.00", "2012-12-31": "0.00", "2012-09-30": "0.00", "2012-06-30": "0.00", "2012-03-31": "0.00", "2011-12-31": "0.00", "2011-09-30": "0.00", "2011-06-30": "0.00", "2011-03-31": "0.00", "2010-12-31": "0.00", "2010-09-30": "0.00", "2010-06-30": "0.00", "2010-03-31": "0.00", "2009-12-31": "0.00", "2009-09-30": "0.00", "2009-06-30": "0.00", "2009-03-31": "0.00", "2008-12-31": "0.00", "2008-09-30": "0.00", "2008-06-30": "0.00", "2008-03-31": "0.00", "2007-12-31": "0.00", "2007-09-30": "0.00", "2007-06-30": "0.00", "2007-03-31": "0.00", "2006-12-31": "0.00", "2006-09-30": "0.00", "2006-06-30": "0.00", "2006-03-31": "0.00", "2005-12-31": "0.00", "2005-09-30": "0.00", "2005-06-30": "0.00", "2005-03-31": "0.00"}, "debt equity ratio": {"current": "0.20", "2020-09-30": "2.23", "2020-06-30": "2.26", "2020-03-31": "2.52", "2019-12-31": "2.27", "2019-09-30": "2.26", "2019-06-30": "2.23", "2019-03-31": "2.26", "2018-12-31": "2.36", "2018-09-30": "2.06", "2018-06-30": "2.04", "2018-03-31": "2.05", "2017-12-31": "1.90", "2017-09-30": "1.83", "2017-06-30": "1.80", "2017-03-31": "1.79", "2016-12-31": "1.73", "2016-09-30": "1.65", "2016-06-30": "1.59", "2016-03-31": "1.60", "2015-12-31": "1.54", "2015-09-30": "1.54", "2015-06-30": "1.48", "2015-03-31": "1.47", "2014-12-31": "1.45", "2014-09-30": "1.40", "2014-06-30": "1.37", "2014-03-31": "1.40", "2013-12-31": "1.37", "2013-09-30": "1.36", "2013-06-30": "1.31", "2013-03-31": "1.28", "2012-12-31": "1.27", "2012-09-30": "1.22", "2012-06-30": "1.21", "2012-03-31": "1.18", "2011-12-31": "1.19", "2011-09-30": "1.26", "2011-06-30": "1.30", "2011-03-31": "1.31", "2010-12-31": "1.34", "2010-09-30": "1.30", "2010-06-30": "1.34", "2010-03-31": "1.35", "2009-12-31": "1.39", "2009-09-30": "1.42", "2009-06-30": "1.52", "2009-03-31": "1.65", "2008-12-31": "1.64", "2008-09-30": "1.45", "2008-06-30": "1.31", "2008-03-31": "1.38", "2007-12-31": "1.37", "2007-09-30": "1.43", "2007-06-30": "1.44", "2007-03-31": "1.48", "2006-12-31": "1.50", "2006-09-30": "1.54", "2006-06-30": "1.56", "2006-03-31": "1.54", "2005-12-31": "1.52", "2005-09-30": "1.51", "2005-06-30": "1.48", "2005-03-31": "1.53"}, "return on equity": {"2020-09-30": "13.44%", "2020-06-30": "10.79%", "2020-03-31": "2.57%", "2019-12-31": "18.05%", "2019-09-30": "11.93%", "2019-06-30": "11.46%", "2019-03-31": "10.20%", "2018-12-31": "-0.36%", "2018-09-30": "5.57%", "2018-06-30": "4.79%", "2018-03-31": "4.30%", "2017-12-31": "8.23%", "2017-09-30": "5.63%", "2017-06-30": "4.52%", "2017-03-31": "4.32%", "2016-12-31": "4.06%", "2016-09-30": "6.72%", "2016-06-30": "6.04%", "2016-03-31": "3.89%", "2015-12-31": "4.02%", "2015-09-30": "1.62%", "2015-06-30": "2.45%", "2015-03-31": "6.90%", "2014-12-31": "9.39%", "2014-09-30": "11.36%", "2014-06-30": "11.98%", "2014-03-31": "6.47%", "2013-12-31": "6.08%", "2013-09-30": "4.33%", "2013-06-30": "5.70%", "2013-03-31": "5.89%", "2012-12-31": "6.24%", "2012-09-30": "11.34%", "2012-06-30": "7.70%", "2012-03-31": "11.06%", "2011-12-31": "10.36%", "2011-09-30": "4.79%", "2011-06-30": "10.28%", "2011-03-31": "8.22%", "2010-12-31": "8.41%", "2010-09-30": "11.65%", "2010-06-30": "15.21%", "2010-03-31": "21.02%", "2009-12-31": "23.91%", "2009-09-30": "12.44%", "2009-06-30": "-6.13%", "2009-03-31": "-8.53%", "2008-12-31": "-14.07%", "2008-09-30": "-1.60%", "2008-06-30": "9.46%", "2008-03-31": "9.50%", "2007-12-31": "13.11%", "2007-09-30": "13.64%", "2007-06-30": "14.22%", "2007-03-31": "12.67%", "2006-12-31": "12.87%", "2006-09-30": "12.86%", "2006-06-30": "13.36%", "2006-03-31": "15.78%", "2005-12-31": "16.22%"}, "return on assets": {"2020-09-30": "4.06%", "2020-06-30": "3.25%", "2020-03-31": "0.78%", "2019-12-31": "5.54%", "2019-09-30": "3.64%", "2019-06-30": "3.55%", "2019-03-31": "3.21%", "2018-12-31": "-0.11%", "2018-09-30": "1.85%", "2018-06-30": "1.62%", "2018-03-31": "1.49%", "2017-12-31": "2.91%", "2017-09-30": "2.02%", "2017-06-30": "1.65%", "2017-03-31": "1.61%", "2016-12-31": "1.54%", "2016-09-30": "2.59%", "2016-06-30": "2.35%", "2016-03-31": "1.53%", "2015-12-31": "1.60%", "2015-09-30": "0.65%", "2015-06-30": "1.00%", "2015-03-31": "2.85%", "2014-12-31": "3.90%", "2014-09-30": "4.77%", "2014-06-30": "5.04%", "2014-03-31": "2.74%", "2013-12-31": "2.61%", "2013-09-30": "1.88%", "2013-06-30": "2.51%", "2013-03-31": "2.62%", "2012-12-31": "2.81%", "2012-09-30": "5.15%", "2012-06-30": "3.48%", "2012-03-31": "4.95%", "2011-12-31": "4.57%", "2011-09-30": "2.08%", "2011-06-30": "4.44%", "2011-03-31": "3.54%", "2010-12-31": "3.60%", "2010-09-30": "4.97%", "2010-06-30": "6.40%", "2010-03-31": "8.69%", "2009-12-31": "9.61%", "2009-09-30": "4.87%", "2009-06-30": "-2.39%", "2009-03-31": "-3.41%", "2008-12-31": "-5.78%", "2008-09-30": "-0.67%", "2008-06-30": "3.99%", "2008-03-31": "3.95%", "2007-12-31": "5.40%", "2007-09-30": "5.55%", "2007-06-30": "5.72%", "2007-03-31": "5.03%", "2006-12-31": "5.08%", "2006-09-30": "5.06%", "2006-06-30": "5.27%", "2006-03-31": "6.28%", "2005-12-31": "6.45%"}, "return on investments": {"2020-09-30": "13.81%", "2020-06-30": "10.88%", "2020-03-31": "2.26%", "2019-12-31": "18.42%", "2019-09-30": "12.01%", "2019-06-30": "11.63%", "2019-03-31": "10.35%", "2018-12-31": "-0.58%", "2018-09-30": "5.35%", "2018-06-30": "4.70%", "2018-03-31": "4.44%", "2017-12-31": "8.53%", "2017-09-30": "5.57%", "2017-06-30": "4.22%", "2017-03-31": "3.85%", "2016-12-31": "3.58%", "2016-09-30": "7.12%", "2016-06-30": "6.16%", "2016-03-31": "3.31%", "2015-12-31": "3.47%", "2015-09-30": "1.03%", "2015-06-30": "2.17%", "2015-03-31": "8.20%", "2014-12-31": "11.53%", "2014-09-30": "13.56%", "2014-06-30": "14.69%", "2014-03-31": "7.13%", "2013-12-31": "6.63%", "2013-09-30": "4.10%", "2013-06-30": "5.95%", "2013-03-31": "6.27%", "2012-12-31": "6.80%", "2012-09-30": "14.27%", "2012-06-30": "8.97%", "2012-03-31": "13.54%", "2011-12-31": "12.34%", "2011-09-30": "4.44%", "2011-06-30": "11.70%", "2011-03-31": "8.89%", "2010-12-31": "9.10%", "2010-09-30": "13.51%", "2010-06-30": "18.22%", "2010-03-31": "25.77%", "2009-12-31": "29.56%", "2009-09-30": "14.13%", "2009-06-30": "-12.13%", "2009-03-31": "-15.49%", "2008-12-31": "-23.76%", "2008-09-30": "-5.91%", "2008-06-30": "11.12%", "2008-03-31": "11.22%", "2007-12-31": "16.61%", "2007-09-30": "17.48%", "2007-06-30": "18.23%", "2007-03-31": "16.15%", "2006-12-31": "17.78%", "2006-09-30": "17.78%", "2006-06-30": "18.73%", "2006-03-31": "22.01%", "2005-12-31": "21.14%"}, "return on tangible equity": {"2020-09-30": "13.86%", "2020-06-30": "11.13%", "2020-03-31": "2.66%", "2019-12-31": "18.64%", "2019-09-30": "12.33%", "2019-06-30": "11.86%", "2019-03-31": "10.57%", "2018-12-31": "-0.37%", "2018-09-30": "5.78%", "2018-06-30": "4.97%", "2018-03-31": "4.46%", "2017-12-31": "8.55%", "2017-09-30": "5.85%", "2017-06-30": "4.70%", "2017-03-31": "4.49%", "2016-12-31": "4.22%", "2016-09-30": "6.99%", "2016-06-30": "6.30%", "2016-03-31": "4.05%", "2015-12-31": "4.19%", "2015-09-30": "1.69%", "2015-06-30": "2.55%", "2015-03-31": "7.20%", "2014-12-31": "9.80%", "2014-09-30": "11.88%", "2014-06-30": "12.54%", "2014-03-31": "6.78%", "2013-12-31": "6.38%", "2013-09-30": "4.55%", "2013-06-30": "5.98%", "2013-03-31": "6.19%", "2012-12-31": "6.57%", "2012-09-30": "11.94%", "2012-06-30": "8.12%", "2012-03-31": "11.68%", "2011-12-31": "10.95%", "2011-09-30": "5.07%", "2011-06-30": "10.89%", "2011-03-31": "8.71%", "2010-12-31": "8.93%", "2010-09-30": "12.39%", "2010-06-30": "16.20%", "2010-03-31": "22.45%", "2009-12-31": "25.62%", "2009-09-30": "13.13%", "2009-06-30": "-6.36%", "2009-03-31": "-8.68%", "2008-12-31": "-14.07%", "2008-09-30": "-1.60%", "2008-06-30": "9.46%", "2008-03-31": "9.50%", "2007-12-31": "13.11%", "2007-09-30": "13.64%", "2007-06-30": "14.22%", "2007-03-31": "12.67%", "2006-12-31": "12.87%", "2006-09-30": "12.86%", "2006-06-30": "13.36%", "2006-03-31": "15.78%", "2005-12-31": "16.22%"}, "dividend yield history": {"last payout": "$2.53", "last yield": "4.67%"}}