{"ticker": "MRK", "price": {"title": "Merck Historical Annual Stock Price Data", "value": 75.8, "historical": {"2021": {"Average Stock Price": "80.5425", "Year Open": "80.9600", "Year High": "85.0000", "Year Low": "75.8000", "Year Close": "75.8000", "Annual % Change": "-7.33%"}, "2020": {"Average Stock Price": "80.8708", "Year Open": "92.0400", "Year High": "92.0400", "Year Low": "66.4000", "Year Close": "81.8000", "Annual % Change": "-10.06%"}, "2019": {"Average Stock Price": "82.2271", "Year Open": "75.5900", "Year High": "91.7400", "Year Low": "72.9200", "Year Close": "90.9500", "Annual % Change": "19.03%"}, "2018": {"Average Stock Price": "64.1581", "Year Open": "56.2200", "Year High": "79.3400", "Year Low": "53.2700", "Year Close": "76.4100", "Annual % Change": "35.79%"}, "2017": {"Average Stock Price": "62.2478", "Year Open": "60.1500", "Year High": "66.5800", "Year Low": "54.1000", "Year Close": "56.2700", "Annual % Change": "-4.42%"}, "2016": {"Average Stock Price": "57.4869", "Year Open": "52.4800", "Year High": "64.9600", "Year Low": "48.5900", "Year Close": "58.8700", "Annual % Change": "11.45%"}, "2015": {"Average Stock Price": "56.6162", "Year Open": "57.1900", "Year High": "63.0300", "Year Low": "48.4200", "Year Close": "52.8200", "Annual % Change": "-6.99%"}, "2014": {"Average Stock Price": "57.2036", "Year Open": "49.4900", "Year High": "61.8800", "Year Low": "49.4900", "Year Close": "56.7900", "Annual % Change": "13.47%"}, "2013": {"Average Stock Price": "46.4049", "Year Open": "41.3400", "Year High": "50.1800", "Year Low": "40.8500", "Year Close": "50.0500", "Annual % Change": "22.25%"}, "2012": {"Average Stock Price": "41.2774", "Year Open": "38.3000", "Year High": "47.9600", "Year Low": "37.1800", "Year Close": "40.9400", "Annual % Change": "8.59%"}, "2011": {"Average Stock Price": "34.1444", "Year Open": "36.0400", "Year High": "37.9000", "Year Low": "29.8100", "Year Close": "37.7000", "Annual % Change": "4.61%"}, "2010": {"Average Stock Price": "36.0341", "Year Open": "37.0100", "Year High": "41.0300", "Year Low": "31.8200", "Year Close": "36.0400", "Annual % Change": "-1.37%"}, "2009": {"Average Stock Price": "29.5741", "Year Open": "31.0000", "Year High": "38.0000", "Year Low": "20.9900", "Year Close": "36.5400", "Annual % Change": "20.20%"}, "2008": {"Average Stock Price": "37.1038", "Year Open": "57.3700", "Year High": "60.5500", "Year Low": "23.5600", "Year Close": "30.4000", "Annual % Change": "-47.69%"}, "2007": {"Average Stock Price": "50.6622", "Year Open": "44.0200", "Year High": "60.7700", "Year Low": "42.9400", "Year Close": "58.1100", "Annual % Change": "33.28%"}, "2006": {"Average Stock Price": "38.2875", "Year Open": "32.7500", "Year High": "46.2100", "Year Low": "32.7500", "Year Close": "43.6000", "Annual % Change": "37.06%"}, "2005": {"Average Stock Price": "30.6525", "Year Open": "31.2600", "Year High": "34.9300", "Year Low": "25.8500", "Year Close": "31.8100", "Annual % Change": "-1.03%"}, "2004": {"Average Stock Price": "42.0267", "Year Open": "47.0500", "Year High": "49.0800", "Year Low": "26.0000", "Year Close": "32.1400", "Annual % Change": "-30.43%"}, "2003": {"Average Stock Price": "53.2612", "Year Open": "58.2500", "Year High": "63.2400", "Year Low": "40.6000", "Year Close": "46.2000", "Annual % Change": "-18.39%"}, "2002": {"Average Stock Price": "54.0482", "Year Open": "59.7600", "Year High": "64.3700", "Year Low": "39.0500", "Year Close": "56.6100", "Annual % Change": "-3.72%"}, "2001": {"Average Stock Price": "71.2694", "Year Open": "93.0000", "Year High": "93.0000", "Year Low": "57.1700", "Year Close": "58.8000", "Annual % Change": "-37.20%"}, "2000": {"Average Stock Price": "73.7492", "Year Open": "67.6300", "Year High": "94.8800", "Year Low": "53.9400", "Year Close": "93.6300", "Annual % Change": "39.35%"}, "1999": {"Average Stock Price": "73.2395", "Year Open": "74.9000", "Year High": "86.3800", "Year Low": "60.9400", "Year Close": "67.1900", "Annual % Change": "-8.89%"}, "1998": {"Average Stock Price": "64.3975", "Year Open": "53.8000", "Year High": "79.4500", "Year Low": "51.4500", "Year Close": "73.7500", "Annual % Change": "39.15%"}, "1997": {"Average Stock Price": "47.2358", "Year Open": "39.9400", "Year High": "53.6500", "Year Low": "39.9400", "Year Close": "53.0000", "Annual % Change": "33.13%"}, "1996": {"Average Stock Price": "34.0199", "Year Open": "32.1250", "Year High": "42.1250", "Year Low": "28.5000", "Year Close": "39.8100", "Annual % Change": "21.32%"}, "1995": {"Average Stock Price": "24.7361", "Year Open": "19.1900", "Year High": "33.4400", "Year Low": "18.2500", "Year Close": "32.8150", "Annual % Change": "72.12%"}, "1994": {"Average Stock Price": "16.6396", "Year Open": "17.6250", "Year High": "19.6900", "Year Low": "14.1900", "Year Close": "19.0650", "Annual % Change": "10.91%"}, "1993": {"Average Stock Price": "17.5701", "Year Open": "21.9400", "Year High": "21.9400", "Year Low": "14.3750", "Year Close": "17.1900", "Annual % Change": "-20.75%"}, "1992": {"Average Stock Price": "24.2832", "Year Open": "27.7300", "Year High": "28.1450", "Year Low": "20.5650", "Year Close": "21.6900", "Annual % Change": "-21.84%"}, "1991": {"Average Stock Price": "19.9789", "Year Open": "14.9167", "Year High": "27.7500", "Year Low": "13.7083", "Year Close": "27.7500", "Annual % Change": "85.25%"}, "1990": {"Average Stock Price": "13.1712", "Year Open": "13.1050", "Year High": "15.0417", "Year Low": "11.1867", "Year Close": "14.9800", "Annual % Change": "15.97%"}, "1989": {"Average Stock Price": "11.7441", "Year Open": "9.5417", "Year High": "13.3333", "Year Low": "9.5417", "Year Close": "12.9167", "Annual % Change": "34.20%"}, "1988": {"Average Stock Price": "9.1213", "Year Open": "9.1317", "Year High": "9.9167", "Year Low": "8.0833", "Year Close": "9.6250", "Annual % Change": "9.31%"}, "1987": {"Average Stock Price": "9.3394", "Year Open": "7.0000", "Year High": "12.0833", "Year Low": "7.0000", "Year Close": "8.8056", "Annual % Change": "27.96%"}, "1986": {"Average Stock Price": "5.3114", "Year Open": "3.8333", "Year High": "7.1944", "Year Low": "3.7606", "Year Close": "6.8817", "Annual % Change": "80.83%"}, "1985": {"Average Stock Price": "3.0502", "Year Open": "2.5869", "Year High": "3.8056", "Year Low": "2.5106", "Year Close": "3.8056", "Annual % Change": "45.75%"}, "1984": {"Average Stock Price": "2.4617", "Year Open": "2.5106", "Year High": "2.6944", "Year Low": "2.2153", "Year Close": "2.6111", "Annual % Change": "4.00%"}, "1983": {"Average Stock Price": "2.5262", "Year Open": "2.3333", "Year High": "2.8958", "Year Low": "2.2778", "Year Close": "2.5106", "Annual % Change": "6.81%"}, "1982": {"Average Stock Price": "2.1355", "Year Open": "2.3750", "Year High": "2.4375", "Year Low": "1.7847", "Year Close": "2.3506", "Annual % Change": "-0.15%"}, "1981": {"Average Stock Price": "2.4145", "Year Open": "2.3889", "Year High": "2.8439", "Year Low": "2.1250", "Year Close": "2.3542", "Annual % Change": "0.00%"}, "1980": {"Average Stock Price": "2.0207", "Year Open": "1.9653", "Year High": "2.3542", "Year Low": "1.6319", "Year Close": "2.3542", "Annual % Change": "17.31%"}, "1979": {"Average Stock Price": "1.8755", "Year Open": "1.8856", "Year High": "2.0519", "Year Low": "1.7394", "Year Close": "2.0069", "Annual % Change": "6.85%"}, "1978": {"Average Stock Price": "1.5996", "Year Open": "1.4894", "Year High": "1.9203", "Year Low": "1.3369", "Year Close": "1.8783", "Annual % Change": "21.83%"}, "1977": {"Average Stock Price": "1.5599", "Year Open": "1.8611", "Year High": "1.8611", "Year Low": "1.3994", "Year Close": "1.5417", "Annual % Change": "-18.52%"}, "1976": {"Average Stock Price": "1.9866", "Year Open": "1.9342", "Year High": "2.2328", "Year Low": "1.7500", "Year Close": "1.8922", "Annual % Change": "-1.63%"}, "1975": {"Average Stock Price": "2.0687", "Year Open": "1.8681", "Year High": "2.3750", "Year Low": "1.6319", "Year Close": "1.9236", "Annual % Change": "4.32%"}, "1974": {"Average Stock Price": "1.9964", "Year Open": "2.2328", "Year High": "2.3783", "Year Low": "1.3611", "Year Close": "1.8439", "Annual % Change": "-17.80%"}, "1973": {"Average Stock Price": "2.4814", "Year Open": "2.5139", "Year High": "2.7917", "Year Low": "2.1597", "Year Close": "2.2431", "Annual % Change": "-9.39%"}, "1972": {"Average Stock Price": "2.1216", "Year Open": "1.7396", "Year High": "2.4861", "Year Low": "1.7396", "Year Close": "2.4756", "Annual % Change": "43.75%"}, "1971": {"Average Stock Price": "1.4723", "Year Open": "1.3194", "Year High": "1.8160", "Year Low": "1.3194", "Year Close": "1.7222", "Annual % Change": "25.25%"}}}, "market cap": {"value": "$191.78B"}, "income statement": {"Revenue": {"2020-12-31": "47994.00000", "2019-12-31": "46840.00000", "2018-12-31": "42294.00000", "2017-12-31": "40122.00000", "2016-12-31": "39807.00000", "2015-12-31": "39498.00000", "2014-12-31": "42237.00000", "2013-12-31": "44033.00000", "2012-12-31": "47267.00000", "2011-12-31": "48047.00000", "2010-12-31": "45987.00000", "2009-12-31": "27428.00000", "2008-12-31": "23850.00000", "2007-12-31": "24197.70000", "2006-12-31": "22636.00000", "2005-12-31": "22011.90000"}, "Cost Of Goods Sold": {"2020-12-31": "15485.00000", "2019-12-31": "14112.00000", "2018-12-31": "13509.00000", "2017-12-31": "12912.00000", "2016-12-31": "14030.00000", "2015-12-31": "14934.00000", "2014-12-31": "16768.00000", "2013-12-31": "16954.00000", "2012-12-31": "16446.00000", "2011-12-31": "16871.00000", "2010-12-31": "18396.00000", "2009-12-31": "9019.00000", "2008-12-31": "5583.00000", "2007-12-31": "6140.70000", "2006-12-31": "6001.10000", "2005-12-31": "5149.60000"}, "Gross Profit": {"2020-12-31": "32509.00000", "2019-12-31": "32728.00000", "2018-12-31": "28785.00000", "2017-12-31": "27210.00000", "2016-12-31": "25777.00000", "2015-12-31": "24564.00000", "2014-12-31": "25469.00000", "2013-12-31": "27079.00000", "2012-12-31": "30821.00000", "2011-12-31": "31176.00000", "2010-12-31": "27591.00000", "2009-12-31": "18409.00000", "2008-12-31": "18267.00000", "2007-12-31": "18057.00000", "2006-12-31": "16634.90000", "2005-12-31": "16862.30000"}, "Research And Development Expenses": {"2020-12-31": "13558.00000", "2019-12-31": "9872.00000", "2018-12-31": "9752.00000", "2017-12-31": "10339.00000", "2016-12-31": "10261.00000", "2015-12-31": "6704.00000", "2014-12-31": "7180.00000", "2013-12-31": "7503.00000", "2012-12-31": "8168.00000", "2011-12-31": "8467.00000", "2010-12-31": "11111.00000", "2009-12-31": "5845.00000", "2008-12-31": "4805.00000", "2007-12-31": "4882.80000", "2006-12-31": "4782.90000", "2005-12-31": "3848.00000"}, "SG&A Expenses": {"2020-12-31": "10468.00000", "2019-12-31": "10615.00000", "2018-12-31": "10102.00000", "2017-12-31": "10074.00000", "2016-12-31": "10017.00000", "2015-12-31": "10313.00000", "2014-12-31": "11606.00000", "2013-12-31": "11911.00000", "2012-12-31": "12776.00000", "2011-12-31": "13733.00000", "2010-12-31": "13125.00000", "2009-12-31": "8543.00000", "2008-12-31": "7377.00000", "2007-12-31": "7556.70000", "2006-12-31": "8165.40000", "2005-12-31": "7155.50000"}, "Other Operating Income Or Expenses": {"2020-12-31": "", "2019-12-31": "", "2018-12-31": "", "2017-12-31": "", "2016-12-31": "", "2015-12-31": "", "2014-12-31": "", "2013-12-31": "", "2012-12-31": "", "2011-12-31": "", "2010-12-31": "", "2009-12-31": "", "2008-12-31": "", "2007-12-31": "", "2006-12-31": "", "2005-12-31": ""}, "Operating Expenses": {"2020-12-31": "39511.00000", "2019-12-31": "34599.00000", "2018-12-31": "33363.00000", "2017-12-31": "33325.00000", "2016-12-31": "34308.00000", "2015-12-31": "31951.00000", "2014-12-31": "35554.00000", "2013-12-31": "36368.00000", "2012-12-31": "37390.00000", "2011-12-31": "39071.00000", "2010-12-31": "42632.00000", "2009-12-31": "23407.00000", "2008-12-31": "17765.00000", "2007-12-31": "18580.20000", "2006-12-31": "18949.40000", "2005-12-31": "16153.10000"}, "Operating Income": {"2020-12-31": "8483.00000", "2019-12-31": "12241.00000", "2018-12-31": "8931.00000", "2017-12-31": "6797.00000", "2016-12-31": "5499.00000", "2015-12-31": "7547.00000", "2014-12-31": "6683.00000", "2013-12-31": "7665.00000", "2012-12-31": "9877.00000", "2011-12-31": "8976.00000", "2010-12-31": "3355.00000", "2009-12-31": "4021.00000", "2008-12-31": "6085.00000", "2007-12-31": "5617.50000", "2006-12-31": "3686.60000", "2005-12-31": "5858.80100"}, "Total Non-Operating Income/Expense": {"2020-12-31": "308.00000", "2019-12-31": "-777.00000", "2018-12-31": "-230.00000", "2017-12-31": "-276.00000", "2016-12-31": "-840.00000", "2015-12-31": "-2146.00000", "2014-12-31": "10600.00000", "2013-12-31": "-2120.00000", "2012-12-31": "-1138.00000", "2011-12-31": "-1642.00000", "2010-12-31": "-1702.00000", "2009-12-31": "11269.00000", "2008-12-31": "3846.00000", "2007-12-31": "-2125.40000", "2006-12-31": "2534.80000", "2005-12-31": "1505.10000"}, "Pre-Tax Income": {"2020-12-31": "8791.00000", "2019-12-31": "11464.00000", "2018-12-31": "8701.00000", "2017-12-31": "6521.00000", "2016-12-31": "4659.00000", "2015-12-31": "5401.00000", "2014-12-31": "17283.00000", "2013-12-31": "5545.00000", "2012-12-31": "8739.00000", "2011-12-31": "7334.00000", "2010-12-31": "1653.00000", "2009-12-31": "15290.00000", "2008-12-31": "9931.00000", "2007-12-31": "3492.10000", "2006-12-31": "6221.40000", "2005-12-31": "7363.90000"}, "Income Taxes": {"2020-12-31": "1709.00000", "2019-12-31": "1687.00000", "2018-12-31": "2508.00000", "2017-12-31": "4103.00000", "2016-12-31": "718.00000", "2015-12-31": "942.00000", "2014-12-31": "5349.00000", "2013-12-31": "1028.00000", "2012-12-31": "2440.00000", "2011-12-31": "942.00000", "2010-12-31": "671.00000", "2009-12-31": "2268.00000", "2008-12-31": "1999.00000", "2007-12-31": "95.30000", "2006-12-31": "1787.60000", "2005-12-31": "2732.60000"}, "Income After Taxes": {"2020-12-31": "7082.00000", "2019-12-31": "9777.00000", "2018-12-31": "6193.00000", "2017-12-31": "2418.00000", "2016-12-31": "3941.00000", "2015-12-31": "4459.00000", "2014-12-31": "11934.00000", "2013-12-31": "4517.00000", "2012-12-31": "6299.00000", "2011-12-31": "6392.00000", "2010-12-31": "982.00000", "2009-12-31": "13022.00000", "2008-12-31": "7932.00000", "2007-12-31": "3396.80000", "2006-12-31": "4433.80000", "2005-12-31": "4631.30000"}, "Other Income": {"2020-12-31": "", "2019-12-31": "", "2018-12-31": "", "2017-12-31": "", "2016-12-31": "", "2015-12-31": "", "2014-12-31": "", "2013-12-31": "", "2012-12-31": "", "2011-12-31": "", "2010-12-31": "", "2009-12-31": "", "2008-12-31": "", "2007-12-31": "", "2006-12-31": "", "2005-12-31": ""}, "Income From Continuous Operations": {"2020-12-31": "7082.00000", "2019-12-31": "9777.00000", "2018-12-31": "6193.00000", "2017-12-31": "2418.00000", "2016-12-31": "3941.00000", "2015-12-31": "4459.00000", "2014-12-31": "11934.00000", "2013-12-31": "4517.00000", "2012-12-31": "6299.00000", "2011-12-31": "6392.00000", "2010-12-31": "982.00000", "2009-12-31": "13022.00000", "2008-12-31": "7932.00000", "2007-12-31": "3396.80000", "2006-12-31": "4433.80000", "2005-12-31": "4631.30000"}, "Income From Discontinued Operations": {"2020-12-31": "", "2019-12-31": "", "2018-12-31": "", "2017-12-31": "", "2016-12-31": "", "2015-12-31": "", "2014-12-31": "", "2013-12-31": "", "2012-12-31": "", "2011-12-31": "", "2010-12-31": "", "2009-12-31": "", "2008-12-31": "", "2007-12-31": "", "2006-12-31": "", "2005-12-31": ""}, "Net Income": {"2020-12-31": "7067.00000", "2019-12-31": "9843.00000", "2018-12-31": "6220.00000", "2017-12-31": "2394.00000", "2016-12-31": "3920.00000", "2015-12-31": "4442.00000", "2014-12-31": "11920.00000", "2013-12-31": "4404.00000", "2012-12-31": "6165.00000", "2011-12-31": "6257.00000", "2010-12-31": "859.00000", "2009-12-31": "12853.00000", "2008-12-31": "7788.00000", "2007-12-31": "3266.80000", "2006-12-31": "4433.80000", "2005-12-31": "4631.30000"}, "EBITDA": {"2020-12-31": "8483.00000", "2019-12-31": "15893.00000", "2018-12-31": "13450.00000", "2017-12-31": "11473.00000", "2016-12-31": "10970.00000", "2015-12-31": "13922.00000", "2014-12-31": "13374.00000", "2013-12-31": "14653.00000", "2012-12-31": "16855.00000", "2011-12-31": "16403.00000", "2010-12-31": "10736.00000", "2009-12-31": "6597.00000", "2008-12-31": "7716.00000", "2007-12-31": "7605.70000", "2006-12-31": "5955.00000", "2005-12-31": "7566.90100"}, "EBIT": {"2020-12-31": "8483.00000", "2019-12-31": "12241.00000", "2018-12-31": "8931.00000", "2017-12-31": "6797.00000", "2016-12-31": "5499.00000", "2015-12-31": "7547.00000", "2014-12-31": "6683.00000", "2013-12-31": "7665.00000", "2012-12-31": "9877.00000", "2011-12-31": "8976.00000", "2010-12-31": "3355.00000", "2009-12-31": "4021.00000", "2008-12-31": "6085.00000", "2007-12-31": "5617.50000", "2006-12-31": "3686.60000", "2005-12-31": "5858.80100"}, "Basic Shares Outstanding": {"2020-12-31": "", "2019-12-31": "2565.00000", "2018-12-31": "2664.00000", "2017-12-31": "2730.00000", "2016-12-31": "2766.00000", "2015-12-31": "2816.00000", "2014-12-31": "2894.00000", "2013-12-31": "2963.00000", "2012-12-31": "3041.00000", "2011-12-31": "3071.00000", "2010-12-31": "3095.00000", "2009-12-31": "2268.00000", "2008-12-31": "2136.00000", "2007-12-31": "2170.50000", "2006-12-31": "2177.60000", "2005-12-31": "2197.00000"}, "Shares Outstanding": {"2020-12-31": "2541.00000", "2019-12-31": "2580.00000", "2018-12-31": "2679.00000", "2017-12-31": "2748.00000", "2016-12-31": "2787.00000", "2015-12-31": "2841.00000", "2014-12-31": "2928.00000", "2013-12-31": "2996.00000", "2012-12-31": "3076.00000", "2011-12-31": "3094.00000", "2010-12-31": "3120.00000", "2009-12-31": "2273.00000", "2008-12-31": "2143.00000", "2007-12-31": "2189.80000", "2006-12-31": "2187.70000", "2005-12-31": "2200.40000"}, "Basic EPS": {"2020-12-31": "", "2019-12-31": "3.84000", "2018-12-31": "2.34000", "2017-12-31": "0.88000", "2016-12-31": "1.42000", "2015-12-31": "1.58000", "2014-12-31": "4.12000", "2013-12-31": "1.49000", "2012-12-31": "2.03000", "2011-12-31": "2.04000", "2010-12-31": "0.28000", "2009-12-31": "5.67000", "2008-12-31": "3.65000", "2007-12-31": "1.51000", "2006-12-31": "2.04000", "2005-12-31": "2.11000"}, "EPS - Earnings Per Share": {"2020-12-31": "2.78000", "2019-12-31": "3.81000", "2018-12-31": "2.32000", "2017-12-31": "0.87000", "2016-12-31": "1.41000", "2015-12-31": "1.56000", "2014-12-31": "4.07000", "2013-12-31": "1.47000", "2012-12-31": "2.00000", "2011-12-31": "2.02000", "2010-12-31": "0.28000", "2009-12-31": "5.65000", "2008-12-31": "3.63000", "2007-12-31": "1.49000", "2006-12-31": "2.03000", "2005-12-31": "2.10000"}}, "income statement, quarterly": {"Revenue": {"2020-12-31": "12514.00000", "2020-09-30": "12551.00000", "2020-06-30": "10872.00000", "2020-03-31": "12057.00000", "2019-12-31": "11867.00000", "2019-09-30": "12397.00000", "2019-06-30": "11760.00000", "2019-03-31": "10816.00000", "2018-12-31": "10998.00000", "2018-09-30": "10794.00000", "2018-06-30": "10465.00000", "2018-03-31": "10037.00000", "2017-12-31": "10433.00000", "2017-09-30": "10325.00000", "2017-06-30": "9930.00000", "2017-03-31": "9434.00000", "2016-12-31": "10115.00000", "2016-09-30": "10536.00000", "2016-06-30": "9844.00000", "2016-03-31": "9312.00000", "2015-12-31": "10215.00000", "2015-09-30": "10073.00000", "2015-06-30": "9785.00000", "2015-03-31": "9425.00000", "2014-12-31": "10482.00000", "2014-09-30": "10557.00000", "2014-06-30": "10934.00000", "2014-03-31": "10264.00000", "2013-12-31": "11320.00000", "2013-09-30": "11032.00000", "2013-06-30": "11010.00000", "2013-03-31": "10671.00000", "2012-12-31": "11737.00000", "2012-09-30": "11488.00000", "2012-06-30": "12311.00000", "2012-03-31": "11731.00000", "2011-12-31": "12294.00000", "2011-09-30": "12022.00000", "2011-06-30": "12151.00000", "2011-03-31": "11580.00000", "2010-12-31": "12094.00000", "2010-09-30": "11125.00000", "2010-06-30": "11346.00000", "2010-03-31": "11422.00000", "2009-12-31": "10093.20000", "2009-09-30": "6049.70000", "2009-06-30": "5899.90000", "2009-03-31": "5385.20000", "2008-12-31": "6032.20000", "2008-09-30": "5943.90000", "2008-06-30": "6051.80000", "2008-03-31": "5822.10000", "2007-12-31": "6242.79900", "2007-09-30": "6074.10000", "2007-06-30": "6111.40000", "2007-03-31": "5769.40000", "2006-12-31": "6044.10000", "2006-09-30": "5410.40000", "2006-06-30": "5771.70000", "2006-03-31": "5409.80000", "2005-12-31": "5765.99900", "2005-09-30": "5416.20000", "2005-06-30": "5467.50000", "2005-03-31": "5362.20000"}, "Cost Of Goods Sold": {"2020-12-31": "5532.00000", "2020-09-30": "3481.00000", "2020-06-30": "3159.00000", "2020-03-31": "3312.00000", "2019-12-31": "3669.00000", "2019-09-30": "3990.00000", "2019-06-30": "3401.00000", "2019-03-31": "3052.00000", "2018-12-31": "3289.00000", "2018-09-30": "3619.00000", "2018-06-30": "3417.00000", "2018-03-31": "3184.00000", "2017-12-31": "3440.00000", "2017-09-30": "3307.00000", "2017-06-30": "3116.00000", "2017-03-31": "3049.00000", "2016-12-31": "3471.00000", "2016-09-30": "3409.00000", "2016-06-30": "3578.00000", "2016-03-31": "3572.00000", "2015-12-31": "3850.00000", "2015-09-30": "3761.00000", "2015-06-30": "3754.00000", "2015-03-31": "3569.00000", "2014-12-31": "3749.00000", "2014-09-30": "4223.00000", "2014-06-30": "4893.00000", "2014-03-31": "3903.00000", "2013-12-31": "4607.00000", "2013-09-30": "4104.00000", "2013-06-30": "4284.00000", "2013-03-31": "3959.00000", "2012-12-31": "4160.00000", "2012-09-30": "4137.00000", "2012-06-30": "4112.00000", "2012-03-31": "4037.00000", "2011-12-31": "4176.00000", "2011-09-30": "4352.00000", "2011-06-30": "4284.00000", "2011-03-31": "4059.00000", "2010-12-31": "4440.00000", "2010-09-30": "4191.00000", "2010-06-30": "4549.00000", "2010-03-31": "5216.00000", "2009-12-31": "4901.00000", "2009-09-30": "1430.30000", "2009-06-30": "1353.90000", "2009-03-31": "1333.80000", "2008-12-31": "1470.50000", "2008-09-30": "1477.90000", "2008-06-30": "1396.50000", "2008-03-31": "1238.10000", "2007-12-31": "1544.90000", "2007-09-30": "1517.70000", "2007-06-30": "1552.30000", "2007-03-31": "1525.80000", "2006-12-31": "1669.10000", "2006-09-30": "1544.10000", "2006-06-30": "1445.20000", "2006-03-31": "1342.70000", "2005-12-31": "1478.80000", "2005-09-30": "1238.80000", "2005-06-30": "1160.60000", "2005-03-31": "1271.40000"}, "Gross Profit": {"2020-12-31": "6982.00000", "2020-09-30": "9070.00000", "2020-06-30": "7713.00000", "2020-03-31": "8745.00000", "2019-12-31": "8198.00000", "2019-09-30": "8407.00000", "2019-06-30": "8359.00000", "2019-03-31": "7764.00000", "2018-12-31": "7709.00000", "2018-09-30": "7175.00000", "2018-06-30": "7048.00000", "2018-03-31": "6853.00000", "2017-12-31": "6993.00000", "2017-09-30": "7018.00000", "2017-06-30": "6814.00000", "2017-03-31": "6385.00000", "2016-12-31": "6644.00000", "2016-09-30": "7127.00000", "2016-06-30": "6266.00000", "2016-03-31": "5740.00000", "2015-12-31": "6365.00000", "2015-09-30": "6312.00000", "2015-06-30": "6031.00000", "2015-03-31": "5856.00000", "2014-12-31": "6733.00000", "2014-09-30": "6334.00000", "2014-06-30": "6041.00000", "2014-03-31": "6361.00000", "2013-12-31": "6713.00000", "2013-09-30": "6928.00000", "2013-06-30": "6726.00000", "2013-03-31": "6712.00000", "2012-12-31": "7577.00000", "2012-09-30": "7351.00000", "2012-06-30": "8199.00000", "2012-03-31": "7694.00000", "2011-12-31": "8118.00000", "2011-09-30": "7670.00000", "2011-06-30": "7867.00000", "2011-03-31": "7521.00000", "2010-12-31": "7654.00000", "2010-09-30": "6934.00000", "2010-06-30": "6797.00000", "2010-03-31": "6206.00000", "2009-12-31": "5192.20000", "2009-09-30": "4619.40000", "2009-06-30": "4546.00000", "2009-03-31": "4051.40000", "2008-12-31": "4561.70000", "2008-09-30": "4466.00000", "2008-06-30": "4655.30000", "2008-03-31": "4584.00000", "2007-12-31": "4697.89900", "2007-09-30": "4556.40000", "2007-06-30": "4559.10000", "2007-03-31": "4243.60000", "2006-12-31": "4375.00000", "2006-09-30": "3866.30000", "2006-06-30": "4326.50000", "2006-03-31": "4067.10000", "2005-12-31": "4287.19900", "2005-09-30": "4177.40000", "2005-06-30": "4306.90000", "2005-03-31": "4090.80000"}, "Research And Development Expenses": {"2020-12-31": "5838.00000", "2020-09-30": "3390.00000", "2020-06-30": "2123.00000", "2020-03-31": "2209.00000", "2019-12-31": "2548.00000", "2019-09-30": "3204.00000", "2019-06-30": "2189.00000", "2019-03-31": "1931.00000", "2018-12-31": "2214.00000", "2018-09-30": "2068.00000", "2018-06-30": "2274.00000", "2018-03-31": "3196.00000", "2017-12-31": "2314.00000", "2017-09-30": "4413.00000", "2017-06-30": "1782.00000", "2017-03-31": "1830.00000", "2016-12-31": "4787.00000", "2016-09-30": "1664.00000", "2016-06-30": "2151.00000", "2016-03-31": "1659.00000", "2015-12-31": "1797.00000", "2015-09-30": "1500.00000", "2015-06-30": "1670.00000", "2015-03-31": "1737.00000", "2014-12-31": "2283.00000", "2014-09-30": "1659.00000", "2014-06-30": "1664.00000", "2014-03-31": "1574.00000", "2013-12-31": "1835.00000", "2013-09-30": "1660.00000", "2013-06-30": "2101.00000", "2013-03-31": "1907.00000", "2012-12-31": "2223.00000", "2012-09-30": "1918.00000", "2012-06-30": "2165.00000", "2012-03-31": "1862.00000", "2011-12-31": "2419.00000", "2011-09-30": "1954.00000", "2011-06-30": "1936.00000", "2011-03-31": "2158.00000", "2010-12-31": "4559.00000", "2010-09-30": "2322.00000", "2010-06-30": "2179.00000", "2010-03-31": "2051.00000", "2009-12-31": "1971.50000", "2009-09-30": "1254.00000", "2009-06-30": "1395.30000", "2009-03-31": "1224.20000", "2008-12-31": "1386.30000", "2008-09-30": "1171.10000", "2008-06-30": "1169.30000", "2008-03-31": "1078.30000", "2007-12-31": "1381.80000", "2007-09-30": "1440.50000", "2007-06-30": "1030.50000", "2007-03-31": "1030.00000", "2006-12-31": "1723.00000", "2006-09-30": "945.40000", "2006-06-30": "1172.50000", "2006-03-31": "942.00000", "2005-12-31": "1112.00000", "2005-09-30": "942.60000", "2005-06-30": "946.80000", "2005-03-31": "846.60000"}, "SG&A Expenses": {"2020-12-31": "3086.00000", "2020-09-30": "2450.00000", "2020-06-30": "2378.00000", "2020-03-31": "2555.00000", "2019-12-31": "2889.00000", "2019-09-30": "2589.00000", "2019-06-30": "2712.00000", "2019-03-31": "2425.00000", "2018-12-31": "2643.00000", "2018-09-30": "2443.00000", "2018-06-30": "2508.00000", "2018-03-31": "2508.00000", "2017-12-31": "2643.00000", "2017-09-30": "2459.00000", "2017-06-30": "2500.00000", "2017-03-31": "2472.00000", "2016-12-31": "2848.00000", "2016-09-30": "2393.00000", "2016-06-30": "2458.00000", "2016-03-31": "2318.00000", "2015-12-31": "2616.00000", "2015-09-30": "2472.00000", "2015-06-30": "2624.00000", "2015-03-31": "2601.00000", "2014-12-31": "2924.00000", "2014-09-30": "2975.00000", "2014-06-30": "2973.00000", "2014-03-31": "2734.00000", "2013-12-31": "2981.00000", "2013-09-30": "2803.00000", "2013-06-30": "3140.00000", "2013-03-31": "2987.00000", "2012-12-31": "3390.00000", "2012-09-30": "3063.00000", "2012-06-30": "3249.00000", "2012-03-31": "3074.00000", "2011-12-31": "3704.00000", "2011-09-30": "3340.00000", "2011-06-30": "3525.00000", "2011-03-31": "3164.00000", "2010-12-31": "3536.00000", "2010-09-30": "3192.00000", "2010-06-30": "3175.00000", "2010-03-31": "3222.00000", "2009-12-31": "3455.10000", "2009-09-30": "1725.50000", "2009-06-30": "1729.50000", "2009-03-31": "1632.90000", "2008-12-31": "1862.10000", "2008-09-30": "1730.30000", "2008-06-30": "1930.20000", "2008-03-31": "1854.40000", "2007-12-31": "1719.60000", "2007-09-30": "1951.40000", "2007-06-30": "2083.70000", "2007-03-31": "1802.00000", "2006-12-31": "2345.80000", "2006-09-30": "2370.60000", "2006-06-30": "1734.00000", "2006-03-31": "1715.00000", "2005-12-31": "2139.10000", "2005-09-30": "1661.40000", "2005-06-30": "1749.50000", "2005-03-31": "1605.50000"}, "Other Operating Income Or Expenses": {"2020-12-31": "", "2020-09-30": "", "2020-06-30": "", "2020-03-31": "", "2019-12-31": "", "2019-09-30": "", "2019-06-30": "", "2019-03-31": "", "2018-12-31": "", "2018-09-30": "", "2018-06-30": "", "2018-03-31": "", "2017-12-31": "", "2017-09-30": "", "2017-06-30": "", "2017-03-31": "", "2016-12-31": "", "2016-09-30": "", "2016-06-30": "", "2016-03-31": "", "2015-12-31": "", "2015-09-30": "", "2015-06-30": "", "2015-03-31": "", "2014-12-31": "", "2014-09-30": "", "2014-06-30": "", "2014-03-31": "", "2013-12-31": "", "2013-09-30": "", "2013-06-30": "", "2013-03-31": "", "2012-12-31": "", "2012-09-30": "", "2012-06-30": "", "2012-03-31": "", "2011-12-31": "", "2011-09-30": "", "2011-06-30": "", "2011-03-31": "", "2010-12-31": "", "2010-09-30": "", "2010-06-30": "", "2010-03-31": "", "2009-12-31": "", "2009-09-30": "", "2009-06-30": "", "2009-03-31": "", "2008-12-31": "", "2008-09-30": "", "2008-06-30": "", "2008-03-31": "", "2007-12-31": "", "2007-09-30": "", "2007-06-30": "", "2007-03-31": "", "2006-12-31": "", "2006-09-30": "", "2006-06-30": "", "2006-03-31": "", "2005-12-31": "", "2005-09-30": "", "2005-06-30": "", "2005-03-31": ""}, "Operating Expenses": {"2020-12-31": "14456.00000", "2020-09-30": "9321.00000", "2020-06-30": "7660.00000", "2020-03-31": "8076.00000", "2019-12-31": "9106.00000", "2019-09-30": "9783.00000", "2019-06-30": "8302.00000", "2019-03-31": "7408.00000", "2018-12-31": "8146.00000", "2018-09-30": "8130.00000", "2018-06-30": "8199.00000", "2018-03-31": "8888.00000", "2017-12-31": "8397.00000", "2017-09-30": "10179.00000", "2017-06-30": "7398.00000", "2017-03-31": "7351.00000", "2016-12-31": "11106.00000", "2016-09-30": "7466.00000", "2016-06-30": "8187.00000", "2016-03-31": "7549.00000", "2015-12-31": "8263.00000", "2015-09-30": "7733.00000", "2015-06-30": "8048.00000", "2015-03-31": "7907.00000", "2014-12-31": "8956.00000", "2014-09-30": "8857.00000", "2014-06-30": "9530.00000", "2014-03-31": "8211.00000", "2013-12-31": "9423.00000", "2013-09-30": "8567.00000", "2013-06-30": "9525.00000", "2013-03-31": "8853.00000", "2012-12-31": "9773.00000", "2012-09-30": "9118.00000", "2012-06-30": "9526.00000", "2012-03-31": "8973.00000", "2011-12-31": "10299.00000", "2011-09-30": "9646.00000", "2011-06-30": "9745.00000", "2011-03-31": "9381.00000", "2010-12-31": "12535.00000", "2010-09-30": "9705.00000", "2010-06-30": "9903.00000", "2010-03-31": "10489.00000", "2009-12-31": "10327.60000", "2009-09-30": "4409.80000", "2009-06-30": "4478.70000", "2009-03-31": "4190.90000", "2008-12-31": "4718.90000", "2008-09-30": "4379.30000", "2008-06-30": "4496.00000", "2008-03-31": "4170.80000", "2007-12-31": "4646.30000", "2007-09-30": "4909.60000", "2007-06-30": "4666.50000", "2007-03-31": "4357.80000", "2006-12-31": "5737.90000", "2006-09-30": "4860.10000", "2006-06-30": "4351.70000", "2006-03-31": "3999.70000", "2005-12-31": "4729.90000", "2005-09-30": "3842.80000", "2005-06-30": "3856.90000", "2005-03-31": "3723.50000"}, "Operating Income": {"2020-12-31": "-1942.00000", "2020-09-30": "3230.00000", "2020-06-30": "3212.00000", "2020-03-31": "3981.00000", "2019-12-31": "2761.00000", "2019-09-30": "2614.00000", "2019-06-30": "3458.00000", "2019-03-31": "3408.00000", "2018-12-31": "2852.00000", "2018-09-30": "2664.00000", "2018-06-30": "2266.00000", "2018-03-31": "1149.00000", "2017-12-31": "2036.00000", "2017-09-30": "146.00000", "2017-06-30": "2532.00000", "2017-03-31": "2083.00000", "2016-12-31": "-991.00000", "2016-09-30": "3070.00000", "2016-06-30": "1657.00000", "2016-03-31": "1763.00000", "2015-12-31": "1952.00000", "2015-09-30": "2340.00000", "2015-06-30": "1737.00000", "2015-03-31": "1518.00000", "2014-12-31": "1526.00000", "2014-09-30": "1700.00000", "2014-06-30": "1404.00000", "2014-03-31": "2053.00000", "2013-12-31": "1897.00000", "2013-09-30": "2465.00000", "2013-06-30": "1485.00000", "2013-03-31": "1818.00000", "2012-12-31": "1964.00000", "2012-09-30": "2370.00000", "2012-06-30": "2785.00000", "2012-03-31": "2758.00000", "2011-12-31": "1995.00000", "2011-09-30": "2376.00000", "2011-06-30": "2406.00000", "2011-03-31": "2199.00000", "2010-12-31": "-441.00000", "2010-09-30": "1420.00000", "2010-06-30": "1443.00000", "2010-03-31": "933.00000", "2009-12-31": "-234.39940", "2009-09-30": "1639.90000", "2009-06-30": "1421.20000", "2009-03-31": "1194.30000", "2008-12-31": "1313.29900", "2008-09-30": "1564.60000", "2008-06-30": "1555.80000", "2008-03-31": "1651.30000", "2007-12-31": "1596.50000", "2007-09-30": "1164.50000", "2007-06-30": "1444.90000", "2007-03-31": "1411.60000", "2006-12-31": "306.19920", "2006-09-30": "550.29980", "2006-06-30": "1420.00000", "2006-03-31": "1410.10000", "2005-12-31": "1036.09900", "2005-09-30": "1573.40000", "2005-06-30": "1610.60000", "2005-03-31": "1638.70000"}, "Total Non-Operating Income/Expense": {"2020-12-31": "-51.00000", "2020-09-30": "198.00000", "2020-06-30": "307.00000", "2020-03-31": "-143.00000", "2019-12-31": "30.00000", "2019-09-30": "-267.00000", "2019-06-30": "-199.00000", "2019-03-31": "-341.00000", "2018-12-31": "-247.00000", "2018-09-30": "1.00000", "2018-06-30": "-180.00000", "2018-03-31": "196.00000", "2017-12-31": "-157.00000", "2017-09-30": "54.00000", "2017-06-30": "-93.00000", "2017-03-31": "-80.00000", "2016-12-31": "-365.00000", "2016-09-30": "-183.00000", "2016-06-30": "-153.00000", "2016-03-31": "-139.00000", "2015-12-31": "-1136.00000", "2015-09-30": "57.00000", "2015-06-30": "-930.00000", "2015-03-31": "-137.00000", "2014-12-31": "10285.00000", "2014-09-30": "-210.00000", "2014-06-30": "487.00000", "2014-03-31": "38.00000", "2013-12-31": "-672.00000", "2013-09-30": "-940.00000", "2013-06-30": "-240.00000", "2013-03-31": "-268.00000", "2012-12-31": "-630.00000", "2012-09-30": "-152.00000", "2012-06-30": "-105.00000", "2012-03-31": "-251.00000", "2011-12-31": "-414.00000", "2011-09-30": "-24.00000", "2011-06-30": "-734.00000", "2011-03-31": "-470.00000", "2010-12-31": "-261.00000", "2010-09-30": "-922.00000", "2010-06-30": "-202.00000", "2010-03-31": "-317.00000", "2009-12-31": "6697.29900", "2009-09-30": "3436.90000", "2009-06-30": "546.10000", "2009-03-31": "588.70000", "2008-12-31": "643.30000", "2008-09-30": "-122.50000", "2008-06-30": "533.60000", "2008-03-31": "2791.60000", "2007-12-31": "-4655.60000", "2007-09-30": "900.10000", "2007-06-30": "787.30000", "2007-03-31": "842.80000", "2006-12-31": "605.69980", "2006-09-30": "680.50010", "2006-06-30": "688.30000", "2006-03-31": "560.30000", "2005-12-31": "483.79980", "2005-09-30": "425.00000", "2005-06-30": "314.30000", "2005-03-31": "282.00000"}, "Pre-Tax Income": {"2020-12-31": "-1993.00000", "2020-09-30": "3428.00000", "2020-06-30": "3519.00000", "2020-03-31": "3838.00000", "2019-12-31": "2791.00000", "2019-09-30": "2347.00000", "2019-06-30": "3259.00000", "2019-03-31": "3067.00000", "2018-12-31": "2605.00000", "2018-09-30": "2665.00000", "2018-06-30": "2086.00000", "2018-03-31": "1345.00000", "2017-12-31": "1879.00000", "2017-09-30": "200.00000", "2017-06-30": "2439.00000", "2017-03-31": "2003.00000", "2016-12-31": "-1356.00000", "2016-09-30": "2887.00000", "2016-06-30": "1504.00000", "2016-03-31": "1624.00000", "2015-12-31": "816.00000", "2015-09-30": "2397.00000", "2015-06-30": "807.00000", "2015-03-31": "1381.00000", "2014-12-31": "11811.00000", "2014-09-30": "1490.00000", "2014-06-30": "1891.00000", "2014-03-31": "2091.00000", "2013-12-31": "1225.00000", "2013-09-30": "1525.00000", "2013-06-30": "1245.00000", "2013-03-31": "1550.00000", "2012-12-31": "1334.00000", "2012-09-30": "2218.00000", "2012-06-30": "2680.00000", "2012-03-31": "2507.00000", "2011-12-31": "1581.00000", "2011-09-30": "2352.00000", "2011-06-30": "1672.00000", "2011-03-31": "1729.00000", "2010-12-31": "-702.00000", "2010-09-30": "498.00000", "2010-06-30": "1241.00000", "2010-03-31": "616.00000", "2009-12-31": "6462.90000", "2009-09-30": "5076.80000", "2009-06-30": "1967.30000", "2009-03-31": "1783.00000", "2008-12-31": "1956.60100", "2008-09-30": "1442.10000", "2008-06-30": "2089.40000", "2008-03-31": "4442.90000", "2007-12-31": "-3059.10000", "2007-09-30": "2064.60000", "2007-06-30": "2232.20000", "2007-03-31": "2254.40000", "2006-12-31": "911.89950", "2006-09-30": "1230.80000", "2006-06-30": "2108.30000", "2006-03-31": "1970.40000", "2005-12-31": "1519.90000", "2005-09-30": "1998.40000", "2005-06-30": "1924.90000", "2005-03-31": "1920.70000"}, "Income Taxes": {"2020-12-31": "99.00000", "2020-09-30": "483.00000", "2020-06-30": "509.00000", "2020-03-31": "619.00000", "2019-12-31": "427.00000", "2019-09-30": "440.00000", "2019-06-30": "615.00000", "2019-03-31": "205.00000", "2018-12-31": "827.00000", "2018-09-30": "707.00000", "2018-06-30": "370.00000", "2018-03-31": "604.00000", "2017-12-31": "2917.00000", "2017-09-30": "251.00000", "2017-06-30": "488.00000", "2017-03-31": "447.00000", "2016-12-31": "-770.00000", "2016-09-30": "699.00000", "2016-06-30": "295.00000", "2016-03-31": "494.00000", "2015-12-31": "-166.00000", "2015-09-30": "566.00000", "2015-06-30": "119.00000", "2015-03-31": "423.00000", "2014-12-31": "4483.00000", "2014-09-30": "648.00000", "2014-06-30": "-142.00000", "2014-03-31": "360.00000", "2013-12-31": "409.00000", "2013-09-30": "375.00000", "2013-06-30": "310.00000", "2013-03-31": "-66.00000", "2012-12-31": "385.00000", "2012-09-30": "455.00000", "2012-06-30": "860.00000", "2012-03-31": "740.00000", "2011-12-31": "38.00000", "2011-09-30": "628.00000", "2011-06-30": "-382.00000", "2011-03-31": "658.00000", "2010-12-31": "-202.00000", "2010-09-30": "126.00000", "2010-06-30": "461.00000", "2010-03-31": "286.00000", "2009-12-31": "-59.70000", "2009-09-30": "1621.50000", "2009-06-30": "379.00000", "2009-03-31": "327.20000", "2008-12-31": "282.20010", "2008-09-30": "318.20000", "2008-06-30": "290.20000", "2008-03-31": "1108.40000", "2007-12-31": "-1549.70000", "2007-09-30": "539.10000", "2007-06-30": "555.80000", "2007-03-31": "550.10000", "2006-12-31": "437.99990", "2006-09-30": "290.20000", "2006-06-30": "609.00000", "2006-03-31": "450.40000", "2005-12-31": "400.20010", "2005-09-30": "577.50000", "2005-06-30": "1204.30000", "2005-03-31": "550.60000"}, "Income After Taxes": {"2020-12-31": "-2092.00000", "2020-09-30": "2945.00000", "2020-06-30": "3010.00000", "2020-03-31": "3219.00000", "2019-12-31": "2364.00000", "2019-09-30": "1907.00000", "2019-06-30": "2644.00000", "2019-03-31": "2862.00000", "2018-12-31": "1778.00000", "2018-09-30": "1958.00000", "2018-06-30": "1716.00000", "2018-03-31": "741.00000", "2017-12-31": "-1038.00000", "2017-09-30": "-51.00000", "2017-06-30": "1951.00000", "2017-03-31": "1556.00000", "2016-12-31": "-586.00000", "2016-09-30": "2188.00000", "2016-06-30": "1209.00000", "2016-03-31": "1130.00000", "2015-12-31": "982.00000", "2015-09-30": "1831.00000", "2015-06-30": "688.00000", "2015-03-31": "958.00000", "2014-12-31": "7328.00000", "2014-09-30": "842.00000", "2014-06-30": "2033.00000", "2014-03-31": "1731.00000", "2013-12-31": "816.00000", "2013-09-30": "1150.00000", "2013-06-30": "935.00000", "2013-03-31": "1616.00000", "2012-12-31": "949.00000", "2012-09-30": "1763.00000", "2012-06-30": "1820.00000", "2012-03-31": "1767.00000", "2011-12-31": "1543.00000", "2011-09-30": "1724.00000", "2011-06-30": "2054.00000", "2011-03-31": "1071.00000", "2010-12-31": "-500.00000", "2010-09-30": "372.00000", "2010-06-30": "780.00000", "2010-03-31": "330.00000", "2009-12-31": "6522.60100", "2009-09-30": "3455.30000", "2009-06-30": "1588.30000", "2009-03-31": "1455.80000", "2008-12-31": "1674.40000", "2008-09-30": "1123.90000", "2008-06-30": "1799.20000", "2008-03-31": "3334.50000", "2007-12-31": "-1509.40000", "2007-09-30": "1525.50000", "2007-06-30": "1676.40000", "2007-03-31": "1704.30000", "2006-12-31": "473.89970", "2006-09-30": "940.60000", "2006-06-30": "1499.30000", "2006-03-31": "1520.00000", "2005-12-31": "1119.70000", "2005-09-30": "1420.90000", "2005-06-30": "720.60000", "2005-03-31": "1370.10000"}, "Other Income": {"2020-12-31": "", "2020-09-30": "", "2020-06-30": "", "2020-03-31": "", "2019-12-31": "", "2019-09-30": "", "2019-06-30": "", "2019-03-31": "", "2018-12-31": "", "2018-09-30": "", "2018-06-30": "", "2018-03-31": "", "2017-12-31": "", "2017-09-30": "", "2017-06-30": "", "2017-03-31": "", "2016-12-31": "", "2016-09-30": "", "2016-06-30": "", "2016-03-31": "", "2015-12-31": "", "2015-09-30": "", "2015-06-30": "", "2015-03-31": "", "2014-12-31": "", "2014-09-30": "", "2014-06-30": "", "2014-03-31": "", "2013-12-31": "", "2013-09-30": "", "2013-06-30": "", "2013-03-31": "", "2012-12-31": "", "2012-09-30": "", "2012-06-30": "", "2012-03-31": "", "2011-12-31": "", "2011-09-30": "", "2011-06-30": "", "2011-03-31": "", "2010-12-31": "", "2010-09-30": "", "2010-06-30": "", "2010-03-31": "", "2009-12-31": "", "2009-09-30": "", "2009-06-30": "", "2009-03-31": "", "2008-12-31": "", "2008-09-30": "", "2008-06-30": "", "2008-03-31": "", "2007-12-31": "", "2007-09-30": "", "2007-06-30": "", "2007-03-31": "", "2006-12-31": "", "2006-09-30": "", "2006-06-30": "", "2006-03-31": "", "2005-12-31": "", "2005-09-30": "", "2005-06-30": "", "2005-03-31": ""}, "Income From Continuous Operations": {"2020-12-31": "-2092.00000", "2020-09-30": "2945.00000", "2020-06-30": "3010.00000", "2020-03-31": "3219.00000", "2019-12-31": "2364.00000", "2019-09-30": "1907.00000", "2019-06-30": "2644.00000", "2019-03-31": "2862.00000", "2018-12-31": "1778.00000", "2018-09-30": "1958.00000", "2018-06-30": "1716.00000", "2018-03-31": "741.00000", "2017-12-31": "-1038.00000", "2017-09-30": "-51.00000", "2017-06-30": "1951.00000", "2017-03-31": "1556.00000", "2016-12-31": "-586.00000", "2016-09-30": "2188.00000", "2016-06-30": "1209.00000", "2016-03-31": "1130.00000", "2015-12-31": "982.00000", "2015-09-30": "1831.00000", "2015-06-30": "688.00000", "2015-03-31": "958.00000", "2014-12-31": "7328.00000", "2014-09-30": "842.00000", "2014-06-30": "2033.00000", "2014-03-31": "1731.00000", "2013-12-31": "816.00000", "2013-09-30": "1150.00000", "2013-06-30": "935.00000", "2013-03-31": "1616.00000", "2012-12-31": "949.00000", "2012-09-30": "1763.00000", "2012-06-30": "1820.00000", "2012-03-31": "1767.00000", "2011-12-31": "1543.00000", "2011-09-30": "1724.00000", "2011-06-30": "2054.00000", "2011-03-31": "1071.00000", "2010-12-31": "-500.00000", "2010-09-30": "372.00000", "2010-06-30": "780.00000", "2010-03-31": "330.00000", "2009-12-31": "6522.60100", "2009-09-30": "3455.30000", "2009-06-30": "1588.30000", "2009-03-31": "1455.80000", "2008-12-31": "1674.40000", "2008-09-30": "1123.90000", "2008-06-30": "1799.20000", "2008-03-31": "3334.50000", "2007-12-31": "-1509.40000", "2007-09-30": "1525.50000", "2007-06-30": "1676.40000", "2007-03-31": "1704.30000", "2006-12-31": "473.89970", "2006-09-30": "940.60000", "2006-06-30": "1499.30000", "2006-03-31": "1520.00000", "2005-12-31": "1119.70000", "2005-09-30": "1420.90000", "2005-06-30": "720.60000", "2005-03-31": "1370.10000"}, "Income From Discontinued Operations": {"2020-12-31": "", "2020-09-30": "", "2020-06-30": "", "2020-03-31": "", "2019-12-31": "", "2019-09-30": "", "2019-06-30": "", "2019-03-31": "", "2018-12-31": "", "2018-09-30": "", "2018-06-30": "", "2018-03-31": "", "2017-12-31": "", "2017-09-30": "", "2017-06-30": "", "2017-03-31": "", "2016-12-31": "", "2016-09-30": "", "2016-06-30": "", "2016-03-31": "", "2015-12-31": "", "2015-09-30": "", "2015-06-30": "", "2015-03-31": "", "2014-12-31": "", "2014-09-30": "", "2014-06-30": "", "2014-03-31": "", "2013-12-31": "", "2013-09-30": "", "2013-06-30": "", "2013-03-31": "", "2012-12-31": "", "2012-09-30": "", "2012-06-30": "", "2012-03-31": "", "2011-12-31": "", "2011-09-30": "", "2011-06-30": "", "2011-03-31": "", "2010-12-31": "", "2010-09-30": "", "2010-06-30": "", "2010-03-31": "", "2009-12-31": "", "2009-09-30": "", "2009-06-30": "", "2009-03-31": "", "2008-12-31": "", "2008-09-30": "", "2008-06-30": "", "2008-03-31": "", "2007-12-31": "", "2007-09-30": "", "2007-06-30": "", "2007-03-31": "", "2006-12-31": "", "2006-09-30": "", "2006-06-30": "", "2006-03-31": "", "2005-12-31": "", "2005-09-30": "", "2005-06-30": "", "2005-03-31": ""}, "Net Income": {"2020-12-31": "-2094.00000", "2020-09-30": "2941.00000", "2020-06-30": "3002.00000", "2020-03-31": "3219.00000", "2019-12-31": "2357.00000", "2019-09-30": "1901.00000", "2019-06-30": "2670.00000", "2019-03-31": "2915.00000", "2018-12-31": "1827.00000", "2018-09-30": "1950.00000", "2018-06-30": "1707.00000", "2018-03-31": "736.00000", "2017-12-31": "-1047.00000", "2017-09-30": "-56.00000", "2017-06-30": "1946.00000", "2017-03-31": "1551.00000", "2016-12-31": "-594.00000", "2016-09-30": "2184.00000", "2016-06-30": "1205.00000", "2016-03-31": "1125.00000", "2015-12-31": "976.00000", "2015-09-30": "1826.00000", "2015-06-30": "687.00000", "2015-03-31": "953.00000", "2014-12-31": "7316.00000", "2014-09-30": "895.00000", "2014-06-30": "2004.00000", "2014-03-31": "1705.00000", "2013-12-31": "781.00000", "2013-09-30": "1124.00000", "2013-06-30": "906.00000", "2013-03-31": "1593.00000", "2012-12-31": "908.00000", "2012-09-30": "1729.00000", "2012-06-30": "1792.00000", "2012-03-31": "1736.00000", "2011-12-31": "1505.00000", "2011-09-30": "1689.00000", "2011-06-30": "2020.00000", "2011-03-31": "1043.00000", "2010-12-31": "-534.00000", "2010-09-30": "342.00000", "2010-06-30": "752.00000", "2010-03-31": "299.00000", "2009-12-31": "6447.40000", "2009-09-30": "3424.30000", "2009-06-30": "1556.30000", "2009-03-31": "1425.00000", "2008-12-31": "1624.40000", "2008-09-30": "1092.70000", "2008-06-30": "1768.30000", "2008-03-31": "3302.60000", "2007-12-31": "-1639.40000", "2007-09-30": "1525.50000", "2007-06-30": "1676.40000", "2007-03-31": "1704.30000", "2006-12-31": "473.89970", "2006-09-30": "940.60000", "2006-06-30": "1499.30000", "2006-03-31": "1520.00000", "2005-12-31": "1119.70000", "2005-09-30": "1420.90000", "2005-06-30": "720.60000", "2005-03-31": "1370.10000"}, "EBITDA": {"2020-12-31": "", "2020-09-30": "4082.00000", "2020-06-30": "4260.00000", "2020-03-31": "4802.00000", "2019-12-31": "3697.00000", "2019-09-30": "3459.00000", "2019-06-30": "4431.00000", "2019-03-31": "4306.00000", "2018-12-31": "3850.00000", "2018-09-30": "3758.00000", "2018-06-30": "3556.00000", "2018-03-31": "2286.00000", "2017-12-31": "3203.00000", "2017-09-30": "1300.00000", "2017-06-30": "3694.00000", "2017-03-31": "3276.00000", "2016-12-31": "194.00000", "2016-09-30": "4245.00000", "2016-06-30": "3207.00000", "2016-03-31": "3324.00000", "2015-12-31": "3512.00000", "2015-09-30": "3910.00000", "2015-06-30": "3345.00000", "2015-03-31": "3155.00000", "2014-12-31": "3099.00000", "2014-09-30": "3311.00000", "2014-06-30": "3157.00000", "2014-03-31": "3807.00000", "2013-12-31": "3851.00000", "2013-09-30": "4170.00000", "2013-06-30": "3140.00000", "2013-03-31": "3492.00000", "2012-12-31": "3625.00000", "2012-09-30": "4093.00000", "2012-06-30": "4589.00000", "2012-03-31": "4548.00000", "2011-12-31": "3856.00000", "2011-09-30": "4279.00000", "2011-06-30": "4238.00000", "2011-03-31": "4030.00000", "2010-12-31": "1425.00000", "2010-09-30": "3300.00000", "2010-06-30": "3391.00000", "2010-03-31": "2620.00000", "2009-12-31": "1015.30100", "2009-09-30": "2033.60000", "2009-06-30": "1910.50000", "2009-03-31": "1637.60000", "2008-12-31": "1787.09900", "2008-09-30": "1955.80000", "2008-06-30": "1930.70000", "2008-03-31": "2042.40000", "2007-12-31": "2095.50000", "2007-09-30": "1653.20000", "2007-06-30": "1945.00000", "2007-03-31": "1912.00000", "2006-12-31": "849.19910", "2006-09-30": "1113.60000", "2006-06-30": "1958.70000", "2006-03-31": "2033.50000", "2005-12-31": "1541.99900", "2005-09-30": "1996.50000", "2005-06-30": "2009.90000", "2005-03-31": "2018.50000"}, "EBIT": {"2020-12-31": "-1942.00000", "2020-09-30": "3230.00000", "2020-06-30": "3212.00000", "2020-03-31": "3981.00000", "2019-12-31": "2761.00000", "2019-09-30": "2614.00000", "2019-06-30": "3458.00000", "2019-03-31": "3408.00000", "2018-12-31": "2852.00000", "2018-09-30": "2664.00000", "2018-06-30": "2266.00000", "2018-03-31": "1149.00000", "2017-12-31": "2036.00000", "2017-09-30": "146.00000", "2017-06-30": "2532.00000", "2017-03-31": "2083.00000", "2016-12-31": "-991.00000", "2016-09-30": "3070.00000", "2016-06-30": "1657.00000", "2016-03-31": "1763.00000", "2015-12-31": "1952.00000", "2015-09-30": "2340.00000", "2015-06-30": "1737.00000", "2015-03-31": "1518.00000", "2014-12-31": "1526.00000", "2014-09-30": "1700.00000", "2014-06-30": "1404.00000", "2014-03-31": "2053.00000", "2013-12-31": "1897.00000", "2013-09-30": "2465.00000", "2013-06-30": "1485.00000", "2013-03-31": "1818.00000", "2012-12-31": "1964.00000", "2012-09-30": "2370.00000", "2012-06-30": "2785.00000", "2012-03-31": "2758.00000", "2011-12-31": "1995.00000", "2011-09-30": "2376.00000", "2011-06-30": "2406.00000", "2011-03-31": "2199.00000", "2010-12-31": "-441.00000", "2010-09-30": "1420.00000", "2010-06-30": "1443.00000", "2010-03-31": "933.00000", "2009-12-31": "-234.40040", "2009-09-30": "1639.90000", "2009-06-30": "1421.20000", "2009-03-31": "1194.30000", "2008-12-31": "1313.30000", "2008-09-30": "1564.60000", "2008-06-30": "1555.80000", "2008-03-31": "1651.30000", "2007-12-31": "1596.50000", "2007-09-30": "1164.50000", "2007-06-30": "1444.90000", "2007-03-31": "1411.60000", "2006-12-31": "306.20000", "2006-09-30": "550.29980", "2006-06-30": "1420.00000", "2006-03-31": "1410.10000", "2005-12-31": "1036.10000", "2005-09-30": "1573.40000", "2005-06-30": "1610.60000", "2005-03-31": "1638.70000"}, "Basic Shares Outstanding": {"2020-12-31": "", "2020-09-30": "2529.00000", "2020-06-30": "2527.00000", "2020-03-31": "2533.00000", "2019-12-31": "2565.00000", "2019-09-30": "2558.00000", "2019-06-30": "2574.00000", "2019-03-31": "2585.00000", "2018-12-31": "2664.00000", "2018-09-30": "2662.00000", "2018-06-30": "2683.00000", "2018-03-31": "2695.00000", "2017-12-31": "2730.00000", "2017-09-30": "2727.00000", "2017-06-30": "2734.00000", "2017-03-31": "2745.00000", "2016-12-31": "2766.00000", "2016-09-30": "2765.00000", "2016-06-30": "2768.00000", "2016-03-31": "2774.00000", "2015-12-31": "2816.00000", "2015-09-30": "2814.00000", "2015-06-30": "2826.00000", "2015-03-31": "2835.00000", "2014-12-31": "2894.00000", "2014-09-30": "2879.00000", "2014-06-30": "2917.00000", "2014-03-31": "2934.00000", "2013-12-31": "2963.00000", "2013-09-30": "2927.00000", "2013-06-30": "2977.00000", "2013-03-31": "3022.00000", "2012-12-31": "3041.00000", "2012-09-30": "3045.00000", "2012-06-30": "3041.00000", "2012-03-31": "3043.00000", "2011-12-31": "3071.00000", "2011-09-30": "3070.00000", "2011-06-30": "3086.00000", "2011-03-31": "3084.00000", "2010-12-31": "3095.00000", "2010-09-30": "3078.00000", "2010-06-30": "3105.00000", "2010-03-31": "3114.00000", "2009-12-31": "2268.00000", "2009-09-30": "2109.10000", "2009-06-30": "2108.70000", "2009-03-31": "2107.90000", "2008-12-31": "2136.00000", "2008-09-30": "2128.50000", "2008-06-30": "2144.50000", "2008-03-31": "2160.30000", "2007-12-31": "2170.50000", "2007-09-30": "2170.50000", "2007-06-30": "2167.00000", "2007-03-31": "2166.10000", "2006-12-31": "2177.60000", "2006-09-30": "2175.20000", "2006-06-30": "2181.30000", "2006-03-31": "2184.30000", "2005-12-31": "2197.00000", "2005-09-30": "2194.00000", "2005-06-30": "2201.80000", "2005-03-31": "2207.20000"}, "Shares Outstanding": {"2020-12-31": "2540.00000", "2020-09-30": "2538.00000", "2020-06-30": "2536.00000", "2020-03-31": "2547.00000", "2019-12-31": "2580.00000", "2019-09-30": "2572.00000", "2019-06-30": "2588.00000", "2019-03-31": "2603.00000", "2018-12-31": "2679.00000", "2018-09-30": "2678.00000", "2018-06-30": "2696.00000", "2018-03-31": "2710.00000", "2017-12-31": "2748.00000", "2017-09-30": "2727.00000", "2017-06-30": "2752.00000", "2017-03-31": "2766.00000", "2016-12-31": "2787.00000", "2016-09-30": "2786.00000", "2016-06-30": "2789.00000", "2016-03-31": "2795.00000", "2015-12-31": "2841.00000", "2015-09-30": "2836.00000", "2015-06-30": "2850.00000", "2015-03-31": "2865.00000", "2014-12-31": "2928.00000", "2014-09-30": "2911.00000", "2014-06-30": "2949.00000", "2014-03-31": "2971.00000", "2013-12-31": "2996.00000", "2013-09-30": "2960.00000", "2013-06-30": "3010.00000", "2013-03-31": "3053.00000", "2012-12-31": "3076.00000", "2012-09-30": "3079.00000", "2012-06-30": "3072.00000", "2012-03-31": "3074.00000", "2011-12-31": "3094.00000", "2011-09-30": "3091.00000", "2011-06-30": "3110.00000", "2011-03-31": "3104.00000", "2010-12-31": "3120.00000", "2010-09-30": "3102.00000", "2010-06-30": "3125.00000", "2010-03-31": "3141.00000", "2009-12-31": "2273.00000", "2009-09-30": "2113.70000", "2009-06-30": "2110.00000", "2009-03-31": "2109.20000", "2008-12-31": "2143.00000", "2008-09-30": "2132.70000", "2008-06-30": "2151.90000", "2008-03-31": "2172.40000", "2007-12-31": "2189.80000", "2007-09-30": "2192.80000", "2007-06-30": "2189.20000", "2007-03-31": "2180.00000", "2006-12-31": "2187.70000", "2006-09-30": "2185.70000", "2006-06-30": "2187.70000", "2006-03-31": "2190.50000", "2005-12-31": "2200.40000", "2005-09-30": "2197.00000", "2005-06-30": "2206.10000", "2005-03-31": "2210.40000"}, "Basic EPS": {"2020-12-31": "", "2020-09-30": "1.16000", "2020-06-30": "1.19000", "2020-03-31": "1.27000", "2019-12-31": "0.93000", "2019-09-30": "0.74000", "2019-06-30": "1.04000", "2019-03-31": "1.13000", "2018-12-31": "0.70000", "2018-09-30": "0.73000", "2018-06-30": "0.64000", "2018-03-31": "0.27000", "2017-12-31": "-0.37000", "2017-09-30": "-0.02000", "2017-06-30": "0.71000", "2017-03-31": "0.56000", "2016-12-31": "-0.22000", "2016-09-30": "0.79000", "2016-06-30": "0.44000", "2016-03-31": "0.41000", "2015-12-31": "0.35000", "2015-09-30": "0.65000", "2015-06-30": "0.24000", "2015-03-31": "0.34000", "2014-12-31": "2.54000", "2014-09-30": "0.31000", "2014-06-30": "0.69000", "2014-03-31": "0.58000", "2013-12-31": "0.28000", "2013-09-30": "0.38000", "2013-06-30": "0.30000", "2013-03-31": "0.53000", "2012-12-31": "0.30000", "2012-09-30": "0.57000", "2012-06-30": "0.59000", "2012-03-31": "0.57000", "2011-12-31": "0.50000", "2011-09-30": "0.55000", "2011-06-30": "0.65000", "2011-03-31": "0.34000", "2010-12-31": "-0.17000", "2010-09-30": "0.11000", "2010-06-30": "0.24000", "2010-03-31": "0.10000", "2009-12-31": "2.64000", "2009-09-30": "1.62000", "2009-06-30": "0.74000", "2009-03-31": "0.67000", "2008-12-31": "0.80000", "2008-09-30": "0.51000", "2008-06-30": "0.82000", "2008-03-31": "1.52000", "2007-12-31": "-0.75000", "2007-09-30": "0.70000", "2007-06-30": "0.77000", "2007-03-31": "0.79000", "2006-12-31": "0.22000", "2006-09-30": "0.43000", "2006-06-30": "0.69000", "2006-03-31": "0.70000", "2005-12-31": "0.51000", "2005-09-30": "0.65000", "2005-06-30": "0.33000", "2005-03-31": "0.62000"}, "EPS - Earnings Per Share": {"2020-12-31": "-0.83000", "2020-09-30": "1.16000", "2020-06-30": "1.18000", "2020-03-31": "1.26000", "2019-12-31": "0.92000", "2019-09-30": "0.74000", "2019-06-30": "1.03000", "2019-03-31": "1.12000", "2018-12-31": "0.69000", "2018-09-30": "0.73000", "2018-06-30": "0.63000", "2018-03-31": "0.27000", "2017-12-31": "-0.38000", "2017-09-30": "-0.02000", "2017-06-30": "0.71000", "2017-03-31": "0.56000", "2016-12-31": "-0.20000", "2016-09-30": "0.78000", "2016-06-30": "0.43000", "2016-03-31": "0.40000", "2015-12-31": "0.35000", "2015-09-30": "0.64000", "2015-06-30": "0.24000", "2015-03-31": "0.33000", "2014-12-31": "2.51000", "2014-09-30": "0.31000", "2014-06-30": "0.68000", "2014-03-31": "0.57000", "2013-12-31": "0.27000", "2013-09-30": "0.38000", "2013-06-30": "0.30000", "2013-03-31": "0.52000", "2012-12-31": "0.30000", "2012-09-30": "0.56000", "2012-06-30": "0.58000", "2012-03-31": "0.56000", "2011-12-31": "0.48000", "2011-09-30": "0.55000", "2011-06-30": "0.65000", "2011-03-31": "0.34000", "2010-12-31": "-0.16000", "2010-09-30": "0.11000", "2010-06-30": "0.24000", "2010-03-31": "0.09000", "2009-12-31": "2.63000", "2009-09-30": "1.61000", "2009-06-30": "0.74000", "2009-03-31": "0.67000", "2008-12-31": "0.78000", "2008-09-30": "0.51000", "2008-06-30": "0.82000", "2008-03-31": "1.52000", "2007-12-31": "-0.76000", "2007-09-30": "0.70000", "2007-06-30": "0.77000", "2007-03-31": "0.78000", "2006-12-31": "0.22000", "2006-09-30": "0.43000", "2006-06-30": "0.69000", "2006-03-31": "0.69000", "2005-12-31": "0.50000", "2005-09-30": "0.65000", "2005-06-30": "0.33000", "2005-03-31": "0.62000"}}, "balance sheet": {"Cash On Hand": {"2020-12-31": "", "2019-12-31": "10450.00000", "2018-12-31": "8864.00000", "2017-12-31": "8498.00000", "2016-12-31": "14341.00000", "2015-12-31": "13427.00000", "2014-12-31": "15719.00000", "2013-12-31": "17486.00000", "2012-12-31": "16141.00000", "2011-12-31": "14972.00000", "2010-12-31": "12201.00000", "2009-12-31": "9604.00000", "2008-12-31": "5486.40000", "2007-12-31": "8230.80000", "2006-12-31": "8713.00000", "2005-12-31": "15637.60000"}, "Receivables": {"2020-12-31": "", "2019-12-31": "6778.00000", "2018-12-31": "7071.00000", "2017-12-31": "6873.00000", "2016-12-31": "7018.00000", "2015-12-31": "6484.00000", "2014-12-31": "6626.00000", "2013-12-31": "7184.00000", "2012-12-31": "7672.00000", "2011-12-31": "8261.00000", "2010-12-31": "7344.00000", "2009-12-31": "6603.00000", "2008-12-31": "2907.70000", "2007-12-31": "3636.20000", "2006-12-31": "3314.80000", "2005-12-31": "2927.30000"}, "Inventory": {"2020-12-31": "", "2019-12-31": "5978.00000", "2018-12-31": "5440.00000", "2017-12-31": "5096.00000", "2016-12-31": "4866.00000", "2015-12-31": "4700.00000", "2014-12-31": "5571.00000", "2013-12-31": "6226.00000", "2012-12-31": "6535.00000", "2011-12-31": "6254.00000", "2010-12-31": "5868.00000", "2009-12-31": "8048.00000", "2008-12-31": "2091.00000", "2007-12-31": "1881.00000", "2006-12-31": "1769.40000", "2005-12-31": "1658.10000"}, "Pre-Paid Expenses": {"2020-12-31": "", "2019-12-31": "", "2018-12-31": "", "2017-12-31": "", "2016-12-31": "", "2015-12-31": "", "2014-12-31": "", "2013-12-31": "", "2012-12-31": "", "2011-12-31": "", "2010-12-31": "", "2009-12-31": "", "2008-12-31": "", "2007-12-31": "1297.40000", "2006-12-31": "1433.00000", "2005-12-31": "826.30000"}, "Other Current Assets": {"2020-12-31": "", "2019-12-31": "4277.00000", "2018-12-31": "4500.00000", "2017-12-31": "4299.00000", "2016-12-31": "", "2015-12-31": "", "2014-12-31": "", "2013-12-31": "", "2012-12-31": "", "2011-12-31": "", "2010-12-31": "", "2009-12-31": "", "2008-12-31": "", "2007-12-31": "", "2006-12-31": "", "2005-12-31": ""}, "Total Current Assets": {"2020-12-31": "", "2019-12-31": "27483.00000", "2018-12-31": "25875.00000", "2017-12-31": "24766.00000", "2016-12-31": "30614.00000", "2015-12-31": "29751.00000", "2014-12-31": "32605.00000", "2013-12-31": "35685.00000", "2012-12-31": "34857.00000", "2011-12-31": "33181.00000", "2010-12-31": "29064.00000", "2009-12-31": "28432.00000", "2008-12-31": "19112.60000", "2007-12-31": "15045.40000", "2006-12-31": "15230.20000", "2005-12-31": "21049.30000"}, "Property, Plant, And Equipment": {"2020-12-31": "", "2019-12-31": "15053.00000", "2018-12-31": "13291.00000", "2017-12-31": "12439.00000", "2016-12-31": "12026.00000", "2015-12-31": "12507.00000", "2014-12-31": "13136.00000", "2013-12-31": "14973.00000", "2012-12-31": "16030.00000", "2011-12-31": "16297.00000", "2010-12-31": "17082.00000", "2009-12-31": "18279.00000", "2008-12-31": "11999.60000", "2007-12-31": "12346.00000", "2006-12-31": "13194.10000", "2005-12-31": "14398.20000"}, "Long-Term Investments": {"2020-12-31": "", "2019-12-31": "1469.00000", "2018-12-31": "6233.00000", "2017-12-31": "12125.00000", "2016-12-31": "11416.00000", "2015-12-31": "13039.00000", "2014-12-31": "13515.00000", "2013-12-31": "9770.00000", "2012-12-31": "7305.00000", "2011-12-31": "3458.00000", "2010-12-31": "2175.00000", "2009-12-31": "432.00000", "2008-12-31": "6491.30000", "2007-12-31": "7159.20000", "2006-12-31": "7788.20000", "2005-12-31": "1107.90000"}, "Goodwill And Intangible Assets": {"2020-12-31": "", "2019-12-31": "33621.00000", "2018-12-31": "31357.00000", "2017-12-31": "32467.00000", "2016-12-31": "35467.00000", "2015-12-31": "40325.00000", "2014-12-31": "33378.00000", "2013-12-31": "36102.00000", "2012-12-31": "41217.00000", "2011-12-31": "46457.00000", "2010-12-31": "51834.00000", "2009-12-31": "59795.00000", "2008-12-31": "1964.10000", "2007-12-31": "2168.00000", "2006-12-31": "2375.50000", "2005-12-31": "1604.40000"}, "Other Long-Term Assets": {"2020-12-31": "", "2019-12-31": "6771.00000", "2018-12-31": "5881.00000", "2017-12-31": "6075.00000", "2016-12-31": "5854.00000", "2015-12-31": "6055.00000", "2014-12-31": "5533.00000", "2013-12-31": "9115.00000", "2012-12-31": "6723.00000", "2011-12-31": "5735.00000", "2010-12-31": "5626.00000", "2009-12-31": "5376.00000", "2008-12-31": "7628.10000", "2007-12-31": "11632.10000", "2006-12-31": "5981.80000", "2005-12-31": "6686.00000"}, "Total Long-Term Assets": {"2020-12-31": "", "2019-12-31": "56914.00000", "2018-12-31": "56762.00000", "2017-12-31": "63106.00000", "2016-12-31": "64763.00000", "2015-12-31": "71926.00000", "2014-12-31": "65562.00000", "2013-12-31": "69960.00000", "2012-12-31": "71275.00000", "2011-12-31": "71947.00000", "2010-12-31": "76717.00000", "2009-12-31": "83882.00000", "2008-12-31": "28083.10000", "2007-12-31": "33305.30000", "2006-12-31": "29339.60000", "2005-12-31": "23796.50000"}, "Total Assets": {"2020-12-31": "0.00000", "2019-12-31": "84397.00000", "2018-12-31": "82637.00000", "2017-12-31": "87872.00000", "2016-12-31": "95377.00000", "2015-12-31": "101677.00000", "2014-12-31": "98167.00000", "2013-12-31": "105645.00000", "2012-12-31": "106132.00000", "2011-12-31": "105128.00000", "2010-12-31": "105781.00000", "2009-12-31": "112314.00000", "2008-12-31": "47195.70000", "2007-12-31": "48350.70000", "2006-12-31": "44569.80000", "2005-12-31": "44845.80000"}, "Total Current Liabilities": {"2020-12-31": "", "2019-12-31": "22220.00000", "2018-12-31": "22206.00000", "2017-12-31": "18614.00000", "2016-12-31": "17204.00000", "2015-12-31": "19201.00000", "2014-12-31": "18397.00000", "2013-12-31": "17868.00000", "2012-12-31": "18348.00000", "2011-12-31": "16245.00000", "2010-12-31": "15641.00000", "2009-12-31": "15641.00000", "2008-12-31": "14318.70000", "2007-12-31": "12258.20000", "2006-12-31": "12722.70000", "2005-12-31": "13242.40000"}, "Long Term Debt": {"2020-12-31": "", "2019-12-31": "22736.00000", "2018-12-31": "19806.00000", "2017-12-31": "21353.00000", "2016-12-31": "24274.00000", "2015-12-31": "23829.00000", "2014-12-31": "18699.00000", "2013-12-31": "20539.00000", "2012-12-31": "16254.00000", "2011-12-31": "15525.00000", "2010-12-31": "15482.00000", "2009-12-31": "16095.00000", "2008-12-31": "3943.30000", "2007-12-31": "3915.80000", "2006-12-31": "5551.00000", "2005-12-31": "5125.60000"}, "Other Non-Current Liabilities": {"2020-12-31": "", "2019-12-31": "11970.00000", "2018-12-31": "12041.00000", "2017-12-31": "11117.00000", "2016-12-31": "8514.00000", "2015-12-31": "7345.00000", "2014-12-31": "7813.00000", "2013-12-31": "8136.00000", "2012-12-31": "10327.00000", "2011-12-31": "", "2010-12-31": "", "2009-12-31": "", "2008-12-31": "", "2007-12-31": "", "2006-12-31": "", "2005-12-31": ""}, "Total Long Term Liabilities": {"2020-12-31": "", "2019-12-31": "36176.00000", "2018-12-31": "33549.00000", "2017-12-31": "34689.00000", "2016-12-31": "37865.00000", "2015-12-31": "37709.00000", "2014-12-31": "30979.00000", "2013-12-31": "35451.00000", "2012-12-31": "32321.00000", "2011-12-31": "31940.00000", "2010-12-31": "33335.00000", "2009-12-31": "35188.00000", "2008-12-31": "11709.90000", "2007-12-31": "17907.80000", "2006-12-31": "14287.40000", "2005-12-31": "13625.70000"}, "Total Liabilities": {"2020-12-31": "", "2019-12-31": "58396.00000", "2018-12-31": "55755.00000", "2017-12-31": "53303.00000", "2016-12-31": "55069.00000", "2015-12-31": "56910.00000", "2014-12-31": "49376.00000", "2013-12-31": "53319.00000", "2012-12-31": "50669.00000", "2011-12-31": "48185.00000", "2010-12-31": "48976.00000", "2009-12-31": "50829.00000", "2008-12-31": "26028.60000", "2007-12-31": "30166.00000", "2006-12-31": "27010.10000", "2005-12-31": "26868.10000"}, "Common Stock Net": {"2020-12-31": "", "2019-12-31": "1788.00000", "2018-12-31": "1788.00000", "2017-12-31": "1788.00000", "2016-12-31": "1788.00000", "2015-12-31": "1788.00000", "2014-12-31": "1788.00000", "2013-12-31": "1788.00000", "2012-12-31": "1788.00000", "2011-12-31": "1788.00000", "2010-12-31": "1788.00000", "2009-12-31": "1781.00000", "2008-12-31": "29.80000", "2007-12-31": "29.80000", "2006-12-31": "29.80000", "2005-12-31": "29.80000"}, "Retained Earnings (Accumulated Deficit)": {"2020-12-31": "", "2019-12-31": "46602.00000", "2018-12-31": "42579.00000", "2017-12-31": "41350.00000", "2016-12-31": "44133.00000", "2015-12-31": "45348.00000", "2014-12-31": "46021.00000", "2013-12-31": "39257.00000", "2012-12-31": "39985.00000", "2011-12-31": "38990.00000", "2010-12-31": "37536.00000", "2009-12-31": "41405.00000", "2008-12-31": "43698.80000", "2007-12-31": "39140.80000", "2006-12-31": "39095.10000", "2005-12-31": "37980.00000"}, "Comprehensive Income": {"2020-12-31": "", "2019-12-31": "-6193.00000", "2018-12-31": "-5545.00000", "2017-12-31": "-4910.00000", "2016-12-31": "-5226.00000", "2015-12-31": "-4148.00000", "2014-12-31": "-4323.00000", "2013-12-31": "-2197.00000", "2012-12-31": "-4682.00000", "2011-12-31": "-3132.00000", "2010-12-31": "-3216.00000", "2009-12-31": "-2767.00000", "2008-12-31": "-2553.90000", "2007-12-31": "-826.10000", "2006-12-31": "-1164.30000", "2005-12-31": "52.30000"}, "Other Share Holders Equity": {"2020-12-31": "", "2019-12-31": "", "2018-12-31": "", "2017-12-31": "", "2016-12-31": "", "2015-12-31": "", "2014-12-31": "", "2013-12-31": "", "2012-12-31": "", "2011-12-31": "", "2010-12-31": "", "2009-12-31": "", "2008-12-31": "", "2007-12-31": "", "2006-12-31": "", "2005-12-31": ""}, "Share Holder Equity": {"2020-12-31": "", "2019-12-31": "26001.00000", "2018-12-31": "26882.00000", "2017-12-31": "34569.00000", "2016-12-31": "40308.00000", "2015-12-31": "44767.00000", "2014-12-31": "48791.00000", "2013-12-31": "52326.00000", "2012-12-31": "55463.00000", "2011-12-31": "56943.00000", "2010-12-31": "56805.00000", "2009-12-31": "61485.00000", "2008-12-31": "21167.10000", "2007-12-31": "18184.70000", "2006-12-31": "17559.70000", "2005-12-31": "17977.70000"}, "Total Liabilities And Share Holders Equity": {"2020-12-31": "", "2019-12-31": "84397.00000", "2018-12-31": "82637.00000", "2017-12-31": "87872.00000", "2016-12-31": "95377.00000", "2015-12-31": "101677.00000", "2014-12-31": "98167.00000", "2013-12-31": "105645.00000", "2012-12-31": "106132.00000", "2011-12-31": "105128.00000", "2010-12-31": "105781.00000", "2009-12-31": "112314.00000", "2008-12-31": "47195.70000", "2007-12-31": "48350.70000", "2006-12-31": "44569.80000", "2005-12-31": "44845.80000"}}, "balance sheet, quarterly": {"Cash On Hand": {"2020-12-31": "", "2020-09-30": "7356.00000", "2020-06-30": "11103.00000", "2020-03-31": "7432.00000", "2019-12-31": "10450.00000", "2019-09-30": "8018.00000", "2019-06-30": "7105.00000", "2019-03-31": "8798.00000", "2018-12-31": "8864.00000", "2018-09-30": "10285.00000", "2018-06-30": "7594.00000", "2018-03-31": "7346.00000", "2017-12-31": "8498.00000", "2017-09-30": "11195.00000", "2017-06-30": "11967.00000", "2017-03-31": "15249.00000", "2016-12-31": "14341.00000", "2016-09-30": "13067.00000", "2016-06-30": "11834.00000", "2016-03-31": "12943.00000", "2015-12-31": "13427.00000", "2015-09-30": "12089.00000", "2015-06-30": "11370.00000", "2015-03-31": "15601.00000", "2014-12-31": "15719.00000", "2014-09-30": "14347.00000", "2014-06-30": "13395.00000", "2014-03-31": "20513.00000", "2013-12-31": "17486.00000", "2013-09-30": "18169.00000", "2013-06-30": "18098.00000", "2013-03-31": "16022.00000", "2012-12-31": "16141.00000", "2012-09-30": "18117.00000", "2012-06-30": "17450.00000", "2012-03-31": "15566.00000", "2011-12-31": "14972.00000", "2011-09-30": "15576.00000", "2011-06-30": "13981.00000", "2011-03-31": "13029.00000", "2010-12-31": "12201.00000", "2010-09-30": "10624.80000", "2010-06-30": "9942.60000", "2010-03-31": "9777.30000", "2009-12-31": "9604.00000", "2009-09-30": "22256.30000", "2009-06-30": "16932.30000", "2009-03-31": "12581.60000", "2008-12-31": "5486.40000", "2008-09-30": "6841.30000", "2008-06-30": "9987.50000", "2008-03-31": "9163.70000", "2007-12-31": "8230.80000", "2007-09-30": "7391.50000", "2007-06-30": "5504.00000", "2007-03-31": "4056.20000", "2006-12-31": "8713.00000", "2006-09-30": "9087.00000", "2006-06-30": "10464.40000", "2006-03-31": "12401.50000", "2005-12-31": "15637.60000", "2005-09-30": "14028.00000", "2005-06-30": "13030.70000", "2005-03-31": "9438.40000"}, "Receivables": {"2020-12-31": "", "2020-09-30": "8422.00000", "2020-06-30": "7577.00000", "2020-03-31": "8182.00000", "2019-12-31": "6778.00000", "2019-09-30": "8442.00000", "2019-06-30": "7964.00000", "2019-03-31": "7608.00000", "2018-12-31": "7071.00000", "2018-09-30": "7374.00000", "2018-06-30": "7287.00000", "2018-03-31": "7245.00000", "2017-12-31": "6873.00000", "2017-09-30": "7671.00000", "2017-06-30": "7439.00000", "2017-03-31": "7066.00000", "2016-12-31": "7018.00000", "2016-09-30": "7364.00000", "2016-06-30": "6916.00000", "2016-03-31": "6850.00000", "2015-12-31": "6484.00000", "2015-09-30": "6414.00000", "2015-06-30": "6510.00000", "2015-03-31": "6670.00000", "2014-12-31": "6626.00000", "2014-09-30": "6515.00000", "2014-06-30": "7022.00000", "2014-03-31": "7188.00000", "2013-12-31": "7184.00000", "2013-09-30": "7578.00000", "2013-06-30": "7779.00000", "2013-03-31": "7965.00000", "2012-12-31": "7672.00000", "2012-09-30": "7952.00000", "2012-06-30": "8152.00000", "2012-03-31": "8726.00000", "2011-12-31": "8261.00000", "2011-09-30": "8136.00000", "2011-06-30": "8475.00000", "2011-03-31": "7955.00000", "2010-12-31": "7344.00000", "2010-09-30": "7297.50000", "2010-06-30": "6276.10000", "2010-03-31": "7497.70000", "2009-12-31": "6603.00000", "2009-09-30": "3803.90000", "2009-06-30": "3663.40000", "2009-03-31": "3569.70000", "2008-12-31": "2907.70000", "2008-09-30": "3642.60000", "2008-06-30": "3647.00000", "2008-03-31": "3760.80000", "2007-12-31": "3636.20000", "2007-09-30": "3501.60000", "2007-06-30": "3607.50000", "2007-03-31": "4016.20000", "2006-12-31": "3314.80000", "2006-09-30": "3081.40000", "2006-06-30": "3084.70000", "2006-03-31": "3040.70000", "2005-12-31": "2927.30000", "2005-09-30": "3647.30000", "2005-06-30": "3506.70000", "2005-03-31": "3798.10000"}, "Inventory": {"2020-12-31": "", "2020-09-30": "6128.00000", "2020-06-30": "6056.00000", "2020-03-31": "5846.00000", "2019-12-31": "5978.00000", "2019-09-30": "5855.00000", "2019-06-30": "5847.00000", "2019-03-31": "5712.00000", "2018-12-31": "5440.00000", "2018-09-30": "5416.00000", "2018-06-30": "5178.00000", "2018-03-31": "5382.00000", "2017-12-31": "5096.00000", "2017-09-30": "5263.00000", "2017-06-30": "5407.00000", "2017-03-31": "5146.00000", "2016-12-31": "4866.00000", "2016-09-30": "5244.00000", "2016-06-30": "5248.00000", "2016-03-31": "5102.00000", "2015-12-31": "4700.00000", "2015-09-30": "5123.00000", "2015-06-30": "5306.00000", "2015-03-31": "5539.00000", "2014-12-31": "5571.00000", "2014-09-30": "5819.00000", "2014-06-30": "6136.00000", "2014-03-31": "6376.00000", "2013-12-31": "6226.00000", "2013-09-30": "6741.00000", "2013-06-30": "6766.00000", "2013-03-31": "6773.00000", "2012-12-31": "6535.00000", "2012-09-30": "6731.00000", "2012-06-30": "6249.00000", "2012-03-31": "6339.00000", "2011-12-31": "6254.00000", "2011-09-30": "6239.00000", "2011-06-30": "6225.00000", "2011-03-31": "6057.00000", "2010-12-31": "5868.00000", "2010-09-30": "6263.60000", "2010-06-30": "6244.20000", "2010-03-31": "6825.40000", "2009-12-31": "8048.00000", "2009-09-30": "2096.30000", "2009-06-30": "2155.30000", "2009-03-31": "2127.80000", "2008-12-31": "2091.00000", "2008-09-30": "2228.20000", "2008-06-30": "2190.60000", "2008-03-31": "2076.50000", "2007-12-31": "1881.00000", "2007-09-30": "1849.50000", "2007-06-30": "1759.50000", "2007-03-31": "1726.80000", "2006-12-31": "1769.40000", "2006-09-30": "1870.70000", "2006-06-30": "1640.50000", "2006-03-31": "1664.30000", "2005-12-31": "1658.10000", "2005-09-30": "1749.40000", "2005-06-30": "1811.20000", "2005-03-31": "1756.60000"}, "Pre-Paid Expenses": {"2020-12-31": "", "2020-09-30": "", "2020-06-30": "", "2020-03-31": "", "2019-12-31": "", "2019-09-30": "", "2019-06-30": "", "2019-03-31": "", "2018-12-31": "", "2018-09-30": "", "2018-06-30": "", "2018-03-31": "", "2017-12-31": "", "2017-09-30": "", "2017-06-30": "", "2017-03-31": "", "2016-12-31": "", "2016-09-30": "", "2016-06-30": "", "2016-03-31": "", "2015-12-31": "", "2015-09-30": "", "2015-06-30": "", "2015-03-31": "", "2014-12-31": "", "2014-09-30": "", "2014-06-30": "", "2014-03-31": "", "2013-12-31": "", "2013-09-30": "", "2013-06-30": "", "2013-03-31": "", "2012-12-31": "", "2012-09-30": "", "2012-06-30": "", "2012-03-31": "", "2011-12-31": "", "2011-09-30": "", "2011-06-30": "", "2011-03-31": "", "2010-12-31": "", "2010-09-30": "", "2010-06-30": "", "2010-03-31": "", "2009-12-31": "", "2009-09-30": "", "2009-06-30": "", "2009-03-31": "", "2008-12-31": "", "2008-09-30": "6706.40000", "2008-06-30": "1767.80000", "2008-03-31": "2046.00000", "2007-12-31": "1297.40000", "2007-09-30": "1421.10000", "2007-06-30": "1564.70000", "2007-03-31": "1942.50000", "2006-12-31": "1433.00000", "2006-09-30": "1185.10000", "2006-06-30": "700.50000", "2006-03-31": "905.40000", "2005-12-31": "826.30000", "2005-09-30": "640.60000", "2005-06-30": "780.70000", "2005-03-31": "766.90000"}, "Other Current Assets": {"2020-12-31": "", "2020-09-30": "4671.00000", "2020-06-30": "4607.00000", "2020-03-31": "4714.00000", "2019-12-31": "4277.00000", "2019-09-30": "3827.00000", "2019-06-30": "3382.00000", "2019-03-31": "3233.00000", "2018-12-31": "4500.00000", "2018-09-30": "3761.00000", "2018-06-30": "4005.00000", "2018-03-31": "", "2017-12-31": "4299.00000", "2017-09-30": "", "2017-06-30": "", "2017-03-31": "", "2016-12-31": "", "2016-09-30": "", "2016-06-30": "", "2016-03-31": "", "2015-12-31": "", "2015-09-30": "", "2015-06-30": "", "2015-03-31": "", "2014-12-31": "", "2014-09-30": "3302.00000", "2014-06-30": "3375.00000", "2014-03-31": "3224.00000", "2013-12-31": "", "2013-09-30": "", "2013-06-30": "", "2013-03-31": "", "2012-12-31": "", "2012-09-30": "", "2012-06-30": "", "2012-03-31": "", "2011-12-31": "", "2011-09-30": "", "2011-06-30": "", "2011-03-31": "", "2010-12-31": "", "2010-09-30": "", "2010-06-30": "", "2010-03-31": "", "2009-12-31": "", "2009-09-30": "", "2009-06-30": "", "2009-03-31": "", "2008-12-31": "", "2008-09-30": "", "2008-06-30": "", "2008-03-31": "", "2007-12-31": "", "2007-09-30": "", "2007-06-30": "", "2007-03-31": "", "2006-12-31": "", "2006-09-30": "", "2006-06-30": "", "2006-03-31": "", "2005-12-31": "", "2005-09-30": "", "2005-06-30": "", "2005-03-31": ""}, "Total Current Assets": {"2020-12-31": "", "2020-09-30": "26577.00000", "2020-06-30": "29343.00000", "2020-03-31": "26174.00000", "2019-12-31": "27483.00000", "2019-09-30": "26142.00000", "2019-06-30": "24298.00000", "2019-03-31": "25351.00000", "2018-12-31": "25875.00000", "2018-09-30": "26836.00000", "2018-06-30": "24064.00000", "2018-03-31": "24085.00000", "2017-12-31": "24766.00000", "2017-09-30": "27919.00000", "2017-06-30": "28167.00000", "2017-03-31": "31530.00000", "2016-12-31": "30614.00000", "2016-09-30": "29440.00000", "2016-06-30": "27926.00000", "2016-03-31": "28772.00000", "2015-12-31": "29751.00000", "2015-09-30": "28567.00000", "2015-06-30": "28319.00000", "2015-03-31": "32927.00000", "2014-12-31": "32605.00000", "2014-09-30": "34723.00000", "2014-06-30": "33587.00000", "2014-03-31": "41240.00000", "2013-12-31": "35685.00000", "2013-09-30": "37765.00000", "2013-06-30": "36995.00000", "2013-03-31": "35244.00000", "2012-12-31": "34857.00000", "2012-09-30": "36229.00000", "2012-06-30": "35639.00000", "2012-03-31": "34344.00000", "2011-12-31": "33181.00000", "2011-09-30": "34109.00000", "2011-06-30": "32368.00000", "2011-03-31": "31024.00000", "2010-12-31": "29064.00000", "2010-09-30": "27756.00000", "2010-06-30": "26253.60000", "2010-03-31": "28244.90000", "2009-12-31": "28432.00000", "2009-09-30": "29668.80000", "2009-06-30": "29233.90000", "2009-03-31": "26184.60000", "2008-12-31": "19112.60000", "2008-09-30": "19418.50000", "2008-06-30": "17592.90000", "2008-03-31": "17047.00000", "2007-12-31": "15045.40000", "2007-09-30": "14163.70000", "2007-06-30": "12435.70000", "2007-03-31": "11741.70000", "2006-12-31": "15230.20000", "2006-09-30": "15224.20000", "2006-06-30": "15890.10000", "2006-03-31": "18011.90000", "2005-12-31": "21049.30000", "2005-09-30": "20065.30000", "2005-06-30": "19129.30000", "2005-03-31": "15760.00000"}, "Property, Plant, And Equipment": {"2020-12-31": "", "2020-09-30": "16919.00000", "2020-06-30": "15789.00000", "2020-03-31": "15269.00000", "2019-12-31": "15053.00000", "2019-09-30": "14287.00000", "2019-06-30": "13862.00000", "2019-03-31": "13506.00000", "2018-12-31": "13291.00000", "2018-09-30": "12755.00000", "2018-06-30": "12626.00000", "2018-03-31": "12561.00000", "2017-12-31": "12439.00000", "2017-09-30": "12189.00000", "2017-06-30": "12094.00000", "2017-03-31": "12042.00000", "2016-12-31": "12026.00000", "2016-09-30": "12029.00000", "2016-06-30": "11987.00000", "2016-03-31": "12360.00000", "2015-12-31": "12507.00000", "2015-09-30": "12482.00000", "2015-06-30": "12630.00000", "2015-03-31": "12910.00000", "2014-12-31": "13136.00000", "2014-09-30": "13438.00000", "2014-06-30": "13893.00000", "2014-03-31": "14296.00000", "2013-12-31": "14973.00000", "2013-09-30": "15323.00000", "2013-06-30": "15683.00000", "2013-03-31": "15802.00000", "2012-12-31": "16030.00000", "2012-09-30": "15884.00000", "2012-06-30": "15867.00000", "2012-03-31": "16124.00000", "2011-12-31": "16297.00000", "2011-09-30": "16383.00000", "2011-06-30": "16671.00000", "2011-03-31": "16833.00000", "2010-12-31": "17082.00000", "2010-09-30": "17115.80000", "2010-06-30": "17334.20000", "2010-03-31": "17985.00000", "2009-12-31": "18279.00000", "2009-09-30": "11613.80000", "2009-06-30": "11711.30000", "2009-03-31": "11826.10000", "2008-12-31": "11999.60000", "2008-09-30": "12103.20000", "2008-06-30": "12240.40000", "2008-03-31": "12290.90000", "2007-12-31": "12346.00000", "2007-09-30": "12490.70000", "2007-06-30": "12767.40000", "2007-03-31": "12939.80000", "2006-12-31": "13194.10000", "2006-09-30": "13412.80000", "2006-06-30": "13728.10000", "2006-03-31": "13979.90000", "2005-12-31": "14398.20000", "2005-09-30": "14606.20000", "2005-06-30": "14670.30000", "2005-03-31": "14705.60000"}, "Long-Term Investments": {"2020-12-31": "", "2020-09-30": "1372.00000", "2020-06-30": "1251.00000", "2020-03-31": "555.00000", "2019-12-31": "1469.00000", "2019-09-30": "2111.00000", "2019-06-30": "3779.00000", "2019-03-31": "5621.00000", "2018-12-31": "6233.00000", "2018-09-30": "7606.00000", "2018-06-30": "10033.00000", "2018-03-31": "11033.00000", "2017-12-31": "12125.00000", "2017-09-30": "12206.00000", "2017-06-30": "12138.00000", "2017-03-31": "11896.00000", "2016-12-31": "11416.00000", "2016-09-30": "11657.00000", "2016-06-30": "11879.00000", "2016-03-31": "12554.00000", "2015-12-31": "13039.00000", "2015-09-30": "13080.00000", "2015-06-30": "13333.00000", "2015-03-31": "13092.00000", "2014-12-31": "13515.00000", "2014-09-30": "13492.00000", "2014-06-30": "12618.00000", "2014-03-31": "11456.00000", "2013-12-31": "9770.00000", "2013-09-30": "9198.00000", "2013-06-30": "8555.00000", "2013-03-31": "7948.00000", "2012-12-31": "7305.00000", "2012-09-30": "5560.00000", "2012-06-30": "4085.00000", "2012-03-31": "3972.00000", "2011-12-31": "3458.00000", "2011-09-30": "2423.00000", "2011-06-30": "2175.00000", "2011-03-31": "2084.00000", "2010-12-31": "2175.00000", "2010-09-30": "2137.50000", "2010-06-30": "2045.60000", "2010-03-31": "1995.00000", "2009-12-31": "432.00000", "2009-09-30": "464.60000", "2009-06-30": "110.10000", "2009-03-31": "78.70000", "2008-12-31": "6491.30000", "2008-09-30": "6211.60000", "2008-06-30": "6784.90000", "2008-03-31": "6909.10000", "2007-12-31": "7159.20000", "2007-09-30": "7501.10000", "2007-06-30": "7643.00000", "2007-03-31": "7839.10000", "2006-12-31": "7788.20000", "2006-09-30": "6443.70000", "2006-06-30": "5265.50000", "2006-03-31": "3102.40000", "2005-12-31": "1107.90000", "2005-09-30": "1236.80000", "2005-06-30": "1358.40000", "2005-03-31": "4811.60000"}, "Goodwill And Intangible Assets": {"2020-12-31": "", "2020-09-30": "36925.00000", "2020-06-30": "36633.00000", "2020-03-31": "35863.00000", "2019-12-31": "33621.00000", "2019-09-30": "31787.00000", "2019-06-30": "32871.00000", "2019-03-31": "29169.00000", "2018-12-31": "31357.00000", "2018-09-30": "30433.00000", "2018-06-30": "31172.00000", "2018-03-31": "31804.00000", "2017-12-31": "32467.00000", "2017-09-30": "33478.00000", "2017-06-30": "34477.00000", "2017-03-31": "35221.00000", "2016-12-31": "35467.00000", "2016-09-30": "38766.00000", "2016-06-30": "38124.00000", "2016-03-31": "39148.00000", "2015-12-31": "40325.00000", "2015-09-30": "41485.00000", "2015-06-30": "42457.00000", "2015-03-31": "43820.00000", "2014-12-31": "33378.00000", "2014-09-30": "33566.00000", "2014-06-30": "30619.00000", "2014-03-31": "32637.00000", "2013-12-31": "36102.00000", "2013-09-30": "37123.00000", "2013-06-30": "38531.00000", "2013-03-31": "40315.00000", "2012-12-31": "41217.00000", "2012-09-30": "42493.00000", "2012-06-30": "43778.00000", "2012-03-31": "45156.00000", "2011-12-31": "46457.00000", "2011-09-30": "48050.00000", "2011-06-30": "49447.00000", "2011-03-31": "50113.00000", "2010-12-31": "51834.00000", "2010-09-30": "55435.20000", "2010-06-30": "55506.90000", "2010-03-31": "57841.10000", "2009-12-31": "59795.00000", "2009-09-30": "1994.90000", "2009-06-30": "2020.10000", "2009-03-31": "2053.20000", "2008-12-31": "1964.10000", "2008-09-30": "1996.90000", "2008-06-30": "2030.60000", "2008-03-31": "2108.60000", "2007-12-31": "2168.00000", "2007-09-30": "2202.90000", "2007-06-30": "2260.10000", "2007-03-31": "2318.70000", "2006-12-31": "2375.50000", "2006-09-30": "1717.50000", "2006-06-30": "1764.00000", "2006-03-31": "1568.80000", "2005-12-31": "1604.40000", "2005-09-30": "1639.60000", "2005-06-30": "1675.00000", "2005-03-31": "1717.90000"}, "Other Long-Term Assets": {"2020-12-31": "", "2020-09-30": "8007.00000", "2020-06-30": "7599.00000", "2020-03-31": "7052.00000", "2019-12-31": "6771.00000", "2019-09-30": "9004.00000", "2019-06-30": "9155.00000", "2019-03-31": "8707.00000", "2018-12-31": "5881.00000", "2018-09-30": "7500.00000", "2018-06-30": "7145.00000", "2018-03-31": "6558.00000", "2017-12-31": "6075.00000", "2017-09-30": "5884.00000", "2017-06-30": "5928.00000", "2017-03-31": "5872.00000", "2016-12-31": "5854.00000", "2016-09-30": "6443.00000", "2016-06-30": "6559.00000", "2016-03-31": "5921.00000", "2015-12-31": "6055.00000", "2015-09-30": "5618.00000", "2015-06-30": "5843.00000", "2015-03-31": "5596.00000", "2014-12-31": "5533.00000", "2014-09-30": "6589.00000", "2014-06-30": "7143.00000", "2014-03-31": "8831.00000", "2013-12-31": "9115.00000", "2013-09-30": "7010.00000", "2013-06-30": "7112.00000", "2013-03-31": "6891.00000", "2012-12-31": "6723.00000", "2012-09-30": "6135.00000", "2012-06-30": "6156.00000", "2012-03-31": "5913.00000", "2011-12-31": "5735.00000", "2011-09-30": "5569.00000", "2011-06-30": "5534.00000", "2011-03-31": "5811.00000", "2010-12-31": "5626.00000", "2010-09-30": "5395.60000", "2010-06-30": "5030.20000", "2010-03-31": "5527.80000", "2009-12-31": "5376.00000", "2009-09-30": "4997.30000", "2009-06-30": "6331.70000", "2009-03-31": "6400.50000", "2008-12-31": "7628.10000", "2008-09-30": "8815.50000", "2008-06-30": "8808.70000", "2008-03-31": "8685.50000", "2007-12-31": "11632.10000", "2007-09-30": "9342.30000", "2007-06-30": "9076.60000", "2007-03-31": "8153.20000", "2006-12-31": "5981.80000", "2006-09-30": "6920.90000", "2006-06-30": "6831.00000", "2006-03-31": "6755.00000", "2005-12-31": "6686.00000", "2005-09-30": "6283.10000", "2005-06-30": "6173.30000", "2005-03-31": "6122.00000"}, "Total Long-Term Assets": {"2020-12-31": "", "2020-09-30": "63223.00000", "2020-06-30": "61272.00000", "2020-03-31": "58739.00000", "2019-12-31": "56914.00000", "2019-09-30": "57189.00000", "2019-06-30": "59667.00000", "2019-03-31": "57003.00000", "2018-12-31": "56762.00000", "2018-09-30": "58294.00000", "2018-06-30": "60976.00000", "2018-03-31": "61956.00000", "2017-12-31": "63106.00000", "2017-09-30": "63757.00000", "2017-06-30": "64637.00000", "2017-03-31": "65031.00000", "2016-12-31": "64763.00000", "2016-09-30": "68895.00000", "2016-06-30": "68549.00000", "2016-03-31": "69983.00000", "2015-12-31": "71926.00000", "2015-09-30": "72665.00000", "2015-06-30": "74263.00000", "2015-03-31": "75418.00000", "2014-12-31": "65562.00000", "2014-09-30": "67085.00000", "2014-06-30": "64273.00000", "2014-03-31": "67220.00000", "2013-12-31": "69960.00000", "2013-09-30": "68654.00000", "2013-06-30": "69881.00000", "2013-03-31": "70956.00000", "2012-12-31": "71275.00000", "2012-09-30": "70072.00000", "2012-06-30": "69886.00000", "2012-03-31": "71165.00000", "2011-12-31": "71947.00000", "2011-09-30": "72425.00000", "2011-06-30": "73827.00000", "2011-03-31": "74841.00000", "2010-12-31": "76717.00000", "2010-09-30": "80084.10000", "2010-06-30": "79916.90000", "2010-03-31": "83348.89000", "2009-12-31": "83882.00000", "2009-09-30": "19070.60000", "2009-06-30": "20173.20000", "2009-03-31": "20358.50000", "2008-12-31": "28083.10000", "2008-09-30": "29127.20000", "2008-06-30": "29864.60000", "2008-03-31": "29994.10000", "2007-12-31": "33305.30000", "2007-09-30": "31537.00000", "2007-06-30": "31747.10000", "2007-03-31": "31250.80000", "2006-12-31": "29339.60000", "2006-09-30": "28494.90000", "2006-06-30": "27588.60000", "2006-03-31": "25406.10000", "2005-12-31": "23796.50000", "2005-09-30": "23765.70000", "2005-06-30": "23877.00000", "2005-03-31": "27357.10000"}, "Total Assets": {"2020-12-31": "0.00000", "2020-09-30": "89800.00000", "2020-06-30": "90615.00000", "2020-03-31": "84913.00000", "2019-12-31": "84397.00000", "2019-09-30": "83331.00000", "2019-06-30": "83965.00000", "2019-03-31": "82354.00000", "2018-12-31": "82637.00000", "2018-09-30": "85130.00000", "2018-06-30": "85040.00000", "2018-03-31": "86041.00000", "2017-12-31": "87872.00000", "2017-09-30": "91676.00000", "2017-06-30": "92804.00000", "2017-03-31": "96561.00000", "2016-12-31": "95377.00000", "2016-09-30": "98335.00000", "2016-06-30": "96475.00000", "2016-03-31": "98755.00000", "2015-12-31": "101677.00000", "2015-09-30": "101232.00000", "2015-06-30": "102582.00000", "2015-03-31": "108345.00000", "2014-12-31": "98167.00000", "2014-09-30": "101808.00000", "2014-06-30": "97860.00000", "2014-03-31": "108460.00000", "2013-12-31": "105645.00000", "2013-09-30": "106419.00000", "2013-06-30": "106876.00000", "2013-03-31": "106200.00000", "2012-12-31": "106132.00000", "2012-09-30": "106301.00000", "2012-06-30": "105525.00000", "2012-03-31": "105509.00000", "2011-12-31": "105128.00000", "2011-09-30": "106534.00000", "2011-06-30": "106195.00000", "2011-03-31": "105865.00000", "2010-12-31": "105781.00000", "2010-09-30": "107840.10000", "2010-06-30": "106170.50000", "2010-03-31": "111593.80000", "2009-12-31": "112314.00000", "2009-09-30": "48739.40000", "2009-06-30": "49407.10000", "2009-03-31": "46543.10000", "2008-12-31": "47195.70000", "2008-09-30": "48545.70000", "2008-06-30": "47457.50000", "2008-03-31": "47041.10000", "2007-12-31": "48350.70000", "2007-09-30": "45700.70000", "2007-06-30": "44182.80000", "2007-03-31": "42992.50000", "2006-12-31": "44569.80000", "2006-09-30": "43719.10000", "2006-06-30": "43478.70000", "2006-03-31": "43418.00000", "2005-12-31": "44845.80000", "2005-09-30": "43831.00000", "2005-06-30": "43006.30000", "2005-03-31": "43117.10000"}, "Total Current Liabilities": {"2020-12-31": "", "2020-09-30": "20405.00000", "2020-06-30": "22178.00000", "2020-03-31": "23483.00000", "2019-12-31": "22220.00000", "2019-09-30": "20684.00000", "2019-06-30": "20085.00000", "2019-03-31": "18543.00000", "2018-12-31": "22206.00000", "2018-09-30": "18586.00000", "2018-06-30": "18128.00000", "2018-03-31": "16960.00000", "2017-12-31": "18614.00000", "2017-09-30": "19467.00000", "2017-06-30": "18758.00000", "2017-03-31": "19823.00000", "2016-12-31": "17204.00000", "2016-09-30": "15555.00000", "2016-06-30": "14918.00000", "2016-03-31": "17568.00000", "2015-12-31": "19201.00000", "2015-09-30": "17583.00000", "2015-06-30": "17508.00000", "2015-03-31": "20442.00000", "2014-12-31": "18397.00000", "2014-09-30": "25927.00000", "2014-06-30": "17928.00000", "2014-03-31": "22470.00000", "2013-12-31": "17868.00000", "2013-09-30": "18215.00000", "2013-06-30": "18402.00000", "2013-03-31": "18802.00000", "2012-12-31": "18348.00000", "2012-09-30": "15583.00000", "2012-06-30": "16912.00000", "2012-03-31": "16582.00000", "2011-12-31": "16245.00000", "2011-09-30": "16593.00000", "2011-06-30": "15763.00000", "2011-03-31": "15662.00000", "2010-12-31": "15641.00000", "2010-09-30": "17323.30000", "2010-06-30": "15420.60000", "2010-03-31": "16455.30000", "2009-12-31": "15641.00000", "2009-09-30": "8025.70000", "2009-06-30": "11507.10000", "2009-03-31": "13415.90000", "2008-12-31": "14318.70000", "2008-09-30": "14428.30000", "2008-06-30": "9718.60000", "2008-03-31": "9797.00000", "2007-12-31": "12258.20000", "2007-09-30": "10506.00000", "2007-06-30": "10281.00000", "2007-03-31": "7861.30000", "2006-12-31": "12722.70000", "2006-09-30": "11147.70000", "2006-06-30": "10502.30000", "2006-03-31": "11299.00000", "2005-12-31": "13242.40000", "2005-09-30": "12162.60000", "2005-06-30": "11193.40000", "2005-03-31": "10902.70000"}, "Long Term Debt": {"2020-12-31": "", "2020-09-30": "26321.00000", "2020-06-30": "26156.00000", "2020-03-31": "21637.00000", "2019-12-31": "22736.00000", "2019-09-30": "22677.00000", "2019-06-30": "22771.00000", "2019-03-31": "22721.00000", "2018-12-31": "19806.00000", "2018-09-30": "19936.00000", "2018-06-30": "19959.00000", "2018-03-31": "21501.00000", "2017-12-31": "21353.00000", "2017-09-30": "21838.00000", "2017-06-30": "21706.00000", "2017-03-31": "23437.00000", "2016-12-31": "24274.00000", "2016-09-30": "23656.00000", "2016-06-30": "23642.00000", "2016-03-31": "23656.00000", "2015-12-31": "23829.00000", "2015-09-30": "24124.00000", "2015-06-30": "24069.00000", "2015-03-31": "25506.00000", "2014-12-31": "18699.00000", "2014-09-30": "18566.00000", "2014-06-30": "18590.00000", "2014-03-31": "19589.00000", "2013-12-31": "20539.00000", "2013-09-30": "22647.00000", "2013-06-30": "22526.00000", "2013-03-31": "16089.00000", "2012-12-31": "16254.00000", "2012-09-30": "17571.00000", "2012-06-30": "15057.00000", "2012-03-31": "15228.00000", "2011-12-31": "15525.00000", "2011-09-30": "15692.00000", "2011-06-30": "15783.00000", "2011-03-31": "15644.00000", "2010-12-31": "15482.00000", "2010-09-30": "14031.90000", "2010-06-30": "13835.30000", "2010-03-31": "15281.10000", "2009-12-31": "16095.00000", "2009-09-30": "8204.70000", "2009-06-30": "8181.10000", "2009-03-31": "3939.10000", "2008-12-31": "3943.30000", "2008-09-30": "3938.80000", "2008-06-30": "3932.40000", "2008-03-31": "3965.00000", "2007-12-31": "3915.80000", "2007-09-30": "3873.60000", "2007-06-30": "4133.60000", "2007-03-31": "5545.30000", "2006-12-31": "5551.00000", "2006-09-30": "4789.50000", "2006-06-30": "4758.70000", "2006-03-31": "4762.60000", "2005-12-31": "5125.60000", "2005-09-30": "5124.70000", "2005-06-30": "5672.40000", "2005-03-31": "5655.60000"}, "Other Non-Current Liabilities": {"2020-12-31": "", "2020-09-30": "12027.00000", "2020-06-30": "12446.00000", "2020-03-31": "11550.00000", "2019-12-31": "11970.00000", "2019-09-30": "11085.00000", "2019-06-30": "11283.00000", "2019-03-31": "11585.00000", "2018-12-31": "12041.00000", "2018-09-30": "11887.00000", "2018-06-30": "12028.00000", "2018-03-31": "11473.00000", "2017-12-31": "11117.00000", "2017-09-30": "7713.00000", "2017-06-30": "8068.00000", "2017-03-31": "8324.00000", "2016-12-31": "8514.00000", "2016-09-30": "8793.00000", "2016-06-30": "8378.00000", "2016-03-31": "7374.00000", "2015-12-31": "7345.00000", "2015-09-30": "7887.00000", "2015-06-30": "7913.00000", "2015-03-31": "7677.00000", "2014-12-31": "7813.00000", "2014-09-30": "6968.00000", "2014-06-30": "8175.00000", "2014-03-31": "7956.00000", "2013-12-31": "8136.00000", "2013-09-30": "", "2013-06-30": "", "2013-03-31": "", "2012-12-31": "10327.00000", "2012-09-30": "", "2012-06-30": "", "2012-03-31": "", "2011-12-31": "", "2011-09-30": "", "2011-06-30": "", "2011-03-31": "", "2010-12-31": "", "2010-09-30": "", "2010-06-30": "", "2010-03-31": "", "2009-12-31": "", "2009-09-30": "", "2009-06-30": "", "2009-03-31": "", "2008-12-31": "", "2008-09-30": "", "2008-06-30": "", "2008-03-31": "", "2007-12-31": "", "2007-09-30": "", "2007-06-30": "", "2007-03-31": "", "2006-12-31": "", "2006-09-30": "", "2006-06-30": "", "2006-03-31": "", "2005-12-31": "", "2005-09-30": "", "2005-06-30": "", "2005-03-31": ""}, "Total Long Term Liabilities": {"2020-12-31": "", "2020-09-30": "40125.00000", "2020-06-30": "40693.00000", "2020-03-31": "35130.00000", "2019-12-31": "36176.00000", "2019-09-30": "35722.00000", "2019-06-30": "36143.00000", "2019-03-31": "36141.00000", "2018-12-31": "33549.00000", "2018-09-30": "33888.00000", "2018-06-30": "34146.00000", "2018-03-31": "35180.00000", "2017-12-31": "34689.00000", "2017-09-30": "33710.00000", "2017-06-30": "34334.00000", "2017-03-31": "36650.00000", "2016-12-31": "37865.00000", "2016-09-30": "38823.00000", "2016-06-30": "38111.00000", "2016-03-31": "37286.00000", "2015-12-31": "37709.00000", "2015-09-30": "37970.00000", "2015-06-30": "38436.00000", "2015-03-31": "39986.00000", "2014-12-31": "30979.00000", "2014-09-30": "30521.00000", "2014-06-30": "31416.00000", "2014-03-31": "33426.00000", "2013-12-31": "35451.00000", "2013-09-30": "38198.00000", "2013-06-30": "38369.00000", "2013-03-31": "31792.00000", "2012-12-31": "32321.00000", "2012-09-30": "32506.00000", "2012-06-30": "30940.00000", "2012-03-31": "31613.00000", "2011-12-31": "31940.00000", "2011-09-30": "32345.00000", "2011-06-30": "32510.00000", "2011-03-31": "33364.00000", "2010-12-31": "33335.00000", "2010-09-30": "32468.50000", "2010-06-30": "33084.20000", "2010-03-31": "34795.30000", "2009-12-31": "35188.00000", "2009-09-30": "15364.40000", "2009-06-30": "15163.20000", "2009-03-31": "11125.70000", "2008-12-31": "11709.90000", "2008-09-30": "14546.40000", "2008-06-30": "17482.90000", "2008-03-31": "17722.60000", "2007-12-31": "17907.80000", "2007-09-30": "14472.80000", "2007-06-30": "14429.50000", "2007-03-31": "16651.90000", "2006-12-31": "14287.40000", "2006-09-30": "13286.10000", "2006-06-30": "13677.60000", "2006-03-31": "13272.80000", "2005-12-31": "13625.70000", "2005-09-30": "13890.00000", "2005-06-30": "14427.80000", "2005-03-31": "14565.40000"}, "Total Liabilities": {"2020-12-31": "", "2020-09-30": "60530.00000", "2020-06-30": "62871.00000", "2020-03-31": "58613.00000", "2019-12-31": "58396.00000", "2019-09-30": "56406.00000", "2019-06-30": "56228.00000", "2019-03-31": "54684.00000", "2018-12-31": "55755.00000", "2018-09-30": "52474.00000", "2018-06-30": "52274.00000", "2018-03-31": "52140.00000", "2017-12-31": "53303.00000", "2017-09-30": "53177.00000", "2017-06-30": "53092.00000", "2017-03-31": "56473.00000", "2016-12-31": "55069.00000", "2016-09-30": "54378.00000", "2016-06-30": "53029.00000", "2016-03-31": "54854.00000", "2015-12-31": "56910.00000", "2015-09-30": "55553.00000", "2015-06-30": "55944.00000", "2015-03-31": "60428.00000", "2014-12-31": "49376.00000", "2014-09-30": "56448.00000", "2014-06-30": "49344.00000", "2014-03-31": "55896.00000", "2013-12-31": "53319.00000", "2013-09-30": "56413.00000", "2013-06-30": "56771.00000", "2013-03-31": "50594.00000", "2012-12-31": "50669.00000", "2012-09-30": "48089.00000", "2012-06-30": "47852.00000", "2012-03-31": "48195.00000", "2011-12-31": "48185.00000", "2011-09-30": "48938.00000", "2011-06-30": "48273.00000", "2011-03-31": "49026.00000", "2010-12-31": "48976.00000", "2010-09-30": "49791.80000", "2010-06-30": "48504.80000", "2010-03-31": "51250.60000", "2009-12-31": "50829.00000", "2009-09-30": "23390.10000", "2009-06-30": "26670.30000", "2009-03-31": "24541.60000", "2008-12-31": "26028.60000", "2008-09-30": "28974.70000", "2008-06-30": "27201.50000", "2008-03-31": "27519.60000", "2007-12-31": "30166.00000", "2007-09-30": "24978.80000", "2007-06-30": "24710.50000", "2007-03-31": "24513.20000", "2006-12-31": "27010.10000", "2006-09-30": "24433.80000", "2006-06-30": "24179.90000", "2006-03-31": "24571.80000", "2005-12-31": "26868.10000", "2005-09-30": "26052.60000", "2005-06-30": "25621.20000", "2005-03-31": "25468.10000"}, "Common Stock Net": {"2020-12-31": "", "2020-09-30": "1788.00000", "2020-06-30": "1788.00000", "2020-03-31": "1788.00000", "2019-12-31": "1788.00000", "2019-09-30": "1788.00000", "2019-06-30": "1788.00000", "2019-03-31": "1788.00000", "2018-12-31": "1788.00000", "2018-09-30": "1788.00000", "2018-06-30": "1788.00000", "2018-03-31": "1788.00000", "2017-12-31": "1788.00000", "2017-09-30": "1788.00000", "2017-06-30": "1788.00000", "2017-03-31": "1788.00000", "2016-12-31": "1788.00000", "2016-09-30": "1788.00000", "2016-06-30": "1788.00000", "2016-03-31": "1788.00000", "2015-12-31": "1788.00000", "2015-09-30": "1788.00000", "2015-06-30": "1788.00000", "2015-03-31": "1788.00000", "2014-12-31": "1788.00000", "2014-09-30": "1788.00000", "2014-06-30": "1788.00000", "2014-03-31": "1788.00000", "2013-12-31": "1788.00000", "2013-09-30": "1788.00000", "2013-06-30": "1788.00000", "2013-03-31": "1788.00000", "2012-12-31": "1788.00000", "2012-09-30": "1788.00000", "2012-06-30": "1788.00000", "2012-03-31": "1788.00000", "2011-12-31": "1788.00000", "2011-09-30": "1788.00000", "2011-06-30": "1788.00000", "2011-03-31": "1788.00000", "2010-12-31": "1788.00000", "2010-09-30": "1788.50000", "2010-06-30": "1786.50000", "2010-03-31": "1786.00000", "2009-12-31": "1781.00000", "2009-09-30": "29.80000", "2009-06-30": "29.80000", "2009-03-31": "29.80000", "2008-12-31": "29.80000", "2008-09-30": "29.80000", "2008-06-30": "29.80000", "2008-03-31": "29.80000", "2007-12-31": "29.80000", "2007-09-30": "29.80000", "2007-06-30": "29.80000", "2007-03-31": "29.80000", "2006-12-31": "29.80000", "2006-09-30": "29.80000", "2006-06-30": "29.80000", "2006-03-31": "29.80000", "2005-12-31": "29.80000", "2005-09-30": "29.80000", "2005-06-30": "29.80000", "2005-03-31": "29.80000"}, "Retained Earnings (Accumulated Deficit)": {"2020-12-31": "", "2020-09-30": "51107.00000", "2020-06-30": "49724.00000", "2020-03-31": "48272.00000", "2019-12-31": "46602.00000", "2019-09-30": "45804.00000", "2019-06-30": "45295.00000", "2019-03-31": "44065.00000", "2018-12-31": "42579.00000", "2018-09-30": "42189.00000", "2018-06-30": "41523.00000", "2018-03-31": "41107.00000", "2017-12-31": "41350.00000", "2017-09-30": "43701.00000", "2017-06-30": "45046.00000", "2017-03-31": "44387.00000", "2016-12-31": "44133.00000", "2016-09-30": "46028.00000", "2016-06-30": "45121.00000", "2016-03-31": "45192.00000", "2015-12-31": "45348.00000", "2015-09-30": "45660.00000", "2015-06-30": "45103.00000", "2015-03-31": "45692.00000", "2014-12-31": "46021.00000", "2014-09-30": "39989.00000", "2014-06-30": "40366.00000", "2014-03-31": "39661.00000", "2013-12-31": "39257.00000", "2013-09-30": "39773.00000", "2013-06-30": "39915.00000", "2013-03-31": "40272.00000", "2012-12-31": "39985.00000", "2012-09-30": "40390.00000", "2012-06-30": "39950.00000", "2012-03-31": "39441.00000", "2011-12-31": "38990.00000", "2011-09-30": "38763.00000", "2011-06-30": "38243.00000", "2011-03-31": "37400.00000", "2010-12-31": "37536.00000", "2010-09-30": "39245.40000", "2010-06-30": "40081.80000", "2010-03-31": "40511.40000", "2009-12-31": "41405.00000", "2009-09-30": "47693.10000", "2009-06-30": "45072.80000", "2009-03-31": "44320.40000", "2008-12-31": "43698.80000", "2008-09-30": "42857.30000", "2008-06-30": "42573.20000", "2008-03-31": "41622.00000", "2007-12-31": "39140.80000", "2007-09-30": "41601.80000", "2007-06-30": "40905.10000", "2007-03-31": "40054.80000", "2006-12-31": "39095.10000", "2006-09-30": "39447.60000", "2006-06-30": "39335.40000", "2006-03-31": "38666.80000", "2005-12-31": "37980.00000", "2005-09-30": "37629.20000", "2005-06-30": "37041.60000", "2005-03-31": "37157.30000"}, "Comprehensive Income": {"2020-12-31": "", "2020-09-30": "-6383.00000", "2020-06-30": "-6393.00000", "2020-03-31": "-6391.00000", "2019-12-31": "-6193.00000", "2019-09-30": "-5390.00000", "2019-06-30": "-5362.00000", "2019-03-31": "-5346.00000", "2018-12-31": "-5545.00000", "2018-09-30": "-5151.00000", "2018-06-30": "-5122.00000", "2018-03-31": "-5060.00000", "2017-12-31": "-4910.00000", "2017-09-30": "-4945.00000", "2017-06-30": "-5094.00000", "2017-03-31": "-5080.00000", "2016-12-31": "-5226.00000", "2016-09-30": "-4252.00000", "2016-06-30": "-4086.00000", "2016-03-31": "-4194.00000", "2015-12-31": "-4148.00000", "2015-09-30": "-4573.00000", "2015-06-30": "-4332.00000", "2015-03-31": "-4167.00000", "2014-12-31": "-4323.00000", "2014-09-30": "-2998.00000", "2014-06-30": "-2444.00000", "2014-03-31": "-2179.00000", "2013-12-31": "-2197.00000", "2013-09-30": "-4698.00000", "2013-06-30": "-4760.00000", "2013-03-31": "-4629.00000", "2012-12-31": "-4682.00000", "2012-09-30": "-3040.00000", "2012-06-30": "-3126.00000", "2012-03-31": "-3217.00000", "2011-12-31": "-3132.00000", "2011-09-30": "-2713.00000", "2011-06-30": "-2776.00000", "2011-03-31": "-3170.00000", "2010-12-31": "-3216.00000", "2010-09-30": "-3490.00000", "2010-06-30": "-4658.70000", "2010-03-31": "-3571.60000", "2009-12-31": "-2767.00000", "2009-09-30": "-2674.80000", "2009-06-30": "-2549.80000", "2009-03-31": "-2472.80000", "2008-12-31": "-2553.90000", "2008-09-30": "-1033.60000", "2008-06-30": "-935.60000", "2008-03-31": "-764.40000", "2007-12-31": "-826.10000", "2007-09-30": "-1053.60000", "2007-06-30": "-1112.60000", "2007-03-31": "-1092.60000", "2006-12-31": "-1164.30000", "2006-09-30": "50.10000", "2006-06-30": "19.30000", "2006-03-31": "47.70000", "2005-12-31": "52.30000", "2005-09-30": "50.40000", "2005-06-30": "5.30000", "2005-03-31": "-72.90000"}, "Other Share Holders Equity": {"2020-12-31": "", "2020-09-30": "", "2020-06-30": "", "2020-03-31": "", "2019-12-31": "", "2019-09-30": "", "2019-06-30": "", "2019-03-31": "", "2018-12-31": "", "2018-09-30": "", "2018-06-30": "", "2018-03-31": "", "2017-12-31": "", "2017-09-30": "", "2017-06-30": "", "2017-03-31": "", "2016-12-31": "", "2016-09-30": "", "2016-06-30": "", "2016-03-31": "", "2015-12-31": "", "2015-09-30": "", "2015-06-30": "", "2015-03-31": "", "2014-12-31": "", "2014-09-30": "", "2014-06-30": "", "2014-03-31": "", "2013-12-31": "", "2013-09-30": "", "2013-06-30": "", "2013-03-31": "", "2012-12-31": "", "2012-09-30": "", "2012-06-30": "", "2012-03-31": "", "2011-12-31": "", "2011-09-30": "", "2011-06-30": "", "2011-03-31": "", "2010-12-31": "", "2010-09-30": "", "2010-06-30": "", "2010-03-31": "", "2009-12-31": "", "2009-09-30": "", "2009-06-30": "", "2009-03-31": "", "2008-12-31": "", "2008-09-30": "", "2008-06-30": "", "2008-03-31": "", "2007-12-31": "", "2007-09-30": "", "2007-06-30": "", "2007-03-31": "", "2006-12-31": "", "2006-09-30": "", "2006-06-30": "", "2006-03-31": "", "2005-12-31": "", "2005-09-30": "", "2005-06-30": "", "2005-03-31": ""}, "Share Holder Equity": {"2020-12-31": "", "2020-09-30": "29270.00000", "2020-06-30": "27744.00000", "2020-03-31": "26300.00000", "2019-12-31": "26001.00000", "2019-09-30": "26925.00000", "2019-06-30": "27737.00000", "2019-03-31": "27670.00000", "2018-12-31": "26882.00000", "2018-09-30": "32656.00000", "2018-06-30": "32766.00000", "2018-03-31": "33901.00000", "2017-12-31": "34569.00000", "2017-09-30": "38499.00000", "2017-06-30": "39712.00000", "2017-03-31": "40088.00000", "2016-12-31": "40308.00000", "2016-09-30": "43957.00000", "2016-06-30": "43446.00000", "2016-03-31": "43901.00000", "2015-12-31": "44767.00000", "2015-09-30": "45679.00000", "2015-06-30": "46638.00000", "2015-03-31": "47917.00000", "2014-12-31": "48791.00000", "2014-09-30": "45360.00000", "2014-06-30": "48516.00000", "2014-03-31": "52564.00000", "2013-12-31": "52326.00000", "2013-09-30": "50006.00000", "2013-06-30": "50105.00000", "2013-03-31": "55606.00000", "2012-12-31": "55463.00000", "2012-09-30": "58212.00000", "2012-06-30": "57673.00000", "2012-03-31": "57314.00000", "2011-12-31": "56943.00000", "2011-09-30": "57596.00000", "2011-06-30": "57922.00000", "2011-03-31": "56839.00000", "2010-12-31": "56805.00000", "2010-09-30": "58048.30000", "2010-06-30": "57665.70000", "2010-03-31": "60343.20000", "2009-12-31": "61485.00000", "2009-09-30": "25349.30000", "2009-06-30": "22736.80000", "2009-03-31": "22001.50000", "2008-12-31": "21167.10000", "2008-09-30": "19571.00000", "2008-06-30": "20256.00000", "2008-03-31": "19521.50000", "2007-12-31": "18184.70000", "2007-09-30": "20721.90000", "2007-06-30": "19472.30000", "2007-03-31": "18479.30000", "2006-12-31": "17559.70000", "2006-09-30": "19285.30000", "2006-06-30": "19298.80000", "2006-03-31": "18846.20000", "2005-12-31": "17977.70000", "2005-09-30": "17778.40000", "2005-06-30": "17385.10000", "2005-03-31": "17649.00000"}, "Total Liabilities And Share Holders Equity": {"2020-12-31": "", "2020-09-30": "89800.00000", "2020-06-30": "90615.00000", "2020-03-31": "84913.00000", "2019-12-31": "84397.00000", "2019-09-30": "83331.00000", "2019-06-30": "83965.00000", "2019-03-31": "82354.00000", "2018-12-31": "82637.00000", "2018-09-30": "85130.00000", "2018-06-30": "85040.00000", "2018-03-31": "86041.00000", "2017-12-31": "87872.00000", "2017-09-30": "91676.00000", "2017-06-30": "92804.00000", "2017-03-31": "96561.00000", "2016-12-31": "95377.00000", "2016-09-30": "98335.00000", "2016-06-30": "96475.00000", "2016-03-31": "98755.00000", "2015-12-31": "101677.00000", "2015-09-30": "101232.00000", "2015-06-30": "102582.00000", "2015-03-31": "108345.00000", "2014-12-31": "98167.00000", "2014-09-30": "101808.00000", "2014-06-30": "97860.00000", "2014-03-31": "108460.00000", "2013-12-31": "105645.00000", "2013-09-30": "106419.00000", "2013-06-30": "106876.00000", "2013-03-31": "106200.00000", "2012-12-31": "106132.00000", "2012-09-30": "106301.00000", "2012-06-30": "105525.00000", "2012-03-31": "105509.00000", "2011-12-31": "105128.00000", "2011-09-30": "106534.00000", "2011-06-30": "106195.00000", "2011-03-31": "105865.00000", "2010-12-31": "105781.00000", "2010-09-30": "107840.10000", "2010-06-30": "106170.50000", "2010-03-31": "111593.80000", "2009-12-31": "112314.00000", "2009-09-30": "48739.40000", "2009-06-30": "49407.10000", "2009-03-31": "46543.10000", "2008-12-31": "47195.70000", "2008-09-30": "48545.70000", "2008-06-30": "47457.50000", "2008-03-31": "47041.10000", "2007-12-31": "48350.70000", "2007-09-30": "45700.70000", "2007-06-30": "44182.80000", "2007-03-31": "42992.50000", "2006-12-31": "44569.80000", "2006-09-30": "43719.10000", "2006-06-30": "43478.70000", "2006-03-31": "43418.00000", "2005-12-31": "44845.80000", "2005-09-30": "43831.00000", "2005-06-30": "43006.30000", "2005-03-31": "43117.10000"}}, "cash flow statement": {"Net Income/Loss": {"2020-12-31": "0.00000", "2019-12-31": "9777.00000", "2018-12-31": "6193.00000", "2017-12-31": "2418.00000", "2016-12-31": "3941.00000", "2015-12-31": "4459.00000", "2014-12-31": "11934.00000", "2013-12-31": "4517.00000", "2012-12-31": "6299.00000", "2011-12-31": "6392.00000", "2010-12-31": "982.00000", "2009-12-31": "13022.00000", "2008-12-31": "7932.00000", "2007-12-31": "3396.80000", "2006-12-31": "4433.80000", "2005-12-31": "4631.30000"}, "Total Depreciation And Amortization - Cash Flow": {"2020-12-31": "", "2019-12-31": "3652.00000", "2018-12-31": "4519.00000", "2017-12-31": "4676.00000", "2016-12-31": "5471.00000", "2015-12-31": "6375.00000", "2014-12-31": "6691.00000", "2013-12-31": "6988.00000", "2012-12-31": "6978.00000", "2011-12-31": "7427.00000", "2010-12-31": "7381.00000", "2009-12-31": "2576.00000", "2008-12-31": "1631.00000", "2007-12-31": "1988.20000", "2006-12-31": "2268.40000", "2005-12-31": "1708.10000"}, "Other Non-Cash Items": {"2020-12-31": "", "2019-12-31": "1894.00000", "2018-12-31": "785.00000", "2017-12-31": "4184.00000", "2016-12-31": "3352.00000", "2015-12-31": "1098.00000", "2014-12-31": "-12494.00000", "2013-12-31": "684.00000", "2012-12-31": "853.00000", "2011-12-31": "-993.00000", "2010-12-31": "1152.00000", "2009-12-31": "-8968.00000", "2008-12-31": "384.00000", "2007-12-31": "444.40000", "2006-12-31": "182.30000", "2005-12-31": "-558.90000"}, "Total Non-Cash Items": {"2020-12-31": "", "2019-12-31": "5546.00000", "2018-12-31": "5304.00000", "2017-12-31": "8860.00000", "2016-12-31": "8823.00000", "2015-12-31": "7473.00000", "2014-12-31": "-5803.00000", "2013-12-31": "7672.00000", "2012-12-31": "7831.00000", "2011-12-31": "6434.00000", "2010-12-31": "8533.00000", "2009-12-31": "-6392.00000", "2008-12-31": "2015.00000", "2007-12-31": "2432.60000", "2006-12-31": "2450.70000", "2005-12-31": "1149.20000"}, "Change In Accounts Receivable": {"2020-12-31": "", "2019-12-31": "294.00000", "2018-12-31": "-418.00000", "2017-12-31": "297.00000", "2016-12-31": "-619.00000", "2015-12-31": "-480.00000", "2014-12-31": "-554.00000", "2013-12-31": "436.00000", "2012-12-31": "349.00000", "2011-12-31": "-1168.00000", "2010-12-31": "-1089.00000", "2009-12-31": "165.00000", "2008-12-31": "-889.00000", "2007-12-31": "-290.70000", "2006-12-31": "-709.30000", "2005-12-31": "345.90000"}, "Change In Inventories": {"2020-12-31": "", "2019-12-31": "-508.00000", "2018-12-31": "-911.00000", "2017-12-31": "-145.00000", "2016-12-31": "206.00000", "2015-12-31": "805.00000", "2014-12-31": "79.00000", "2013-12-31": "-365.00000", "2012-12-31": "-482.00000", "2011-12-31": "-678.00000", "2010-12-31": "1990.00000", "2009-12-31": "1211.00000", "2008-12-31": "-452.00000", "2007-12-31": "-40.70000", "2006-12-31": "226.50000", "2005-12-31": "125.60000"}, "Change In Accounts Payable": {"2020-12-31": "", "2019-12-31": "399.00000", "2018-12-31": "230.00000", "2017-12-31": "254.00000", "2016-12-31": "278.00000", "2015-12-31": "-37.00000", "2014-12-31": "593.00000", "2013-12-31": "522.00000", "2012-12-31": "-302.00000", "2011-12-31": "182.00000", "2010-12-31": "124.00000", "2009-12-31": "-45.00000", "2008-12-31": "", "2007-12-31": "117.70000", "2006-12-31": "16.40000", "2005-12-31": "63.60000"}, "Change In Assets/Liabilities": {"2020-12-31": "", "2019-12-31": "-269.00000", "2018-12-31": "-940.00000", "2017-12-31": "-1210.00000", "2016-12-31": "-572.00000", "2015-12-31": "-282.00000", "2014-12-31": "92.00000", "2013-12-31": "431.00000", "2012-12-31": "-2950.00000", "2011-12-31": "-269.00000", "2010-12-31": "-258.00000", "2009-12-31": "334.00000", "2008-12-31": "-466.00000", "2007-12-31": "131.30000", "2006-12-31": "-107.50000", "2005-12-31": "235.30000"}, "Total Change In Assets/Liabilities": {"2020-12-31": "", "2019-12-31": "-2067.00000", "2018-12-31": "-1553.00000", "2017-12-31": "-5017.00000", "2016-12-31": "-2601.00000", "2015-12-31": "-268.00000", "2014-12-31": "1824.00000", "2013-12-31": "-794.00000", "2012-12-31": "-4136.00000", "2011-12-31": "-766.00000", "2010-12-31": "930.00000", "2009-12-31": "-2703.00000", "2008-12-31": "-3983.00000", "2007-12-31": "1355.90000", "2006-12-31": "-250.50000", "2005-12-31": "1671.80000"}, "Cash Flow From Operating Activities": {"2020-12-31": "", "2019-12-31": "13440.00000", "2018-12-31": "10922.00000", "2017-12-31": "6451.00000", "2016-12-31": "10376.00000", "2015-12-31": "12538.00000", "2014-12-31": "7989.00000", "2013-12-31": "11654.00000", "2012-12-31": "10022.00000", "2011-12-31": "12383.00000", "2010-12-31": "10822.00000", "2009-12-31": "3392.00000", "2008-12-31": "6572.00000", "2007-12-31": "6999.20000", "2006-12-31": "6765.20000", "2005-12-31": "7608.50000"}, "Net Change In Property, Plant, And Equipment": {"2020-12-31": "", "2019-12-31": "-3473.00000", "2018-12-31": "-2615.00000", "2017-12-31": "-1888.00000", "2016-12-31": "-1614.00000", "2015-12-31": "-1283.00000", "2014-12-31": "-1317.00000", "2013-12-31": "-1548.00000", "2012-12-31": "-1954.00000", "2011-12-31": "-1723.00000", "2010-12-31": "-1678.00000", "2009-12-31": "-1461.00000", "2008-12-31": "-1298.00000", "2007-12-31": "-1011.00000", "2006-12-31": "-980.20000", "2005-12-31": "-1402.70000"}, "Net Change In Intangible Assets": {"2020-12-31": "", "2019-12-31": "", "2018-12-31": "", "2017-12-31": "", "2016-12-31": "", "2015-12-31": "", "2014-12-31": "-1000.00000", "2013-12-31": "0.00000", "2012-12-31": "", "2011-12-31": "", "2010-12-31": "", "2009-12-31": "", "2008-12-31": "", "2007-12-31": "", "2006-12-31": "", "2005-12-31": ""}, "Net Acquisitions/Divestitures": {"2020-12-31": "", "2019-12-31": "-4954.00000", "2018-12-31": "-431.00000", "2017-12-31": "-396.00000", "2016-12-31": "-780.00000", "2015-12-31": "-7428.00000", "2014-12-31": "11239.00000", "2013-12-31": "-200.00000", "2012-12-31": "", "2011-12-31": "-50.00000", "2010-12-31": "-256.00000", "2009-12-31": "-12973.00000", "2008-12-31": "", "2007-12-31": "-1135.90000", "2006-12-31": "-404.90000", "2005-12-31": ""}, "Net Change In Short-term Investments": {"2020-12-31": "", "2019-12-31": "5420.00000", "2018-12-31": "7258.00000", "2017-12-31": "4925.00000", "2016-12-31": "-1298.00000", "2015-12-31": "3732.00000", "2014-12-31": "-9830.00000", "2013-12-31": "-1693.00000", "2012-12-31": "-5058.00000", "2011-12-31": "-1176.00000", "2010-12-31": "-2636.00000", "2009-12-31": "7871.00000", "2008-12-31": "-901.00000", "2007-12-31": "727.49980", "2006-12-31": "-3447.50000", "2005-12-31": "3673.00000"}, "Net Change In Long-Term Investments": {"2020-12-31": "", "2019-12-31": "", "2018-12-31": "", "2017-12-31": "", "2016-12-31": "", "2015-12-31": "", "2014-12-31": "", "2013-12-31": "", "2012-12-31": "", "2011-12-31": "", "2010-12-31": "", "2009-12-31": "", "2008-12-31": "", "2007-12-31": "", "2006-12-31": "", "2005-12-31": ""}, "Net Change In Investments - Total": {"2020-12-31": "", "2019-12-31": "5420.00000", "2018-12-31": "7258.00000", "2017-12-31": "4925.00000", "2016-12-31": "-1298.00000", "2015-12-31": "3732.00000", "2014-12-31": "-9830.00000", "2013-12-31": "-1693.00000", "2012-12-31": "-5058.00000", "2011-12-31": "-1176.00000", "2010-12-31": "-2636.00000", "2009-12-31": "7871.00000", "2008-12-31": "-901.00000", "2007-12-31": "727.49980", "2006-12-31": "-3447.50000", "2005-12-31": "3673.00000"}, "Investing Activities - Other": {"2020-12-31": "", "2019-12-31": "378.00000", "2018-12-31": "102.00000", "2017-12-31": "38.00000", "2016-12-31": "482.00000", "2015-12-31": "221.00000", "2014-12-31": "534.00000", "2013-12-31": "293.00000", "2012-12-31": "207.00000", "2011-12-31": "59.00000", "2010-12-31": "1073.00000", "2009-12-31": "9719.00000", "2008-12-31": "365.00000", "2007-12-31": "-1390.60000", "2006-12-31": "-51.10000", "2005-12-31": "-3.10000"}, "Cash Flow From Investing Activities": {"2020-12-31": "", "2019-12-31": "-2629.00000", "2018-12-31": "4314.00000", "2017-12-31": "2679.00000", "2016-12-31": "-3210.00000", "2015-12-31": "-4758.00000", "2014-12-31": "-374.00000", "2013-12-31": "-3148.00000", "2012-12-31": "-6805.00000", "2011-12-31": "-2890.00000", "2010-12-31": "-3497.00000", "2009-12-31": "3156.00000", "2008-12-31": "-1834.00000", "2007-12-31": "-2810.00000", "2006-12-31": "-4883.70000", "2005-12-31": "2267.20000"}, "Net Long-Term Debt": {"2020-12-31": "", "2019-12-31": "4958.00000", "2018-12-31": "-4287.00000", "2017-12-31": "-1103.00000", "2016-12-31": "-1307.00000", "2015-12-31": "5032.00000", "2014-12-31": "-3471.00000", "2013-12-31": "4692.00000", "2012-12-31": "2540.00000", "2011-12-31": "-1547.00000", "2010-12-31": "658.00000", "2009-12-31": "4203.00000", "2008-12-31": "-1392.00000", "2007-12-31": "-1195.30000", "2006-12-31": "248.90000", "2005-12-31": "-14.90000"}, "Net Current Debt": {"2020-12-31": "", "2019-12-31": "-3710.00000", "2018-12-31": "5124.00000", "2017-12-31": "-26.00000", "2016-12-31": "", "2015-12-31": "-1540.00000", "2014-12-31": "-460.00000", "2013-12-31": "-159.00000", "2012-12-31": "624.00000", "2011-12-31": "1076.00000", "2010-12-31": "90.00000", "2009-12-31": "-2422.00000", "2008-12-31": "1860.00000", "2007-12-31": "11.40000", "2006-12-31": "-1522.80000", "2005-12-31": "1296.20000"}, "Debt Issuance/Retirement Net - Total": {"2020-12-31": "", "2019-12-31": "1248.00000", "2018-12-31": "837.00000", "2017-12-31": "-1129.00000", "2016-12-31": "-1307.00000", "2015-12-31": "3492.00000", "2014-12-31": "-3931.00000", "2013-12-31": "4533.00000", "2012-12-31": "3164.00000", "2011-12-31": "-471.00000", "2010-12-31": "748.00000", "2009-12-31": "1781.00000", "2008-12-31": "468.00000", "2007-12-31": "-1183.90000", "2006-12-31": "-1273.90000", "2005-12-31": "1281.30000"}, "Net Common Equity Issued/Repurchased": {"2020-12-31": "", "2019-12-31": "-4419.00000", "2018-12-31": "-8500.00000", "2017-12-31": "-3515.00000", "2016-12-31": "-2495.00000", "2015-12-31": "-3701.00000", "2014-12-31": "-6143.00000", "2013-12-31": "-5306.00000", "2012-12-31": "-1281.00000", "2011-12-31": "-1600.00000", "2010-12-31": "-1230.00000", "2009-12-31": "186.00000", "2008-12-31": "-2623.00000", "2007-12-31": "-531.10000", "2006-12-31": "-632.40000", "2005-12-31": "-878.80000"}, "Net Total Equity Issued/Repurchased": {"2020-12-31": "", "2019-12-31": "-4419.00000", "2018-12-31": "-8500.00000", "2017-12-31": "-3515.00000", "2016-12-31": "-2495.00000", "2015-12-31": "-3701.00000", "2014-12-31": "-6143.00000", "2013-12-31": "-5306.00000", "2012-12-31": "-1281.00000", "2011-12-31": "-1600.00000", "2010-12-31": "-1230.00000", "2009-12-31": "186.00000", "2008-12-31": "-2623.00000", "2007-12-31": "-531.10000", "2006-12-31": "-632.40000", "2005-12-31": "-878.80000"}, "Total Common And Preferred Stock Dividends Paid": {"2020-12-31": "", "2019-12-31": "-5695.00000", "2018-12-31": "-5172.00000", "2017-12-31": "-5167.00000", "2016-12-31": "-5124.00000", "2015-12-31": "-5117.00000", "2014-12-31": "-5247.00000", "2013-12-31": "-5277.00000", "2012-12-31": "-5236.00000", "2011-12-31": "-4811.00000", "2010-12-31": "-4853.00000", "2009-12-31": "-3479.00000", "2008-12-31": "-3401.00000", "2007-12-31": "-3428.10000", "2006-12-31": "-3322.60000", "2005-12-31": "-3349.80000"}, "Financial Activities - Other": {"2020-12-31": "", "2019-12-31": "5.00000", "2018-12-31": "-325.00000", "2017-12-31": "-195.00000", "2016-12-31": "-118.00000", "2015-12-31": "-61.00000", "2014-12-31": "79.00000", "2013-12-31": "60.00000", "2012-12-31": "86.00000", "2011-12-31": "-22.00000", "2010-12-31": "-106.00000", "2009-12-31": "-126.00000", "2008-12-31": "33.00000", "2007-12-31": "277.00000", "2006-12-31": "-375.30000", "2005-12-31": "-93.10000"}, "Cash Flow From Financial Activities": {"2020-12-31": "", "2019-12-31": "-8861.00000", "2018-12-31": "-13160.00000", "2017-12-31": "-10006.00000", "2016-12-31": "-9044.00000", "2015-12-31": "-5387.00000", "2014-12-31": "-15242.00000", "2013-12-31": "-5990.00000", "2012-12-31": "-3267.00000", "2011-12-31": "-6904.00000", "2010-12-31": "-5441.00000", "2009-12-31": "-1638.00000", "2008-12-31": "-5523.00000", "2007-12-31": "-4866.10000", "2006-12-31": "-5604.20000", "2005-12-31": "-3040.40000"}, "Net Cash Flow": {"2020-12-31": "", "2019-12-31": "1967.00000", "2018-12-31": "1871.00000", "2017-12-31": "-419.00000", "2016-12-31": "-2009.00000", "2015-12-31": "1083.00000", "2014-12-31": "-8180.00000", "2013-12-31": "2170.00000", "2012-12-31": "-80.00000", "2011-12-31": "2631.00000", "2010-12-31": "1589.00000", "2009-12-31": "4943.00000", "2008-12-31": "-968.00000", "2007-12-31": "-578.60000", "2006-12-31": "-3670.60000", "2005-12-31": "6706.50000"}, "Stock-Based Compensation": {"2020-12-31": "", "2019-12-31": "417.00000", "2018-12-31": "348.00000", "2017-12-31": "312.00000", "2016-12-31": "300.00000", "2015-12-31": "299.00000", "2014-12-31": "278.00000", "2013-12-31": "276.00000", "2012-12-31": "335.00000", "2011-12-31": "369.00000", "2010-12-31": "509.00000", "2009-12-31": "415.00000", "2008-12-31": "348.00000", "2007-12-31": "330.20000", "2006-12-31": "312.50000", "2005-12-31": "48.00000"}, "Common Stock Dividends Paid": {"2020-12-31": "", "2019-12-31": "-5695.00000", "2018-12-31": "-5172.00000", "2017-12-31": "-5167.00000", "2016-12-31": "-5124.00000", "2015-12-31": "-5117.00000", "2014-12-31": "-5247.00000", "2013-12-31": "-5277.00000", "2012-12-31": "-5236.00000", "2011-12-31": "-4811.00000", "2010-12-31": "-4853.00000", "2009-12-31": "-3479.00000", "2008-12-31": "-3401.00000", "2007-12-31": "-3428.10000", "2006-12-31": "-3322.60000", "2005-12-31": "-3349.80000"}}, "cash flow statement, quarterly": {"Net Income/Loss": {"2020-12-31": -9173, "2020-09-30": 2944, "2020-06-30": 3010, "2020-03-31": "3219.00000", "2019-12-31": 2363, "2019-09-30": 1908, "2019-06-30": 2644, "2019-03-31": "2862.00000", "2018-12-31": 1778, "2018-09-30": 1958, "2018-06-30": 1716, "2018-03-31": "741.00000", "2017-12-31": -1038, "2017-09-30": -51, "2017-06-30": 1951, "2017-03-31": "1556.00000", "2016-12-31": -587, "2016-09-30": 2189, "2016-06-30": 1209, "2016-03-31": "1130.00000", "2015-12-31": 982, "2015-09-30": 1831, "2015-06-30": 688, "2015-03-31": "958.00000", "2014-12-31": 7327, "2014-09-30": 843, "2014-06-30": 2033, "2014-03-31": "1731.00000", "2013-12-31": 815, "2013-09-30": 1151, "2013-06-30": 935, "2013-03-31": "1616.00000", "2012-12-31": 949, "2012-09-30": 1763, "2012-06-30": 1820, "2012-03-31": "1767.00000", "2011-12-31": 1543, "2011-09-30": 1724, "2011-06-30": 2054, "2011-03-31": "1071.00000", "2010-12-31": -500, "2010-09-30": 372, "2010-06-30": 780, "2010-03-31": "330.00000", "2009-12-31": 6522.6, "2009-09-30": 3455.3, "2009-06-30": 1588.3, "2009-03-31": "1455.80000", "2008-12-31": 1674.5, "2008-09-30": 1123.9, "2008-06-30": 1799.1, "2008-03-31": "3334.50000", "2007-12-31": -1509.5, "2007-09-30": 1525.6, "2007-06-30": 1676.4, "2007-03-31": "1704.30000", "2006-12-31": 473.9, "2006-09-30": 940.6, "2006-06-30": 1499.3, "2006-03-31": "1520.00000", "2005-12-31": 1119.7, "2005-09-30": 1420.9, "2005-06-30": 720.6, "2005-03-31": "1370.10000"}, "Total Depreciation And Amortization - Cash Flow": {"2020-12-31": -2721, "2020-09-30": 852, "2020-06-30": 1048, "2020-03-31": "821.00000", "2019-12-31": 936, "2019-09-30": 845, "2019-06-30": 973, "2019-03-31": "898.00000", "2018-12-31": 998, "2018-09-30": 1094, "2018-06-30": 1290, "2018-03-31": "1137.00000", "2017-12-31": 1167, "2017-09-30": 1154, "2017-06-30": 1162, "2017-03-31": "1193.00000", "2016-12-31": 1185, "2016-09-30": 1175, "2016-06-30": 1550, "2016-03-31": "1561.00000", "2015-12-31": 1560, "2015-09-30": 1570, "2015-06-30": 1608, "2015-03-31": "1637.00000", "2014-12-31": 1573, "2014-09-30": 1611, "2014-06-30": 1753, "2014-03-31": "1754.00000", "2013-12-31": 1954, "2013-09-30": 1705, "2013-06-30": 1655, "2013-03-31": "1674.00000", "2012-12-31": 1661, "2012-09-30": 1723, "2012-06-30": 1804, "2012-03-31": "1790.00000", "2011-12-31": 1861, "2011-09-30": 1903, "2011-06-30": 1832, "2011-03-31": "1831.00000", "2010-12-31": 1866, "2010-09-30": 1880, "2010-06-30": 1948, "2010-03-31": "1687.00000", "2009-12-31": 1249.7, "2009-09-30": 393.7, "2009-06-30": 489.3, "2009-03-31": "443.30000", "2008-12-31": 473.8, "2008-09-30": 391.2, "2008-06-30": 374.9, "2008-03-31": "391.10000", "2007-12-31": 499, "2007-09-30": 488.7, "2007-06-30": 500.1, "2007-03-31": "500.40000", "2006-12-31": 543, "2006-09-30": 563.3, "2006-06-30": 538.7, "2006-03-31": "623.40000", "2005-12-31": 505.9, "2005-09-30": 423.1, "2005-06-30": 399.3, "2005-03-31": "379.80000"}, "Other Non-Cash Items": {"2020-12-31": -436, "2020-09-30": 65, "2020-06-30": 181, "2020-03-31": "190.00000", "2019-12-31": 128, "2019-09-30": 1459, "2019-06-30": -84, "2019-03-31": "391.00000", "2018-12-31": -155, "2018-09-30": 378, "2018-06-30": -138, "2018-03-31": "700.00000", "2017-12-31": 3427, "2017-09-30": 742, "2017-06-30": -85, "2017-03-31": "100.00000", "2016-12-31": 2620, "2016-09-30": 137, "2016-06-30": 320, "2016-03-31": "275.00000", "2015-12-31": 1126, "2015-09-30": -439, "2015-06-30": 655, "2015-03-31": "-244.00000", "2014-12-31": -11289, "2014-09-30": 80, "2014-06-30": -979, "2014-03-31": "-306.00000", "2013-12-31": 585, "2013-09-30": -137, "2013-06-30": 338, "2013-03-31": "-102.00000", "2012-12-31": 932, "2012-09-30": 112, "2012-06-30": -191, "2012-03-31": "", "2011-12-31": -599, "2011-09-30": -120, "2011-06-30": -382, "2011-03-31": "108.00000", "2010-12-31": 1875, "2010-09-30": -264, "2010-06-30": -709, "2010-03-31": "250.00000", "2009-12-31": -8013.7001, "2009-09-30": -1588.0999, "2009-06-30": 496.1, "2009-03-31": "137.70000", "2008-12-31": 574.7999, "2008-09-30": -142.7, "2008-06-30": 293.3, "2008-03-31": "-341.39990", "2007-12-31": 814.1999, "2007-09-30": 59.1001, "2007-06-30": -354.5, "2007-03-31": "-74.40000", "2006-12-31": 449.8, "2006-09-30": -649.9, "2006-06-30": 491.2, "2006-03-31": "-108.80000", "2005-12-31": -397.5, "2005-09-30": 50.4, "2005-06-30": -97.6, "2005-03-31": "-114.20000"}, "Total Non-Cash Items": {"2020-12-31": -3157, "2020-09-30": 917, "2020-06-30": 1229, "2020-03-31": "1011.00000", "2019-12-31": 1064, "2019-09-30": 2304, "2019-06-30": 889, "2019-03-31": "1289.00000", "2018-12-31": 843, "2018-09-30": 1472, "2018-06-30": 1152, "2018-03-31": "1837.00000", "2017-12-31": 4594, "2017-09-30": 1896, "2017-06-30": 1077, "2017-03-31": "1293.00000", "2016-12-31": 3805, "2016-09-30": 1312, "2016-06-30": 1870, "2016-03-31": "1836.00000", "2015-12-31": 2686, "2015-09-30": 1131, "2015-06-30": 2263, "2015-03-31": "1393.00000", "2014-12-31": -9716, "2014-09-30": 1691, "2014-06-30": 774, "2014-03-31": "1448.00000", "2013-12-31": 2539, "2013-09-30": 1568, "2013-06-30": 1993, "2013-03-31": "1572.00000", "2012-12-31": 2593, "2012-09-30": 1835, "2012-06-30": 1613, "2012-03-31": "1790.00000", "2011-12-31": 1262, "2011-09-30": 1783, "2011-06-30": 1450, "2011-03-31": "1939.00000", "2010-12-31": 3741, "2010-09-30": 1616, "2010-06-30": 1239, "2010-03-31": "1937.00000", "2009-12-31": -6764, "2009-09-30": -1194.4, "2009-06-30": 985.4, "2009-03-31": "581.00000", "2008-12-31": 1048.5999, "2008-09-30": 248.5, "2008-06-30": 668.1999, "2008-03-31": "49.70020", "2007-12-31": 1313.2, "2007-09-30": 547.8, "2007-06-30": 145.5999, "2007-03-31": "426.00010", "2006-12-31": 992.8, "2006-09-30": -86.6, "2006-06-30": 1029.9, "2006-03-31": "514.60000", "2005-12-31": 108.4, "2005-09-30": 473.5, "2005-06-30": 301.7, "2005-03-31": "265.60000"}, "Change In Accounts Receivable": {"2020-12-31": 0, "2020-09-30": 0, "2020-06-30": 0, "2020-03-31": "", "2019-12-31": 294, "2019-09-30": 0, "2019-06-30": 0, "2019-03-31": "", "2018-12-31": -418, "2018-09-30": 0, "2018-06-30": 0, "2018-03-31": "", "2017-12-31": 297, "2017-09-30": 0, "2017-06-30": 0, "2017-03-31": "", "2016-12-31": -619, "2016-09-30": 0, "2016-06-30": 0, "2016-03-31": "", "2015-12-31": -480, "2015-09-30": 0, "2015-06-30": 0, "2015-03-31": "", "2014-12-31": -554, "2014-09-30": 0, "2014-06-30": 0, "2014-03-31": "", "2013-12-31": 436, "2013-09-30": 0, "2013-06-30": 0, "2013-03-31": "", "2012-12-31": 349, "2012-09-30": 0, "2012-06-30": 0, "2012-03-31": "", "2011-12-31": -1168, "2011-09-30": 0, "2011-06-30": 0, "2011-03-31": "", "2010-12-31": -1089, "2010-09-30": 0, "2010-06-30": 0, "2010-03-31": "", "2009-12-31": 165, "2009-09-30": 0, "2009-06-30": 0, "2009-03-31": "", "2008-12-31": -889, "2008-09-30": 0, "2008-06-30": 0, "2008-03-31": "", "2007-12-31": -290.7, "2007-09-30": 0, "2007-06-30": 0, "2007-03-31": "", "2006-12-31": -709.3, "2006-09-30": 0, "2006-06-30": 0, "2006-03-31": "", "2005-12-31": 345.9, "2005-09-30": 0, "2005-06-30": 0, "2005-03-31": ""}, "Change In Inventories": {"2020-12-31": 0, "2020-09-30": 0, "2020-06-30": 0, "2020-03-31": "", "2019-12-31": -508, "2019-09-30": 0, "2019-06-30": 0, "2019-03-31": "", "2018-12-31": -911, "2018-09-30": 0, "2018-06-30": 0, "2018-03-31": "", "2017-12-31": -145, "2017-09-30": 0, "2017-06-30": 0, "2017-03-31": "", "2016-12-31": 206, "2016-09-30": 0, "2016-06-30": 0, "2016-03-31": "", "2015-12-31": 805, "2015-09-30": 0, "2015-06-30": 0, "2015-03-31": "", "2014-12-31": 79, "2014-09-30": 0, "2014-06-30": 0, "2014-03-31": "", "2013-12-31": -365, "2013-09-30": 0, "2013-06-30": 0, "2013-03-31": "", "2012-12-31": -482, "2012-09-30": 0, "2012-06-30": 0, "2012-03-31": "", "2011-12-31": -678, "2011-09-30": 0, "2011-06-30": 0, "2011-03-31": "", "2010-12-31": 1990, "2010-09-30": 0, "2010-06-30": 0, "2010-03-31": "", "2009-12-31": 1211, "2009-09-30": 0, "2009-06-30": 0, "2009-03-31": "", "2008-12-31": -452, "2008-09-30": 0, "2008-06-30": 0, "2008-03-31": "", "2007-12-31": -40.7, "2007-09-30": 0, "2007-06-30": 0, "2007-03-31": "", "2006-12-31": 226.5, "2006-09-30": 0, "2006-06-30": 0, "2006-03-31": "", "2005-12-31": 125.6, "2005-09-30": 0, "2005-06-30": 0, "2005-03-31": ""}, "Change In Accounts Payable": {"2020-12-31": 0, "2020-09-30": 0, "2020-06-30": 0, "2020-03-31": "", "2019-12-31": 399, "2019-09-30": 0, "2019-06-30": 0, "2019-03-31": "", "2018-12-31": 230, "2018-09-30": 0, "2018-06-30": 0, "2018-03-31": "", "2017-12-31": 254, "2017-09-30": 0, "2017-06-30": 0, "2017-03-31": "", "2016-12-31": 278, "2016-09-30": 0, "2016-06-30": 0, "2016-03-31": "", "2015-12-31": -37, "2015-09-30": 0, "2015-06-30": 0, "2015-03-31": "", "2014-12-31": 593, "2014-09-30": 0, "2014-06-30": 0, "2014-03-31": "", "2013-12-31": 522, "2013-09-30": 0, "2013-06-30": 0, "2013-03-31": "", "2012-12-31": -302, "2012-09-30": 0, "2012-06-30": 0, "2012-03-31": "", "2011-12-31": 182, "2011-09-30": 0, "2011-06-30": 0, "2011-03-31": "", "2010-12-31": 124, "2010-09-30": 0, "2010-06-30": 0, "2010-03-31": "", "2009-12-31": -45, "2009-09-30": 0, "2009-06-30": 0, "2009-03-31": "", "2008-12-31": 0, "2008-09-30": 0, "2008-06-30": 0, "2008-03-31": "", "2007-12-31": 117.7, "2007-09-30": 0, "2007-06-30": 0, "2007-03-31": "", "2006-12-31": 16.4, "2006-09-30": 0, "2006-06-30": 0, "2006-03-31": "", "2005-12-31": 63.6, "2005-09-30": 0, "2005-06-30": 0, "2005-03-31": ""}, "Change In Assets/Liabilities": {"2020-12-31": 5638, "2020-09-30": -1445, "2020-06-30": -527, "2020-03-31": "-3666.00000", "2019-12-31": 3200, "2019-09-30": -91, "2019-06-30": -443, "2019-03-31": "-2935.00000", "2018-12-31": 1094, "2018-09-30": -760, "2018-06-30": 199, "2018-03-31": "-1473.00000", "2017-12-31": 4049, "2017-09-30": -2922, "2017-06-30": 198, "2017-03-31": "-2535.00000", "2016-12-31": 2430, "2016-09-30": -564, "2016-06-30": -1563, "2016-03-31": "-875.00000", "2015-12-31": 505, "2015-09-30": 223, "2015-06-30": -392, "2015-03-31": "-618.00000", "2014-12-31": -858, "2014-09-30": 2068, "2014-06-30": -415, "2014-03-31": "-703.00000", "2013-12-31": 925, "2013-09-30": 1315, "2013-06-30": -636, "2013-03-31": "-1173.00000", "2012-12-31": -609, "2012-09-30": -282, "2012-06-30": -585, "2012-03-31": "-1474.00000", "2011-12-31": 395, "2011-09-30": 821, "2011-06-30": -418, "2011-03-31": "-1067.00000", "2010-12-31": -1040, "2010-09-30": 787, "2010-06-30": 1057, "2010-03-31": "-1062.00000", "2009-12-31": 5524.6, "2009-09-30": -2272.7, "2009-06-30": -1503.2, "2009-03-31": "-1414.70000", "2008-12-31": 1564.2, "2008-09-30": -188.2, "2008-06-30": -1100, "2008-03-31": "-742.00000", "2007-12-31": -1262.7, "2007-09-30": 924.4, "2007-06-30": 1112.4, "2007-03-31": "-642.80000", "2006-12-31": 601.7, "2006-09-30": 527.5, "2006-06-30": -479.3, "2006-03-31": "-757.40000", "2005-12-31": -164.7, "2005-09-30": 228, "2005-06-30": 579.7, "2005-03-31": "-407.70000"}, "Total Change In Assets/Liabilities": {"2020-12-31": 5638, "2020-09-30": -1445, "2020-06-30": -527, "2020-03-31": "-3666.00000", "2019-12-31": 1402, "2019-09-30": -91, "2019-06-30": -443, "2019-03-31": "-2935.00000", "2018-12-31": 481, "2018-09-30": -760, "2018-06-30": 199, "2018-03-31": "-1473.00000", "2017-12-31": 242, "2017-09-30": -2922, "2017-06-30": 198, "2017-03-31": "-2535.00000", "2016-12-31": 401, "2016-09-30": -564, "2016-06-30": -1563, "2016-03-31": "-875.00000", "2015-12-31": 519, "2015-09-30": 223, "2015-06-30": -392, "2015-03-31": "-618.00000", "2014-12-31": 874, "2014-09-30": 2068, "2014-06-30": -415, "2014-03-31": "-703.00000", "2013-12-31": -300, "2013-09-30": 1315, "2013-06-30": -636, "2013-03-31": "-1173.00000", "2012-12-31": -1795, "2012-09-30": -282, "2012-06-30": -585, "2012-03-31": "-1474.00000", "2011-12-31": -102, "2011-09-30": 821, "2011-06-30": -418, "2011-03-31": "-1067.00000", "2010-12-31": 148, "2010-09-30": 787, "2010-06-30": 1057, "2010-03-31": "-1062.00000", "2009-12-31": 2487.6, "2009-09-30": -2272.7, "2009-06-30": -1503.2, "2009-03-31": "-1414.70000", "2008-12-31": -1952.8, "2008-09-30": -188.2, "2008-06-30": -1100, "2008-03-31": "-742.00000", "2007-12-31": 2750, "2007-09-30": 924.4, "2007-06-30": 1112.4, "2007-03-31": "-3430.90000", "2006-12-31": 458.7, "2006-09-30": 527.5, "2006-06-30": -479.3, "2006-03-31": "-757.40000", "2005-12-31": 1271.8, "2005-09-30": 228, "2005-06-30": 579.7, "2005-03-31": "-407.70000"}, "Cash Flow From Operating Activities": {"2020-12-31": -6247, "2020-09-30": 2173, "2020-06-30": 3367, "2020-03-31": "707.00000", "2019-12-31": 4794, "2019-09-30": 4226, "2019-06-30": 3084, "2019-03-31": "1336.00000", "2018-12-31": 3592, "2018-09-30": 2793, "2018-06-30": 3382, "2018-03-31": "1155.00000", "2017-12-31": 4019, "2017-09-30": -1171, "2017-06-30": 3317, "2017-03-31": "286.00000", "2016-12-31": 3632, "2016-09-30": 2971, "2016-06-30": 1600, "2016-03-31": "2173.00000", "2015-12-31": 4246, "2015-09-30": 3311, "2015-06-30": 2697, "2015-03-31": "2284.00000", "2014-12-31": -1035, "2014-09-30": 4348, "2014-06-30": 2315, "2014-03-31": "2361.00000", "2013-12-31": 3026, "2013-09-30": 3949, "2013-06-30": 2338, "2013-03-31": "2341.00000", "2012-12-31": 1809, "2012-09-30": 3139, "2012-06-30": 2920, "2012-03-31": "2154.00000", "2011-12-31": 3233, "2011-09-30": 4577, "2011-06-30": 2852, "2011-03-31": "1721.00000", "2010-12-31": 3539, "2010-09-30": 2592, "2010-06-30": 3325, "2010-03-31": "1366.00000", "2009-12-31": 2242.5, "2009-09-30": -312.1, "2009-06-30": 749, "2009-03-31": "712.60000", "2008-12-31": 1011.1, "2008-09-30": 1652, "2008-06-30": 1380.6, "2008-03-31": "2528.30000", "2007-12-31": 2347.8, "2007-09-30": 3025.9, "2007-06-30": 2954.4, "2007-03-31": "-1328.90000", "2006-12-31": 1776.1, "2006-09-30": 1481.1, "2006-06-30": 2201.2, "2006-03-31": "1306.80000", "2005-12-31": 2264.8, "2005-09-30": 2227.6, "2005-06-30": 1776.7, "2005-03-31": "1339.40000"}, "Net Change In Property, Plant, And Equipment": {"2020-12-31": 3170, "2020-09-30": -1516, "2020-06-30": -668, "2020-03-31": "-986.00000", "2019-12-31": -1137, "2019-09-30": -959, "2019-06-30": -782, "2019-03-31": "-595.00000", "2018-12-31": -929, "2018-09-30": -653, "2018-06-30": -583, "2018-03-31": "-450.00000", "2017-12-31": -715, "2017-09-30": -441, "2017-06-30": -393, "2017-03-31": "-339.00000", "2016-12-31": -551, "2016-09-30": -409, "2016-06-30": -375, "2016-03-31": "-279.00000", "2015-12-31": -493, "2015-09-30": -316, "2015-06-30": -271, "2015-03-31": "-203.00000", "2014-12-31": -490, "2014-09-30": -320, "2014-06-30": -302, "2014-03-31": "-205.00000", "2013-12-31": -429, "2013-09-30": -355, "2013-06-30": -413, "2013-03-31": "-351.00000", "2012-12-31": -778, "2012-09-30": -414, "2012-06-30": -431, "2012-03-31": "-331.00000", "2011-12-31": -603, "2011-09-30": -431, "2011-06-30": -365, "2011-03-31": "-324.00000", "2010-12-31": -660, "2010-09-30": -338, "2010-06-30": -337, "2010-03-31": "-343.00000", "2009-12-31": -557.4, "2009-09-30": -303.3, "2009-06-30": -365.2, "2009-03-31": "-235.10000", "2008-12-31": -383.7, "2008-09-30": -281.7, "2008-06-30": -291.2, "2008-03-31": "-341.40000", "2007-12-31": -284.7, "2007-09-30": -253.2, "2007-06-30": -272.4, "2007-03-31": "-200.70000", "2006-12-31": -295.5, "2006-09-30": -224, "2006-06-30": -263.1, "2006-03-31": "-197.60000", "2005-12-31": -406.6, "2005-09-30": -333.7, "2005-06-30": -319.2, "2005-03-31": "-343.20000"}, "Net Change In Intangible Assets": {"2020-12-31": 0, "2020-09-30": 0, "2020-06-30": 0, "2020-03-31": "", "2019-12-31": 0, "2019-09-30": 0, "2019-06-30": 0, "2019-03-31": "", "2018-12-31": 0, "2018-09-30": 0, "2018-06-30": 0, "2018-03-31": "", "2017-12-31": 0, "2017-09-30": 0, "2017-06-30": 0, "2017-03-31": "", "2016-12-31": 0, "2016-09-30": 0, "2016-06-30": 0, "2016-03-31": "", "2015-12-31": 0, "2015-09-30": 0, "2015-06-30": 0, "2015-03-31": "", "2014-12-31": -1000, "2014-09-30": 0, "2014-06-30": 0, "2014-03-31": "", "2013-12-31": 0, "2013-09-30": 0, "2013-06-30": 0, "2013-03-31": "", "2012-12-31": 0, "2012-09-30": 0, "2012-06-30": 0, "2012-03-31": "", "2011-12-31": 0, "2011-09-30": 0, "2011-06-30": 0, "2011-03-31": "", "2010-12-31": 0, "2010-09-30": 0, "2010-06-30": 0, "2010-03-31": "", "2009-12-31": 0, "2009-09-30": 0, "2009-06-30": 0, "2009-03-31": "", "2008-12-31": 0, "2008-09-30": 0, "2008-06-30": 0, "2008-03-31": "", "2007-12-31": 0, "2007-09-30": 0, "2007-06-30": 0, "2007-03-31": "", "2006-12-31": 0, "2006-09-30": 0, "2006-06-30": 0, "2006-03-31": "", "2005-12-31": 0, "2005-09-30": 0, "2005-06-30": 0, "2005-03-31": ""}, "Net Acquisitions/Divestitures": {"2020-12-31": 3452, "2020-09-30": -586, "2020-06-30": -321, "2020-03-31": "-2545.00000", "2019-12-31": -25, "2019-09-30": -1039, "2019-06-30": -3890, "2019-03-31": "", "2018-12-31": -59, "2018-09-30": 0, "2018-06-30": -372, "2018-03-31": "", "2017-12-31": -49, "2017-09-30": 0, "2017-06-30": -41, "2017-03-31": "-306.00000", "2016-12-31": -2, "2016-09-30": -621, "2016-06-30": -10, "2016-03-31": "-147.00000", "2015-12-31": 129, "2015-09-30": 16, "2015-06-30": 25, "2015-03-31": "-7598.00000", "2014-12-31": 13891, "2014-09-30": -3210, "2014-06-30": 25, "2014-03-31": "533.00000", "2013-12-31": -200, "2013-09-30": 0, "2013-06-30": 0, "2013-03-31": "", "2012-12-31": 0, "2012-09-30": 0, "2012-06-30": 0, "2012-03-31": "", "2011-12-31": 0, "2011-09-30": 0, "2011-06-30": -356, "2011-03-31": "306.00000", "2010-12-31": -104, "2010-09-30": -11, "2010-06-30": -10, "2010-03-31": "-131.00000", "2009-12-31": -12843, "2009-09-30": 0, "2009-06-30": 0, "2009-03-31": "-130.00000", "2008-12-31": 0, "2008-09-30": 0, "2008-06-30": 0, "2008-03-31": "", "2007-12-31": 0, "2007-09-30": 0, "2007-06-30": -1.9, "2007-03-31": "-1134.00000", "2006-12-31": -404.9, "2006-09-30": 0, "2006-06-30": 0, "2006-03-31": "", "2005-12-31": 0, "2005-09-30": 0, "2005-06-30": 0, "2005-03-31": ""}, "Net Change In Short-term Investments": {"2020-12-31": -1816, "2020-09-30": 1, "2020-06-30": 48, "2020-03-31": "1767.00000", "2019-12-31": 341, "2019-09-30": 1954, "2019-06-30": 2200, "2019-03-31": "925.00000", "2018-12-31": 2914, "2018-09-30": 2189, "2018-06-30": 1633, "2018-03-31": "522.00000", "2017-12-31": 789, "2017-09-30": 1053, "2017-06-30": -807, "2017-03-31": "3890.00000", "2016-12-31": -2514, "2016-09-30": 183, "2016-06-30": -1220, "2016-03-31": "2253.00000", "2015-12-31": -374, "2015-09-30": 99, "2015-06-30": 2759, "2015-03-31": "1248.00000", "2014-12-31": -5406, "2014-09-30": -146, "2014-06-30": -85, "2014-03-31": "-4193.00000", "2013-12-31": 1561, "2013-09-30": -1631, "2013-06-30": -774, "2013-03-31": "-849.00000", "2012-12-31": -3774, "2012-09-30": -1457, "2012-06-30": 101, "2012-03-31": "72.00000", "2011-12-31": -1230, "2011-09-30": 230, "2011-06-30": -318, "2011-03-31": "142.00000", "2010-12-31": -536, "2010-09-30": 435, "2010-06-30": 125, "2010-03-31": "-2660.00000", "2009-12-31": 277, "2009-09-30": 4409.5, "2009-06-30": 2110.4, "2009-03-31": "1074.10000", "2008-12-31": -203, "2008-09-30": -1021.4002, "2008-06-30": 142.4001, "2008-03-31": "181.00010", "2007-12-31": -396.3002, "2007-09-30": 216.0999, "2007-06-30": 31.9002, "2007-03-31": "875.79990", "2006-12-31": -944.3, "2006-09-30": -1743.5002, "2006-06-30": -2462.5998, "2006-03-31": "1702.90000", "2005-12-31": 5160.8, "2005-09-30": 78.3, "2005-06-30": -700.7, "2005-03-31": "-865.40000"}, "Net Change In Long-Term Investments": {"2020-12-31": 0, "2020-09-30": 0, "2020-06-30": 0, "2020-03-31": "", "2019-12-31": 0, "2019-09-30": 0, "2019-06-30": 0, "2019-03-31": "", "2018-12-31": 0, "2018-09-30": 0, "2018-06-30": 0, "2018-03-31": "", "2017-12-31": 0, "2017-09-30": 0, "2017-06-30": 0, "2017-03-31": "", "2016-12-31": 0, "2016-09-30": 0, "2016-06-30": 0, "2016-03-31": "", "2015-12-31": 0, "2015-09-30": 0, "2015-06-30": 0, "2015-03-31": "", "2014-12-31": 0, "2014-09-30": 0, "2014-06-30": 0, "2014-03-31": "", "2013-12-31": 0, "2013-09-30": 0, "2013-06-30": 0, "2013-03-31": "", "2012-12-31": 0, "2012-09-30": 0, "2012-06-30": 0, "2012-03-31": "", "2011-12-31": 0, "2011-09-30": 0, "2011-06-30": 0, "2011-03-31": "", "2010-12-31": 0, "2010-09-30": 0, "2010-06-30": 0, "2010-03-31": "", "2009-12-31": 0, "2009-09-30": 0, "2009-06-30": 0, "2009-03-31": "", "2008-12-31": 0, "2008-09-30": 0, "2008-06-30": 0, "2008-03-31": "", "2007-12-31": 0, "2007-09-30": 0, "2007-06-30": 0, "2007-03-31": "", "2006-12-31": 0, "2006-09-30": 0, "2006-06-30": 0, "2006-03-31": "", "2005-12-31": 0, "2005-09-30": 0, "2005-06-30": 0, "2005-03-31": ""}, "Net Change In Investments - Total": {"2020-12-31": -1816, "2020-09-30": 1, "2020-06-30": 48, "2020-03-31": "1767.00000", "2019-12-31": 341, "2019-09-30": 1954, "2019-06-30": 2200, "2019-03-31": "925.00000", "2018-12-31": 2914, "2018-09-30": 2189, "2018-06-30": 1633, "2018-03-31": "522.00000", "2017-12-31": 789, "2017-09-30": 1053, "2017-06-30": -807, "2017-03-31": "3890.00000", "2016-12-31": -2514, "2016-09-30": 183, "2016-06-30": -1220, "2016-03-31": "2253.00000", "2015-12-31": -374, "2015-09-30": 99, "2015-06-30": 2759, "2015-03-31": "1248.00000", "2014-12-31": -5406, "2014-09-30": -146, "2014-06-30": -85, "2014-03-31": "-4193.00000", "2013-12-31": 1561, "2013-09-30": -1631, "2013-06-30": -774, "2013-03-31": "-849.00000", "2012-12-31": -3774, "2012-09-30": -1457, "2012-06-30": 101, "2012-03-31": "72.00000", "2011-12-31": -1230, "2011-09-30": 230, "2011-06-30": -318, "2011-03-31": "142.00000", "2010-12-31": -536, "2010-09-30": 435, "2010-06-30": 125, "2010-03-31": "-2660.00000", "2009-12-31": 277, "2009-09-30": 4409.5, "2009-06-30": 2110.4, "2009-03-31": "1074.10000", "2008-12-31": -203, "2008-09-30": -1021.4002, "2008-06-30": 142.4001, "2008-03-31": "181.00010", "2007-12-31": -396.3002, "2007-09-30": 216.0999, "2007-06-30": 31.9002, "2007-03-31": "875.79990", "2006-12-31": -944.3, "2006-09-30": -1743.5002, "2006-06-30": -2462.5998, "2006-03-31": "1702.90000", "2005-12-31": 5160.8, "2005-09-30": 78.3, "2005-06-30": -700.7, "2005-03-31": "-865.40000"}, "Investing Activities - Other": {"2020-12-31": -141, "2020-09-30": -54, "2020-06-30": 59, "2020-03-31": "136.00000", "2019-12-31": 58, "2019-09-30": 235, "2019-06-30": 47, "2019-03-31": "38.00000", "2018-12-31": 252, "2018-09-30": 124, "2018-06-30": -5, "2018-03-31": "-269.00000", "2017-12-31": -83, "2017-09-30": 59, "2017-06-30": 114, "2017-03-31": "-52.00000", "2016-12-31": 504, "2016-09-30": -43, "2016-06-30": 107, "2016-03-31": "-86.00000", "2015-12-31": 121, "2015-09-30": 140, "2015-06-30": 12, "2015-03-31": "-52.00000", "2014-12-31": 209, "2014-09-30": -46, "2014-06-30": 313, "2014-03-31": "58.00000", "2013-12-31": 245, "2013-09-30": -51, "2013-06-30": 52, "2013-03-31": "47.00000", "2012-12-31": 154, "2012-09-30": 32, "2012-06-30": 32, "2012-03-31": "-11.00000", "2011-12-31": 149, "2011-09-30": -62, "2011-06-30": -9, "2011-03-31": "-19.00000", "2010-12-31": 293, "2010-09-30": 108, "2010-06-30": 686, "2010-03-31": "-14.00000", "2009-12-31": 258.9, "2009-09-30": 7905.4, "2009-06-30": 873.6, "2009-03-31": "681.10000", "2008-12-31": 136.9, "2008-09-30": -1974.9, "2008-06-30": 139.8, "2008-03-31": "2063.20000", "2007-12-31": -166.8, "2007-09-30": -33.1, "2007-06-30": -368.2, "2007-03-31": "-822.50000", "2006-12-31": -49.6, "2006-09-30": -0.7, "2006-06-30": -0.4, "2006-03-31": "-0.40000", "2005-12-31": -1, "2005-09-30": -1.3, "2005-06-30": -0.5, "2005-03-31": "-0.30000"}, "Cash Flow From Investing Activities": {"2020-12-31": 4665, "2020-09-30": -2155, "2020-06-30": -882, "2020-03-31": "-1628.00000", "2019-12-31": -763, "2019-09-30": 191, "2019-06-30": -2425, "2019-03-31": "368.00000", "2018-12-31": 2178, "2018-09-30": 1660, "2018-06-30": 673, "2018-03-31": "-197.00000", "2017-12-31": -58, "2017-09-30": 671, "2017-06-30": -1127, "2017-03-31": "3193.00000", "2016-12-31": -2563, "2016-09-30": -890, "2016-06-30": -1498, "2016-03-31": "1741.00000", "2015-12-31": -617, "2015-09-30": -61, "2015-06-30": 2525, "2015-03-31": "-6605.00000", "2014-12-31": 7204, "2014-09-30": -3722, "2014-06-30": -49, "2014-03-31": "-3807.00000", "2013-12-31": 1177, "2013-09-30": -2037, "2013-06-30": -1135, "2013-03-31": "-1153.00000", "2012-12-31": -4398, "2012-09-30": -1839, "2012-06-30": -298, "2012-03-31": "-270.00000", "2011-12-31": -1684, "2011-09-30": -263, "2011-06-30": -1048, "2011-03-31": "105.00000", "2010-12-31": -1007, "2010-09-30": 194, "2010-06-30": 464, "2010-03-31": "-3148.00000", "2009-12-31": -12864.5, "2009-09-30": 12011.6, "2009-06-30": 2618.8, "2009-03-31": "1390.10000", "2008-12-31": -449.8, "2008-09-30": -3278, "2008-06-30": -9, "2008-03-31": "1902.80000", "2007-12-31": -847.8, "2007-09-30": -70.2, "2007-06-30": -610.6, "2007-03-31": "-1281.40000", "2006-12-31": -1694.3, "2006-09-30": -1968.2, "2006-06-30": -2726.1, "2006-03-31": "1504.90000", "2005-12-31": 4753.2, "2005-09-30": -256.7, "2005-06-30": -1020.4, "2005-03-31": "-1208.90000"}, "Net Long-Term Debt": {"2020-12-31": -2465, "2020-09-30": -28, "2020-06-30": 4444, "2020-03-31": "-1951.00000", "2019-12-31": 0, "2019-09-30": 0, "2019-06-30": 0, "2019-03-31": "4958.00000", "2018-12-31": -1280, "2018-09-30": 1, "2018-06-30": -2005, "2018-03-31": "-1003.00000", "2017-12-31": -802, "2017-09-30": 0, "2017-06-30": -1, "2017-03-31": "-300.00000", "2016-12-31": 1079, "2016-09-30": -35, "2016-06-30": -1500, "2016-03-31": "-851.00000", "2015-12-31": -1, "2015-09-30": -2, "2015-06-30": -4, "2015-03-31": "5039.00000", "2014-12-31": -3465, "2014-09-30": -2, "2014-06-30": -1, "2014-03-31": "-3.00000", "2013-12-31": -1260, "2013-09-30": 0, "2013-06-30": 6458, "2013-03-31": "-506.00000", "2012-12-31": 40, "2012-09-30": 2502, "2012-06-30": 0, "2012-03-31": "-2.00000", "2011-12-31": -270, "2011-09-30": -12, "2011-06-30": -1265, "2011-03-31": "", "2010-12-31": 1347, "2010-09-30": -63, "2010-06-30": -4, "2010-03-31": "-622.00000", "2009-12-31": -0.3, "2009-09-30": -17.2, "2009-06-30": 4228, "2009-03-31": "-7.50000", "2008-12-31": -0.3, "2008-09-30": -9, "2008-06-30": -0.1, "2008-03-31": "-1382.60000", "2007-12-31": -36.4, "2007-09-30": -302.4, "2007-06-30": -1.7, "2007-03-31": "-854.80000", "2006-12-31": 749.4, "2006-09-30": -504.8, "2006-06-30": 5.1, "2006-03-31": "-0.80000", "2005-12-31": -0.7, "2005-09-30": -506.1, "2005-06-30": 7.5, "2005-03-31": "484.40000"}, "Net Current Debt": {"2020-12-31": 311, "2020-09-30": -2278, "2020-06-30": -1616, "2020-03-31": "3583.00000", "2019-12-31": 182, "2019-09-30": -360, "2019-06-30": 603, "2019-03-31": "-4135.00000", "2018-12-31": 2830, "2018-09-30": 225, "2018-06-30": 2070, "2018-03-31": "-1.00000", "2017-12-31": -1988, "2017-09-30": 1986, "2017-06-30": -3808, "2017-03-31": "3784.00000", "2016-12-31": -909, "2016-09-30": 918, "2016-06-30": -9, "2016-03-31": "", "2015-12-31": -14, "2015-09-30": 3, "2015-06-30": -3706, "2015-03-31": "2177.00000", "2014-12-31": -3537, "2014-09-30": 4963, "2014-06-30": -5035, "2014-03-31": "3149.00000", "2013-12-31": -310, "2013-09-30": -1551, "2013-06-30": 822, "2013-03-31": "880.00000", "2012-12-31": 904, "2012-09-30": -1917, "2012-06-30": 1003, "2012-03-31": "634.00000", "2011-12-31": -280, "2011-09-30": -40, "2011-06-30": 1593, "2011-03-31": "-197.00000", "2010-12-31": -1483, "2010-09-30": -85, "2010-06-30": -962, "2010-03-31": "2620.00000", "2009-12-31": -1018.2, "2009-09-30": -1618.1, "2009-06-30": -297.4, "2009-03-31": "511.70000", "2008-12-31": -693.3, "2008-09-30": 1815.9, "2008-06-30": 760, "2008-03-31": "-22.60000", "2007-12-31": -149.7, "2007-09-30": -196.5, "2007-06-30": -139.6, "2007-03-31": "497.20000", "2006-12-31": 83.8, "2006-09-30": 0, "2006-06-30": -258.1, "2006-03-31": "-1348.50000", "2005-12-31": 773.1, "2005-09-30": 692.3, "2005-06-30": -119.5, "2005-03-31": "-49.70000"}, "Debt Issuance/Retirement Net - Total": {"2020-12-31": -2154, "2020-09-30": -2306, "2020-06-30": 2828, "2020-03-31": "1632.00000", "2019-12-31": 182, "2019-09-30": -360, "2019-06-30": 603, "2019-03-31": "823.00000", "2018-12-31": 1550, "2018-09-30": 226, "2018-06-30": 65, "2018-03-31": "-1004.00000", "2017-12-31": -2790, "2017-09-30": 1986, "2017-06-30": -3809, "2017-03-31": "3484.00000", "2016-12-31": 170, "2016-09-30": 883, "2016-06-30": -1509, "2016-03-31": "-851.00000", "2015-12-31": -15, "2015-09-30": 1, "2015-06-30": -3710, "2015-03-31": "7216.00000", "2014-12-31": -7002, "2014-09-30": 4961, "2014-06-30": -5036, "2014-03-31": "3146.00000", "2013-12-31": -1570, "2013-09-30": -1551, "2013-06-30": 7280, "2013-03-31": "374.00000", "2012-12-31": 944, "2012-09-30": 585, "2012-06-30": 1003, "2012-03-31": "632.00000", "2011-12-31": -550, "2011-09-30": -52, "2011-06-30": 328, "2011-03-31": "-197.00000", "2010-12-31": -136, "2010-09-30": -148, "2010-06-30": -966, "2010-03-31": "1998.00000", "2009-12-31": -1018.5, "2009-09-30": -1635.3, "2009-06-30": 3930.6, "2009-03-31": "504.20000", "2008-12-31": -693.6, "2008-09-30": 1806.8999, "2008-06-30": 759.9001, "2008-03-31": "-1405.20000", "2007-12-31": -186.1, "2007-09-30": -498.9, "2007-06-30": -141.3, "2007-03-31": "-357.60000", "2006-12-31": 833.2, "2006-09-30": -504.8, "2006-06-30": -253, "2006-03-31": "-1349.30000", "2005-12-31": 772.4, "2005-09-30": 186.2, "2005-06-30": -112, "2005-03-31": "434.70000"}, "Net Common Equity Issued/Repurchased": {"2020-12-31": 1213, "2020-09-30": 28, "2020-06-30": 14, "2020-03-31": "-1255.00000", "2019-12-31": -1033, "2019-09-30": -1365, "2019-06-30": -1104, "2019-03-31": "-917.00000", "2018-12-31": -5803, "2018-09-30": -834, "2018-06-30": -1527, "2018-03-31": "-336.00000", "2017-12-31": -1684, "2017-09-30": -86, "2017-06-30": -1039, "2017-03-31": "-706.00000", "2016-12-31": -867, "2016-09-30": -436, "2016-06-30": -481, "2016-03-31": "-711.00000", "2015-12-31": -1130, "2015-09-30": -1224, "2015-06-30": -574, "2015-03-31": "-773.00000", "2014-12-31": -1441, "2014-09-30": -2423, "2014-06-30": -2043, "2014-03-31": "-236.00000", "2013-12-31": 205, "2013-09-30": -47, "2013-06-30": -4976, "2013-03-31": "-488.00000", "2012-12-31": -902, "2012-09-30": 5, "2012-06-30": -307, "2012-03-31": "-77.00000", "2011-12-31": -435, "2011-09-30": -1013, "2011-06-30": -189, "2011-03-31": "37.00000", "2010-12-31": 50, "2010-09-30": -220, "2010-06-30": -1255, "2010-03-31": "195.00000", "2009-12-31": 178.2, "2009-09-30": 4.8, "2009-06-30": 2.6, "2009-03-31": "0.40000", "2008-12-31": -208.1, "2008-09-30": -956.1, "2008-06-30": -160.7, "2008-03-31": "-1298.10000", "2007-12-31": -429.9, "2007-09-30": 41.4, "2007-06-30": 56.9, "2007-03-31": "-199.50000", "2006-12-31": -222.2, "2006-09-30": -222.1, "2006-06-30": -242.1, "2006-03-31": "54.00000", "2005-12-31": -229.4, "2005-09-30": -251.2, "2005-06-30": -244.4, "2005-03-31": "-153.80000"}, "Net Total Equity Issued/Repurchased": {"2020-12-31": 1213, "2020-09-30": 28, "2020-06-30": 14, "2020-03-31": "-1255.00000", "2019-12-31": -1033, "2019-09-30": -1365, "2019-06-30": -1104, "2019-03-31": "-917.00000", "2018-12-31": -5803, "2018-09-30": -834, "2018-06-30": -1527, "2018-03-31": "-336.00000", "2017-12-31": -1684, "2017-09-30": -86, "2017-06-30": -1039, "2017-03-31": "-706.00000", "2016-12-31": -867, "2016-09-30": -436, "2016-06-30": -481, "2016-03-31": "-711.00000", "2015-12-31": -1130, "2015-09-30": -1224, "2015-06-30": -574, "2015-03-31": "-773.00000", "2014-12-31": -1441, "2014-09-30": -2423, "2014-06-30": -2043, "2014-03-31": "-236.00000", "2013-12-31": 205, "2013-09-30": -47, "2013-06-30": -4976, "2013-03-31": "-488.00000", "2012-12-31": -902, "2012-09-30": 5, "2012-06-30": -307, "2012-03-31": "-77.00000", "2011-12-31": -435, "2011-09-30": -1013, "2011-06-30": -189, "2011-03-31": "37.00000", "2010-12-31": 50, "2010-09-30": -220, "2010-06-30": -1255, "2010-03-31": "195.00000", "2009-12-31": 178.2, "2009-09-30": 4.8, "2009-06-30": 2.6, "2009-03-31": "0.40000", "2008-12-31": -208.1, "2008-09-30": -956.1, "2008-06-30": -160.7, "2008-03-31": "-1298.10000", "2007-12-31": -429.9, "2007-09-30": 41.4, "2007-06-30": 56.9, "2007-03-31": "-199.50000", "2006-12-31": -222.2, "2006-09-30": -222.1, "2006-06-30": -242.1, "2006-03-31": "54.00000", "2005-12-31": -229.4, "2005-09-30": -251.2, "2005-06-30": -244.4, "2005-03-31": "-153.80000"}, "Total Common And Preferred Stock Dividends Paid": {"2020-12-31": 4673, "2020-09-30": -1545, "2020-06-30": -1577, "2020-03-31": "-1551.00000", "2019-12-31": -1405, "2019-09-30": -1394, "2019-06-30": -1468, "2019-03-31": "-1428.00000", "2018-12-31": -1277, "2018-09-30": -1285, "2018-06-30": -1311, "2018-03-31": "-1299.00000", "2017-12-31": -1283, "2017-09-30": -1283, "2017-06-30": -1307, "2017-03-31": "-1294.00000", "2016-12-31": -1271, "2016-09-30": -1274, "2016-06-30": -1300, "2016-03-31": "-1279.00000", "2015-12-31": -1263, "2015-09-30": -1272, "2015-06-30": -1302, "2015-03-31": "-1280.00000", "2014-12-31": -1336, "2014-09-30": -1282, "2014-06-30": -1339, "2014-03-31": "-1290.00000", "2013-12-31": -1380, "2013-09-30": -1259, "2013-06-30": -1332, "2013-03-31": "-1306.00000", "2012-12-31": -1400, "2012-09-30": -1277, "2012-06-30": -1280, "2012-03-31": "-1279.00000", "2011-12-31": -1285, "2011-09-30": -1175, "2011-06-30": -1176, "2011-03-31": "-1175.00000", "2010-12-31": -1294, "2010-09-30": -1181, "2010-06-30": -1189, "2010-03-31": "-1189.00000", "2009-12-31": -1068.2, "2009-09-30": -803.9, "2009-06-30": -803.4, "2009-03-31": "-803.50000", "2008-12-31": -931.4, "2008-09-30": -816.9, "2008-06-30": -821.9, "2008-03-31": "-830.80000", "2007-12-31": -950, "2007-09-30": -826.3, "2007-06-30": -825.2, "2007-03-31": "-826.60000", "2006-12-31": -828.6, "2006-09-30": -830.9, "2006-06-30": -833.3, "2006-03-31": "-829.80000", "2005-12-31": -833.3, "2005-09-30": -836.3, "2005-06-30": -839.1, "2005-03-31": "-841.10000"}, "Financial Activities - Other": {"2020-12-31": 472, "2020-09-30": -28, "2020-06-30": -128, "2020-03-31": "-316.00000", "2019-12-31": 245, "2019-09-30": -33, "2019-06-30": -115, "2019-03-31": "-92.00000", "2018-12-31": -36, "2018-09-30": -12, "2018-06-30": -194, "2018-03-31": "-83.00000", "2017-12-31": -28, "2017-09-30": -81, "2017-06-30": -63, "2017-03-31": "-23.00000", "2016-12-31": -9, "2016-09-30": -8, "2016-06-30": -76, "2016-03-31": "-25.00000", "2015-12-31": 2, "2015-09-30": -44, "2015-06-30": -11, "2015-03-31": "-8.00000", "2014-12-31": 7, "2014-09-30": 23, "2014-06-30": 49, "2014-03-31": "", "2013-12-31": 121, "2013-09-30": -58, "2013-06-30": -2, "2013-03-31": "-1.00000", "2012-12-31": 140, "2012-09-30": -51, "2012-06-30": -2, "2012-03-31": "-1.00000", "2011-12-31": 39, "2011-09-30": -4, "2011-06-30": -220, "2011-03-31": "163.00000", "2010-12-31": 85, "2010-09-30": -76, "2010-06-30": -53, "2010-03-31": "-62.00000", "2009-12-31": 59.4, "2009-09-30": 62, "2009-06-30": -154.4, "2009-03-31": "-93.00000", "2008-12-31": 77.2, "2008-09-30": 70.7, "2008-06-30": -65.4, "2008-03-31": "-49.50000", "2007-12-31": 170.9, "2007-09-30": 19.3, "2007-06-30": -80.6, "2007-03-31": "167.40000", "2006-12-31": -202.8, "2006-09-30": 54.5, "2006-06-30": -130.4, "2006-03-31": "-96.60000", "2005-12-31": -59.7, "2005-09-30": -65.5, "2005-06-30": 33.6, "2005-03-31": "-1.50000"}, "Cash Flow From Financial Activities": {"2020-12-31": 4204, "2020-09-30": -3851, "2020-06-30": 1137, "2020-03-31": "-1490.00000", "2019-12-31": -2011, "2019-09-30": -3152, "2019-06-30": -2084, "2019-03-31": "-1614.00000", "2018-12-31": -5566, "2018-09-30": -1905, "2018-06-30": -2967, "2018-03-31": "-2722.00000", "2017-12-31": -5785, "2017-09-30": 536, "2017-06-30": -6218, "2017-03-31": "1461.00000", "2016-12-31": -1977, "2016-09-30": -835, "2016-06-30": -3366, "2016-03-31": "-2866.00000", "2015-12-31": -2406, "2015-09-30": -2539, "2015-06-30": -5597, "2015-03-31": "5155.00000", "2014-12-31": -9772, "2014-09-30": 1279, "2014-06-30": -8369, "2014-03-31": "1620.00000", "2013-12-31": -2624, "2013-09-30": -2915, "2013-06-30": 970, "2013-03-31": "-1421.00000", "2012-12-31": -1218, "2012-09-30": -738, "2012-06-30": -586, "2012-03-31": "-725.00000", "2011-12-31": -2231, "2011-09-30": -2244, "2011-06-30": -1257, "2011-03-31": "-1172.00000", "2010-12-31": -1295, "2010-09-30": -1625, "2010-06-30": -3463, "2010-03-31": "942.00000", "2009-12-31": -1849.1, "2009-09-30": -2372.4, "2009-06-30": 2975.4, "2009-03-31": "-391.90000", "2008-12-31": -1755.9, "2008-09-30": 104.6, "2008-06-30": -288.1, "2008-03-31": "-3583.60000", "2007-12-31": -1395.1, "2007-09-30": -1264.5, "2007-06-30": -990.2, "2007-03-31": "-1216.30000", "2006-12-31": -420.4, "2006-09-30": -1503.3, "2006-06-30": -1458.8, "2006-03-31": "-2221.70000", "2005-12-31": -350, "2005-09-30": -966.8, "2005-06-30": -1161.9, "2005-03-31": "-561.70000"}, "Net Cash Flow": {"2020-12-31": 2533, "2020-09-30": -3746, "2020-06-30": 3687, "2020-03-31": "-2474.00000", "2019-12-31": 2063, "2019-09-30": 1211, "2019-06-30": -1417, "2019-03-31": "110.00000", "2018-12-31": 139, "2018-09-30": 2516, "2018-06-30": 826, "2018-03-31": "-1610.00000", "2017-12-31": -1805, "2017-09-30": 115, "2017-06-30": -3922, "2017-03-31": "5193.00000", "2016-12-31": -1392, "2016-09-30": 1299, "2016-06-30": -3108, "2016-03-31": "1192.00000", "2015-12-31": 976, "2015-09-30": 626, "2015-06-30": -1058, "2015-03-31": "539.00000", "2014-12-31": -3929, "2014-09-30": 1627, "2014-06-30": -6085, "2014-03-31": "207.00000", "2013-12-31": 1531, "2013-09-30": -1000, "2013-06-30": 2066, "2013-03-31": "-427.00000", "2012-12-31": -3909, "2012-09-30": 608, "2012-06-30": 2096, "2012-03-31": "1125.00000", "2011-12-31": -722, "2011-09-30": 1911, "2011-06-30": 647, "2011-03-31": "795.00000", "2010-12-31": 1026, "2010-09-30": 1208, "2010-06-30": 430, "2010-03-31": "-1075.00000", "2009-12-31": -12505.6, "2009-09-30": 9359.3, "2009-06-30": 6440.5, "2009-03-31": "1648.80000", "2008-12-31": -1352, "2008-09-30": -1625.1, "2008-06-30": 1055.8, "2008-03-31": "953.30000", "2007-12-31": 127.8, "2007-09-30": 1738.8, "2007-06-30": 1367.6, "2007-03-31": "-3812.80000", "2006-12-31": -307.4, "2006-09-30": -1991.2, "2006-06-30": -1973.9, "2006-03-31": "601.90000", "2005-12-31": 6667.3, "2005-09-30": 1000.4, "2005-06-30": -472, "2005-03-31": "-489.20000"}, "Stock-Based Compensation": {"2020-12-31": -354, "2020-09-30": 125, "2020-06-30": 121, "2020-03-31": "108.00000", "2019-12-31": 111, "2019-09-30": 102, "2019-06-30": 111, "2019-03-31": "93.00000", "2018-12-31": 87, "2018-09-30": 91, "2018-06-30": 90, "2018-03-31": "80.00000", "2017-12-31": 80, "2017-09-30": 76, "2017-06-30": 82, "2017-03-31": "74.00000", "2016-12-31": 75, "2016-09-30": 77, "2016-06-30": 80, "2016-03-31": "68.00000", "2015-12-31": 78, "2015-09-30": 75, "2015-06-30": 83, "2015-03-31": "63.00000", "2014-12-31": 69, "2014-09-30": 75, "2014-06-30": 78, "2014-03-31": "56.00000", "2013-12-31": 66, "2013-09-30": 68, "2013-06-30": 75, "2013-03-31": "67.00000", "2012-12-31": 78, "2012-09-30": 88, "2012-06-30": 93, "2012-03-31": "76.00000", "2011-12-31": 82, "2011-09-30": 87, "2011-06-30": 107, "2011-03-31": "93.00000", "2010-12-31": 109, "2010-09-30": 126, "2010-06-30": 142, "2010-03-31": "132.00000", "2009-12-31": 133.2, "2009-09-30": 84.7, "2009-06-30": 83.8, "2009-03-31": "113.30000", "2008-12-31": 62.5, "2008-09-30": 86.7, "2008-06-30": 107.8, "2008-03-31": "91.00000", "2007-12-31": 79.4, "2007-09-30": 72.6, "2007-06-30": 81.2, "2007-03-31": "97.00000", "2006-12-31": 66.5, "2006-09-30": 63.7, "2006-06-30": 61, "2006-03-31": "121.30000", "2005-12-31": 14.5, "2005-09-30": 11.8, "2005-06-30": 12, "2005-03-31": "9.70000"}, "Common Stock Dividends Paid": {"2020-12-31": 4673, "2020-09-30": -1545, "2020-06-30": -1577, "2020-03-31": "-1551.00000", "2019-12-31": -1405, "2019-09-30": -1394, "2019-06-30": -1468, "2019-03-31": "-1428.00000", "2018-12-31": -1277, "2018-09-30": -1285, "2018-06-30": -1311, "2018-03-31": "-1299.00000", "2017-12-31": -1283, "2017-09-30": -1283, "2017-06-30": -1307, "2017-03-31": "-1294.00000", "2016-12-31": -1271, "2016-09-30": -1274, "2016-06-30": -1300, "2016-03-31": "-1279.00000", "2015-12-31": -1263, "2015-09-30": -1272, "2015-06-30": -1302, "2015-03-31": "-1280.00000", "2014-12-31": -1336, "2014-09-30": -1282, "2014-06-30": -1339, "2014-03-31": "-1290.00000", "2013-12-31": -1380, "2013-09-30": -1259, "2013-06-30": -1332, "2013-03-31": "-1306.00000", "2012-12-31": -1400, "2012-09-30": -1277, "2012-06-30": -1280, "2012-03-31": "-1279.00000", "2011-12-31": -1285, "2011-09-30": -1175, "2011-06-30": -1176, "2011-03-31": "-1175.00000", "2010-12-31": -1294, "2010-09-30": -1181, "2010-06-30": -1189, "2010-03-31": "-1189.00000", "2009-12-31": -1068.2, "2009-09-30": -803.9, "2009-06-30": -803.4, "2009-03-31": "-803.50000", "2008-12-31": -931.4, "2008-09-30": -816.9, "2008-06-30": -821.9, "2008-03-31": "-830.80000", "2007-12-31": -950, "2007-09-30": -826.3, "2007-06-30": -825.2, "2007-03-31": "-826.60000", "2006-12-31": -828.6, "2006-09-30": -830.9, "2006-06-30": -833.3, "2006-03-31": "-829.80000", "2005-12-31": -833.3, "2005-09-30": -836.3, "2005-06-30": -839.1, "2005-03-31": "-841.10000"}}, "financial ratios": {"Current Ratio": {"2019-12-31": "1.23690", "2018-12-31": "1.16520", "2017-12-31": "1.33050", "2016-12-31": "1.77950", "2015-12-31": "1.54950", "2014-12-31": "1.77230", "2013-12-31": "1.99710", "2012-12-31": "1.89980", "2011-12-31": "2.04250", "2010-12-31": "1.85820", "2009-12-31": "1.81780", "2008-12-31": "1.33480", "2007-12-31": "1.22740", "2006-12-31": "1.19710", "2005-12-31": "1.58950"}, "Long-term Debt / Capital": {"2019-12-31": "0.46650", "2018-12-31": "0.42420", "2017-12-31": "0.38180", "2016-12-31": "0.37590", "2015-12-31": "0.34740", "2014-12-31": "0.27710", "2013-12-31": "0.28190", "2012-12-31": "0.22660", "2011-12-31": "0.21420", "2010-12-31": "0.21420", "2009-12-31": "0.20750", "2008-12-31": "0.15700", "2007-12-31": "0.17720", "2006-12-31": "0.24020", "2005-12-31": "0.22190"}, "Debt/Equity Ratio": {"2019-12-31": "1.01330", "2018-12-31": "0.93420", "2017-12-31": "0.70610", "2016-12-31": "0.61630", "2015-12-31": "0.59000", "2014-12-31": "0.43870", "2013-12-31": "0.47890", "2012-12-31": "0.37090", "2011-12-31": "0.30760", "2010-12-31": "0.31480", "2009-12-31": "0.28420", "2008-12-31": "0.29480", "2007-12-31": "0.31560", "2006-12-31": "0.38930", "2005-12-31": "0.45040"}, "Gross Margin": {"2019-12-31": "69.87190", "2018-12-31": "68.05930", "2017-12-31": "67.81820", "2016-12-31": "64.75490", "2015-12-31": "62.19050", "2014-12-31": "60.30020", "2013-12-31": "61.49710", "2012-12-31": "65.20620", "2011-12-31": "64.88650", "2010-12-31": "59.99740", "2009-12-31": "67.11750", "2008-12-31": "76.59120", "2007-12-31": "74.62280", "2006-12-31": "73.48870", "2005-12-31": "76.60540"}, "Operating Margin": {"2019-12-31": "26.13370", "2018-12-31": "21.11650", "2017-12-31": "16.94080", "2016-12-31": "13.81420", "2015-12-31": "19.10730", "2014-12-31": "15.82260", "2013-12-31": "17.40740", "2012-12-31": "20.89620", "2011-12-31": "18.68170", "2010-12-31": "7.29550", "2009-12-31": "14.66020", "2008-12-31": "25.51360", "2007-12-31": "23.21500", "2006-12-31": "16.28650", "2005-12-31": "26.61650"}, "EBIT Margin": {"2019-12-31": "26.13370", "2018-12-31": "21.11650", "2017-12-31": "16.94080", "2016-12-31": "13.81420", "2015-12-31": "19.10730", "2014-12-31": "15.82260", "2013-12-31": "17.40740", "2012-12-31": "20.89620", "2011-12-31": "18.68170", "2010-12-31": "7.29550", "2009-12-31": "14.66020", "2008-12-31": "25.51360", "2007-12-31": "23.21500", "2006-12-31": "16.28650", "2005-12-31": "26.61650"}, "EBITDA Margin": {"2019-12-31": "33.93040", "2018-12-31": "31.80120", "2017-12-31": "28.59530", "2016-12-31": "27.55800", "2015-12-31": "35.24740", "2014-12-31": "31.66420", "2013-12-31": "33.27730", "2012-12-31": "35.65910", "2011-12-31": "34.13950", "2010-12-31": "23.34570", "2009-12-31": "24.05210", "2008-12-31": "32.35220", "2007-12-31": "31.43150", "2006-12-31": "26.30770", "2005-12-31": "34.37640"}, "Pre-Tax Profit Margin": {"2019-12-31": "24.47480", "2018-12-31": "20.57270", "2017-12-31": "16.25290", "2016-12-31": "11.70400", "2015-12-31": "13.67410", "2014-12-31": "40.91910", "2013-12-31": "12.59280", "2012-12-31": "18.48860", "2011-12-31": "15.26420", "2010-12-31": "3.59450", "2009-12-31": "55.74600", "2008-12-31": "41.63940", "2007-12-31": "14.43150", "2006-12-31": "27.48450", "2005-12-31": "33.45420"}, "Net Profit Margin": {"2019-12-31": "21.01410", "2018-12-31": "14.70660", "2017-12-31": "5.96680", "2016-12-31": "9.84750", "2015-12-31": "11.24610", "2014-12-31": "28.22170", "2013-12-31": "10.00160", "2012-12-31": "13.04290", "2011-12-31": "13.02270", "2010-12-31": "1.86790", "2009-12-31": "46.86090", "2008-12-31": "32.65410", "2007-12-31": "13.50050", "2006-12-31": "19.58740", "2005-12-31": "21.04000"}, "Asset Turnover": {"2019-12-31": "0.55500", "2018-12-31": "0.51180", "2017-12-31": "0.45660", "2016-12-31": "0.41740", "2015-12-31": "0.38850", "2014-12-31": "0.43030", "2013-12-31": "0.41680", "2012-12-31": "0.44540", "2011-12-31": "0.45700", "2010-12-31": "0.43470", "2009-12-31": "0.24420", "2008-12-31": "0.50530", "2007-12-31": "0.50050", "2006-12-31": "0.50790", "2005-12-31": "0.49080"}, "Inventory Turnover Ratio": {"2019-12-31": "2.36070", "2018-12-31": "2.48330", "2017-12-31": "2.53380", "2016-12-31": "2.88330", "2015-12-31": "3.17740", "2014-12-31": "3.00990", "2013-12-31": "2.72310", "2012-12-31": "2.51660", "2011-12-31": "2.69760", "2010-12-31": "3.13500", "2009-12-31": "1.12070", "2008-12-31": "2.67000", "2007-12-31": "3.26460", "2006-12-31": "3.39160", "2005-12-31": "3.10570"}, "Receiveable Turnover": {"2019-12-31": "6.91060", "2018-12-31": "5.98130", "2017-12-31": "5.83760", "2016-12-31": "5.67210", "2015-12-31": "6.09160", "2014-12-31": "6.37440", "2013-12-31": "6.12930", "2012-12-31": "6.16100", "2011-12-31": "5.81610", "2010-12-31": "6.26180", "2009-12-31": "4.15390", "2008-12-31": "8.20240", "2007-12-31": "6.65470", "2006-12-31": "6.82880", "2005-12-31": "7.51950"}, "Days Sales In Receivables": {"2019-12-31": "52.81750", "2018-12-31": "61.02320", "2017-12-31": "62.52540", "2016-12-31": "64.34970", "2015-12-31": "59.91850", "2014-12-31": "57.26000", "2013-12-31": "59.54990", "2012-12-31": "59.24390", "2011-12-31": "62.75660", "2010-12-31": "58.28950", "2009-12-31": "87.86990", "2008-12-31": "44.49940", "2007-12-31": "54.84870", "2006-12-31": "53.45030", "2005-12-31": "48.54030"}, "ROE - Return On Equity": {"2019-12-31": "37.60240", "2018-12-31": "23.03770", "2017-12-31": "6.99470", "2016-12-31": "9.77720", "2015-12-31": "9.96050", "2014-12-31": "24.45940", "2013-12-31": "8.63240", "2012-12-31": "11.35710", "2011-12-31": "11.22530", "2010-12-31": "1.72870", "2009-12-31": "21.17920", "2008-12-31": "37.47330", "2007-12-31": "18.67940", "2006-12-31": "25.24990", "2005-12-31": "25.76140"}, "Return On Tangible Equity": {"2019-12-31": "-128.30710", "2018-12-31": "-138.39110", "2017-12-31": "115.03330", "2016-12-31": "81.40880", "2015-12-31": "100.38270", "2014-12-31": "77.42820", "2013-12-31": "27.84150", "2012-12-31": "44.21590", "2011-12-31": "60.95750", "2010-12-31": "19.75460", "2009-12-31": "770.53250", "2008-12-31": "41.30610", "2007-12-31": "21.20790", "2006-12-31": "29.20010", "2005-12-31": "28.28570"}, "ROA - Return On Assets": {"2019-12-31": "11.58450", "2018-12-31": "7.49420", "2017-12-31": "2.75170", "2016-12-31": "4.13200", "2015-12-31": "4.38550", "2014-12-31": "12.15680", "2013-12-31": "4.27560", "2012-12-31": "5.93510", "2011-12-31": "6.08020", "2010-12-31": "0.92830", "2009-12-31": "11.59430", "2008-12-31": "16.80660", "2007-12-31": "7.02530", "2006-12-31": "9.94800", "2005-12-31": "10.32720"}, "ROI - Return On Investment": {"2019-12-31": "20.06070", "2018-12-31": "13.26470", "2017-12-31": "4.32390", "2016-12-31": "6.10230", "2015-12-31": "6.50040", "2014-12-31": "17.68260", "2013-12-31": "6.19910", "2012-12-31": "8.78310", "2011-12-31": "8.82040", "2010-12-31": "1.35850", "2009-12-31": "16.78530", "2008-12-31": "31.58850", "2007-12-31": "15.36980", "2006-12-31": "19.18510", "2005-12-31": "20.04610"}, "Book Value Per Share": {"2019-12-31": "10.24060", "2018-12-31": "10.36890", "2017-12-31": "12.81940", "2016-12-31": "14.66420", "2015-12-31": "16.09670", "2014-12-31": "17.19120", "2013-12-31": "17.87380", "2012-12-31": "18.32500", "2011-12-31": "18.72510", "2010-12-31": "18.43060", "2009-12-31": "19.78140", "2008-12-31": "10.04280", "2007-12-31": "8.37040", "2006-12-31": "8.10030", "2005-12-31": "8.23940"}, "Operating Cash Flow Per Share": {"2019-12-31": 1.1324, "2018-12-31": 1.7294, "2017-12-31": -1.3755, "2016-12-31": -0.6902, "2015-12-31": 1.6847, "2014-12-31": -1.1614, "2013-12-31": 0.6318, "2012-12-31": -0.7442, "2011-12-31": 0.5337, "2010-12-31": 1.9763, "2009-12-31": -1.5744, "2008-12-31": -0.1296, "2007-12-31": 0.1039, "2006-12-31": -0.3654, "2005-12-31": 3.4578}, "Free Cash Flow Per Share": {"2019-12-31": 0.7624, "2018-12-31": 1.4403, "2017-12-31": -1.4834, "2016-12-31": -0.8177, "2015-12-31": 1.6829, "2014-12-31": -1.0945, "2013-12-31": 0.7503, "2012-12-31": -0.8225, "2011-12-31": 0.5146, "2010-12-31": 2.0813, "2009-12-31": -1.6115, "2008-12-31": -0.2736, "2007-12-31": 0.0903, "2006-12-31": -0.176, "2005-12-31": 2.8203}}, "financial ratios, quarterly": {"Current Ratio": {"2020-09-30": "1.30250", "2020-06-30": "1.32310", "2020-03-31": "1.11460", "2019-12-31": "1.23690", "2019-09-30": "1.26390", "2019-06-30": "1.20980", "2019-03-31": "1.36710", "2018-12-31": "1.16520", "2018-09-30": "1.44390", "2018-06-30": "1.32740", "2018-03-31": "1.42010", "2017-12-31": "1.33050", "2017-09-30": "1.43420", "2017-06-30": "1.50160", "2017-03-31": "1.59060", "2016-12-31": "1.77950", "2016-09-30": "1.89260", "2016-06-30": "1.87200", "2016-03-31": "1.63780", "2015-12-31": "1.54950", "2015-09-30": "1.62470", "2015-06-30": "1.61750", "2015-03-31": "1.61080", "2014-12-31": "1.77230", "2014-09-30": "1.33930", "2014-06-30": "1.87340", "2014-03-31": "1.83530", "2013-12-31": "1.99710", "2013-09-30": "2.07330", "2013-06-30": "2.01040", "2013-03-31": "1.87450", "2012-12-31": "1.89980", "2012-09-30": "2.32490", "2012-06-30": "2.10730", "2012-03-31": "2.07120", "2011-12-31": "2.04250", "2011-09-30": "2.05560", "2011-06-30": "2.05340", "2011-03-31": "1.98080", "2010-12-31": "1.85820", "2010-09-30": "1.60220", "2010-06-30": "1.70250", "2010-03-31": "1.71650", "2009-12-31": "1.81780", "2009-09-30": "3.69670", "2009-06-30": "2.54050", "2009-03-31": "1.95180", "2008-12-31": "1.33480", "2008-09-30": "1.34590", "2008-06-30": "1.81020", "2008-03-31": "1.74000", "2007-12-31": "1.22740", "2007-09-30": "1.34820", "2007-06-30": "1.20960", "2007-03-31": "1.49360", "2006-12-31": "1.19710", "2006-09-30": "1.36570", "2006-06-30": "1.51300", "2006-03-31": "1.59410", "2005-12-31": "1.58950", "2005-09-30": "1.64980", "2005-06-30": "1.70900", "2005-03-31": "1.44550"}, "Long-term Debt / Capital": {"2020-09-30": "0.47350", "2020-06-30": "0.48530", "2020-03-31": "0.45140", "2019-12-31": "0.46650", "2019-09-30": "0.45720", "2019-06-30": "0.45080", "2019-03-31": "0.45090", "2018-12-31": "0.42420", "2018-09-30": "0.37910", "2018-06-30": "0.37850", "2018-03-31": "0.38810", "2017-12-31": "0.38180", "2017-09-30": "0.36190", "2017-06-30": "0.35340", "2017-03-31": "0.36890", "2016-12-31": "0.37590", "2016-09-30": "0.34990", "2016-06-30": "0.35240", "2016-03-31": "0.35020", "2015-12-31": "0.34740", "2015-09-30": "0.34560", "2015-06-30": "0.34040", "2015-03-31": "0.34740", "2014-12-31": "0.27710", "2014-09-30": "0.29040", "2014-06-30": "0.27700", "2014-03-31": "0.27150", "2013-12-31": "0.28190", "2013-09-30": "0.31170", "2013-06-30": "0.31010", "2013-03-31": "0.22440", "2012-12-31": "0.22660", "2012-09-30": "0.23190", "2012-06-30": "0.20700", "2012-03-31": "0.20990", "2011-12-31": "0.21420", "2011-09-30": "0.21410", "2011-06-30": "0.21410", "2011-03-31": "0.21580", "2010-12-31": "0.21420", "2010-09-30": "0.19470", "2010-06-30": "0.19350", "2010-03-31": "0.20210", "2009-12-31": "0.20750", "2009-09-30": "0.24450", "2009-06-30": "0.26460", "2009-03-31": "0.15190", "2008-12-31": "0.15700", "2008-09-30": "0.16750", "2008-06-30": "0.16260", "2008-03-31": "0.16880", "2007-12-31": "0.17720", "2007-09-30": "0.15750", "2007-06-30": "0.17510", "2007-03-31": "0.23080", "2006-12-31": "0.24020", "2006-09-30": "0.19890", "2006-06-30": "0.19780", "2006-03-31": "0.20170", "2005-12-31": "0.22190", "2005-09-30": "0.22380", "2005-06-30": "0.24600", "2005-03-31": "0.24270"}, "Debt/Equity Ratio": {"2020-09-30": "0.98190", "2020-06-30": "1.11280", "2020-03-31": "1.06460", "2019-12-31": "1.01330", "2019-09-30": "0.96890", "2019-06-30": "0.95850", "2019-03-31": "0.93590", "2018-12-31": "0.93420", "2018-09-30": "0.72240", "2018-06-30": "0.71230", "2018-03-31": "0.69480", "2017-12-31": "0.70610", "2017-09-30": "0.70120", "2017-06-30": "0.62670", "2017-03-31": "0.71030", "2016-12-31": "0.61630", "2016-09-30": "0.57200", "2016-06-30": "0.55900", "2016-03-31": "0.58700", "2015-12-31": "0.59000", "2015-09-30": "0.58380", "2015-06-30": "0.56930", "2015-03-31": "0.63100", "2014-12-31": "0.43870", "2014-09-30": "0.61380", "2014-06-30": "0.47550", "2014-03-31": "0.53550", "2013-12-31": "0.47890", "2013-09-30": "0.53240", "2013-06-30": "0.56100", "2013-03-31": "0.37450", "2012-12-31": "0.37090", "2012-09-30": "0.33670", "2012-06-30": "0.32910", "2012-03-31": "0.31680", "2011-12-31": "0.30760", "2011-09-30": "0.31510", "2011-06-30": "0.31600", "2011-03-31": "0.31400", "2010-12-31": "0.31480", "2010-09-30": "0.31260", "2010-06-30": "0.31180", "2010-03-31": "0.31660", "2009-12-31": "0.28420", "2009-09-30": "0.35790", "2009-06-30": "0.46990", "2009-03-31": "0.30630", "2008-12-31": "0.29480", "2008-09-30": "0.35420", "2008-06-30": "0.25250", "2008-03-31": "0.22470", "2007-12-31": "0.31560", "2007-09-30": "0.28220", "2007-06-30": "0.32370", "2007-03-31": "0.35040", "2006-12-31": "0.38930", "2006-09-30": "0.31040", "2006-06-30": "0.33480", "2006-03-31": "0.35630", "2005-12-31": "0.45040", "2005-09-30": "0.41160", "2005-06-30": "0.41220", "2005-03-31": "0.41190"}, "Gross Margin": {"2020-09-30": "72.26520", "2020-06-30": "70.94370", "2020-03-31": "72.53050", "2019-12-31": "69.08230", "2019-09-30": "67.81480", "2019-06-30": "71.07990", "2019-03-31": "71.78260", "2018-12-31": "70.09460", "2018-09-30": "66.47210", "2018-06-30": "67.34830", "2018-03-31": "68.27740", "2017-12-31": "67.02770", "2017-09-30": "67.97100", "2017-06-30": "68.62030", "2017-03-31": "67.68070", "2016-12-31": "65.68460", "2016-09-30": "67.64430", "2016-06-30": "63.65300", "2016-03-31": "61.64090", "2015-12-31": "62.31030", "2015-09-30": "62.66260", "2015-06-30": "61.63520", "2015-03-31": "62.13260", "2014-12-31": "64.23390", "2014-09-30": "59.99810", "2014-06-30": "55.24970", "2014-03-31": "61.97390", "2013-12-31": "59.30210", "2013-09-30": "62.79910", "2013-06-30": "61.08990", "2013-03-31": "62.89940", "2012-12-31": "64.55650", "2012-09-30": "63.98850", "2012-06-30": "66.59900", "2012-03-31": "65.58690", "2011-12-31": "66.03220", "2011-09-30": "63.79970", "2011-06-30": "64.74360", "2011-03-31": "64.94820", "2010-12-31": "63.28760", "2010-09-30": "62.32810", "2010-06-30": "59.90660", "2010-03-31": "54.33370", "2009-12-31": "51.44260", "2009-09-30": "76.35750", "2009-06-30": "77.05220", "2009-03-31": "75.23210", "2008-12-31": "75.62250", "2008-09-30": "75.13590", "2008-06-30": "76.92420", "2008-03-31": "78.73450", "2007-12-31": "75.25310", "2007-09-30": "75.01360", "2007-06-30": "74.59990", "2007-03-31": "73.55360", "2006-12-31": "72.38470", "2006-09-30": "71.46050", "2006-06-30": "74.96060", "2006-03-31": "75.18020", "2005-12-31": "74.35310", "2005-09-30": "77.12790", "2005-06-30": "78.77280", "2005-03-31": "76.28960"}, "Operating Margin": {"2020-09-30": "25.73500", "2020-06-30": "29.54380", "2020-03-31": "33.01820", "2019-12-31": "23.26620", "2019-09-30": "21.08580", "2019-06-30": "29.40480", "2019-03-31": "31.50890", "2018-12-31": "25.93200", "2018-09-30": "24.68040", "2018-06-30": "21.65310", "2018-03-31": "11.44760", "2017-12-31": "19.51500", "2017-09-30": "1.41400", "2017-06-30": "25.49850", "2017-03-31": "22.07970", "2016-12-31": "-9.79730", "2016-09-30": "29.13820", "2016-06-30": "16.83260", "2016-03-31": "18.93260", "2015-12-31": "19.10920", "2015-09-30": "23.23040", "2015-06-30": "17.75170", "2015-03-31": "16.10610", "2014-12-31": "14.55830", "2014-09-30": "16.10310", "2014-06-30": "12.84070", "2014-03-31": "20.00200", "2013-12-31": "16.75800", "2013-09-30": "22.34410", "2013-06-30": "13.48770", "2013-03-31": "17.03680", "2012-12-31": "16.73340", "2012-09-30": "20.63020", "2012-06-30": "22.62210", "2012-03-31": "23.51040", "2011-12-31": "16.22740", "2011-09-30": "19.76380", "2011-06-30": "19.80080", "2011-03-31": "18.98960", "2010-12-31": "-3.64640", "2010-09-30": "12.76410", "2010-06-30": "12.71810", "2010-03-31": "8.16840", "2009-12-31": "-2.32240", "2009-09-30": "27.10710", "2009-06-30": "24.08850", "2009-03-31": "22.17750", "2008-12-31": "21.77150", "2008-09-30": "26.32280", "2008-06-30": "25.70810", "2008-03-31": "28.36260", "2007-12-31": "25.57350", "2007-09-30": "19.17160", "2007-06-30": "23.64270", "2007-03-31": "24.46700", "2006-12-31": "5.06610", "2006-09-30": "10.17120", "2006-06-30": "24.60280", "2006-03-31": "26.06570", "2005-12-31": "17.96910", "2005-09-30": "29.04990", "2005-06-30": "29.45770", "2005-03-31": "30.56020"}, "EBIT Margin": {"2020-09-30": "25.73500", "2020-06-30": "29.54380", "2020-03-31": "33.01820", "2019-12-31": "23.26620", "2019-09-30": "21.08580", "2019-06-30": "29.40480", "2019-03-31": "31.50890", "2018-12-31": "25.93200", "2018-09-30": "24.68040", "2018-06-30": "21.65310", "2018-03-31": "11.44760", "2017-12-31": "19.51500", "2017-09-30": "1.41400", "2017-06-30": "25.49850", "2017-03-31": "22.07970", "2016-12-31": "-9.79730", "2016-09-30": "29.13820", "2016-06-30": "16.83260", "2016-03-31": "18.93260", "2015-12-31": "19.10920", "2015-09-30": "23.23040", "2015-06-30": "17.75170", "2015-03-31": "16.10610", "2014-12-31": "14.55830", "2014-09-30": "16.10310", "2014-06-30": "12.84070", "2014-03-31": "20.00200", "2013-12-31": "16.75800", "2013-09-30": "22.34410", "2013-06-30": "13.48770", "2013-03-31": "17.03680", "2012-12-31": "16.73340", "2012-09-30": "20.63020", "2012-06-30": "22.62210", "2012-03-31": "23.51040", "2011-12-31": "16.22740", "2011-09-30": "19.76380", "2011-06-30": "19.80080", "2011-03-31": "18.98960", "2010-12-31": "-3.64640", "2010-09-30": "12.76410", "2010-06-30": "12.71810", "2010-03-31": "8.16840", "2009-12-31": "-2.32240", "2009-09-30": "27.10710", "2009-06-30": "24.08850", "2009-03-31": "22.17750", "2008-12-31": "21.77150", "2008-09-30": "26.32280", "2008-06-30": "25.70810", "2008-03-31": "28.36260", "2007-12-31": "25.57350", "2007-09-30": "19.17160", "2007-06-30": "23.64270", "2007-03-31": "24.46700", "2006-12-31": "5.06610", "2006-09-30": "10.17120", "2006-06-30": "24.60280", "2006-03-31": "26.06570", "2005-12-31": "17.96910", "2005-09-30": "29.04990", "2005-06-30": "29.45770", "2005-03-31": "30.56020"}, "EBITDA Margin": {"2020-09-30": "", "2020-06-30": "", "2020-03-31": "", "2019-12-31": "", "2019-09-30": "", "2019-06-30": "", "2019-03-31": "", "2018-12-31": "", "2018-09-30": "", "2018-06-30": "", "2018-03-31": "", "2017-12-31": "", "2017-09-30": "", "2017-06-30": "", "2017-03-31": "", "2016-12-31": "", "2016-09-30": "", "2016-06-30": "", "2016-03-31": "", "2015-12-31": "", "2015-09-30": "", "2015-06-30": "", "2015-03-31": "", "2014-12-31": "", "2014-09-30": "", "2014-06-30": "", "2014-03-31": "", "2013-12-31": "", "2013-09-30": "", "2013-06-30": "", "2013-03-31": "", "2012-12-31": "", "2012-09-30": "", "2012-06-30": "", "2012-03-31": "", "2011-12-31": "", "2011-09-30": "", "2011-06-30": "", "2011-03-31": "", "2010-12-31": "", "2010-09-30": "", "2010-06-30": "", "2010-03-31": "", "2009-12-31": "", "2009-09-30": "", "2009-06-30": "", "2009-03-31": "", "2008-12-31": "", "2008-09-30": "", "2008-06-30": "", "2008-03-31": "", "2007-12-31": "", "2007-09-30": "", "2007-06-30": "", "2007-03-31": "", "2006-12-31": "", "2006-09-30": "", "2006-06-30": "", "2006-03-31": "", "2005-12-31": "", "2005-09-30": "", "2005-06-30": "", "2005-03-31": ""}, "Pre-Tax Profit Margin": {"2020-09-30": "27.31260", "2020-06-30": "32.36760", "2020-03-31": "31.83210", "2019-12-31": "23.51900", "2019-09-30": "18.93200", "2019-06-30": "27.71260", "2019-03-31": "28.35610", "2018-12-31": "23.68610", "2018-09-30": "24.68960", "2018-06-30": "19.93310", "2018-03-31": "13.40040", "2017-12-31": "18.01020", "2017-09-30": "1.93700", "2017-06-30": "24.56190", "2017-03-31": "21.23170", "2016-12-31": "-13.40580", "2016-09-30": "27.40130", "2016-06-30": "15.27830", "2016-03-31": "17.43990", "2015-12-31": "7.98830", "2015-09-30": "23.79630", "2015-06-30": "8.24730", "2015-03-31": "14.65250", "2014-12-31": "112.67890", "2014-09-30": "14.11390", "2014-06-30": "17.29470", "2014-03-31": "20.37220", "2013-12-31": "10.82160", "2013-09-30": "13.82340", "2013-06-30": "11.30790", "2013-03-31": "14.52540", "2012-12-31": "11.36580", "2012-09-30": "19.30710", "2012-06-30": "21.76920", "2012-03-31": "21.37070", "2011-12-31": "12.85990", "2011-09-30": "19.56410", "2011-06-30": "13.76020", "2011-03-31": "14.93090", "2010-12-31": "-5.80450", "2010-09-30": "4.47640", "2010-06-30": "10.93780", "2010-03-31": "5.39310", "2009-12-31": "64.03220", "2009-09-30": "83.91820", "2009-06-30": "33.34460", "2009-03-31": "33.10930", "2008-12-31": "32.43590", "2008-09-30": "24.26190", "2008-06-30": "34.52530", "2008-03-31": "76.31100", "2007-12-31": "-49.00210", "2007-09-30": "33.99020", "2007-06-30": "36.52520", "2007-03-31": "39.07510", "2006-12-31": "15.08740", "2006-09-30": "22.74880", "2006-06-30": "36.52820", "2006-03-31": "36.42280", "2005-12-31": "26.35970", "2005-09-30": "36.89670", "2005-06-30": "35.20620", "2005-03-31": "35.81930"}, "Net Profit Margin": {"2020-09-30": "23.43240", "2020-06-30": "27.61220", "2020-03-31": "26.69820", "2019-12-31": "19.86180", "2019-09-30": "15.33440", "2019-06-30": "22.70410", "2019-03-31": "26.95080", "2018-12-31": "16.61210", "2018-09-30": "18.06560", "2018-06-30": "16.31150", "2018-03-31": "7.33290", "2017-12-31": "-10.03550", "2017-09-30": "-0.54240", "2017-06-30": "19.59720", "2017-03-31": "16.44050", "2016-12-31": "-5.87250", "2016-09-30": "20.72890", "2016-06-30": "12.24100", "2016-03-31": "12.08120", "2015-12-31": "9.55460", "2015-09-30": "18.12770", "2015-06-30": "7.02100", "2015-03-31": "10.11140", "2014-12-31": "69.79580", "2014-09-30": "8.47780", "2014-06-30": "18.32820", "2014-03-31": "16.61150", "2013-12-31": "6.89930", "2013-09-30": "10.18850", "2013-06-30": "8.22890", "2013-03-31": "14.92830", "2012-12-31": "7.73620", "2012-09-30": "15.05050", "2012-06-30": "14.55610", "2012-03-31": "14.79840", "2011-12-31": "12.24170", "2011-09-30": "14.04920", "2011-06-30": "16.62420", "2011-03-31": "9.00690", "2010-12-31": "-4.41540", "2010-09-30": "3.07420", "2010-06-30": "6.62790", "2010-03-31": "2.61780", "2009-12-31": "63.87870", "2009-09-30": "56.60280", "2009-06-30": "26.37840", "2009-03-31": "26.46140", "2008-12-31": "26.92880", "2008-09-30": "18.38360", "2008-06-30": "29.21940", "2008-03-31": "56.72520", "2007-12-31": "-26.26070", "2007-09-30": "25.11480", "2007-06-30": "27.43070", "2007-03-31": "29.54030", "2006-12-31": "7.84070", "2006-09-30": "17.38500", "2006-06-30": "25.97680", "2006-03-31": "28.09720", "2005-12-31": "19.41900", "2005-09-30": "26.23430", "2005-06-30": "13.17970", "2005-03-31": "25.55110"}, "Asset Turnover": {"2020-09-30": "0.13980", "2020-06-30": "0.12000", "2020-03-31": "0.14200", "2019-12-31": "0.14060", "2019-09-30": "0.14880", "2019-06-30": "0.14010", "2019-03-31": "0.13130", "2018-12-31": "0.13310", "2018-09-30": "0.12680", "2018-06-30": "0.12310", "2018-03-31": "0.11670", "2017-12-31": "0.11870", "2017-09-30": "0.11260", "2017-06-30": "0.10700", "2017-03-31": "0.09770", "2016-12-31": "0.10610", "2016-09-30": "0.10710", "2016-06-30": "0.10200", "2016-03-31": "0.09430", "2015-12-31": "0.10050", "2015-09-30": "0.09950", "2015-06-30": "0.09540", "2015-03-31": "0.08700", "2014-12-31": "0.10680", "2014-09-30": "0.10370", "2014-06-30": "0.11170", "2014-03-31": "0.09460", "2013-12-31": "0.10720", "2013-09-30": "0.10370", "2013-06-30": "0.10300", "2013-03-31": "0.10050", "2012-12-31": "0.11060", "2012-09-30": "0.10810", "2012-06-30": "0.11670", "2012-03-31": "0.11120", "2011-12-31": "0.11690", "2011-09-30": "0.11280", "2011-06-30": "0.11440", "2011-03-31": "0.10940", "2010-12-31": "0.11430", "2010-09-30": "0.10320", "2010-06-30": "0.10690", "2010-03-31": "0.10240", "2009-12-31": "0.08990", "2009-09-30": "0.12410", "2009-06-30": "0.11940", "2009-03-31": "0.11570", "2008-12-31": "0.12780", "2008-09-30": "0.12240", "2008-06-30": "0.12750", "2008-03-31": "0.12380", "2007-12-31": "0.12910", "2007-09-30": "0.13290", "2007-06-30": "0.13830", "2007-03-31": "0.13420", "2006-12-31": "0.13560", "2006-09-30": "0.12380", "2006-06-30": "0.13270", "2006-03-31": "0.12460", "2005-12-31": "0.12860", "2005-09-30": "0.12360", "2005-06-30": "0.12710", "2005-03-31": "0.12440"}, "Inventory Turnover Ratio": {"2020-09-30": "0.56800", "2020-06-30": "0.52160", "2020-03-31": "0.56650", "2019-12-31": "0.61380", "2019-09-30": "0.68150", "2019-06-30": "0.58170", "2019-03-31": "0.53430", "2018-12-31": "0.60460", "2018-09-30": "0.66820", "2018-06-30": "0.65990", "2018-03-31": "0.59160", "2017-12-31": "0.67500", "2017-09-30": "0.62830", "2017-06-30": "0.57630", "2017-03-31": "0.59250", "2016-12-31": "0.71330", "2016-09-30": "0.65010", "2016-06-30": "0.68180", "2016-03-31": "0.70010", "2015-12-31": "0.81910", "2015-09-30": "0.73410", "2015-06-30": "0.70750", "2015-03-31": "0.64430", "2014-12-31": "0.67290", "2014-09-30": "0.72570", "2014-06-30": "0.79740", "2014-03-31": "0.61210", "2013-12-31": "0.74000", "2013-09-30": "0.60880", "2013-06-30": "0.63320", "2013-03-31": "0.58450", "2012-12-31": "0.63660", "2012-09-30": "0.61460", "2012-06-30": "0.65800", "2012-03-31": "0.63690", "2011-12-31": "0.66770", "2011-09-30": "0.69750", "2011-06-30": "0.68820", "2011-03-31": "0.67010", "2010-12-31": "0.75660", "2010-09-30": "0.66910", "2010-06-30": "0.72850", "2010-03-31": "0.76420", "2009-12-31": "0.60900", "2009-09-30": "0.68230", "2009-06-30": "0.62820", "2009-03-31": "0.62680", "2008-12-31": "0.70330", "2008-09-30": "0.66330", "2008-06-30": "0.63750", "2008-03-31": "0.59620", "2007-12-31": "0.82130", "2007-09-30": "0.82060", "2007-06-30": "0.88220", "2007-03-31": "0.88360", "2006-12-31": "0.94330", "2006-09-30": "0.82540", "2006-06-30": "0.88100", "2006-03-31": "0.80680", "2005-12-31": "0.89190", "2005-09-30": "0.70810", "2005-06-30": "0.64080", "2005-03-31": "0.72380"}, "Receiveable Turnover": {"2020-09-30": "1.49030", "2020-06-30": "1.43490", "2020-03-31": "1.47360", "2019-12-31": "1.75080", "2019-09-30": "1.46850", "2019-06-30": "1.47660", "2019-03-31": "1.42170", "2018-12-31": "1.55540", "2018-09-30": "1.46380", "2018-06-30": "1.43610", "2018-03-31": "1.38540", "2017-12-31": "1.51800", "2017-09-30": "1.34600", "2017-06-30": "1.33490", "2017-03-31": "1.33510", "2016-12-31": "1.44130", "2016-09-30": "1.43070", "2016-06-30": "1.42340", "2016-03-31": "1.35940", "2015-12-31": "1.57540", "2015-09-30": "1.57050", "2015-06-30": "1.50310", "2015-03-31": "1.41300", "2014-12-31": "1.58200", "2014-09-30": "1.62040", "2014-06-30": "1.55710", "2014-03-31": "1.42790", "2013-12-31": "1.57570", "2013-09-30": "1.45580", "2013-06-30": "1.41530", "2013-03-31": "1.33970", "2012-12-31": "1.52980", "2012-09-30": "1.44470", "2012-06-30": "1.51020", "2012-03-31": "1.34440", "2011-12-31": "1.48820", "2011-09-30": "1.47760", "2011-06-30": "1.43370", "2011-03-31": "1.45570", "2010-12-31": "1.64680", "2010-09-30": "1.52450", "2010-06-30": "1.80780", "2010-03-31": "1.52340", "2009-12-31": "1.52860", "2009-09-30": "1.59040", "2009-06-30": "1.61050", "2009-03-31": "1.50860", "2008-12-31": "2.07460", "2008-09-30": "1.63180", "2008-06-30": "1.65940", "2008-03-31": "1.54810", "2007-12-31": "1.71680", "2007-09-30": "1.73470", "2007-06-30": "1.69410", "2007-03-31": "1.43650", "2006-12-31": "1.82340", "2006-09-30": "1.75580", "2006-06-30": "1.87110", "2006-03-31": "1.77910", "2005-12-31": "1.96970", "2005-09-30": "1.48500", "2005-06-30": "1.55920", "2005-03-31": "1.41180"}, "Days Sales In Receivables": {"2020-09-30": "60.39200", "2020-06-30": "62.72350", "2020-03-31": "61.07490", "2019-12-31": "51.40470", "2019-09-30": "61.28740", "2019-06-30": "60.94900", "2019-03-31": "63.30620", "2018-12-31": "57.86420", "2018-09-30": "61.48420", "2018-06-30": "62.66890", "2018-03-31": "64.96460", "2017-12-31": "59.28980", "2017-09-30": "66.86590", "2017-06-30": "67.42300", "2017-03-31": "67.40940", "2016-12-31": "62.44390", "2016-09-30": "62.90430", "2016-06-30": "63.23040", "2016-03-31": "66.20490", "2015-12-31": "57.12780", "2015-09-30": "57.30770", "2015-06-30": "59.87740", "2015-03-31": "63.69230", "2014-12-31": "56.89180", "2014-09-30": "55.54140", "2014-06-30": "57.79950", "2014-03-31": "63.02810", "2013-12-31": "57.11660", "2013-09-30": "61.82200", "2013-06-30": "63.58860", "2013-03-31": "67.17740", "2012-12-31": "58.82930", "2012-09-30": "62.29810", "2012-06-30": "59.59550", "2012-03-31": "66.94570", "2011-12-31": "60.47580", "2011-09-30": "60.90830", "2011-06-30": "62.77260", "2011-03-31": "61.82640", "2010-12-31": "54.65190", "2010-09-30": "59.03600", "2010-06-30": "49.78400", "2010-03-31": "59.07840", "2009-12-31": "58.87830", "2009-09-30": "56.58970", "2009-06-30": "55.88330", "2009-03-31": "59.65850", "2008-12-31": "43.38270", "2008-09-30": "55.15470", "2008-06-30": "54.23680", "2008-03-31": "58.13570", "2007-12-31": "52.42170", "2007-09-30": "51.88320", "2007-06-30": "53.12610", "2007-03-31": "62.65090", "2006-12-31": "49.35920", "2006-09-30": "51.25800", "2006-06-30": "48.10070", "2006-03-31": "50.58650", "2005-12-31": "45.69150", "2005-09-30": "60.60650", "2005-06-30": "57.72350", "2005-03-31": "63.74790"}, "ROE - Return On Equity": {"2020-09-30": "10.06150", "2020-06-30": "10.84920", "2020-03-31": "12.23950", "2019-12-31": "9.09200", "2019-09-30": "7.08260", "2019-06-30": "9.53240", "2019-03-31": "10.34330", "2018-12-31": "6.61410", "2018-09-30": "5.99580", "2018-06-30": "5.23710", "2018-03-31": "2.18580", "2017-12-31": "-3.00270", "2017-09-30": "-0.13250", "2017-06-30": "4.91290", "2017-03-31": "3.88150", "2016-12-31": "-1.45380", "2016-09-30": "4.97760", "2016-06-30": "2.78280", "2016-03-31": "2.57400", "2015-12-31": "2.19360", "2015-09-30": "4.00840", "2015-06-30": "1.47520", "2015-03-31": "1.99930", "2014-12-31": "15.01920", "2014-09-30": "1.85630", "2014-06-30": "4.19040", "2014-03-31": "3.29310", "2013-12-31": "1.55950", "2013-09-30": "2.29970", "2013-06-30": "1.86610", "2013-03-31": "2.90620", "2012-12-31": "1.71110", "2012-09-30": "3.02860", "2012-06-30": "3.15570", "2012-03-31": "3.08300", "2011-12-31": "2.70970", "2011-09-30": "2.99330", "2011-06-30": "3.54610", "2011-03-31": "1.88430", "2010-12-31": "-0.88020", "2010-09-30": "0.64080", "2010-06-30": "1.35260", "2010-03-31": "0.54690", "2009-12-31": "10.60840", "2009-09-30": "13.63080", "2009-06-30": "6.98560", "2009-03-31": "6.61680", "2008-12-31": "7.91040", "2008-09-30": "5.74270", "2008-06-30": "8.88230", "2008-03-31": "17.08120", "2007-12-31": "-8.30040", "2007-09-30": "7.36180", "2007-06-30": "8.60920", "2007-03-31": "9.22280", "2006-12-31": "2.69880", "2006-09-30": "4.87730", "2006-06-30": "7.76890", "2006-03-31": "8.06530", "2005-12-31": "6.22830", "2005-09-30": "7.99230", "2005-06-30": "4.14490", "2005-03-31": "7.76300"}, "Return On Tangible Equity": {"2020-09-30": "-38.47160", "2020-06-30": "-33.86210", "2020-03-31": "-33.66100", "2019-12-31": "-31.02360", "2019-09-30": "-39.22250", "2019-06-30": "-51.49980", "2019-03-31": "-190.92730", "2018-12-31": "-39.73180", "2018-09-30": "88.07920", "2018-06-30": "107.65370", "2018-03-31": "35.33620", "2017-12-31": "-49.38150", "2017-09-30": "-1.01570", "2017-06-30": "37.26840", "2017-03-31": "31.97040", "2016-12-31": "-12.10490", "2016-09-30": "42.14990", "2016-06-30": "22.71700", "2016-03-31": "23.77450", "2015-12-31": "22.10720", "2015-09-30": "43.65760", "2015-06-30": "16.45540", "2015-03-31": "23.38300", "2014-12-31": "47.54430", "2014-09-30": "7.13920", "2014-06-30": "11.35950", "2014-03-31": "8.68670", "2013-12-31": "5.02960", "2013-09-30": "8.92650", "2013-06-30": "8.07850", "2013-03-31": "10.56830", "2012-12-31": "6.66150", "2012-09-30": "11.21570", "2012-06-30": "13.09820", "2012-03-31": "14.53360", "2011-12-31": "14.71490", "2011-09-30": "18.05990", "2011-06-30": "24.23600", "2011-03-31": "15.92330", "2010-12-31": "-10.05830", "2010-09-30": "14.23600", "2010-06-30": "36.13120", "2010-03-31": "13.18890", "2009-12-31": "385.95270", "2009-09-30": "14.79510", "2009-06-30": "7.66680", "2009-03-31": "7.29790", "2008-12-31": "8.71950", "2008-09-30": "6.39520", "2008-06-30": "9.87190", "2008-03-31": "19.14960", "2007-12-31": "-9.42390", "2007-09-30": "8.23750", "2007-06-30": "9.73960", "2007-03-31": "10.54600", "2006-12-31": "3.12100", "2006-09-30": "5.35410", "2006-06-30": "8.55040", "2006-03-31": "8.79760", "2005-12-31": "6.83860", "2005-09-30": "8.80420", "2005-06-30": "4.58690", "2005-03-31": "8.60020"}, "ROA - Return On Assets": {"2020-09-30": "3.27950", "2020-06-30": "3.32170", "2020-03-31": "3.79090", "2019-12-31": "2.80100", "2019-09-30": "2.28850", "2019-06-30": "3.14890", "2019-03-31": "3.47520", "2018-12-31": "2.15160", "2018-09-30": "2.30000", "2018-06-30": "2.01790", "2018-03-31": "0.86120", "2017-12-31": "-1.18130", "2017-09-30": "-0.05560", "2017-06-30": "2.10230", "2017-03-31": "1.61140", "2016-12-31": "-0.61440", "2016-09-30": "2.22500", "2016-06-30": "1.25320", "2016-03-31": "1.14420", "2015-12-31": "0.96580", "2015-09-30": "1.80870", "2015-06-30": "0.67070", "2015-03-31": "0.88420", "2014-12-31": "7.46480", "2014-09-30": "0.82700", "2014-06-30": "2.07750", "2014-03-31": "1.59600", "2013-12-31": "0.77240", "2013-09-30": "1.08060", "2013-06-30": "0.87480", "2013-03-31": "1.52170", "2012-12-31": "0.89420", "2012-09-30": "1.65850", "2012-06-30": "1.72470", "2012-03-31": "1.67470", "2011-12-31": "1.46770", "2011-09-30": "1.61830", "2011-06-30": "1.93420", "2011-03-31": "1.01170", "2010-12-31": "-0.47270", "2010-09-30": "0.34500", "2010-06-30": "0.73470", "2010-03-31": "0.29570", "2009-12-31": "5.80750", "2009-09-30": "7.08930", "2009-06-30": "3.21470", "2009-03-31": "3.12790", "2008-12-31": "3.54780", "2008-09-30": "2.31510", "2008-06-30": "3.79120", "2008-03-31": "7.08850", "2007-12-31": "-3.12180", "2007-09-30": "3.33800", "2007-06-30": "3.79420", "2007-03-31": "3.96420", "2006-12-31": "1.06330", "2006-09-30": "2.15150", "2006-06-30": "3.44840", "2006-03-31": "3.50090", "2005-12-31": "2.49680", "2005-09-30": "3.24180", "2005-06-30": "1.67560", "2005-03-31": "3.17760"}, "ROI - Return On Investment": {"2020-09-30": "5.29760", "2020-06-30": "5.58440", "2020-03-31": "6.71510", "2019-12-31": "4.85050", "2019-09-30": "3.84460", "2019-06-30": "5.23480", "2019-03-31": "5.67960", "2018-12-31": "3.80830", "2018-09-30": "3.72300", "2018-06-30": "3.25460", "2018-03-31": "1.33750", "2017-12-31": "-1.85620", "2017-09-30": "-0.08450", "2017-06-30": "3.17660", "2017-03-31": "2.44940", "2016-12-31": "-0.90740", "2016-09-30": "3.23610", "2016-06-30": "1.80210", "2016-03-31": "1.67270", "2015-12-31": "1.43160", "2015-09-30": "2.62310", "2015-06-30": "0.97300", "2015-03-31": "1.30480", "2014-12-31": "10.85790", "2014-09-30": "1.31710", "2014-06-30": "3.02950", "2014-03-31": "2.39910", "2013-12-31": "1.11990", "2013-09-30": "1.58290", "2013-06-30": "1.28730", "2013-03-31": "2.25400", "2012-12-31": "1.32330", "2012-09-30": "2.32640", "2012-06-30": "2.50240", "2012-03-31": "2.43580", "2011-12-31": "2.12920", "2011-09-30": "2.35240", "2011-06-30": "2.78680", "2011-03-31": "1.47760", "2010-12-31": "-0.69170", "2010-09-30": "0.51610", "2010-06-30": "1.09090", "2010-03-31": "0.43640", "2009-12-31": "8.40760", "2009-09-30": "10.29770", "2009-06-30": "5.13720", "2009-03-31": "5.61210", "2008-12-31": "6.66820", "2008-09-30": "4.78060", "2008-06-30": "7.43830", "2008-03-31": "14.19750", "2007-12-31": "-6.82970", "2007-09-30": "6.20240", "2007-06-30": "7.10160", "2007-03-31": "7.09400", "2006-12-31": "2.05060", "2006-09-30": "3.90700", "2006-06-30": "6.23220", "2006-03-31": "6.43830", "2005-12-31": "4.84650", "2005-09-30": "6.20400", "2005-06-30": "3.12520", "2005-03-31": "5.87910"}, "Book Value Per Share": {"2020-09-30": "11.57030", "2020-06-30": "10.96960", "2020-03-31": "10.41990", "2019-12-31": "10.24060", "2019-09-30": "10.55510", "2019-06-30": "10.80610", "2019-03-31": "10.71210", "2018-12-31": "10.36890", "2018-09-30": "12.28250", "2018-06-30": "12.27170", "2018-03-31": "12.59100", "2017-12-31": "12.81940", "2017-09-30": "14.12080", "2017-06-30": "14.56180", "2017-03-31": "14.62830", "2016-12-31": "14.66420", "2016-09-30": "15.91690", "2016-06-30": "15.70930", "2016-03-31": "15.85130", "2015-12-31": "16.09670", "2015-09-30": "16.30090", "2015-06-30": "16.51510", "2015-03-31": "16.94150", "2014-12-31": "17.19120", "2014-09-30": "15.85550", "2014-06-30": "16.73130", "2014-03-31": "17.94280", "2013-12-31": "17.87380", "2013-09-30": "17.08670", "2013-06-30": "17.12130", "2013-03-31": "18.42860", "2012-12-31": "18.32500", "2012-09-30": "19.12100", "2012-06-30": "18.97820", "2012-03-31": "18.84100", "2011-12-31": "18.72510", "2011-09-30": "18.87190", "2011-06-30": "18.78750", "2011-03-31": "18.42260", "2010-12-31": "18.43060", "2010-09-30": "18.84740", "2010-06-30": "18.71470", "2010-03-31": "19.35540", "2009-12-31": "19.78140", "2009-09-30": "12.01860", "2009-06-30": "10.78150", "2009-03-31": "10.43380", "2008-12-31": "10.04280", "2008-09-30": "9.25700", "2008-06-30": "9.45450", "2008-03-31": "9.09450", "2007-12-31": "8.37040", "2007-09-30": "9.52700", "2007-06-30": "8.98260", "2007-03-31": "8.53720", "2006-12-31": "8.10030", "2006-09-30": "8.87680", "2006-06-30": "8.86140", "2006-03-31": "8.62660", "2005-12-31": "8.23940", "2005-09-30": "8.11920", "2005-06-30": "7.90950", "2005-03-31": "8.00260"}, "Operating Cash Flow Per Share": {"2020-09-30": 0.8549, "2020-06-30": 1.3289, "2020-03-31": "0.27760", "2019-12-31": 1.8477, "2019-09-30": 1.6537, "2019-06-30": 1.1946, "2019-03-31": "0.51330", "2018-12-31": 1.3398, "2018-09-30": 1.0542, "2018-06-30": 1.2567, "2018-03-31": "0.42620", "2017-12-31": 1.4557, "2017-09-30": -0.4174, "2017-06-30": 1.2058, "2017-03-31": "0.10340", "2016-12-31": 1.3023, "2016-09-30": 1.0679, "2016-06-30": 0.5753, "2016-03-31": "0.77750", "2015-12-31": 1.4894, "2015-09-30": 1.1761, "2015-06-30": 0.9505, "2015-03-31": "0.79720", "2014-12-31": -0.3715, "2014-09-30": 1.5144, "2014-06-30": 0.7909, "2014-03-31": "0.79470", "2013-12-31": 0.975, "2013-09-30": 1.3604, "2013-06-30": 0.7877, "2013-03-31": "0.76680", "2012-12-31": 0.5907, "2012-09-30": 1.0157, "2012-06-30": 0.951, "2012-03-31": "0.70070", "2011-12-31": 1.0421, "2011-09-30": 1.4898, "2011-06-30": 0.916, "2011-03-31": "0.55440", "2010-12-31": 1.1208, "2010-09-30": 0.8467, "2010-06-30": 1.0662, "2010-03-31": "0.43490", "2009-12-31": 0.9485, "2009-09-30": -0.1489, "2009-06-30": 0.3548, "2009-03-31": "0.33790", "2008-12-31": 0.4593, "2008-09-30": 0.7909, "2008-06-30": 0.6527, "2008-03-31": "1.16380", "2007-12-31": 1.0751, "2007-09-30": 1.3787, "2007-06-30": 1.3521, "2007-03-31": "-0.60960", "2006-12-31": 0.8098, "2006-09-30": 0.6791, "2006-06-30": 1.0069, "2006-03-31": "0.59660", "2005-12-31": 1.0255, "2005-09-30": 1.0198, "2005-06-30": 0.8065, "2005-03-31": "0.60600"}, "Free Cash Flow Per Share": {"2020-09-30": 0.2581, "2020-06-30": 1.0638, "2020-03-31": "-0.10950", "2019-12-31": 1.4099, "2019-09-30": 1.2775, "2019-06-30": 0.8911, "2019-03-31": "0.28470", "2018-12-31": 0.9933, "2018-09-30": 0.8078, "2018-06-30": 1.0396, "2018-03-31": "0.26010", "2017-12-31": 1.1988, "2017-09-30": -0.5815, "2017-06-30": 1.0624, "2017-03-31": "-0.01920", "2016-12-31": 1.1048, "2016-09-30": 0.9208, "2016-06-30": 0.4407, "2016-03-31": "0.67760", "2015-12-31": 1.3163, "2015-09-30": 1.0639, "2015-06-30": 0.855, "2015-03-31": "0.72640", "2014-12-31": -0.5372, "2014-09-30": 1.4022, "2014-06-30": 0.688, "2014-03-31": "0.72570", "2013-12-31": 0.8364, "2013-09-30": 1.2361, "2013-06-30": 0.6489, "2013-03-31": "0.65180", "2012-12-31": 0.3374, "2012-09-30": 0.8819, "2012-06-30": 0.8106, "2012-03-31": "0.59300", "2011-12-31": 0.8475, "2011-09-30": 1.349, "2011-06-30": 0.7988, "2011-03-31": "0.45010", "2010-12-31": 0.9111, "2010-09-30": 0.7362, "2010-06-30": 0.9578, "2010-03-31": "0.32570", "2009-12-31": 0.7332, "2009-09-30": -0.2919, "2009-06-30": 0.1818, "2009-03-31": "0.22640", "2008-12-31": 0.2823, "2008-09-30": 0.6562, "2008-06-30": 0.5158, "2008-03-31": "1.00670", "2007-12-31": 0.9446, "2007-09-30": 1.2636, "2007-06-30": 1.2281, "2007-03-31": "-0.70170", "2006-12-31": 0.675, "2006-09-30": 0.5764, "2006-06-30": 0.8865, "2006-03-31": "0.50640", "2005-12-31": 0.8414, "2005-09-30": 0.8667, "2005-06-30": 0.6615, "2005-03-31": "0.45070"}}, "revenue": {"Merck Annual Revenue (Millions of US $)": {"2020": "$47,994", "2019": "$46,840", "2018": "$42,294", "2017": "$40,122", "2016": "$39,807", "2015": "$39,498", "2014": "$42,237", "2013": "$44,033", "2012": "$47,267", "2011": "$48,047", "2010": "$45,987", "2009": "$27,428", "2008": "$23,850", "2007": "$24,198", "2006": "$22,636", "2005": "$22,012"}, "Merck Quarterly Revenue (Millions of US $)": {"2020-12-31": "$12,514", "2020-09-30": "$12,551", "2020-06-30": "$10,872", "2020-03-31": "$12,057", "2019-12-31": "$11,867", "2019-09-30": "$12,397", "2019-06-30": "$11,760", "2019-03-31": "$10,816", "2018-12-31": "$10,998", "2018-09-30": "$10,794", "2018-06-30": "$10,465", "2018-03-31": "$10,037", "2017-12-31": "$10,433", "2017-09-30": "$10,325", "2017-06-30": "$9,930", "2017-03-31": "$9,434", "2016-12-31": "$10,115", "2016-09-30": "$10,536", "2016-06-30": "$9,844", "2016-03-31": "$9,312", "2015-12-31": "$10,215", "2015-09-30": "$10,073", "2015-06-30": "$9,785", "2015-03-31": "$9,425", "2014-12-31": "$10,482", "2014-09-30": "$10,557", "2014-06-30": "$10,934", "2014-03-31": "$10,264", "2013-12-31": "$11,320", "2013-09-30": "$11,032", "2013-06-30": "$11,010", "2013-03-31": "$10,671", "2012-12-31": "$11,737", "2012-09-30": "$11,488", "2012-06-30": "$12,311", "2012-03-31": "$11,731", "2011-12-31": "$12,294", "2011-09-30": "$12,022", "2011-06-30": "$12,151", "2011-03-31": "$11,580", "2010-12-31": "$12,094", "2010-09-30": "$11,125", "2010-06-30": "$11,346", "2010-03-31": "$11,422", "2009-12-31": "$10,093", "2009-09-30": "$6,050", "2009-06-30": "$5,900", "2009-03-31": "$5,385", "2008-12-31": "$6,032", "2008-09-30": "$5,944", "2008-06-30": "$6,052", "2008-03-31": "$5,822", "2007-12-31": "$6,243", "2007-09-30": "$6,074", "2007-06-30": "$6,111", "2007-03-31": "$5,769", "2006-12-31": "$6,044", "2006-09-30": "$5,410", "2006-06-30": "$5,772", "2006-03-31": "$5,410", "2005-12-31": "$5,766", "2005-09-30": "$5,416", "2005-06-30": "$5,468", "2005-03-31": "$5,362"}}, "gross-profit": {"Merck Annual Gross Profit (Millions of US $)": {"2020": "$32,509", "2019": "$32,728", "2018": "$28,785", "2017": "$27,210", "2016": "$25,777", "2015": "$24,564", "2014": "$25,469", "2013": "$27,079", "2012": "$30,821", "2011": "$31,176", "2010": "$27,591", "2009": "$18,409", "2008": "$18,267", "2007": "$18,057", "2006": "$16,635", "2005": "$16,862"}, "Merck Quarterly Gross Profit (Millions of US $)": {"2020-12-31": "$6,982", "2020-09-30": "$9,070", "2020-06-30": "$7,713", "2020-03-31": "$8,745", "2019-12-31": "$8,198", "2019-09-30": "$8,407", "2019-06-30": "$8,359", "2019-03-31": "$7,764", "2018-12-31": "$7,709", "2018-09-30": "$7,175", "2018-06-30": "$7,048", "2018-03-31": "$6,853", "2017-12-31": "$6,993", "2017-09-30": "$7,018", "2017-06-30": "$6,814", "2017-03-31": "$6,385", "2016-12-31": "$6,644", "2016-09-30": "$7,127", "2016-06-30": "$6,266", "2016-03-31": "$5,740", "2015-12-31": "$6,365", "2015-09-30": "$6,312", "2015-06-30": "$6,031", "2015-03-31": "$5,856", "2014-12-31": "$6,733", "2014-09-30": "$6,334", "2014-06-30": "$6,041", "2014-03-31": "$6,361", "2013-12-31": "$6,713", "2013-09-30": "$6,928", "2013-06-30": "$6,726", "2013-03-31": "$6,712", "2012-12-31": "$7,577", "2012-09-30": "$7,351", "2012-06-30": "$8,199", "2012-03-31": "$7,694", "2011-12-31": "$8,118", "2011-09-30": "$7,670", "2011-06-30": "$7,867", "2011-03-31": "$7,521", "2010-12-31": "$7,654", "2010-09-30": "$6,934", "2010-06-30": "$6,797", "2010-03-31": "$6,206", "2009-12-31": "$5,192", "2009-09-30": "$4,619", "2009-06-30": "$4,546", "2009-03-31": "$4,051", "2008-12-31": "$4,562", "2008-09-30": "$4,466", "2008-06-30": "$4,655", "2008-03-31": "$4,584", "2007-12-31": "$4,698", "2007-09-30": "$4,556", "2007-06-30": "$4,559", "2007-03-31": "$4,244", "2006-12-31": "$4,375", "2006-09-30": "$3,866", "2006-06-30": "$4,327", "2006-03-31": "$4,067", "2005-12-31": "$4,287", "2005-09-30": "$4,177", "2005-06-30": "$4,307", "2005-03-31": "$4,091"}}, "operating-income": {"Merck Annual Operating Income (Millions of US $)": {"2020": "$8,483", "2019": "$12,241", "2018": "$8,931", "2017": "$6,797", "2016": "$5,499", "2015": "$7,547", "2014": "$6,683", "2013": "$7,665", "2012": "$9,877", "2011": "$8,976", "2010": "$3,355", "2009": "$4,021", "2008": "$6,085", "2007": "$5,618", "2006": "$3,687", "2005": "$5,859"}, "Merck Quarterly Operating Income (Millions of US $)": {"2020-12-31": "$-1,942", "2020-09-30": "$3,230", "2020-06-30": "$3,212", "2020-03-31": "$3,981", "2019-12-31": "$2,761", "2019-09-30": "$2,614", "2019-06-30": "$3,458", "2019-03-31": "$3,408", "2018-12-31": "$2,852", "2018-09-30": "$2,664", "2018-06-30": "$2,266", "2018-03-31": "$1,149", "2017-12-31": "$2,036", "2017-09-30": "$146", "2017-06-30": "$2,532", "2017-03-31": "$2,083", "2016-12-31": "$-991", "2016-09-30": "$3,070", "2016-06-30": "$1,657", "2016-03-31": "$1,763", "2015-12-31": "$1,952", "2015-09-30": "$2,340", "2015-06-30": "$1,737", "2015-03-31": "$1,518", "2014-12-31": "$1,526", "2014-09-30": "$1,700", "2014-06-30": "$1,404", "2014-03-31": "$2,053", "2013-12-31": "$1,897", "2013-09-30": "$2,465", "2013-06-30": "$1,485", "2013-03-31": "$1,818", "2012-12-31": "$1,964", "2012-09-30": "$2,370", "2012-06-30": "$2,785", "2012-03-31": "$2,758", "2011-12-31": "$1,995", "2011-09-30": "$2,376", "2011-06-30": "$2,406", "2011-03-31": "$2,199", "2010-12-31": "$-441", "2010-09-30": "$1,420", "2010-06-30": "$1,443", "2010-03-31": "$933", "2009-12-31": "$-234", "2009-09-30": "$1,640", "2009-06-30": "$1,421", "2009-03-31": "$1,194", "2008-12-31": "$1,313", "2008-09-30": "$1,565", "2008-06-30": "$1,556", "2008-03-31": "$1,651", "2007-12-31": "$1,597", "2007-09-30": "$1,165", "2007-06-30": "$1,445", "2007-03-31": "$1,412", "2006-12-31": "$306", "2006-09-30": "$550", "2006-06-30": "$1,420", "2006-03-31": "$1,410", "2005-12-31": "$1,036", "2005-09-30": "$1,573", "2005-06-30": "$1,611", "2005-03-31": "$1,639"}}, "ebitda": {"Merck Annual EBITDA (Millions of US $)": {"2019": "$15,893", "2018": "$13,450", "2017": "$11,473", "2016": "$10,970", "2015": "$13,922", "2014": "$13,374", "2013": "$14,653", "2012": "$16,855", "2011": "$16,403", "2010": "$10,736", "2009": "$6,597", "2008": "$7,716", "2007": "$7,606", "2006": "$5,955", "2005": "$7,567"}, "Merck Quarterly EBITDA (Millions of US $)": {"2020-09-30": "$4,082", "2020-06-30": "$4,260", "2020-03-31": "$4,802", "2019-12-31": "$3,697", "2019-09-30": "$3,459", "2019-06-30": "$4,431", "2019-03-31": "$4,306", "2018-12-31": "$3,850", "2018-09-30": "$3,758", "2018-06-30": "$3,556", "2018-03-31": "$2,286", "2017-12-31": "$3,203", "2017-09-30": "$1,300", "2017-06-30": "$3,694", "2017-03-31": "$3,276", "2016-12-31": "$194", "2016-09-30": "$4,245", "2016-06-30": "$3,207", "2016-03-31": "$3,324", "2015-12-31": "$3,512", "2015-09-30": "$3,910", "2015-06-30": "$3,345", "2015-03-31": "$3,155", "2014-12-31": "$3,099", "2014-09-30": "$3,311", "2014-06-30": "$3,157", "2014-03-31": "$3,807", "2013-12-31": "$3,851", "2013-09-30": "$4,170", "2013-06-30": "$3,140", "2013-03-31": "$3,492", "2012-12-31": "$3,625", "2012-09-30": "$4,093", "2012-06-30": "$4,589", "2012-03-31": "$4,548", "2011-12-31": "$3,856", "2011-09-30": "$4,279", "2011-06-30": "$4,238", "2011-03-31": "$4,030", "2010-12-31": "$1,425", "2010-09-30": "$3,300", "2010-06-30": "$3,391", "2010-03-31": "$2,620", "2009-12-31": "$1,015", "2009-09-30": "$2,034", "2009-06-30": "$1,911", "2009-03-31": "$1,638", "2008-12-31": "$1,787", "2008-09-30": "$1,956", "2008-06-30": "$1,931", "2008-03-31": "$2,042", "2007-12-31": "$2,096", "2007-09-30": "$1,653", "2007-06-30": "$1,945", "2007-03-31": "$1,912", "2006-12-31": "$849", "2006-09-30": "$1,114", "2006-06-30": "$1,959", "2006-03-31": "$2,034", "2005-12-31": "$1,542", "2005-09-30": "$1,997", "2005-06-30": "$2,010", "2005-03-31": "$2,019"}}, "net-income": {"Merck Annual Net Income (Millions of US $)": {"2020": "$7,067", "2019": "$9,843", "2018": "$6,220", "2017": "$2,394", "2016": "$3,920", "2015": "$4,442", "2014": "$11,920", "2013": "$4,404", "2012": "$6,165", "2011": "$6,257", "2010": "$859", "2009": "$12,853", "2008": "$7,788", "2007": "$3,267", "2006": "$4,434", "2005": "$4,631"}, "Merck Quarterly Net Income (Millions of US $)": {"2020-12-31": "$-2,094", "2020-09-30": "$2,941", "2020-06-30": "$3,002", "2020-03-31": "$3,219", "2019-12-31": "$2,357", "2019-09-30": "$1,901", "2019-06-30": "$2,670", "2019-03-31": "$2,915", "2018-12-31": "$1,827", "2018-09-30": "$1,950", "2018-06-30": "$1,707", "2018-03-31": "$736", "2017-12-31": "$-1,047", "2017-09-30": "$-56", "2017-06-30": "$1,946", "2017-03-31": "$1,551", "2016-12-31": "$-594", "2016-09-30": "$2,184", "2016-06-30": "$1,205", "2016-03-31": "$1,125", "2015-12-31": "$976", "2015-09-30": "$1,826", "2015-06-30": "$687", "2015-03-31": "$953", "2014-12-31": "$7,316", "2014-09-30": "$895", "2014-06-30": "$2,004", "2014-03-31": "$1,705", "2013-12-31": "$781", "2013-09-30": "$1,124", "2013-06-30": "$906", "2013-03-31": "$1,593", "2012-12-31": "$908", "2012-09-30": "$1,729", "2012-06-30": "$1,792", "2012-03-31": "$1,736", "2011-12-31": "$1,505", "2011-09-30": "$1,689", "2011-06-30": "$2,020", "2011-03-31": "$1,043", "2010-12-31": "$-534", "2010-09-30": "$342", "2010-06-30": "$752", "2010-03-31": "$299", "2009-12-31": "$6,447", "2009-09-30": "$3,424", "2009-06-30": "$1,556", "2009-03-31": "$1,425", "2008-12-31": "$1,624", "2008-09-30": "$1,093", "2008-06-30": "$1,768", "2008-03-31": "$3,303", "2007-12-31": "$-1,639", "2007-09-30": "$1,526", "2007-06-30": "$1,676", "2007-03-31": "$1,704", "2006-12-31": "$474", "2006-09-30": "$941", "2006-06-30": "$1,499", "2006-03-31": "$1,520", "2005-12-31": "$1,120", "2005-09-30": "$1,421", "2005-06-30": "$721", "2005-03-31": "$1,370"}}, "eps-earnings-per-share-diluted": {"Merck Annual EPS": {"2020": "$2.78", "2019": "$3.81", "2018": "$2.32", "2017": "$0.87", "2016": "$1.41", "2015": "$1.56", "2014": "$4.07", "2013": "$1.47", "2012": "$2.00", "2011": "$2.02", "2010": "$0.28", "2009": "$5.65", "2008": "$3.63", "2007": "$1.49", "2006": "$2.03", "2005": "$2.10"}, "Merck Quarterly EPS": {"2020-12-31": "$-0.83", "2020-09-30": "$1.16", "2020-06-30": "$1.18", "2020-03-31": "$1.26", "2019-12-31": "$0.92", "2019-09-30": "$0.74", "2019-06-30": "$1.03", "2019-03-31": "$1.12", "2018-12-31": "$0.69", "2018-09-30": "$0.73", "2018-06-30": "$0.63", "2018-03-31": "$0.27", "2017-12-31": "$-0.38", "2017-09-30": "$-0.02", "2017-06-30": "$0.71", "2017-03-31": "$0.56", "2016-12-31": "$-0.20", "2016-09-30": "$0.78", "2016-06-30": "$0.43", "2016-03-31": "$0.40", "2015-12-31": "$0.35", "2015-09-30": "$0.64", "2015-06-30": "$0.24", "2015-03-31": "$0.33", "2014-12-31": "$2.51", "2014-09-30": "$0.31", "2014-06-30": "$0.68", "2014-03-31": "$0.57", "2013-12-31": "$0.27", "2013-09-30": "$0.38", "2013-06-30": "$0.30", "2013-03-31": "$0.52", "2012-12-31": "$0.30", "2012-09-30": "$0.56", "2012-06-30": "$0.58", "2012-03-31": "$0.56", "2011-12-31": "$0.48", "2011-09-30": "$0.55", "2011-06-30": "$0.65", "2011-03-31": "$0.34", "2010-12-31": "$-0.16", "2010-09-30": "$0.11", "2010-06-30": "$0.24", "2010-03-31": "$0.09", "2009-12-31": "$2.63", "2009-09-30": "$1.61", "2009-06-30": "$0.74", "2009-03-31": "$0.67", "2008-12-31": "$0.78", "2008-09-30": "$0.51", "2008-06-30": "$0.82", "2008-03-31": "$1.52", "2007-12-31": "$-0.76", "2007-09-30": "$0.70", "2007-06-30": "$0.77", "2007-03-31": "$0.78", "2006-12-31": "$0.22", "2006-09-30": "$0.43", "2006-06-30": "$0.69", "2006-03-31": "$0.69", "2005-12-31": "$0.50", "2005-09-30": "$0.65", "2005-06-30": "$0.33", "2005-03-31": "$0.62"}}, "shares-outstanding": {"Merck Annual Shares Outstanding (Millions of Shares)": {"2020": "2,541", "2019": "2,580", "2018": "2,679", "2017": "2,748", "2016": "2,787", "2015": "2,841", "2014": "2,928", "2013": "2,996", "2012": "3,076", "2011": "3,094", "2010": "3,120", "2009": "2,273", "2008": "2,143", "2007": "2,190", "2006": "2,188", "2005": "2,200"}, "Merck Quarterly Shares Outstanding (Millions of Shares)": {"2020-12-31": "2,540", "2020-09-30": "2,538", "2020-06-30": "2,536", "2020-03-31": "2,547", "2019-12-31": "2,580", "2019-09-30": "2,572", "2019-06-30": "2,588", "2019-03-31": "2,603", "2018-12-31": "2,679", "2018-09-30": "2,678", "2018-06-30": "2,696", "2018-03-31": "2,710", "2017-12-31": "2,748", "2017-09-30": "2,727", "2017-06-30": "2,752", "2017-03-31": "2,766", "2016-12-31": "2,787", "2016-09-30": "2,786", "2016-06-30": "2,789", "2016-03-31": "2,795", "2015-12-31": "2,841", "2015-09-30": "2,836", "2015-06-30": "2,850", "2015-03-31": "2,865", "2014-12-31": "2,928", "2014-09-30": "2,911", "2014-06-30": "2,949", "2014-03-31": "2,971", "2013-12-31": "2,996", "2013-09-30": "2,960", "2013-06-30": "3,010", "2013-03-31": "3,053", "2012-12-31": "3,076", "2012-09-30": "3,079", "2012-06-30": "3,072", "2012-03-31": "3,074", "2011-12-31": "3,094", "2011-09-30": "3,091", "2011-06-30": "3,110", "2011-03-31": "3,104", "2010-12-31": "3,120", "2010-09-30": "3,102", "2010-06-30": "3,125", "2010-03-31": "3,141", "2009-12-31": "2,273", "2009-09-30": "2,114", "2009-06-30": "2,110", "2009-03-31": "2,109", "2008-12-31": "2,143", "2008-09-30": "2,133", "2008-06-30": "2,152", "2008-03-31": "2,172", "2007-12-31": "2,190", "2007-09-30": "2,193", "2007-06-30": "2,189", "2007-03-31": "2,180", "2006-12-31": "2,188", "2006-09-30": "2,186", "2006-06-30": "2,188", "2006-03-31": "2,191", "2005-12-31": "2,200", "2005-09-30": "2,197", "2005-06-30": "2,206", "2005-03-31": "2,210"}}, "total-assets": {"Merck Annual Total Assets (Millions of US $)": {"2019": "$84,397", "2018": "$82,637", "2017": "$87,872", "2016": "$95,377", "2015": "$101,677", "2014": "$98,167", "2013": "$105,645", "2012": "$106,132", "2011": "$105,128", "2010": "$105,781", "2009": "$112,314", "2008": "$47,196", "2007": "$48,351", "2006": "$44,570", "2005": "$44,846"}, "Merck Quarterly Total Assets (Millions of US $)": {"2020-09-30": "$89,800", "2020-06-30": "$90,615", "2020-03-31": "$84,913", "2019-12-31": "$84,397", "2019-09-30": "$83,331", "2019-06-30": "$83,965", "2019-03-31": "$82,354", "2018-12-31": "$82,637", "2018-09-30": "$85,130", "2018-06-30": "$85,040", "2018-03-31": "$86,041", "2017-12-31": "$87,872", "2017-09-30": "$91,676", "2017-06-30": "$92,804", "2017-03-31": "$96,561", "2016-12-31": "$95,377", "2016-09-30": "$98,335", "2016-06-30": "$96,475", "2016-03-31": "$98,755", "2015-12-31": "$101,677", "2015-09-30": "$101,232", "2015-06-30": "$102,582", "2015-03-31": "$108,345", "2014-12-31": "$98,167", "2014-09-30": "$101,808", "2014-06-30": "$97,860", "2014-03-31": "$108,460", "2013-12-31": "$105,645", "2013-09-30": "$106,419", "2013-06-30": "$106,876", "2013-03-31": "$106,200", "2012-12-31": "$106,132", "2012-09-30": "$106,301", "2012-06-30": "$105,525", "2012-03-31": "$105,509", "2011-12-31": "$105,128", "2011-09-30": "$106,534", "2011-06-30": "$106,195", "2011-03-31": "$105,865", "2010-12-31": "$105,781", "2010-09-30": "$107,840", "2010-06-30": "$106,171", "2010-03-31": "$111,594", "2009-12-31": "$112,314", "2009-09-30": "$48,739", "2009-06-30": "$49,407", "2009-03-31": "$46,543", "2008-12-31": "$47,196", "2008-09-30": "$48,546", "2008-06-30": "$47,458", "2008-03-31": "$47,041", "2007-12-31": "$48,351", "2007-09-30": "$45,701", "2007-06-30": "$44,183", "2007-03-31": "$42,993", "2006-12-31": "$44,570", "2006-09-30": "$43,719", "2006-06-30": "$43,479", "2006-03-31": "$43,418", "2005-12-31": "$44,846", "2005-09-30": "$43,831", "2005-06-30": "$43,006", "2005-03-31": "$43,117"}}, "cash-on-hand": {"Merck Annual Cash on Hand (Millions of US $)": {"2019": "$10,450", "2018": "$8,864", "2017": "$8,498", "2016": "$14,341", "2015": "$13,427", "2014": "$15,719", "2013": "$17,486", "2012": "$16,141", "2011": "$14,972", "2010": "$12,201", "2009": "$9,604", "2008": "$5,486", "2007": "$8,231", "2006": "$8,713", "2005": "$15,638"}, "Merck Quarterly Cash on Hand (Millions of US $)": {"2020-09-30": "$7,356", "2020-06-30": "$11,103", "2020-03-31": "$7,432", "2019-12-31": "$10,450", "2019-09-30": "$8,018", "2019-06-30": "$7,105", "2019-03-31": "$8,798", "2018-12-31": "$8,864", "2018-09-30": "$10,285", "2018-06-30": "$7,594", "2018-03-31": "$7,346", "2017-12-31": "$8,498", "2017-09-30": "$11,195", "2017-06-30": "$11,967", "2017-03-31": "$15,249", "2016-12-31": "$14,341", "2016-09-30": "$13,067", "2016-06-30": "$11,834", "2016-03-31": "$12,943", "2015-12-31": "$13,427", "2015-09-30": "$12,089", "2015-06-30": "$11,370", "2015-03-31": "$15,601", "2014-12-31": "$15,719", "2014-09-30": "$14,347", "2014-06-30": "$13,395", "2014-03-31": "$20,513", "2013-12-31": "$17,486", "2013-09-30": "$18,169", "2013-06-30": "$18,098", "2013-03-31": "$16,022", "2012-12-31": "$16,141", "2012-09-30": "$18,117", "2012-06-30": "$17,450", "2012-03-31": "$15,566", "2011-12-31": "$14,972", "2011-09-30": "$15,576", "2011-06-30": "$13,981", "2011-03-31": "$13,029", "2010-12-31": "$12,201", "2010-09-30": "$10,625", "2010-06-30": "$9,943", "2010-03-31": "$9,777", "2009-12-31": "$9,604", "2009-09-30": "$22,256", "2009-06-30": "$16,932", "2009-03-31": "$12,582", "2008-12-31": "$5,486", "2008-09-30": "$6,841", "2008-06-30": "$9,988", "2008-03-31": "$9,164", "2007-12-31": "$8,231", "2007-09-30": "$7,392", "2007-06-30": "$5,504", "2007-03-31": "$4,056", "2006-12-31": "$8,713", "2006-09-30": "$9,087", "2006-06-30": "$10,464", "2006-03-31": "$12,402", "2005-12-31": "$15,638", "2005-09-30": "$14,028", "2005-06-30": "$13,031", "2005-03-31": "$9,438"}}, "long-term-debt": {"Merck Annual Long Term Debt (Millions of US $)": {"2019": "$22,736", "2018": "$19,806", "2017": "$21,353", "2016": "$24,274", "2015": "$23,829", "2014": "$18,699", "2013": "$20,539", "2012": "$16,254", "2011": "$15,525", "2010": "$15,482", "2009": "$16,095", "2008": "$3,943", "2007": "$3,916", "2006": "$5,551", "2005": "$5,126"}, "Merck Quarterly Long Term Debt (Millions of US $)": {"2020-09-30": "$26,321", "2020-06-30": "$26,156", "2020-03-31": "$21,637", "2019-12-31": "$22,736", "2019-09-30": "$22,677", "2019-06-30": "$22,771", "2019-03-31": "$22,721", "2018-12-31": "$19,806", "2018-09-30": "$19,936", "2018-06-30": "$19,959", "2018-03-31": "$21,501", "2017-12-31": "$21,353", "2017-09-30": "$21,838", "2017-06-30": "$21,706", "2017-03-31": "$23,437", "2016-12-31": "$24,274", "2016-09-30": "$23,656", "2016-06-30": "$23,642", "2016-03-31": "$23,656", "2015-12-31": "$23,829", "2015-09-30": "$24,124", "2015-06-30": "$24,069", "2015-03-31": "$25,506", "2014-12-31": "$18,699", "2014-09-30": "$18,566", "2014-06-30": "$18,590", "2014-03-31": "$19,589", "2013-12-31": "$20,539", "2013-09-30": "$22,647", "2013-06-30": "$22,526", "2013-03-31": "$16,089", "2012-12-31": "$16,254", "2012-09-30": "$17,571", "2012-06-30": "$15,057", "2012-03-31": "$15,228", "2011-12-31": "$15,525", "2011-09-30": "$15,692", "2011-06-30": "$15,783", "2011-03-31": "$15,644", "2010-12-31": "$15,482", "2010-09-30": "$14,032", "2010-06-30": "$13,835", "2010-03-31": "$15,281", "2009-12-31": "$16,095", "2009-09-30": "$8,205", "2009-06-30": "$8,181", "2009-03-31": "$3,939", "2008-12-31": "$3,943", "2008-09-30": "$3,939", "2008-06-30": "$3,932", "2008-03-31": "$3,965", "2007-12-31": "$3,916", "2007-09-30": "$3,874", "2007-06-30": "$4,134", "2007-03-31": "$5,545", "2006-12-31": "$5,551", "2006-09-30": "$4,790", "2006-06-30": "$4,759", "2006-03-31": "$4,763", "2005-12-31": "$5,126", "2005-09-30": "$5,125", "2005-06-30": "$5,672", "2005-03-31": "$5,656"}}, "total-liabilities": {"Merck Annual Total Liabilities (Millions of US $)": {"2019": "$58,396", "2018": "$55,755", "2017": "$53,303", "2016": "$55,069", "2015": "$56,910", "2014": "$49,376", "2013": "$53,319", "2012": "$50,669", "2011": "$48,185", "2010": "$48,976", "2009": "$50,829", "2008": "$26,029", "2007": "$30,166", "2006": "$27,010", "2005": "$26,868"}, "Merck Quarterly Total Liabilities (Millions of US $)": {"2020-09-30": "$60,530", "2020-06-30": "$62,871", "2020-03-31": "$58,613", "2019-12-31": "$58,396", "2019-09-30": "$56,406", "2019-06-30": "$56,228", "2019-03-31": "$54,684", "2018-12-31": "$55,755", "2018-09-30": "$52,474", "2018-06-30": "$52,274", "2018-03-31": "$52,140", "2017-12-31": "$53,303", "2017-09-30": "$53,177", "2017-06-30": "$53,092", "2017-03-31": "$56,473", "2016-12-31": "$55,069", "2016-09-30": "$54,378", "2016-06-30": "$53,029", "2016-03-31": "$54,854", "2015-12-31": "$56,910", "2015-09-30": "$55,553", "2015-06-30": "$55,944", "2015-03-31": "$60,428", "2014-12-31": "$49,376", "2014-09-30": "$56,448", "2014-06-30": "$49,344", "2014-03-31": "$55,896", "2013-12-31": "$53,319", "2013-09-30": "$56,413", "2013-06-30": "$56,771", "2013-03-31": "$50,594", "2012-12-31": "$50,669", "2012-09-30": "$48,089", "2012-06-30": "$47,852", "2012-03-31": "$48,195", "2011-12-31": "$48,185", "2011-09-30": "$48,938", "2011-06-30": "$48,273", "2011-03-31": "$49,026", "2010-12-31": "$48,976", "2010-09-30": "$49,792", "2010-06-30": "$48,505", "2010-03-31": "$51,251", "2009-12-31": "$50,829", "2009-09-30": "$23,390", "2009-06-30": "$26,670", "2009-03-31": "$24,542", "2008-12-31": "$26,029", "2008-09-30": "$28,975", "2008-06-30": "$27,202", "2008-03-31": "$27,520", "2007-12-31": "$30,166", "2007-09-30": "$24,979", "2007-06-30": "$24,711", "2007-03-31": "$24,513", "2006-12-31": "$27,010", "2006-09-30": "$24,434", "2006-06-30": "$24,180", "2006-03-31": "$24,572", "2005-12-31": "$26,868", "2005-09-30": "$26,053", "2005-06-30": "$25,621", "2005-03-31": "$25,468"}}, "total-share-holder-equity": {"Merck Annual Share Holder Equity (Millions of US $)": {"2019": "$26,001", "2018": "$26,882", "2017": "$34,569", "2016": "$40,308", "2015": "$44,767", "2014": "$48,791", "2013": "$52,326", "2012": "$55,463", "2011": "$56,943", "2010": "$56,805", "2009": "$61,485", "2008": "$21,167", "2007": "$18,185", "2006": "$17,560", "2005": "$17,978"}, "Merck Quarterly Share Holder Equity (Millions of US $)": {"2020-09-30": "$29,270", "2020-06-30": "$27,744", "2020-03-31": "$26,300", "2019-12-31": "$26,001", "2019-09-30": "$26,925", "2019-06-30": "$27,737", "2019-03-31": "$27,670", "2018-12-31": "$26,882", "2018-09-30": "$32,656", "2018-06-30": "$32,766", "2018-03-31": "$33,901", "2017-12-31": "$34,569", "2017-09-30": "$38,499", "2017-06-30": "$39,712", "2017-03-31": "$40,088", "2016-12-31": "$40,308", "2016-09-30": "$43,957", "2016-06-30": "$43,446", "2016-03-31": "$43,901", "2015-12-31": "$44,767", "2015-09-30": "$45,679", "2015-06-30": "$46,638", "2015-03-31": "$47,917", "2014-12-31": "$48,791", "2014-09-30": "$45,360", "2014-06-30": "$48,516", "2014-03-31": "$52,564", "2013-12-31": "$52,326", "2013-09-30": "$50,006", "2013-06-30": "$50,105", "2013-03-31": "$55,606", "2012-12-31": "$55,463", "2012-09-30": "$58,212", "2012-06-30": "$57,673", "2012-03-31": "$57,314", "2011-12-31": "$56,943", "2011-09-30": "$57,596", "2011-06-30": "$57,922", "2011-03-31": "$56,839", "2010-12-31": "$56,805", "2010-09-30": "$58,048", "2010-06-30": "$57,666", "2010-03-31": "$60,343", "2009-12-31": "$61,485", "2009-09-30": "$25,349", "2009-06-30": "$22,737", "2009-03-31": "$22,002", "2008-12-31": "$21,167", "2008-09-30": "$19,571", "2008-06-30": "$20,256", "2008-03-31": "$19,522", "2007-12-31": "$18,185", "2007-09-30": "$20,722", "2007-06-30": "$19,472", "2007-03-31": "$18,479", "2006-12-31": "$17,560", "2006-09-30": "$19,285", "2006-06-30": "$19,299", "2006-03-31": "$18,846", "2005-12-31": "$17,978", "2005-09-30": "$17,778", "2005-06-30": "$17,385", "2005-03-31": "$17,649"}}, "profit-margins": {"current": "14.73%"}, "gross margin": {"2020-12-31": "67.74%", "2020-09-30": "71.23%", "2020-06-30": "70.06%", "2020-03-31": "70.11%", "2019-12-31": "69.87%", "2019-09-30": "70.13%", "2019-06-30": "69.89%", "2019-03-31": "68.94%", "2018-12-31": "68.06%", "2018-09-30": "67.26%", "2018-06-30": "67.65%", "2018-03-31": "67.96%", "2017-12-31": "67.82%", "2017-09-30": "67.48%", "2017-06-30": "67.40%", "2017-03-31": "66.17%", "2016-12-31": "64.75%", "2016-09-30": "63.89%", "2016-06-30": "62.58%", "2016-03-31": "62.07%", "2015-12-31": "62.19%", "2015-09-30": "62.70%", "2015-06-30": "62.00%", "2015-03-31": "60.30%", "2014-12-31": "60.30%", "2014-09-30": "59.08%", "2014-06-30": "59.80%", "2014-03-31": "61.27%", "2013-12-31": "61.50%", "2013-09-30": "62.86%", "2013-06-30": "63.17%", "2013-03-31": "64.58%", "2012-12-31": "65.21%", "2012-09-30": "65.58%", "2012-06-30": "65.51%", "2012-03-31": "65.04%", "2011-12-31": "64.89%", "2011-09-30": "64.19%", "2011-06-30": "63.85%", "2011-03-31": "62.64%", "2010-12-31": "60.00%", "2010-09-30": "57.13%", "2010-06-30": "58.63%", "2010-03-31": "61.45%", "2009-12-31": "67.11%", "2009-09-30": "76.08%", "2009-06-30": "75.77%", "2009-03-31": "75.74%", "2008-12-31": "76.59%", "2008-09-30": "76.48%", "2008-06-30": "76.45%", "2008-03-31": "75.86%", "2007-12-31": "74.62%", "2007-09-30": "73.90%", "2007-06-30": "73.04%", "2007-03-31": "73.11%", "2006-12-31": "73.49%", "2006-09-30": "74.01%", "2006-06-30": "75.38%", "2006-03-31": "76.33%", "2005-12-31": "76.60%"}, "operating margin": {"2020-12-31": "17.67%", "2020-09-30": "27.85%", "2020-06-30": "26.63%", "2020-03-31": "26.65%", "2019-12-31": "26.13%", "2019-09-30": "26.83%", "2019-06-30": "27.91%", "2019-03-31": "25.98%", "2018-12-31": "21.12%", "2018-09-30": "19.45%", "2018-06-30": "13.57%", "2018-03-31": "14.40%", "2017-12-31": "16.94%", "2017-09-30": "9.47%", "2017-06-30": "16.73%", "2017-03-31": "14.57%", "2016-12-31": "13.81%", "2016-09-30": "21.15%", "2016-06-30": "19.55%", "2016-03-31": "19.78%", "2015-12-31": "19.11%", "2015-09-30": "17.91%", "2015-06-30": "16.10%", "2015-03-31": "14.85%", "2014-12-31": "15.82%", "2014-09-30": "16.38%", "2014-06-30": "17.95%", "2014-03-31": "18.11%", "2013-12-31": "17.41%", "2013-09-30": "17.39%", "2013-06-30": "17.01%", "2013-03-31": "19.34%", "2012-12-31": "20.90%", "2012-09-30": "20.72%", "2012-06-30": "20.50%", "2012-03-31": "19.78%", "2011-12-31": "18.68%", "2011-09-30": "13.67%", "2011-06-30": "11.89%", "2011-03-31": "10.01%", "2010-12-31": "7.30%", "2010-09-30": "8.10%", "2010-06-30": "9.72%", "2010-03-31": "11.24%", "2009-12-31": "14.66%", "2009-09-30": "23.83%", "2009-06-30": "23.61%", "2009-03-31": "24.04%", "2008-12-31": "25.51%", "2008-09-30": "26.47%", "2008-06-30": "24.67%", "2008-03-31": "24.16%", "2007-12-31": "23.22%", "2007-09-30": "18.03%", "2007-06-30": "15.91%", "2007-03-31": "16.04%", "2006-12-31": "16.28%", "2006-09-30": "19.75%", "2006-06-30": "24.32%", "2006-03-31": "25.52%", "2005-12-31": "26.62%"}, "ebitda margin": {"2020-09-30": "35.57%", "2020-06-30": "34.37%", "2020-03-31": "34.09%", "2019-12-31": "33.93%", "2019-09-30": "34.90%", "2019-06-30": "36.84%", "2019-03-31": "35.92%", "2018-12-31": "31.80%", "2018-09-30": "30.68%", "2018-06-30": "25.07%", "2018-03-31": "25.74%", "2017-12-31": "28.60%", "2017-09-30": "21.26%", "2017-06-30": "28.51%", "2017-03-31": "27.35%", "2016-12-31": "27.56%", "2016-09-30": "35.80%", "2016-06-30": "35.37%", "2016-03-31": "35.78%", "2015-12-31": "35.25%", "2015-09-30": "33.97%", "2015-06-30": "32.08%", "2015-03-31": "30.73%", "2014-12-31": "31.66%", "2014-09-30": "32.79%", "2014-06-30": "34.41%", "2014-03-31": "34.31%", "2013-12-31": "33.28%", "2013-09-30": "32.46%", "2013-06-30": "31.96%", "2013-03-31": "34.19%", "2012-12-31": "35.66%", "2012-09-30": "35.73%", "2012-06-30": "35.72%", "2012-03-31": "35.11%", "2011-12-31": "34.14%", "2011-09-30": "29.20%", "2011-06-30": "27.67%", "2011-03-31": "26.32%", "2010-12-31": "23.35%", "2010-09-30": "23.48%", "2010-06-30": "23.28%", "2010-03-31": "22.65%", "2009-12-31": "24.06%", "2009-09-30": "31.54%", "2009-06-30": "31.35%", "2009-03-31": "31.23%", "2008-12-31": "32.35%", "2008-09-30": "33.35%", "2008-06-30": "31.92%", "2008-03-31": "31.90%", "2007-12-31": "31.43%", "2007-09-30": "26.50%", "2007-06-30": "24.94%", "2007-03-31": "25.37%", "2006-12-31": "26.31%", "2006-09-30": "29.74%", "2006-06-30": "33.68%", "2006-03-31": "34.37%", "2005-12-31": "34.38%"}, "pre tax profit margin": {"2020-12-31": "18.32%", "2020-09-30": "28.67%", "2020-06-30": "26.48%", "2020-03-31": "25.45%", "2019-12-31": "24.47%", "2019-09-30": "24.53%", "2019-06-30": "26.14%", "2019-03-31": "24.20%", "2018-12-31": "20.57%", "2018-09-30": "19.11%", "2018-06-30": "13.35%", "2018-03-31": "14.40%", "2017-12-31": "16.25%", "2017-09-30": "8.26%", "2017-06-30": "14.93%", "2017-03-31": "12.62%", "2016-12-31": "11.70%", "2016-09-30": "17.12%", "2016-06-30": "16.08%", "2016-03-31": "14.33%", "2015-12-31": "13.67%", "2015-09-30": "41.23%", "2015-06-30": "38.48%", "2015-03-31": "40.03%", "2014-12-31": "40.92%", "2014-09-30": "15.55%", "2014-06-30": "15.46%", "2014-03-31": "13.95%", "2013-12-31": "12.59%", "2013-09-30": "12.72%", "2013-06-30": "14.13%", "2013-03-31": "16.84%", "2012-12-31": "18.49%", "2012-09-30": "18.79%", "2012-06-30": "18.86%", "2012-03-31": "16.83%", "2011-12-31": "15.26%", "2011-09-30": "10.56%", "2011-06-30": "6.81%", "2011-03-31": "5.99%", "2010-12-31": "3.59%", "2010-09-30": "20.05%", "2010-06-30": "34.43%", "2010-03-31": "42.20%", "2009-12-31": "55.75%", "2009-09-30": "46.15%", "2009-06-30": "30.73%", "2009-03-31": "31.06%", "2008-12-31": "41.64%", "2008-09-30": "20.43%", "2008-06-30": "22.89%", "2008-03-31": "23.43%", "2007-12-31": "14.43%", "2007-09-30": "31.10%", "2007-06-30": "28.41%", "2007-03-31": "28.29%", "2006-12-31": "27.48%", "2006-09-30": "30.54%", "2006-06-30": "33.97%", "2006-03-31": "33.60%", "2005-12-31": "33.45%"}, "net profit margin": {"2020-12-31": "14.73%", "2020-09-30": "24.33%", "2020-06-30": "22.20%", "2020-03-31": "21.10%", "2019-12-31": "21.01%", "2019-09-30": "20.26%", "2019-06-30": "21.10%", "2019-03-31": "19.50%", "2018-12-31": "14.71%", "2018-09-30": "8.02%", "2018-06-30": "3.25%", "2018-03-31": "3.88%", "2017-12-31": "5.97%", "2017-09-30": "7.15%", "2017-06-30": "12.71%", "2017-03-31": "10.88%", "2016-12-31": "9.85%", "2016-09-30": "13.76%", "2016-06-30": "13.01%", "2016-03-31": "11.72%", "2015-12-31": "11.25%", "2015-09-30": "27.11%", "2015-06-30": "24.48%", "2015-03-31": "26.98%", "2014-12-31": "28.22%", "2014-09-30": "12.50%", "2014-06-30": "12.89%", "2014-03-31": "10.35%", "2013-12-31": "10.00%", "2013-09-30": "10.19%", "2013-06-30": "11.44%", "2013-03-31": "13.03%", "2012-12-31": "13.04%", "2012-09-30": "14.14%", "2012-06-30": "13.90%", "2012-03-31": "14.42%", "2011-12-31": "13.02%", "2011-09-30": "8.82%", "2011-06-30": "6.12%", "2011-03-31": "3.47%", "2010-12-31": "1.87%", "2010-09-30": "17.82%", "2010-06-30": "28.07%", "2010-03-31": "35.04%", "2009-12-31": "46.86%", "2009-09-30": "34.36%", "2009-06-30": "24.50%", "2009-03-31": "25.24%", "2008-12-31": "32.65%", "2008-09-30": "18.81%", "2008-06-30": "20.50%", "2008-03-31": "20.07%", "2007-12-31": "13.50%", "2007-09-30": "22.42%", "2007-06-30": "20.55%", "2007-03-31": "20.08%", "2006-12-31": "19.59%", "2006-09-30": "22.72%", "2006-06-30": "24.86%", "2006-03-31": "21.68%", "2005-12-31": "21.04%"}, "pe ratio": {"current": "12.78", "2021-02-05": "21.06", "2020-12-31": "22.72", "2020-09-30": "18.20", "2020-06-30": "18.57", "2020-03-31": "19.03", "2019-12-31": "23.14", "2019-09-30": "22.64", "2019-06-30": "22.46", "2019-03-31": "24.93", "2018-12-31": "31.08", "2018-09-30": "50.74", "2018-06-30": "100.87", "2018-03-31": "78.59", "2017-12-31": "55.38", "2017-09-30": "34.80", "2017-06-30": "23.38", "2017-03-31": "25.95", "2016-12-31": "25.75", "2016-09-30": "28.06", "2016-06-30": "27.69", "2016-03-31": "28.17", "2015-12-31": "29.13", "2015-09-30": "11.23", "2015-06-30": "14.07", "2015-03-31": "12.49", "2014-12-31": "11.53", "2014-09-30": "26.91", "2014-06-30": "25.10", "2014-03-31": "30.60", "2013-12-31": "27.68", "2013-09-30": "22.95", "2013-06-30": "20.02", "2013-03-31": "16.39", "2012-12-31": "14.76", "2012-09-30": "15.88", "2012-06-30": "14.63", "2012-03-31": "12.90", "2011-12-31": "13.88", "2011-09-30": "17.63", "2011-06-30": "27.69", "2011-03-31": "45.83", "2010-12-31": "91.87", "2010-09-30": "9.25", "2010-06-30": "5.67", "2010-03-31": "5.37", "2009-12-31": "4.65", "2009-09-30": "5.64", "2009-06-30": "6.93", "2009-03-31": "6.35", "2008-12-31": "5.44", "2008-09-30": "9.62", "2008-06-30": "10.42", "2008-03-31": "10.62", "2007-12-31": "24.07", "2007-09-30": "12.92", "2007-06-30": "13.87", "2007-03-31": "12.67", "2006-12-31": "12.95"}, "price sales": {"2021-02-05": "4.01", "2020-12-31": "4.33", "2020-09-30": "4.43", "2020-06-30": "4.13", "2020-03-31": "4.02", "2019-12-31": "4.87", "2019-09-30": "4.60", "2019-06-30": "4.76", "2019-03-31": "4.89", "2018-12-31": "4.59", "2018-09-30": "4.31", "2018-06-30": "3.72", "2018-03-31": "3.38", "2017-12-31": "3.53", "2017-09-30": "4.03", "2017-06-30": "4.00", "2017-03-31": "3.96", "2016-12-31": "3.66", "2016-09-30": "3.86", "2016-06-30": "3.60", "2016-03-31": "3.30", "2015-12-31": "3.28", "2015-09-30": "3.04", "2015-06-30": "3.46", "2015-03-31": "3.40", "2014-12-31": "3.29", "2014-09-30": "3.36", "2014-06-30": "3.23", "2014-03-31": "3.16", "2013-12-31": "2.76", "2013-09-30": "2.59", "2013-06-30": "2.51", "2013-03-31": "2.31", "2012-12-31": "2.07", "2012-09-30": "2.24", "2012-06-30": "2.03", "2012-03-31": "1.86", "2011-12-31": "1.82", "2011-09-30": "1.57", "2011-06-30": "1.71", "2011-03-31": "1.61", "2010-12-31": "1.75", "2010-09-30": "1.70", "2010-06-30": "1.68", "2010-03-31": "1.88", "2009-12-31": "1.98", "2009-09-30": "1.94", "2009-06-30": "1.71", "2009-03-31": "1.61", "2008-12-31": "1.78", "2008-09-30": "1.81", "2008-06-30": "2.15", "2008-03-31": "2.14", "2007-12-31": "3.26", "2007-09-30": "2.91", "2007-06-30": "2.86", "2007-03-31": "2.55", "2006-12-31": "2.54"}, "price book": {"current": "6.55", "2021-02-05": "6.55", "2020-09-30": "7.11", "2020-06-30": "6.94", "2020-03-31": "7.21", "2019-12-31": "8.61", "2019-09-30": "7.68", "2019-06-30": "7.42", "2019-03-31": "7.38", "2018-12-31": "6.95", "2018-09-30": "5.41", "2018-06-30": "4.60", "2018-03-31": "3.99", "2017-12-31": "4.02", "2017-09-30": "4.12", "2017-06-30": "3.97", "2017-03-31": "3.89", "2016-12-31": "3.56", "2016-09-30": "3.46", "2016-06-30": "3.21", "2016-03-31": "2.90", "2015-12-31": "2.82", "2015-09-30": "2.58", "2015-06-30": "2.91", "2015-03-31": "2.85", "2014-12-31": "2.75", "2014-09-30": "3.09", "2014-06-30": "2.84", "2014-03-31": "2.58", "2013-12-31": "2.26", "2013-09-30": "2.23", "2013-06-30": "2.15", "2013-03-31": "1.89", "2012-12-31": "1.74", "2012-09-30": "1.82", "2012-06-30": "1.68", "2012-03-31": "1.54", "2011-12-31": "1.50", "2011-09-30": "1.28", "2011-06-30": "1.37", "2011-03-31": "1.29", "2010-12-31": "1.40", "2010-09-30": "1.38", "2010-06-30": "1.31", "2010-03-31": "1.33", "2009-12-31": "1.26", "2009-09-30": "1.78", "2009-06-30": "1.74", "2009-03-31": "1.69", "2008-12-31": "1.96", "2008-09-30": "2.18", "2008-06-30": "2.52", "2008-03-31": "2.62", "2007-12-31": "4.31", "2007-09-30": "3.35", "2007-06-30": "3.40", "2007-03-31": "3.15", "2006-12-31": "3.24", "2006-09-30": "2.82", "2006-06-30": "2.43", "2006-03-31": "2.39"}, "price fcf": {"2021-02-05": "", "2020-09-30": "$2.62", "2020-06-30": "$3.64", "2020-03-31": "$3.47", "2019-12-31": "$3.86", "2019-09-30": "$3.45", "2019-06-30": "$2.98", "2019-03-31": "$3.13", "2018-12-31": "$3.10", "2018-09-30": "$3.31", "2018-06-30": "$1.92", "2018-03-31": "$1.94", "2017-12-31": "$1.66", "2017-09-30": "$1.57", "2017-06-30": "$3.07", "2017-03-31": "$2.45", "2016-12-31": "$3.14", "2016-09-30": "$3.36", "2016-06-30": "$3.50", "2016-03-31": "$3.91", "2015-12-31": "$3.96", "2015-09-30": "$2.11", "2015-06-30": "$2.45", "2015-03-31": "$2.28", "2014-12-31": "$2.28", "2014-09-30": "$3.65", "2014-06-30": "$3.49", "2014-03-31": "$3.45", "2013-12-31": "$3.37", "2013-09-30": "$2.87", "2013-06-30": "$2.52", "2013-03-31": "$2.68", "2012-12-31": "$2.62", "2012-09-30": "$3.13", "2012-06-30": "$3.60", "2012-03-31": "$3.59", "2011-12-31": "$3.45", "2011-09-30": "$3.51", "2011-06-30": "$2.90", "2011-03-31": "$3.06", "2010-12-31": "$2.93", "2010-09-30": "$2.75", "2010-06-30": "$1.72", "2010-03-31": "$0.95", "2009-12-31": "$0.85", "2009-09-30": "$0.40", "2009-06-30": "$1.35", "2009-03-31": "$1.68", "2008-12-31": "$2.46", "2008-09-30": "$3.12", "2008-06-30": "$3.73", "2008-03-31": "$4.44", "2007-12-31": "$2.73", "2007-09-30": "$2.47", "2007-06-30": "$1.78", "2007-03-31": "$1.44", "2006-12-31": "$2.64"}, "net worth": {"value": "$191.78B"}, "current ratio": {"2020-12-31": "0.00", "2020-09-30": "1.30", "2020-06-30": "1.32", "2020-03-31": "1.12", "2019-12-31": "1.24", "2019-09-30": "1.26", "2019-06-30": "1.21", "2019-03-31": "1.37", "2018-12-31": "1.17", "2018-09-30": "1.44", "2018-06-30": "1.33", "2018-03-31": "1.42", "2017-12-31": "1.33", "2017-09-30": "1.43", "2017-06-30": "1.50", "2017-03-31": "1.59", "2016-12-31": "1.78", "2016-09-30": "1.89", "2016-06-30": "1.87", "2016-03-31": "1.64", "2015-12-31": "1.55", "2015-09-30": "1.63", "2015-06-30": "1.62", "2015-03-31": "1.61", "2014-12-31": "1.77", "2014-09-30": "1.34", "2014-06-30": "1.87", "2014-03-31": "1.84", "2013-12-31": "2.00", "2013-09-30": "2.07", "2013-06-30": "2.01", "2013-03-31": "1.87", "2012-12-31": "1.90", "2012-09-30": "2.33", "2012-06-30": "2.11", "2012-03-31": "2.07", "2011-12-31": "2.04", "2011-09-30": "2.06", "2011-06-30": "2.05", "2011-03-31": "1.98", "2010-12-31": "1.86", "2010-09-30": "1.60", "2010-06-30": "1.70", "2010-03-31": "1.72", "2009-12-31": "1.82", "2009-09-30": "3.70", "2009-06-30": "2.54", "2009-03-31": "1.95", "2008-12-31": "1.34", "2008-09-30": "1.35", "2008-06-30": "1.81", "2008-03-31": "1.74", "2007-12-31": "1.23", "2007-09-30": "1.35", "2007-06-30": "1.21", "2007-03-31": "1.49", "2006-12-31": "1.20", "2006-09-30": "1.37", "2006-06-30": "1.51", "2006-03-31": "1.59", "2005-12-31": "1.59", "2005-09-30": "1.65", "2005-06-30": "1.71", "2005-03-31": "1.45"}, "quick ratio": {"2020-12-31": "0.00", "2020-09-30": "1.00", "2020-06-30": "1.05", "2020-03-31": "0.87", "2019-12-31": "0.97", "2019-09-30": "0.98", "2019-06-30": "0.92", "2019-03-31": "1.06", "2018-12-31": "0.92", "2018-09-30": "1.15", "2018-06-30": "1.04", "2018-03-31": "1.10", "2017-12-31": "1.06", "2017-09-30": "1.16", "2017-06-30": "1.21", "2017-03-31": "1.33", "2016-12-31": "1.50", "2016-09-30": "1.56", "2016-06-30": "1.52", "2016-03-31": "1.35", "2015-12-31": "1.31", "2015-09-30": "1.33", "2015-06-30": "1.31", "2015-03-31": "1.34", "2014-12-31": "1.47", "2014-09-30": "1.12", "2014-06-30": "1.53", "2014-03-31": "1.55", "2013-12-31": "1.65", "2013-09-30": "1.70", "2013-06-30": "1.64", "2013-03-31": "1.51", "2012-12-31": "1.54", "2012-09-30": "1.89", "2012-06-30": "1.74", "2012-03-31": "1.69", "2011-12-31": "1.66", "2011-09-30": "1.68", "2011-06-30": "1.66", "2011-03-31": "1.59", "2010-12-31": "1.48", "2010-09-30": "1.24", "2010-06-30": "1.30", "2010-03-31": "1.30", "2009-12-31": "1.30", "2009-09-30": "3.44", "2009-06-30": "2.35", "2009-03-31": "1.79", "2008-12-31": "1.19", "2008-09-30": "1.19", "2008-06-30": "1.59", "2008-03-31": "1.53", "2007-12-31": "1.07", "2007-09-30": "1.17", "2007-06-30": "1.04", "2007-03-31": "1.27", "2006-12-31": "1.06", "2006-09-30": "1.20", "2006-06-30": "1.36", "2006-03-31": "1.45", "2005-12-31": "1.46", "2005-09-30": "1.51", "2005-06-30": "1.55", "2005-03-31": "1.28"}, "debt equity ratio": {"current": "0.90", "2020-12-31": "0.00", "2020-09-30": "2.07", "2020-06-30": "2.27", "2020-03-31": "2.23", "2019-12-31": "2.25", "2019-09-30": "2.10", "2019-06-30": "2.03", "2019-03-31": "1.98", "2018-12-31": "2.07", "2018-09-30": "1.61", "2018-06-30": "1.60", "2018-03-31": "1.54", "2017-12-31": "1.54", "2017-09-30": "1.38", "2017-06-30": "1.34", "2017-03-31": "1.41", "2016-12-31": "1.37", "2016-09-30": "1.24", "2016-06-30": "1.22", "2016-03-31": "1.25", "2015-12-31": "1.27", "2015-09-30": "1.22", "2015-06-30": "1.20", "2015-03-31": "1.26", "2014-12-31": "1.01", "2014-09-30": "1.24", "2014-06-30": "1.02", "2014-03-31": "1.06", "2013-12-31": "1.02", "2013-09-30": "1.13", "2013-06-30": "1.13", "2013-03-31": "0.91", "2012-12-31": "0.91", "2012-09-30": "0.83", "2012-06-30": "0.83", "2012-03-31": "0.84", "2011-12-31": "0.85", "2011-09-30": "0.85", "2011-06-30": "0.83", "2011-03-31": "0.86", "2010-12-31": "0.86", "2010-09-30": "0.86", "2010-06-30": "0.84", "2010-03-31": "0.85", "2009-12-31": "0.83", "2009-09-30": "0.92", "2009-06-30": "1.17", "2009-03-31": "1.12", "2008-12-31": "1.23", "2008-09-30": "1.48", "2008-06-30": "1.34", "2008-03-31": "1.41", "2007-12-31": "1.66", "2007-09-30": "1.21", "2007-06-30": "1.27", "2007-03-31": "1.33", "2006-12-31": "1.54", "2006-09-30": "1.27", "2006-06-30": "1.25", "2006-03-31": "1.30", "2005-12-31": "1.50", "2005-09-30": "1.47", "2005-06-30": "1.47", "2005-03-31": "1.44"}, "return on equity": {"2020-12-31": "33.93%", "2020-09-30": "42.15%", "2020-06-30": "39.18%", "2020-03-31": "37.95%", "2019-12-31": "36.34%", "2019-09-30": "34.11%", "2019-06-30": "32.58%", "2019-03-31": "28.00%", "2018-12-31": "19.71%", "2018-09-30": "10.00%", "2018-06-30": "3.84%", "2018-03-31": "4.31%", "2017-12-31": "6.26%", "2017-09-30": "7.18%", "2017-06-30": "12.40%", "2017-03-31": "10.36%", "2016-12-31": "9.14%", "2016-09-30": "12.47%", "2016-06-30": "11.55%", "2016-03-31": "10.20%", "2015-12-31": "9.60%", "2015-09-30": "22.82%", "2015-06-30": "20.88%", "2015-03-31": "23.44%", "2014-12-31": "24.42%", "2014-09-30": "10.84%", "2014-06-30": "11.04%", "2014-03-31": "8.81%", "2013-12-31": "8.47%", "2013-09-30": "8.58%", "2013-06-30": "9.36%", "2013-03-31": "10.61%", "2012-12-31": "10.78%", "2012-09-30": "11.75%", "2012-06-30": "11.71%", "2012-03-31": "12.10%", "2011-12-31": "10.91%", "2011-09-30": "7.36%", "2011-06-30": "5.00%", "2011-03-31": "2.80%", "2010-12-31": "1.48%", "2010-09-30": "13.20%", "2010-06-30": "21.33%", "2010-03-31": "27.60%", "2009-12-31": "39.07%", "2009-09-30": "35.19%", "2009-06-30": "26.66%", "2009-03-31": "28.48%", "2008-12-31": "38.69%", "2008-09-30": "23.34%", "2008-06-30": "25.20%", "2008-03-31": "24.99%", "2007-12-31": "17.00%", "2007-09-30": "28.23%", "2007-06-30": "25.64%", "2007-03-31": "24.75%", "2006-12-31": "23.65%", "2006-09-30": "26.95%", "2006-06-30": "30.09%", "2006-03-31": "26.57%", "2005-12-31": "26.17%"}, "return on assets": {"2020-12-31": "10.66%", "2020-09-30": "13.17%", "2020-06-30": "12.21%", "2020-03-31": "12.06%", "2019-12-31": "11.79%", "2019-09-30": "11.21%", "2019-06-30": "11.21%", "2019-03-31": "10.02%", "2018-12-31": "7.34%", "2018-09-30": "3.89%", "2018-06-30": "1.53%", "2018-03-31": "1.76%", "2017-12-31": "2.60%", "2017-09-30": "3.03%", "2017-06-30": "5.31%", "2017-03-31": "4.49%", "2016-12-31": "4.03%", "2016-09-30": "5.56%", "2016-06-30": "5.16%", "2016-03-31": "4.57%", "2015-12-31": "4.29%", "2015-09-30": "10.51%", "2015-06-30": "9.59%", "2015-03-31": "11.00%", "2014-12-31": "11.74%", "2014-09-30": "5.21%", "2014-06-30": "5.37%", "2014-03-31": "4.23%", "2013-12-31": "4.14%", "2013-09-30": "4.26%", "2013-06-30": "4.83%", "2013-03-31": "5.68%", "2012-12-31": "5.82%", "2012-09-30": "6.40%", "2012-06-30": "6.36%", "2012-03-31": "6.57%", "2011-12-31": "5.91%", "2011-09-30": "3.98%", "2011-06-30": "2.70%", "2011-03-31": "1.51%", "2010-12-31": "0.80%", "2010-09-30": "7.16%", "2010-06-30": "11.53%", "2010-03-31": "14.56%", "2009-12-31": "20.00%", "2009-09-30": "16.74%", "2009-06-30": "11.89%", "2009-03-31": "12.46%", "2008-12-31": "16.38%", "2008-09-30": "9.46%", "2008-06-30": "10.52%", "2008-03-31": "10.51%", "2007-12-31": "7.21%", "2007-09-30": "12.13%", "2007-06-30": "10.93%", "2007-03-31": "10.57%", "2006-12-31": "10.12%", "2006-09-30": "11.58%", "2006-06-30": "12.67%", "2006-03-31": "10.92%", "2005-12-31": "10.60%"}, "return on investments": {"2020-12-31": "21.55%", "2020-09-30": "25.58%", "2020-06-30": "25.11%", "2020-03-31": "26.05%", "2019-12-31": "24.58%", "2019-09-30": "25.02%", "2019-06-30": "24.74%", "2019-03-31": "22.12%", "2018-12-31": "17.22%", "2018-09-30": "14.98%", "2018-06-30": "9.98%", "2018-03-31": "10.06%", "2017-12-31": "11.27%", "2017-09-30": "6.04%", "2017-06-30": "10.41%", "2017-03-31": "8.86%", "2016-12-31": "8.24%", "2016-09-30": "12.47%", "2016-06-30": "11.30%", "2016-03-31": "11.27%", "2015-12-31": "10.68%", "2015-09-30": "10.12%", "2015-06-30": "9.41%", "2015-03-31": "9.04%", "2014-12-31": "9.88%", "2014-09-30": "10.22%", "2014-06-30": "10.98%", "2014-03-31": "10.89%", "2013-12-31": "10.58%", "2013-09-30": "10.71%", "2013-06-30": "10.47%", "2013-03-31": "12.25%", "2012-12-31": "13.49%", "2012-09-30": "13.50%", "2012-06-30": "13.63%", "2012-03-31": "13.06%", "2011-12-31": "12.30%", "2011-09-30": "8.97%", "2011-06-30": "7.69%", "2011-03-31": "6.41%", "2010-12-31": "4.60%", "2010-09-30": "4.80%", "2010-06-30": "5.86%", "2010-03-31": "6.91%", "2009-12-31": "9.57%", "2009-09-30": "19.28%", "2009-06-30": "20.83%", "2009-03-31": "22.80%", "2008-12-31": "25.28%", "2008-09-30": "27.31%", "2008-06-30": "25.30%", "2008-03-31": "24.98%", "2007-12-31": "23.83%", "2007-09-30": "18.16%", "2007-06-30": "15.66%", "2007-03-31": "15.48%", "2006-12-31": "15.54%", "2006-09-30": "18.62%", "2006-06-30": "23.23%", "2006-03-31": "24.30%", "2005-12-31": "25.37%"}, "return on tangible equity": {"2020-09-30": "-136.61%", "2020-06-30": "-135.50%", "2020-03-31": "-149.34%", "2019-12-31": "-205.97%", "2019-09-30": "-233.26%", "2019-06-30": "-421.47%", "2019-03-31": "-1557.53%", "2018-12-31": "1728.98%", "2018-09-30": "166.97%", "2018-06-30": "49.57%", "2018-03-31": "43.69%", "2017-12-31": "55.59%", "2017-09-30": "57.04%", "2017-06-30": "101.06%", "2017-03-31": "85.97%", "2016-12-31": "77.98%", "2016-09-30": "111.43%", "2016-06-30": "109.71%", "2016-03-31": "105.04%", "2015-12-31": "105.05%", "2015-09-30": "154.66%", "2015-06-30": "111.04%", "2015-03-31": "90.79%", "2014-12-31": "73.32%", "2014-09-30": "32.71%", "2014-06-30": "33.55%", "2014-03-31": "29.80%", "2013-12-31": "31.47%", "2013-09-30": "33.57%", "2013-06-30": "36.15%", "2013-03-31": "40.72%", "2012-12-31": "44.02%", "2012-09-30": "51.76%", "2012-06-30": "58.34%", "2012-03-31": "68.36%", "2011-12-31": "71.04%", "2011-09-30": "56.77%", "2011-06-30": "50.40%", "2011-03-31": "38.93%", "2010-12-31": "28.06%", "2010-09-30": "349.84%", "2010-06-30": "147.07%", "2010-03-31": "97.18%", "2009-12-31": "78.24%", "2009-09-30": "38.59%", "2009-06-30": "29.43%", "2009-03-31": "31.54%", "2008-12-31": "43.02%", "2008-09-30": "26.15%", "2008-06-30": "28.26%", "2008-03-31": "28.14%", "2007-12-31": "19.24%", "2007-09-30": "32.08%", "2007-06-30": "29.01%", "2007-03-31": "27.80%", "2006-12-31": "26.25%", "2006-09-30": "29.56%", "2006-06-30": "33.03%", "2006-03-31": "29.20%", "2005-12-31": "28.88%"}, "dividend yield history": {"last payout": "$2.60", "last yield": "3.43%"}}