{"ticker": "MET", "price": {"title": "MetLife Historical Annual Stock Price Data", "value": 55.31, "historical": {"2020": {"Average Stock Price": "40.0673", "Year Open": "51.6200", "Year High": "52.6100", "Year Low": "23.5300", "Year Close": "46.9500", "Annual % Change": "-7.89%"}, "2019": {"Average Stock Price": "46.8217", "Year Open": "41.6700", "Year High": "51.3600", "Year Low": "40.8700", "Year Close": "50.9700", "Annual % Change": "24.14%"}, "2018": {"Average Stock Price": "45.9186", "Year Open": "50.1800", "Year High": "54.7700", "Year Low": "38.2400", "Year Close": "41.0600", "Annual % Change": "-18.79%"}, "2017": {"Average Stock Price": "52.2958", "Year Open": "54.2800", "Year High": "56.1700", "Year Low": "46.6800", "Year Close": "50.5600", "Annual % Change": "-6.18%"}, "2016": {"Average Stock Price": "44.8424", "Year Open": "47.3200", "Year High": "57.3900", "Year Low": "35.2100", "Year Close": "53.8900", "Annual % Change": "11.78%"}, "2015": {"Average Stock Price": "51.3305", "Year Open": "53.9100", "Year High": "57.7000", "Year Low": "46.0700", "Year Close": "48.2100", "Annual % Change": "-10.87%"}, "2014": {"Average Stock Price": "52.9881", "Year Open": "53.1900", "Year High": "57.2200", "Year Low": "47.0600", "Year Close": "54.0900", "Annual % Change": "0.32%"}, "2013": {"Average Stock Price": "44.3654", "Year Open": "35.1500", "Year High": "54.0200", "Year Low": "34.6400", "Year Close": "53.9200", "Annual % Change": "63.69%"}, "2012": {"Average Stock Price": "34.0998", "Year Open": "32.0400", "Year High": "39.4600", "Year Low": "27.8200", "Year Close": "32.9400", "Annual % Change": "5.64%"}, "2011": {"Average Stock Price": "38.9992", "Year Open": "46.1100", "Year High": "48.6300", "Year Low": "26.6000", "Year Close": "31.1800", "Annual % Change": "-29.84%"}, "2010": {"Average Stock Price": "40.2542", "Year Open": "36.3000", "Year High": "47.1000", "Year Low": "33.6400", "Year Close": "44.4400", "Annual % Change": "25.71%"}, "2009": {"Average Stock Price": "31.3272", "Year Open": "35.9700", "Year High": "40.8300", "Year Low": "12.1000", "Year Close": "35.3500", "Annual % Change": "1.41%"}, "2008": {"Average Stock Price": "50.5830", "Year Open": "59.2400", "Year High": "63.0000", "Year Low": "16.4800", "Year Close": "34.8600", "Annual % Change": "-43.43%"}, "2007": {"Average Stock Price": "64.6909", "Year Open": "60.1500", "Year High": "70.8700", "Year Low": "59.1000", "Year Close": "61.6200", "Annual % Change": "4.42%"}, "2006": {"Average Stock Price": "53.1699", "Year Open": "50.5200", "Year High": "59.8300", "Year Low": "48.1400", "Year Close": "59.0100", "Annual % Change": "20.43%"}, "2005": {"Average Stock Price": "45.0822", "Year Open": "40.1600", "Year High": "52.1500", "Year Low": "37.8500", "Year Close": "49.0000", "Annual % Change": "20.96%"}, "2004": {"Average Stock Price": "36.2059", "Year Open": "33.5600", "Year High": "41.1800", "Year Low": "32.6300", "Year Close": "40.5100", "Annual % Change": "20.31%"}, "2003": {"Average Stock Price": "28.7150", "Year Open": "27.8500", "Year High": "33.9200", "Year Low": "24.0100", "Year Close": "33.6700", "Annual % Change": "24.52%"}, "2002": {"Average Stock Price": "28.5461", "Year Open": "31.0300", "Year High": "34.5800", "Year Low": "20.7500", "Year Close": "27.0400", "Annual % Change": "-14.65%"}, "2001": {"Average Stock Price": "29.7668", "Year Open": "34.0000", "Year High": "34.8800", "Year Low": "25.2000", "Year Close": "31.6800", "Annual % Change": "-9.49%"}, "2000": {"Average Stock Price": "23.5409", "Year Open": "15.5000", "Year High": "36.5000", "Year Low": "15.1300", "Year Close": "35.0000", "Annual % Change": "0.00%"}}}, "market cap": {"value": "$48.98B"}, "income statement": {"Revenue": {"2020-12-31": "67842.00000", "2019-12-31": "69620.00000", "2018-12-31": "67941.00000", "2017-12-31": "62308.00000", "2016-12-31": "60787.00000", "2015-12-31": "61343.00000", "2014-12-31": "73316.00000", "2013-12-31": "68199.00000", "2012-12-31": "68150.00000", "2011-12-31": "70241.00000", "2010-12-31": "52247.00000", "2009-12-31": "40657.00000", "2008-12-31": "50982.00000", "2007-12-31": "47152.00000", "2006-12-31": "42929.00000", "2005-12-31": "44629.00000"}, "Cost Of Goods Sold": {"2020-12-31": "47765.00000", "2019-12-31": "49136.00000", "2018-12-31": "47920.00000", "2017-12-31": "45151.00000", "2016-12-31": "42757.00000", "2015-12-31": "40915.00000", "2014-12-31": "47421.00000", "2013-12-31": "47545.00000", "2012-12-31": "47085.00000", "2011-12-31": "42520.00000", "2010-12-31": "35591.00000", "2009-12-31": "34497.00000", "2008-12-31": "33976.00000", "2007-12-31": "30967.00000", "2006-12-31": "29466.00000", "2005-12-31": "31072.00000"}, "Gross Profit": {"2020-12-31": "20077.00000", "2019-12-31": "20484.00000", "2018-12-31": "20021.00000", "2017-12-31": "17157.00000", "2016-12-31": "18030.00000", "2015-12-31": "20428.00000", "2014-12-31": "25895.00000", "2013-12-31": "20654.00000", "2012-12-31": "21065.00000", "2011-12-31": "27721.00000", "2010-12-31": "16656.00000", "2009-12-31": "6160.00000", "2008-12-31": "17006.00000", "2007-12-31": "16185.00000", "2006-12-31": "13463.00000", "2005-12-31": "13557.00000"}, "Research And Development Expenses": {"2020-12-31": "", "2019-12-31": "", "2018-12-31": "", "2017-12-31": "", "2016-12-31": "", "2015-12-31": "", "2014-12-31": "", "2013-12-31": "", "2012-12-31": "", "2011-12-31": "", "2010-12-31": "", "2009-12-31": "", "2008-12-31": "", "2007-12-31": "", "2006-12-31": "", "2005-12-31": ""}, "SG&A Expenses": {"2020-12-31": "102.00000", "2019-12-31": "", "2018-12-31": "", "2017-12-31": "", "2016-12-31": "", "2015-12-31": "", "2014-12-31": "", "2013-12-31": "", "2012-12-31": "", "2011-12-31": "", "2010-12-31": "", "2009-12-31": "", "2008-12-31": "", "2007-12-31": "", "2006-12-31": "", "2005-12-31": ""}, "Other Operating Income Or Expenses": {"2020-12-31": "-12135.00000", "2019-12-31": "-13689.00000", "2018-12-31": "-13714.00000", "2017-12-31": "-13621.00000", "2016-12-31": "-13749.00000", "2015-12-31": "-14777.00000", "2014-12-31": "-17091.00000", "2013-12-31": "-16602.00000", "2012-12-31": "-17755.00000", "2011-12-31": "-18537.00000", "2010-12-31": "-12927.00000", "2009-12-31": "-10521.00000", "2008-12-31": "-11947.00000", "2007-12-31": "-10405.00000", "2006-12-31": "-9537.00000", "2005-12-31": "-9264.00000"}, "Operating Expenses": {"2020-12-31": "60915.00000", "2019-12-31": "62825.00000", "2018-12-31": "61634.00000", "2017-12-31": "58772.00000", "2016-12-31": "56506.00000", "2015-12-31": "55692.00000", "2014-12-31": "64512.00000", "2013-12-31": "64147.00000", "2012-12-31": "66708.00000", "2011-12-31": "61057.00000", "2010-12-31": "48518.00000", "2009-12-31": "45018.00000", "2008-12-31": "45923.00000", "2007-12-31": "41372.00000", "2006-12-31": "39003.00000", "2005-12-31": "40336.00000"}, "Operating Income": {"2020-12-31": "6927.00000", "2019-12-31": "6795.00000", "2018-12-31": "6307.00000", "2017-12-31": "3536.00000", "2016-12-31": "4281.00000", "2015-12-31": "5651.00000", "2014-12-31": "8804.00000", "2013-12-31": "4052.00000", "2012-12-31": "1442.00000", "2011-12-31": "9184.00000", "2010-12-31": "3729.00000", "2009-12-31": "-4361.00000", "2008-12-31": "5059.00000", "2007-12-31": "5780.00000", "2006-12-31": "3926.00000", "2005-12-31": "4293.00000"}, "Total Non-Operating Income/Expense": {"2020-12-31": "", "2019-12-31": "", "2018-12-31": "", "2017-12-31": "", "2016-12-31": "", "2015-12-31": "", "2014-12-31": "", "2013-12-31": "", "2012-12-31": "", "2011-12-31": "", "2010-12-31": "", "2009-12-31": "", "2008-12-31": "", "2007-12-31": "", "2006-12-31": "", "2005-12-31": ""}, "Pre-Tax Income": {"2020-12-31": "6927.00000", "2019-12-31": "6795.00000", "2018-12-31": "6307.00000", "2017-12-31": "3536.00000", "2016-12-31": "4281.00000", "2015-12-31": "5651.00000", "2014-12-31": "8804.00000", "2013-12-31": "4052.00000", "2012-12-31": "1442.00000", "2011-12-31": "9184.00000", "2010-12-31": "3729.00000", "2009-12-31": "-4361.00000", "2008-12-31": "5059.00000", "2007-12-31": "5780.00000", "2006-12-31": "3926.00000", "2005-12-31": "4293.00000"}, "Income Taxes": {"2020-12-31": "1509.00000", "2019-12-31": "886.00000", "2018-12-31": "1179.00000", "2017-12-31": "-1470.00000", "2016-12-31": "693.00000", "2015-12-31": "1590.00000", "2014-12-31": "2465.00000", "2013-12-31": "661.00000", "2012-12-31": "128.00000", "2011-12-31": "2793.00000", "2010-12-31": "1110.00000", "2009-12-31": "-2025.00000", "2008-12-31": "1580.00000", "2007-12-31": "1675.00000", "2006-12-31": "1016.00000", "2005-12-31": "1222.00000"}, "Income After Taxes": {"2020-12-31": "5418.00000", "2019-12-31": "5909.00000", "2018-12-31": "5128.00000", "2017-12-31": "5006.00000", "2016-12-31": "3588.00000", "2015-12-31": "4061.00000", "2014-12-31": "6339.00000", "2013-12-31": "3391.00000", "2012-12-31": "1314.00000", "2011-12-31": "6391.00000", "2010-12-31": "2619.00000", "2009-12-31": "-2336.00000", "2008-12-31": "3479.00000", "2007-12-31": "4105.00000", "2006-12-31": "2910.00000", "2005-12-31": "3071.00000"}, "Other Income": {"2020-12-31": "", "2019-12-31": "", "2018-12-31": "", "2017-12-31": "", "2016-12-31": "", "2015-12-31": "", "2014-12-31": "", "2013-12-31": "", "2012-12-31": "", "2011-12-31": "", "2010-12-31": "", "2009-12-31": "", "2008-12-31": "", "2007-12-31": "", "2006-12-31": "", "2005-12-31": ""}, "Income From Continuous Operations": {"2020-12-31": "5418.00000", "2019-12-31": "5909.00000", "2018-12-31": "5128.00000", "2017-12-31": "5006.00000", "2016-12-31": "3588.00000", "2015-12-31": "4061.00000", "2014-12-31": "6339.00000", "2013-12-31": "3391.00000", "2012-12-31": "1314.00000", "2011-12-31": "6391.00000", "2010-12-31": "2619.00000", "2009-12-31": "-2336.00000", "2008-12-31": "3479.00000", "2007-12-31": "4105.00000", "2006-12-31": "2910.00000", "2005-12-31": "3071.00000"}, "Income From Discontinued Operations": {"2020-12-31": "", "2019-12-31": "0.00000", "2018-12-31": "0.00000", "2017-12-31": "-986.00000", "2016-12-31": "-2734.00000", "2015-12-31": "1324.00000", "2014-12-31": "-3.00000", "2013-12-31": "2.00000", "2012-12-31": "48.00000", "2011-12-31": "24.00000", "2010-12-31": "44.00000", "2009-12-31": "58.00000", "2008-12-31": "-201.00000", "2007-12-31": "360.00000", "2006-12-31": "3383.00000", "2005-12-31": "1643.00000"}, "Net Income": {"2020-12-31": "5191.00000", "2019-12-31": "5721.00000", "2018-12-31": "4982.00000", "2017-12-31": "3907.00000", "2016-12-31": "747.00000", "2015-12-31": "5215.00000", "2014-12-31": "6187.00000", "2013-12-31": "3246.00000", "2012-12-31": "1202.00000", "2011-12-31": "6155.00000", "2010-12-31": "2545.00000", "2009-12-31": "-2368.00000", "2008-12-31": "3084.00000", "2007-12-31": "4180.00000", "2006-12-31": "6159.00000", "2005-12-31": "4651.00000"}, "EBITDA": {"2020-12-31": "7840.00000", "2019-12-31": "6426.00000", "2018-12-31": "5922.00000", "2017-12-31": "3287.00000", "2016-12-31": "3823.00000", "2015-12-31": "5203.00000", "2014-12-31": "8906.00000", "2013-12-31": "4599.00000", "2012-12-31": "1612.00000", "2011-12-31": "9386.00000", "2010-12-31": "3236.00000", "2009-12-31": "-4808.00000", "2008-12-31": "4495.00000", "2007-12-31": "5282.00000", "2006-12-31": "3702.00000", "2005-12-31": "4444.00000"}, "EBIT": {"2020-12-31": "7840.00000", "2019-12-31": "6795.00000", "2018-12-31": "6307.00000", "2017-12-31": "3536.00000", "2016-12-31": "4281.00000", "2015-12-31": "5651.00000", "2014-12-31": "8804.00000", "2013-12-31": "4052.00000", "2012-12-31": "1442.00000", "2011-12-31": "9184.00000", "2010-12-31": "3729.00000", "2009-12-31": "-4361.00000", "2008-12-31": "5059.00000", "2007-12-31": "5780.00000", "2006-12-31": "3926.00000", "2005-12-31": "4293.00000"}, "Basic Shares Outstanding": {"2020-12-31": "", "2019-12-31": "937.60000", "2018-12-31": "1005.90000", "2017-12-31": "1069.70000", "2016-12-31": "1100.50000", "2015-12-31": "1117.80000", "2014-12-31": "1128.70000", "2013-12-31": "1105.58000", "2012-12-31": "1070.75600", "2011-12-31": "1059.58000", "2010-12-31": "882.43700", "2009-12-31": "818.46200", "2008-12-31": "735.18400", "2007-12-31": "744.15400", "2006-12-31": "761.10500", "2005-12-31": "749.02300"}, "Shares Outstanding": {"2020-12-31": "913.20000", "2019-12-31": "944.40000", "2018-12-31": "1013.90000", "2017-12-31": "1078.50000", "2016-12-31": "1108.50000", "2015-12-31": "1128.30000", "2014-12-31": "1142.50000", "2013-12-31": "1116.20300", "2012-12-31": "1076.84000", "2011-12-31": "1068.09400", "2010-12-31": "889.56800", "2009-12-31": "818.46200", "2008-12-31": "744.78500", "2007-12-31": "762.26400", "2006-12-31": "770.70400", "2005-12-31": "755.33600"}, "Basic EPS": {"2020-12-31": "", "2019-12-31": "6.10000", "2018-12-31": "4.95000", "2017-12-31": "3.65000", "2016-12-31": "0.68000", "2015-12-31": "4.67000", "2014-12-31": "5.48000", "2013-12-31": "2.94000", "2012-12-31": "1.12000", "2011-12-31": "5.81000", "2010-12-31": "2.88000", "2009-12-31": "-2.89000", "2008-12-31": "4.19000", "2007-12-31": "5.62000", "2006-12-31": "8.09000", "2005-12-31": "6.21000"}, "EPS - Earnings Per Share": {"2020-12-31": "5.68000", "2019-12-31": "6.06000", "2018-12-31": "4.91000", "2017-12-31": "3.62000", "2016-12-31": "0.67000", "2015-12-31": "4.62000", "2014-12-31": "5.42000", "2013-12-31": "2.91000", "2012-12-31": "1.12000", "2011-12-31": "5.76000", "2010-12-31": "2.86000", "2009-12-31": "-2.89000", "2008-12-31": "4.14000", "2007-12-31": "5.48000", "2006-12-31": "7.99000", "2005-12-31": "6.16000"}}, "income statement, quarterly": {"Revenue": {"2020-12-31": "19418.00000", "2020-09-30": "16015.00000", "2020-06-30": "14099.00000", "2020-03-31": "18310.00000", "2019-12-31": "17143.00000", "2019-09-30": "18678.00000", "2019-06-30": "17497.00000", "2019-03-31": "16302.00000", "2018-12-31": "15662.00000", "2018-09-30": "16289.00000", "2018-06-30": "21185.00000", "2018-03-31": "14805.00000", "2017-12-31": "15840.00000", "2017-09-30": "16171.00000", "2017-06-30": "15333.00000", "2017-03-31": "14964.00000", "2016-12-31": "11277.00000", "2016-09-30": "15833.00000", "2016-06-30": "15244.00000", "2016-03-31": "18433.00000", "2015-12-31": "8436.00000", "2015-09-30": "18031.00000", "2015-06-30": "16166.00000", "2015-03-31": "18710.00000", "2014-12-31": "19119.00000", "2014-09-30": "18846.00000", "2014-06-30": "18266.00000", "2014-03-31": "17085.00000", "2013-12-31": "18458.00000", "2013-09-30": "16337.00000", "2013-06-30": "15721.00000", "2013-03-31": "17683.00000", "2012-12-31": "17333.00000", "2012-09-30": "16503.00000", "2012-06-30": "18398.00000", "2012-03-31": "15916.00000", "2011-12-31": "16734.00000", "2011-09-30": "20453.00000", "2011-06-30": "17146.00000", "2011-03-31": "15908.00000", "2010-12-31": "12671.00000", "2010-09-30": "12338.00000", "2010-06-30": "14138.00000", "2010-03-31": "13100.00000", "2009-12-31": "11940.00000", "2009-09-30": "10238.00000", "2009-06-30": "8265.00000", "2009-03-31": "10214.00000", "2008-12-31": "13958.00000", "2008-09-30": "13351.00000", "2008-06-30": "12049.00000", "2008-03-31": "11624.00000", "2007-12-31": "9345.00000", "2007-09-30": "11678.00000", "2007-06-30": "13217.00000", "2007-03-31": "12912.00000", "2006-12-31": "7518.00000", "2006-09-30": "12528.00000", "2006-06-30": "11351.00000", "2006-03-31": "11532.00000", "2005-12-31": "11429.00000", "2005-09-30": "11988.00000", "2005-06-30": "10955.00000", "2005-03-31": "10257.00000"}, "Cost Of Goods Sold": {"2020-12-31": "15830.00000", "2020-09-30": "11622.00000", "2020-06-30": "10919.00000", "2020-03-31": "9394.00000", "2019-12-31": "13549.00000", "2019-09-30": "12444.00000", "2019-06-30": "11810.00000", "2019-03-31": "11333.00000", "2018-12-31": "9796.00000", "2018-09-30": "11741.00000", "2018-06-30": "16599.00000", "2018-03-31": "9784.00000", "2017-12-31": "11127.00000", "2017-09-30": "12368.00000", "2017-06-30": "11032.00000", "2017-03-31": "10624.00000", "2016-12-31": "7882.00000", "2016-09-30": "11458.00000", "2016-06-30": "12098.00000", "2016-03-31": "11319.00000", "2015-12-31": "7008.00000", "2015-09-30": "11335.00000", "2015-06-30": "10981.00000", "2015-03-31": "11591.00000", "2014-12-31": "12555.00000", "2014-09-30": "11676.00000", "2014-06-30": "12094.00000", "2014-03-31": "11096.00000", "2013-12-31": "12728.00000", "2013-09-30": "11384.00000", "2013-06-30": "11135.00000", "2013-03-31": "12298.00000", "2012-12-31": "13396.00000", "2012-09-30": "11400.00000", "2012-06-30": "10285.00000", "2012-03-31": "12004.00000", "2011-12-31": "10910.00000", "2011-09-30": "10140.00000", "2011-06-30": "10937.00000", "2011-03-31": "10533.00000", "2010-12-31": "9278.00000", "2010-09-30": "8964.00000", "2010-06-30": "8366.00000", "2010-03-31": "8983.00000", "2009-12-31": "8844.00000", "2009-09-30": "8870.00000", "2009-06-30": "8609.00000", "2009-03-31": "8174.00000", "2008-12-31": "8669.00000", "2008-09-30": "8841.00000", "2008-06-30": "8221.00000", "2008-03-31": "8245.00000", "2007-12-31": "5770.00000", "2007-09-30": "7872.00000", "2007-06-30": "8752.00000", "2007-03-31": "8573.00000", "2006-12-31": "4965.00000", "2006-09-30": "8468.00000", "2006-06-30": "8010.00000", "2006-03-31": "8023.00000", "2005-12-31": "8029.00000", "2005-09-30": "8412.00000", "2005-06-30": "7495.00000", "2005-03-31": "7136.00000"}, "Gross Profit": {"2020-12-31": "3588.00000", "2020-09-30": "4393.00000", "2020-06-30": "3180.00000", "2020-03-31": "8916.00000", "2019-12-31": "3594.00000", "2019-09-30": "6234.00000", "2019-06-30": "5687.00000", "2019-03-31": "4969.00000", "2018-12-31": "5866.00000", "2018-09-30": "4548.00000", "2018-06-30": "4586.00000", "2018-03-31": "5021.00000", "2017-12-31": "4713.00000", "2017-09-30": "3803.00000", "2017-06-30": "4301.00000", "2017-03-31": "4340.00000", "2016-12-31": "3395.00000", "2016-09-30": "4375.00000", "2016-06-30": "3146.00000", "2016-03-31": "7114.00000", "2015-12-31": "1428.00000", "2015-09-30": "6696.00000", "2015-06-30": "5185.00000", "2015-03-31": "7119.00000", "2014-12-31": "6564.00000", "2014-09-30": "7170.00000", "2014-06-30": "6172.00000", "2014-03-31": "5989.00000", "2013-12-31": "5730.00000", "2013-09-30": "4953.00000", "2013-06-30": "4586.00000", "2013-03-31": "5385.00000", "2012-12-31": "3937.00000", "2012-09-30": "5103.00000", "2012-06-30": "8113.00000", "2012-03-31": "3912.00000", "2011-12-31": "5824.00000", "2011-09-30": "10313.00000", "2011-06-30": "6209.00000", "2011-03-31": "5375.00000", "2010-12-31": "3393.00000", "2010-09-30": "3374.00000", "2010-06-30": "5772.00000", "2010-03-31": "4117.00000", "2009-12-31": "3096.00000", "2009-09-30": "1368.00000", "2009-06-30": "-344.00000", "2009-03-31": "2040.00000", "2008-12-31": "5289.00000", "2008-09-30": "4510.00000", "2008-06-30": "3828.00000", "2008-03-31": "3379.00000", "2007-12-31": "3575.00000", "2007-09-30": "3806.00000", "2007-06-30": "4465.00000", "2007-03-31": "4339.00000", "2006-12-31": "2553.00000", "2006-09-30": "4060.00000", "2006-06-30": "3341.00000", "2006-03-31": "3509.00000", "2005-12-31": "3400.00000", "2005-09-30": "3576.00000", "2005-06-30": "3460.00000", "2005-03-31": "3121.00000"}, "Research And Development Expenses": {"2020-12-31": "", "2020-09-30": "", "2020-06-30": "", "2020-03-31": "", "2019-12-31": "", "2019-09-30": "", "2019-06-30": "", "2019-03-31": "", "2018-12-31": "", "2018-09-30": "", "2018-06-30": "", "2018-03-31": "", "2017-12-31": "", "2017-09-30": "", "2017-06-30": "", "2017-03-31": "", "2016-12-31": "", "2016-09-30": "", "2016-06-30": "", "2016-03-31": "", "2015-12-31": "", "2015-09-30": "", "2015-06-30": "", "2015-03-31": "", "2014-12-31": "", "2014-09-30": "", "2014-06-30": "", "2014-03-31": "", "2013-12-31": "", "2013-09-30": "", "2013-06-30": "", "2013-03-31": "", "2012-12-31": "", "2012-09-30": "", "2012-06-30": "", "2012-03-31": "", "2011-12-31": "", "2011-09-30": "", "2011-06-30": "", "2011-03-31": "", "2010-12-31": "", "2010-09-30": "", "2010-06-30": "", "2010-03-31": "", "2009-12-31": "", "2009-09-30": "", "2009-06-30": "", "2009-03-31": "", "2008-12-31": "", "2008-09-30": "", "2008-06-30": "", "2008-03-31": "", "2007-12-31": "", "2007-09-30": "", "2007-06-30": "", "2007-03-31": "", "2006-12-31": "", "2006-09-30": "", "2006-06-30": "", "2006-03-31": "", "2005-12-31": "", "2005-09-30": "", "2005-06-30": "", "2005-03-31": ""}, "SG&A Expenses": {"2020-12-31": "-68.00000", "2020-09-30": "", "2020-06-30": "", "2020-03-31": "", "2019-12-31": "", "2019-09-30": "", "2019-06-30": "", "2019-03-31": "", "2018-12-31": "", "2018-09-30": "", "2018-06-30": "", "2018-03-31": "", "2017-12-31": "", "2017-09-30": "", "2017-06-30": "", "2017-03-31": "", "2016-12-31": "", "2016-09-30": "", "2016-06-30": "", "2016-03-31": "", "2015-12-31": "", "2015-09-30": "", "2015-06-30": "", "2015-03-31": "", "2014-12-31": "", "2014-09-30": "", "2014-06-30": "", "2014-03-31": "", "2013-12-31": "", "2013-09-30": "", "2013-06-30": "", "2013-03-31": "", "2012-12-31": "", "2012-09-30": "", "2012-06-30": "", "2012-03-31": "", "2011-12-31": "", "2011-09-30": "", "2011-06-30": "", "2011-03-31": "", "2010-12-31": "", "2010-09-30": "", "2010-06-30": "", "2010-03-31": "", "2009-12-31": "", "2009-09-30": "", "2009-06-30": "", "2009-03-31": "", "2008-12-31": "", "2008-09-30": "", "2008-06-30": "", "2008-03-31": "", "2007-12-31": "", "2007-09-30": "", "2007-06-30": "", "2007-03-31": "", "2006-12-31": "", "2006-09-30": "", "2006-06-30": "", "2006-03-31": "", "2005-12-31": "", "2005-09-30": "", "2005-06-30": "", "2005-03-31": ""}, "Other Operating Income Or Expenses": {"2020-12-31": "-3262.00000", "2020-09-30": "-3470.00000", "2020-06-30": "-2983.00000", "2020-03-31": "-3273.00000", "2019-12-31": "-3631.00000", "2019-09-30": "-3443.00000", "2019-06-30": "-3390.00000", "2019-03-31": "-3225.00000", "2018-12-31": "-3395.00000", "2018-09-30": "-3469.00000", "2018-06-30": "-3485.00000", "2018-03-31": "-3365.00000", "2017-12-31": "-3752.00000", "2017-09-30": "-3318.00000", "2017-06-30": "-3283.00000", "2017-03-31": "-3268.00000", "2016-12-31": "-3095.00000", "2016-09-30": "-3216.00000", "2016-06-30": "-3246.00000", "2016-03-31": "-4192.00000", "2015-12-31": "-2112.00000", "2015-09-30": "-4533.00000", "2015-06-30": "-4072.00000", "2015-03-31": "-4060.00000", "2014-12-31": "-4488.00000", "2014-09-30": "-4218.00000", "2014-06-30": "-4222.00000", "2014-03-31": "-4163.00000", "2013-12-31": "-4462.00000", "2013-09-30": "-3977.00000", "2013-06-30": "-4025.00000", "2013-03-31": "-4138.00000", "2012-12-31": "-4414.00000", "2012-09-30": "-4245.00000", "2012-06-30": "-4775.00000", "2012-03-31": "-4321.00000", "2011-12-31": "-4550.00000", "2011-09-30": "-5198.00000", "2011-06-30": "-4699.00000", "2011-03-31": "-4090.00000", "2010-12-31": "-3597.00000", "2010-09-30": "-2989.00000", "2010-06-30": "-3409.00000", "2010-03-31": "-2932.00000", "2009-12-31": "-2945.00000", "2009-09-30": "-2543.00000", "2009-06-30": "-2031.00000", "2009-03-31": "-3002.00000", "2008-12-31": "-3862.00000", "2008-09-30": "-2931.00000", "2008-06-30": "-2607.00000", "2008-03-31": "-2547.00000", "2007-12-31": "-2192.00000", "2007-09-30": "-2483.00000", "2007-06-30": "-2834.00000", "2007-03-31": "-2896.00000", "2006-12-31": "-1755.00000", "2006-09-30": "-2744.00000", "2006-06-30": "-2543.00000", "2006-03-31": "-2495.00000", "2005-12-31": "-2673.00000", "2005-09-30": "-2615.00000", "2005-06-30": "-2005.00000", "2005-03-31": "-1971.00000"}, "Operating Expenses": {"2020-12-31": "19254.00000", "2020-09-30": "15092.00000", "2020-06-30": "13902.00000", "2020-03-31": "12667.00000", "2019-12-31": "17180.00000", "2019-09-30": "15887.00000", "2019-06-30": "15200.00000", "2019-03-31": "14558.00000", "2018-12-31": "13191.00000", "2018-09-30": "15210.00000", "2018-06-30": "20084.00000", "2018-03-31": "13149.00000", "2017-12-31": "14879.00000", "2017-09-30": "15686.00000", "2017-06-30": "14315.00000", "2017-03-31": "13892.00000", "2016-12-31": "10977.00000", "2016-09-30": "14674.00000", "2016-06-30": "15344.00000", "2016-03-31": "15511.00000", "2015-12-31": "9120.00000", "2015-09-30": "15868.00000", "2015-06-30": "15053.00000", "2015-03-31": "15651.00000", "2014-12-31": "17043.00000", "2014-09-30": "15894.00000", "2014-06-30": "16316.00000", "2014-03-31": "15259.00000", "2013-12-31": "17190.00000", "2013-09-30": "15361.00000", "2013-06-30": "15160.00000", "2013-03-31": "16436.00000", "2012-12-31": "17810.00000", "2012-09-30": "17513.00000", "2012-06-30": "15060.00000", "2012-03-31": "16325.00000", "2011-12-31": "15460.00000", "2011-09-30": "15338.00000", "2011-06-30": "15636.00000", "2011-03-31": "14623.00000", "2010-12-31": "12875.00000", "2010-09-30": "11953.00000", "2010-06-30": "11775.00000", "2010-03-31": "11915.00000", "2009-12-31": "11789.00000", "2009-09-30": "11413.00000", "2009-06-30": "10640.00000", "2009-03-31": "11176.00000", "2008-12-31": "12531.00000", "2008-09-30": "11772.00000", "2008-06-30": "10828.00000", "2008-03-31": "10792.00000", "2007-12-31": "7962.00000", "2007-09-30": "10355.00000", "2007-06-30": "11586.00000", "2007-03-31": "11469.00000", "2006-12-31": "6720.00000", "2006-09-30": "11212.00000", "2006-06-30": "10553.00000", "2006-03-31": "10518.00000", "2005-12-31": "10702.00000", "2005-09-30": "11027.00000", "2005-06-30": "9500.00000", "2005-03-31": "9107.00000"}, "Operating Income": {"2020-12-31": "164.00000", "2020-09-30": "923.00000", "2020-06-30": "197.00000", "2020-03-31": "5643.00000", "2019-12-31": "-37.00000", "2019-09-30": "2791.00000", "2019-06-30": "2297.00000", "2019-03-31": "1744.00000", "2018-12-31": "2471.00000", "2018-09-30": "1079.00000", "2018-06-30": "1101.00000", "2018-03-31": "1656.00000", "2017-12-31": "961.00000", "2017-09-30": "485.00000", "2017-06-30": "1018.00000", "2017-03-31": "1072.00000", "2016-12-31": "300.00000", "2016-09-30": "1159.00000", "2016-06-30": "-100.00000", "2016-03-31": "2922.00000", "2015-12-31": "-684.00000", "2015-09-30": "2163.00000", "2015-06-30": "1113.00000", "2015-03-31": "3059.00000", "2014-12-31": "2076.00000", "2014-09-30": "2952.00000", "2014-06-30": "1950.00000", "2014-03-31": "1826.00000", "2013-12-31": "1268.00000", "2013-09-30": "976.00000", "2013-06-30": "561.00000", "2013-03-31": "1247.00000", "2012-12-31": "-477.00000", "2012-09-30": "-1010.00000", "2012-06-30": "3338.00000", "2012-03-31": "-409.00000", "2011-12-31": "1274.00000", "2011-09-30": "5115.00000", "2011-06-30": "1510.00000", "2011-03-31": "1285.00000", "2010-12-31": "-204.00000", "2010-09-30": "385.00000", "2010-06-30": "2363.00000", "2010-03-31": "1185.00000", "2009-12-31": "151.00000", "2009-09-30": "-1175.00000", "2009-06-30": "-2375.00000", "2009-03-31": "-962.00000", "2008-12-31": "1427.00000", "2008-09-30": "1579.00000", "2008-06-30": "1221.00000", "2008-03-31": "832.00000", "2007-12-31": "1383.00000", "2007-09-30": "1323.00000", "2007-06-30": "1631.00000", "2007-03-31": "1443.00000", "2006-12-31": "798.00000", "2006-09-30": "1316.00000", "2006-06-30": "798.00000", "2006-03-31": "1014.00000", "2005-12-31": "727.00000", "2005-09-30": "961.00000", "2005-06-30": "1455.00000", "2005-03-31": "1150.00000"}, "Total Non-Operating Income/Expense": {"2020-12-31": "", "2020-09-30": "", "2020-06-30": "", "2020-03-31": "", "2019-12-31": "", "2019-09-30": "", "2019-06-30": "", "2019-03-31": "", "2018-12-31": "", "2018-09-30": "", "2018-06-30": "", "2018-03-31": "", "2017-12-31": "", "2017-09-30": "", "2017-06-30": "", "2017-03-31": "", "2016-12-31": "", "2016-09-30": "", "2016-06-30": "", "2016-03-31": "", "2015-12-31": "", "2015-09-30": "", "2015-06-30": "", "2015-03-31": "", "2014-12-31": "", "2014-09-30": "", "2014-06-30": "", "2014-03-31": "", "2013-12-31": "", "2013-09-30": "", "2013-06-30": "", "2013-03-31": "", "2012-12-31": "", "2012-09-30": "", "2012-06-30": "", "2012-03-31": "", "2011-12-31": "", "2011-09-30": "", "2011-06-30": "", "2011-03-31": "", "2010-12-31": "", "2010-09-30": "", "2010-06-30": "", "2010-03-31": "", "2009-12-31": "", "2009-09-30": "", "2009-06-30": "", "2009-03-31": "", "2008-12-31": "", "2008-09-30": "", "2008-06-30": "", "2008-03-31": "", "2007-12-31": "", "2007-09-30": "", "2007-06-30": "", "2007-03-31": "", "2006-12-31": "", "2006-09-30": "", "2006-06-30": "", "2006-03-31": "", "2005-12-31": "", "2005-09-30": "", "2005-06-30": "", "2005-03-31": ""}, "Pre-Tax Income": {"2020-12-31": "164.00000", "2020-09-30": "923.00000", "2020-06-30": "197.00000", "2020-03-31": "5643.00000", "2019-12-31": "-37.00000", "2019-09-30": "2791.00000", "2019-06-30": "2297.00000", "2019-03-31": "1744.00000", "2018-12-31": "2471.00000", "2018-09-30": "1079.00000", "2018-06-30": "1101.00000", "2018-03-31": "1656.00000", "2017-12-31": "961.00000", "2017-09-30": "485.00000", "2017-06-30": "1018.00000", "2017-03-31": "1072.00000", "2016-12-31": "300.00000", "2016-09-30": "1159.00000", "2016-06-30": "-100.00000", "2016-03-31": "2922.00000", "2015-12-31": "-684.00000", "2015-09-30": "2163.00000", "2015-06-30": "1113.00000", "2015-03-31": "3059.00000", "2014-12-31": "2076.00000", "2014-09-30": "2952.00000", "2014-06-30": "1950.00000", "2014-03-31": "1826.00000", "2013-12-31": "1268.00000", "2013-09-30": "976.00000", "2013-06-30": "561.00000", "2013-03-31": "1247.00000", "2012-12-31": "-477.00000", "2012-09-30": "-1010.00000", "2012-06-30": "3338.00000", "2012-03-31": "-409.00000", "2011-12-31": "1274.00000", "2011-09-30": "5115.00000", "2011-06-30": "1510.00000", "2011-03-31": "1285.00000", "2010-12-31": "-204.00000", "2010-09-30": "385.00000", "2010-06-30": "2363.00000", "2010-03-31": "1185.00000", "2009-12-31": "151.00000", "2009-09-30": "-1175.00000", "2009-06-30": "-2375.00000", "2009-03-31": "-962.00000", "2008-12-31": "1427.00000", "2008-09-30": "1579.00000", "2008-06-30": "1221.00000", "2008-03-31": "832.00000", "2007-12-31": "1383.00000", "2007-09-30": "1323.00000", "2007-06-30": "1631.00000", "2007-03-31": "1443.00000", "2006-12-31": "798.00000", "2006-09-30": "1316.00000", "2006-06-30": "798.00000", "2006-03-31": "1014.00000", "2005-12-31": "727.00000", "2005-09-30": "961.00000", "2005-06-30": "1455.00000", "2005-03-31": "1150.00000"}, "Income Taxes": {"2020-12-31": "6.00000", "2020-09-30": "214.00000", "2020-06-30": "47.00000", "2020-03-31": "1242.00000", "2019-12-31": "-625.00000", "2019-09-30": "601.00000", "2019-06-30": "551.00000", "2019-03-31": "359.00000", "2018-12-31": "409.00000", "2018-09-30": "164.00000", "2018-06-30": "207.00000", "2018-03-31": "399.00000", "2017-12-31": "-1354.00000", "2017-09-30": "-398.00000", "2017-06-30": "162.00000", "2017-03-31": "120.00000", "2016-12-31": "53.00000", "2016-09-30": "135.00000", "2016-06-30": "-214.00000", "2016-03-31": "719.00000", "2015-12-31": "-265.00000", "2015-09-30": "965.00000", "2015-06-30": "-6.00000", "2015-03-31": "896.00000", "2014-12-31": "549.00000", "2014-09-30": "858.00000", "2014-06-30": "574.00000", "2014-03-31": "484.00000", "2013-12-31": "353.00000", "2013-09-30": "3.00000", "2013-06-30": "53.00000", "2013-03-31": "252.00000", "2012-12-31": "-582.00000", "2012-09-30": "-53.00000", "2012-06-30": "1038.00000", "2012-03-31": "-275.00000", "2011-12-31": "311.00000", "2011-09-30": "1673.00000", "2011-06-30": "448.00000", "2011-03-31": "361.00000", "2010-12-31": "-141.00000", "2010-09-30": "68.00000", "2010-06-30": "827.00000", "2010-03-31": "356.00000", "2009-12-31": "-141.00000", "2009-09-30": "-551.00000", "2009-06-30": "-956.00000", "2009-03-31": "-377.00000", "2008-12-31": "502.00000", "2008-09-30": "529.00000", "2008-06-30": "342.00000", "2008-03-31": "207.00000", "2007-12-31": "403.00000", "2007-09-30": "380.00000", "2007-06-30": "476.00000", "2007-03-31": "416.00000", "2006-12-31": "170.00000", "2006-09-30": "357.00000", "2006-06-30": "205.00000", "2006-03-31": "284.00000", "2005-12-31": "184.00000", "2005-09-30": "238.00000", "2005-06-30": "450.00000", "2005-03-31": "350.00000"}, "Income After Taxes": {"2020-12-31": "158.00000", "2020-09-30": "709.00000", "2020-06-30": "150.00000", "2020-03-31": "4401.00000", "2019-12-31": "588.00000", "2019-09-30": "2190.00000", "2019-06-30": "1746.00000", "2019-03-31": "1385.00000", "2018-12-31": "2062.00000", "2018-09-30": "915.00000", "2018-06-30": "894.00000", "2018-03-31": "1257.00000", "2017-12-31": "2315.00000", "2017-09-30": "883.00000", "2017-06-30": "856.00000", "2017-03-31": "952.00000", "2016-12-31": "247.00000", "2016-09-30": "1024.00000", "2016-06-30": "114.00000", "2016-03-31": "2203.00000", "2015-12-31": "-419.00000", "2015-09-30": "1198.00000", "2015-06-30": "1119.00000", "2015-03-31": "2163.00000", "2014-12-31": "1527.00000", "2014-09-30": "2094.00000", "2014-06-30": "1376.00000", "2014-03-31": "1342.00000", "2013-12-31": "915.00000", "2013-09-30": "973.00000", "2013-06-30": "508.00000", "2013-03-31": "995.00000", "2012-12-31": "105.00000", "2012-09-30": "-957.00000", "2012-06-30": "2300.00000", "2012-03-31": "-134.00000", "2011-12-31": "963.00000", "2011-09-30": "3442.00000", "2011-06-30": "1062.00000", "2011-03-31": "924.00000", "2010-12-31": "-63.00000", "2010-09-30": "317.00000", "2010-06-30": "1536.00000", "2010-03-31": "829.00000", "2009-12-31": "292.00000", "2009-09-30": "-624.00000", "2009-06-30": "-1419.00000", "2009-03-31": "-585.00000", "2008-12-31": "925.00000", "2008-09-30": "1050.00000", "2008-06-30": "879.00000", "2008-03-31": "625.00000", "2007-12-31": "980.00000", "2007-09-30": "943.00000", "2007-06-30": "1155.00000", "2007-03-31": "1027.00000", "2006-12-31": "628.00000", "2006-09-30": "959.00000", "2006-06-30": "593.00000", "2006-03-31": "730.00000", "2005-12-31": "543.00000", "2005-09-30": "723.00000", "2005-06-30": "1005.00000", "2005-03-31": "800.00000"}, "Other Income": {"2020-12-31": "", "2020-09-30": "", "2020-06-30": "", "2020-03-31": "", "2019-12-31": "", "2019-09-30": "", "2019-06-30": "", "2019-03-31": "", "2018-12-31": "", "2018-09-30": "", "2018-06-30": "", "2018-03-31": "", "2017-12-31": "", "2017-09-30": "", "2017-06-30": "", "2017-03-31": "", "2016-12-31": "", "2016-09-30": "", "2016-06-30": "", "2016-03-31": "", "2015-12-31": "", "2015-09-30": "", "2015-06-30": "", "2015-03-31": "", "2014-12-31": "", "2014-09-30": "", "2014-06-30": "", "2014-03-31": "", "2013-12-31": "", "2013-09-30": "", "2013-06-30": "", "2013-03-31": "", "2012-12-31": "", "2012-09-30": "", "2012-06-30": "", "2012-03-31": "", "2011-12-31": "", "2011-09-30": "", "2011-06-30": "", "2011-03-31": "", "2010-12-31": "", "2010-09-30": "", "2010-06-30": "", "2010-03-31": "", "2009-12-31": "", "2009-09-30": "", "2009-06-30": "", "2009-03-31": "", "2008-12-31": "", "2008-09-30": "", "2008-06-30": "", "2008-03-31": "", "2007-12-31": "", "2007-09-30": "", "2007-06-30": "", "2007-03-31": "", "2006-12-31": "", "2006-09-30": "", "2006-06-30": "", "2006-03-31": "", "2005-12-31": "", "2005-09-30": "", "2005-06-30": "", "2005-03-31": ""}, "Income From Continuous Operations": {"2020-12-31": "158.00000", "2020-09-30": "709.00000", "2020-06-30": "150.00000", "2020-03-31": "4401.00000", "2019-12-31": "588.00000", "2019-09-30": "2190.00000", "2019-06-30": "1746.00000", "2019-03-31": "1385.00000", "2018-12-31": "2062.00000", "2018-09-30": "915.00000", "2018-06-30": "894.00000", "2018-03-31": "1257.00000", "2017-12-31": "2315.00000", "2017-09-30": "883.00000", "2017-06-30": "856.00000", "2017-03-31": "952.00000", "2016-12-31": "247.00000", "2016-09-30": "1024.00000", "2016-06-30": "114.00000", "2016-03-31": "2203.00000", "2015-12-31": "-419.00000", "2015-09-30": "1198.00000", "2015-06-30": "1119.00000", "2015-03-31": "2163.00000", "2014-12-31": "1527.00000", "2014-09-30": "2094.00000", "2014-06-30": "1376.00000", "2014-03-31": "1342.00000", "2013-12-31": "915.00000", "2013-09-30": "973.00000", "2013-06-30": "508.00000", "2013-03-31": "995.00000", "2012-12-31": "105.00000", "2012-09-30": "-957.00000", "2012-06-30": "2300.00000", "2012-03-31": "-134.00000", "2011-12-31": "963.00000", "2011-09-30": "3442.00000", "2011-06-30": "1062.00000", "2011-03-31": "924.00000", "2010-12-31": "-63.00000", "2010-09-30": "317.00000", "2010-06-30": "1536.00000", "2010-03-31": "829.00000", "2009-12-31": "292.00000", "2009-09-30": "-624.00000", "2009-06-30": "-1419.00000", "2009-03-31": "-585.00000", "2008-12-31": "925.00000", "2008-09-30": "1050.00000", "2008-06-30": "879.00000", "2008-03-31": "625.00000", "2007-12-31": "980.00000", "2007-09-30": "943.00000", "2007-06-30": "1155.00000", "2007-03-31": "1027.00000", "2006-12-31": "628.00000", "2006-09-30": "959.00000", "2006-06-30": "593.00000", "2006-03-31": "730.00000", "2005-12-31": "543.00000", "2005-09-30": "723.00000", "2005-06-30": "1005.00000", "2005-03-31": "800.00000"}, "Income From Discontinued Operations": {"2020-12-31": "", "2020-09-30": "", "2020-06-30": "", "2020-03-31": "", "2019-12-31": "", "2019-09-30": "", "2019-06-30": "", "2019-03-31": "", "2018-12-31": "", "2018-09-30": "", "2018-06-30": "", "2018-03-31": "", "2017-12-31": "", "2017-09-30": "-968.00000", "2017-06-30": "58.00000", "2017-03-31": "-76.00000", "2016-12-31": "-2283.00000", "2016-09-30": "-451.00000", "2016-06-30": "", "2016-03-31": "", "2015-12-31": "", "2015-09-30": "", "2015-06-30": "", "2015-03-31": "", "2014-12-31": "", "2014-09-30": "", "2014-06-30": "", "2014-03-31": "-3.00000", "2013-12-31": "1.00000", "2013-09-30": "2.00000", "2013-06-30": "2.00000", "2013-03-31": "-3.00000", "2012-12-31": "31.00000", "2012-09-30": "", "2012-06-30": "3.00000", "2012-03-31": "14.00000", "2011-12-31": "25.00000", "2011-09-30": "8.00000", "2011-06-30": "31.00000", "2011-03-31": "-40.00000", "2010-12-31": "25.00000", "2010-09-30": "3.00000", "2010-06-30": "11.00000", "2010-03-31": "5.00000", "2009-12-31": "21.00000", "2009-09-30": "-1.00000", "2009-06-30": "1.00000", "2009-03-31": "37.00000", "2008-12-31": "51.00000", "2008-09-30": "-404.00000", "2008-06-30": "117.00000", "2008-03-31": "35.00000", "2007-12-31": "286.00000", "2007-09-30": "76.00000", "2007-06-30": "8.00000", "2007-03-31": "-10.00000", "2006-12-31": "3235.00000", "2006-09-30": "74.00000", "2006-06-30": "57.00000", "2006-03-31": "17.00000", "2005-12-31": "166.00000", "2005-09-30": "50.00000", "2005-06-30": "1240.00000", "2005-03-31": "187.00000"}, "Net Income": {"2020-12-31": "124.00000", "2020-09-30": "633.00000", "2020-06-30": "68.00000", "2020-03-31": "4366.00000", "2019-12-31": "536.00000", "2019-09-30": "2152.00000", "2019-06-30": "1684.00000", "2019-03-31": "1349.00000", "2018-12-31": "2010.00000", "2018-09-30": "880.00000", "2018-06-30": "845.00000", "2018-03-31": "1247.00000", "2017-12-31": "2272.00000", "2017-09-30": "-97.00000", "2017-06-30": "865.00000", "2017-03-31": "867.00000", "2016-12-31": "-2083.00000", "2016-09-30": "571.00000", "2016-06-30": "64.00000", "2016-03-31": "2195.00000", "2015-12-31": "848.00000", "2015-09-30": "1197.00000", "2015-06-30": "1042.00000", "2015-03-31": "2128.00000", "2014-12-31": "1490.00000", "2014-09-30": "2064.00000", "2014-06-30": "1335.00000", "2014-03-31": "1298.00000", "2013-12-31": "877.00000", "2013-09-30": "942.00000", "2013-06-30": "471.00000", "2013-03-31": "956.00000", "2012-12-31": "96.00000", "2012-09-30": "-984.00000", "2012-06-30": "2264.00000", "2012-03-31": "-174.00000", "2011-12-31": "959.00000", "2011-09-30": "3426.00000", "2011-06-30": "1069.00000", "2011-03-31": "701.00000", "2010-12-31": "-72.00000", "2010-09-30": "286.00000", "2010-06-30": "1526.00000", "2010-03-31": "805.00000", "2009-12-31": "289.00000", "2009-09-30": "-650.00000", "2009-06-30": "-1433.00000", "2009-03-31": "-574.00000", "2008-12-31": "954.00000", "2008-09-30": "600.00000", "2008-06-30": "915.00000", "2008-03-31": "615.00000", "2007-12-31": "1083.00000", "2007-09-30": "985.00000", "2007-06-30": "1129.00000", "2007-03-31": "983.00000", "2006-12-31": "3829.00000", "2006-09-30": "999.00000", "2006-06-30": "617.00000", "2006-03-31": "714.00000", "2005-12-31": "677.00000", "2005-09-30": "742.00000", "2005-06-30": "2245.00000", "2005-03-31": "987.00000"}, "EBITDA": {"2020-12-31": "", "2020-09-30": "923.00000", "2020-06-30": "197.00000", "2020-03-31": "5643.00000", "2019-12-31": "-37.00000", "2019-09-30": "2791.00000", "2019-06-30": "2297.00000", "2019-03-31": "1744.00000", "2018-12-31": "2471.00000", "2018-09-30": "1079.00000", "2018-06-30": "1101.00000", "2018-03-31": "1656.00000", "2017-12-31": "961.00000", "2017-09-30": "485.00000", "2017-06-30": "1018.00000", "2017-03-31": "1072.00000", "2016-12-31": "300.00000", "2016-09-30": "1159.00000", "2016-06-30": "-100.00000", "2016-03-31": "2922.00000", "2015-12-31": "-684.00000", "2015-09-30": "2163.00000", "2015-06-30": "1113.00000", "2015-03-31": "3059.00000", "2014-12-31": "2076.00000", "2014-09-30": "2952.00000", "2014-06-30": "1950.00000", "2014-03-31": "1826.00000", "2013-12-31": "1268.00000", "2013-09-30": "976.00000", "2013-06-30": "561.00000", "2013-03-31": "1247.00000", "2012-12-31": "-477.00000", "2012-09-30": "-1010.00000", "2012-06-30": "3338.00000", "2012-03-31": "-409.00000", "2011-12-31": "1274.00000", "2011-09-30": "5115.00000", "2011-06-30": "1510.00000", "2011-03-31": "1285.00000", "2010-12-31": "-204.00000", "2010-09-30": "385.00000", "2010-06-30": "2363.00000", "2010-03-31": "1185.00000", "2009-12-31": "151.00000", "2009-09-30": "-1175.00000", "2009-06-30": "-2375.00000", "2009-03-31": "-962.00000", "2008-12-31": "1427.00000", "2008-09-30": "1579.00000", "2008-06-30": "1060.00000", "2008-03-31": "801.00000", "2007-12-31": "1383.00000", "2007-09-30": "1323.00000", "2007-06-30": "1631.00000", "2007-03-31": "1443.00000", "2006-12-31": "798.00000", "2006-09-30": "1316.00000", "2006-06-30": "798.00000", "2006-03-31": "1014.00000", "2005-12-31": "727.00000", "2005-09-30": "961.00000", "2005-06-30": "1455.00000", "2005-03-31": "1150.00000"}, "EBIT": {"2020-12-31": "394.00000", "2020-09-30": "923.00000", "2020-06-30": "197.00000", "2020-03-31": "5643.00000", "2019-12-31": "-37.00000", "2019-09-30": "2791.00000", "2019-06-30": "2297.00000", "2019-03-31": "1744.00000", "2018-12-31": "2471.00000", "2018-09-30": "1079.00000", "2018-06-30": "1101.00000", "2018-03-31": "1656.00000", "2017-12-31": "961.00000", "2017-09-30": "485.00000", "2017-06-30": "1018.00000", "2017-03-31": "1072.00000", "2016-12-31": "300.00000", "2016-09-30": "1159.00000", "2016-06-30": "-100.00000", "2016-03-31": "2922.00000", "2015-12-31": "-684.00000", "2015-09-30": "2163.00000", "2015-06-30": "1113.00000", "2015-03-31": "3059.00000", "2014-12-31": "2076.00000", "2014-09-30": "2952.00000", "2014-06-30": "1950.00000", "2014-03-31": "1826.00000", "2013-12-31": "1268.00000", "2013-09-30": "976.00000", "2013-06-30": "561.00000", "2013-03-31": "1247.00000", "2012-12-31": "-477.00000", "2012-09-30": "-1010.00000", "2012-06-30": "3338.00000", "2012-03-31": "-409.00000", "2011-12-31": "1274.00000", "2011-09-30": "5115.00000", "2011-06-30": "1510.00000", "2011-03-31": "1285.00000", "2010-12-31": "-204.00000", "2010-09-30": "385.00000", "2010-06-30": "2363.00000", "2010-03-31": "1185.00000", "2009-12-31": "151.00000", "2009-09-30": "-1175.00000", "2009-06-30": "-2375.00000", "2009-03-31": "-962.00000", "2008-12-31": "1427.00000", "2008-09-30": "1579.00000", "2008-06-30": "1221.00000", "2008-03-31": "832.00000", "2007-12-31": "1383.00000", "2007-09-30": "1323.00000", "2007-06-30": "1631.00000", "2007-03-31": "1443.00000", "2006-12-31": "798.00000", "2006-09-30": "1316.00000", "2006-06-30": "798.00000", "2006-03-31": "1014.00000", "2005-12-31": "727.00000", "2005-09-30": "961.00000", "2005-06-30": "1455.00000", "2005-03-31": "1150.00000"}, "Basic Shares Outstanding": {"2020-12-31": "", "2020-09-30": "908.70000", "2020-06-30": "908.80000", "2020-03-31": "914.10000", "2019-12-31": "937.60000", "2019-09-30": "929.60000", "2019-06-30": "946.20000", "2019-03-31": "956.50000", "2018-12-31": "1005.90000", "2018-09-30": "992.70000", "2018-06-30": "1015.60000", "2018-03-31": "1035.90000", "2017-12-31": "1069.70000", "2017-09-30": "1062.30000", "2017-06-30": "1074.00000", "2017-03-31": "1090.40000", "2016-12-31": "1100.50000", "2016-09-30": "1100.50000", "2016-06-30": "1100.30000", "2016-03-31": "1100.80000", "2015-12-31": "1117.80000", "2015-09-30": "1118.85600", "2015-06-30": "1117.80800", "2015-03-31": "1125.70400", "2014-12-31": "1128.70000", "2014-09-30": "1125.16600", "2014-06-30": "1127.98600", "2014-03-31": "1126.92300", "2013-12-31": "1105.58000", "2013-09-30": "1104.89300", "2013-06-30": "1097.88900", "2013-03-31": "1096.92600", "2012-12-31": "1070.75600", "2012-09-30": "1065.04200", "2012-06-30": "1064.68800", "2012-03-31": "1064.25300", "2011-12-31": "1059.58000", "2011-09-30": "1060.20000", "2011-06-30": "1059.75100", "2011-03-31": "1058.51800", "2010-12-31": "882.43700", "2010-09-30": "875.78200", "2010-06-30": "822.90600", "2010-03-31": "822.65500", "2009-12-31": "818.46200", "2009-09-30": "821.76400", "2009-06-30": "821.59400", "2009-03-31": "809.10200", "2008-12-31": "735.18400", "2008-09-30": "718.11400", "2008-06-30": "712.83800", "2008-03-31": "720.39300", "2007-12-31": "744.15400", "2007-09-30": "743.95800", "2007-06-30": "744.49200", "2007-03-31": "752.65900", "2006-12-31": "761.10500", "2006-09-30": "762.40500", "2006-06-30": "763.06400", "2006-03-31": "762.04400", "2005-12-31": "749.02300", "2005-09-30": "759.83800", "2005-06-30": "736.51700", "2005-03-31": "733.99800"}, "Shares Outstanding": {"2020-12-31": "906.00000", "2020-09-30": "913.70000", "2020-06-30": "913.10000", "2020-03-31": "920.00000", "2019-12-31": "944.40000", "2019-09-30": "936.40000", "2019-06-30": "952.90000", "2019-03-31": "963.30000", "2018-12-31": "1013.90000", "2018-09-30": "1000.70000", "2018-06-30": "1023.80000", "2018-03-31": "1044.40000", "2017-12-31": "1078.50000", "2017-09-30": "1071.50000", "2017-06-30": "1082.10000", "2017-03-31": "1098.70000", "2016-12-31": "1108.50000", "2016-09-30": "1109.30000", "2016-06-30": "1109.10000", "2016-03-31": "1108.60000", "2015-12-31": "1128.30000", "2015-09-30": "1129.94100", "2015-06-30": "1128.39200", "2015-03-31": "1135.76100", "2014-12-31": "1142.50000", "2014-09-30": "1141.04700", "2014-06-30": "1142.26200", "2014-03-31": "1140.46600", "2013-12-31": "1116.20300", "2013-09-30": "1117.29700", "2013-06-30": "1106.68000", "2013-03-31": "1103.88500", "2012-12-31": "1076.84000", "2012-09-30": "1065.04200", "2012-06-30": "1069.98000", "2012-03-31": "1064.25300", "2011-12-31": "1068.09400", "2011-09-30": "1066.20100", "2011-06-30": "1070.97600", "2011-03-31": "1069.52400", "2010-12-31": "889.56800", "2010-09-30": "883.10000", "2010-06-30": "830.47300", "2010-03-31": "828.62100", "2009-12-31": "818.46200", "2009-09-30": "821.76400", "2009-06-30": "821.59400", "2009-03-31": "809.10200", "2008-12-31": "744.78500", "2008-09-30": "726.93400", "2008-06-30": "726.53500", "2008-03-31": "732.72200", "2007-12-31": "762.26400", "2007-09-30": "762.69300", "2007-06-30": "763.55600", "2007-03-31": "769.10800", "2006-12-31": "770.70400", "2006-09-30": "773.70300", "2006-06-30": "769.90700", "2006-03-31": "768.80500", "2005-12-31": "755.33600", "2005-09-30": "768.69900", "2005-06-30": "743.13600", "2005-03-31": "739.57300"}, "Basic EPS": {"2020-12-31": "", "2020-09-30": "0.70000", "2020-06-30": "0.07000", "2020-03-31": "4.78000", "2019-12-31": "0.60000", "2019-09-30": "2.31000", "2019-06-30": "1.78000", "2019-03-31": "1.41000", "2018-12-31": "2.03000", "2018-09-30": "0.89000", "2018-06-30": "0.83000", "2018-03-31": "1.20000", "2017-12-31": "2.13000", "2017-09-30": "-0.09000", "2017-06-30": "0.81000", "2017-03-31": "0.80000", "2016-12-31": "-1.89000", "2016-09-30": "0.52000", "2016-06-30": "0.06000", "2016-03-31": "1.99000", "2015-12-31": "0.78000", "2015-09-30": "1.07000", "2015-06-30": "0.93000", "2015-03-31": "1.89000", "2014-12-31": "1.32000", "2014-09-30": "1.83000", "2014-06-30": "1.18000", "2014-03-31": "1.15000", "2013-12-31": "0.79000", "2013-09-30": "0.85000", "2013-06-30": "0.43000", "2013-03-31": "0.87000", "2012-12-31": "0.07000", "2012-09-30": "-0.92000", "2012-06-30": "2.13000", "2012-03-31": "-0.16000", "2011-12-31": "0.91000", "2011-09-30": "3.23000", "2011-06-30": "1.01000", "2011-03-31": "0.66000", "2010-12-31": "-0.27000", "2010-09-30": "0.33000", "2010-06-30": "1.85000", "2010-03-31": "0.97000", "2009-12-31": "0.35000", "2009-09-30": "-0.79000", "2009-06-30": "-1.74000", "2009-03-31": "-0.71000", "2008-12-31": "1.22000", "2008-09-30": "0.84000", "2008-06-30": "1.28000", "2008-03-31": "0.85000", "2007-12-31": "1.47000", "2007-09-30": "1.32000", "2007-06-30": "1.52000", "2007-03-31": "1.31000", "2006-12-31": "5.03000", "2006-09-30": "1.31000", "2006-06-30": "0.81000", "2006-03-31": "0.94000", "2005-12-31": "0.84000", "2005-09-30": "0.98000", "2005-06-30": "3.05000", "2005-03-31": "1.34000"}, "EPS - Earnings Per Share": {"2020-12-31": "0.14000", "2020-09-30": "0.69000", "2020-06-30": "0.07000", "2020-03-31": "4.75000", "2019-12-31": "0.59000", "2019-09-30": "2.30000", "2019-06-30": "1.77000", "2019-03-31": "1.40000", "2018-12-31": "2.01000", "2018-09-30": "0.88000", "2018-06-30": "0.83000", "2018-03-31": "1.19000", "2017-12-31": "2.12000", "2017-09-30": "-0.09000", "2017-06-30": "0.80000", "2017-03-31": "0.79000", "2016-12-31": "-1.88000", "2016-09-30": "0.51000", "2016-06-30": "0.06000", "2016-03-31": "1.98000", "2015-12-31": "0.77000", "2015-09-30": "1.06000", "2015-06-30": "0.92000", "2015-03-31": "1.87000", "2014-12-31": "1.30000", "2014-09-30": "1.81000", "2014-06-30": "1.17000", "2014-03-31": "1.14000", "2013-12-31": "0.77000", "2013-09-30": "0.84000", "2013-06-30": "0.43000", "2013-03-31": "0.87000", "2012-12-31": "0.08000", "2012-09-30": "-0.92000", "2012-06-30": "2.12000", "2012-03-31": "-0.16000", "2011-12-31": "0.89000", "2011-09-30": "3.21000", "2011-06-30": "1.00000", "2011-03-31": "0.66000", "2010-12-31": "-0.26000", "2010-09-30": "0.32000", "2010-06-30": "1.84000", "2010-03-31": "0.96000", "2009-12-31": "0.35000", "2009-09-30": "-0.79000", "2009-06-30": "-1.74000", "2009-03-31": "-0.71000", "2008-12-31": "1.21000", "2008-09-30": "0.83000", "2008-06-30": "1.26000", "2008-03-31": "0.84000", "2007-12-31": "1.43000", "2007-09-30": "1.29000", "2007-06-30": "1.48000", "2007-03-31": "1.28000", "2006-12-31": "4.97000", "2006-09-30": "1.29000", "2006-06-30": "0.80000", "2006-03-31": "0.93000", "2005-12-31": "0.84000", "2005-09-30": "0.97000", "2005-06-30": "3.02000", "2005-03-31": "1.33000"}}, "balance sheet": {"Cash On Hand": {"2020-12-31": "19795.00000", "2019-12-31": "16598.00000", "2018-12-31": "15821.00000", "2017-12-31": "12701.00000", "2016-12-31": "12651.00000", "2015-12-31": "12752.00000", "2014-12-31": "10808.00000", "2013-12-31": "7585.00000", "2012-12-31": "15738.00000", "2011-12-31": "10461.00000", "2010-12-31": "12957.00000", "2009-12-31": "10112.00000", "2008-12-31": "24207.00000", "2007-12-31": "9961.00000", "2006-12-31": "7107.00000", "2005-12-31": "4018.00000"}, "Receivables": {"2020-12-31": "17870.00000", "2019-12-31": "20443.00000", "2018-12-31": "19644.00000", "2017-12-31": "18423.00000", "2016-12-31": "15465.00000", "2015-12-31": "22863.00000", "2014-12-31": "22244.00000", "2013-12-31": "21859.00000", "2012-12-31": "21634.00000", "2011-12-31": "22481.00000", "2010-12-31": "19799.00000", "2009-12-31": "17068.00000", "2008-12-31": "16973.00000", "2007-12-31": "13707.00000", "2006-12-31": "14490.00000", "2005-12-31": "12186.00000"}, "Inventory": {"2020-12-31": "", "2019-12-31": "", "2018-12-31": "", "2017-12-31": "", "2016-12-31": "", "2015-12-31": "", "2014-12-31": "", "2013-12-31": "", "2012-12-31": "", "2011-12-31": "", "2010-12-31": "", "2009-12-31": "", "2008-12-31": "", "2007-12-31": "", "2006-12-31": "", "2005-12-31": ""}, "Pre-Paid Expenses": {"2020-12-31": "", "2019-12-31": "", "2018-12-31": "", "2017-12-31": "", "2016-12-31": "", "2015-12-31": "", "2014-12-31": "", "2013-12-31": "", "2012-12-31": "", "2011-12-31": "", "2010-12-31": "", "2009-12-31": "", "2008-12-31": "", "2007-12-31": "", "2006-12-31": "", "2005-12-31": ""}, "Other Current Assets": {"2020-12-31": "", "2019-12-31": "", "2018-12-31": "", "2017-12-31": "", "2016-12-31": "", "2015-12-31": "", "2014-12-31": "", "2013-12-31": "", "2012-12-31": "", "2011-12-31": "", "2010-12-31": "", "2009-12-31": "", "2008-12-31": "", "2007-12-31": "", "2006-12-31": "", "2005-12-31": ""}, "Total Current Assets": {"2020-12-31": "37665.00000", "2019-12-31": "37041.00000", "2018-12-31": "35465.00000", "2017-12-31": "31124.00000", "2016-12-31": "28116.00000", "2015-12-31": "35615.00000", "2014-12-31": "33052.00000", "2013-12-31": "29444.00000", "2012-12-31": "37372.00000", "2011-12-31": "32942.00000", "2010-12-31": "32756.00000", "2009-12-31": "27180.00000", "2008-12-31": "41180.00000", "2007-12-31": "23668.00000", "2006-12-31": "21597.00000", "2005-12-31": "16204.00000"}, "Property, Plant, And Equipment": {"2020-12-31": "", "2019-12-31": "", "2018-12-31": "", "2017-12-31": "", "2016-12-31": "", "2015-12-31": "", "2014-12-31": "", "2013-12-31": "", "2012-12-31": "", "2011-12-31": "", "2010-12-31": "", "2009-12-31": "", "2008-12-31": "", "2007-12-31": "", "2006-12-31": "", "2005-12-31": ""}, "Long-Term Investments": {"2020-12-31": "511907.00000", "2019-12-31": "477318.00000", "2018-12-31": "439792.00000", "2017-12-31": "447591.00000", "2016-12-31": "424219.00000", "2015-12-31": "499447.00000", "2014-12-31": "510115.00000", "2013-12-31": "493034.00000", "2012-12-31": "521426.00000", "2011-12-31": "515723.00000", "2010-12-31": "464634.00000", "2009-12-31": "330740.00000", "2008-12-31": "301372.00000", "2007-12-31": "321593.00000", "2006-12-31": "326499.00000", "2005-12-31": "304745.00000"}, "Goodwill And Intangible Assets": {"2020-12-31": "10112.00000", "2019-12-31": "9308.00000", "2018-12-31": "9422.00000", "2017-12-31": "9590.00000", "2016-12-31": "9220.00000", "2015-12-31": "9477.00000", "2014-12-31": "9872.00000", "2013-12-31": "10542.00000", "2012-12-31": "9953.00000", "2011-12-31": "11935.00000", "2010-12-31": "11781.00000", "2009-12-31": "5047.00000", "2008-12-31": "5008.00000", "2007-12-31": "4814.00000", "2006-12-31": "4897.00000", "2005-12-31": "4797.00000"}, "Other Long-Term Assets": {"2020-12-31": "211655.00000", "2019-12-31": "198963.00000", "2018-12-31": "183964.00000", "2017-12-31": "213168.00000", "2016-12-31": "202636.00000", "2015-12-31": "309264.00000", "2014-12-31": "324856.00000", "2013-12-31": "325570.00000", "2012-12-31": "243269.00000", "2011-12-31": "211007.00000", "2010-12-31": "191312.00000", "2009-12-31": "155863.00000", "2008-12-31": "128101.00000", "2007-12-31": "168381.00000", "2006-12-31": "152321.00000", "2005-12-31": "136258.00000"}, "Total Long-Term Assets": {"2020-12-31": "757481.00000", "2019-12-31": "703422.00000", "2018-12-31": "652073.00000", "2017-12-31": "688768.00000", "2016-12-31": "870648.00000", "2015-12-31": "842318.00000", "2014-12-31": "869285.00000", "2013-12-31": "855852.00000", "2012-12-31": "799409.00000", "2011-12-31": "763284.00000", "2010-12-31": "698150.00000", "2009-12-31": "512134.00000", "2008-12-31": "460498.00000", "2007-12-31": "535481.00000", "2006-12-31": "506118.00000", "2005-12-31": "465441.00000"}, "Total Assets": {"2020-12-31": "795146.00000", "2019-12-31": "740463.00000", "2018-12-31": "687538.00000", "2017-12-31": "719892.00000", "2016-12-31": "898764.00000", "2015-12-31": "877933.00000", "2014-12-31": "902337.00000", "2013-12-31": "885296.00000", "2012-12-31": "836781.00000", "2011-12-31": "796226.00000", "2010-12-31": "730906.00000", "2009-12-31": "539314.00000", "2008-12-31": "501678.00000", "2007-12-31": "559149.00000", "2006-12-31": "527715.00000", "2005-12-31": "481645.00000"}, "Total Current Liabilities": {"2020-12-31": "436035.00000", "2019-12-31": "410793.00000", "2018-12-31": "391522.00000", "2017-12-31": "382431.00000", "2016-12-31": "358562.00000", "2015-12-31": "414653.00000", "2014-12-31": "420434.00000", "2013-12-31": "421855.00000", "2012-12-31": "447899.00000", "2011-12-31": "435652.00000", "2010-12-31": "412938.00000", "2009-12-31": "298073.00000", "2008-12-31": "295562.00000", "2007-12-31": "270718.00000", "2006-12-31": "275828.00000", "2005-12-31": "266318.00000"}, "Long Term Debt": {"2020-12-31": "15448.00000", "2019-12-31": "14459.00000", "2018-12-31": "13889.00000", "2017-12-31": "16807.00000", "2016-12-31": "17715.00000", "2015-12-31": "22162.00000", "2014-12-31": "20482.00000", "2013-12-31": "22849.00000", "2012-12-31": "23258.00000", "2011-12-31": "28339.00000", "2010-12-31": "32883.00000", "2009-12-31": "18517.00000", "2008-12-31": "14859.00000", "2007-12-31": "13982.00000", "2006-12-31": "9979.00000", "2005-12-31": "9489.00000"}, "Other Non-Current Liabilities": {"2020-12-31": "257709.00000", "2019-12-31": "239369.00000", "2018-12-31": "223314.00000", "2017-12-31": "254706.00000", "2016-12-31": "447893.00000", "2015-12-31": "362030.00000", "2014-12-31": "376757.00000", "2013-12-31": "370780.00000", "2012-12-31": "291572.00000", "2011-12-31": "267653.00000", "2010-12-31": "233819.00000", "2009-12-31": "189226.00000", "2008-12-31": "166930.00000", "2007-12-31": "237768.00000", "2006-12-31": "204367.00000", "2005-12-31": "174962.00000"}, "Total Long Term Liabilities": {"2020-12-31": "284294.00000", "2019-12-31": "263288.00000", "2018-12-31": "243058.00000", "2017-12-31": "278591.00000", "2016-12-31": "472500.00000", "2015-12-31": "394861.00000", "2014-12-31": "409343.00000", "2013-12-31": "401345.00000", "2012-12-31": "324045.00000", "2011-12-31": "302685.00000", "2010-12-31": "268972.00000", "2009-12-31": "207743.00000", "2008-12-31": "182131.00000", "2007-12-31": "253252.00000", "2006-12-31": "218089.00000", "2005-12-31": "186226.00000"}, "Total Liabilities": {"2020-12-31": "720329.00000", "2019-12-31": "674081.00000", "2018-12-31": "634580.00000", "2017-12-31": "661022.00000", "2016-12-31": "831062.00000", "2015-12-31": "809514.00000", "2014-12-31": "829777.00000", "2013-12-31": "823200.00000", "2012-12-31": "771944.00000", "2011-12-31": "738337.00000", "2010-12-31": "681910.00000", "2009-12-31": "505816.00000", "2008-12-31": "477693.00000", "2007-12-31": "523970.00000", "2006-12-31": "493917.00000", "2005-12-31": "452544.00000"}, "Common Stock Net": {"2020-12-31": "12.00000", "2019-12-31": "12.00000", "2018-12-31": "12.00000", "2017-12-31": "12.00000", "2016-12-31": "12.00000", "2015-12-31": "12.00000", "2014-12-31": "12.00000", "2013-12-31": "11.00000", "2012-12-31": "11.00000", "2011-12-31": "11.00000", "2010-12-31": "10.00000", "2009-12-31": "8.00000", "2008-12-31": "8.00000", "2007-12-31": "8.00000", "2006-12-31": "8.00000", "2005-12-31": "8.00000"}, "Retained Earnings (Accumulated Deficit)": {"2020-12-31": "36491.00000", "2019-12-31": "33078.00000", "2018-12-31": "28926.00000", "2017-12-31": "26527.00000", "2016-12-31": "34683.00000", "2015-12-31": "35519.00000", "2014-12-31": "32020.00000", "2013-12-31": "27332.00000", "2012-12-31": "25205.00000", "2011-12-31": "24814.00000", "2010-12-31": "21363.00000", "2009-12-31": "19501.00000", "2008-12-31": "22403.00000", "2007-12-31": "19884.00000", "2006-12-31": "16574.00000", "2005-12-31": "10865.00000"}, "Comprehensive Income": {"2020-12-31": "18072.00000", "2019-12-31": "13052.00000", "2018-12-31": "1722.00000", "2017-12-31": "7427.00000", "2016-12-31": "5366.00000", "2015-12-31": "4771.00000", "2014-12-31": "10649.00000", "2013-12-31": "5104.00000", "2012-12-31": "11397.00000", "2011-12-31": "6083.00000", "2010-12-31": "1000.00000", "2009-12-31": "-3058.00000", "2008-12-31": "-14253.00000", "2007-12-31": "1078.00000", "2006-12-31": "1118.00000", "2005-12-31": "1912.00000"}, "Other Share Holders Equity": {"2020-12-31": "", "2019-12-31": "", "2018-12-31": "", "2017-12-31": "", "2016-12-31": "", "2015-12-31": "", "2014-12-31": "", "2013-12-31": "", "2012-12-31": "", "2011-12-31": "", "2010-12-31": "", "2009-12-31": "", "2008-12-31": "", "2007-12-31": "", "2006-12-31": "", "2005-12-31": ""}, "Share Holder Equity": {"2020-12-31": "74817.00000", "2019-12-31": "66382.00000", "2018-12-31": "52958.00000", "2017-12-31": "58870.00000", "2016-12-31": "67702.00000", "2015-12-31": "68419.00000", "2014-12-31": "72560.00000", "2013-12-31": "62096.00000", "2012-12-31": "64837.00000", "2011-12-31": "57889.00000", "2010-12-31": "48996.00000", "2009-12-31": "33498.00000", "2008-12-31": "23985.00000", "2007-12-31": "35179.00000", "2006-12-31": "33798.00000", "2005-12-31": "29101.00000"}, "Total Liabilities And Share Holders Equity": {"2020-12-31": "795146.00000", "2019-12-31": "740463.00000", "2018-12-31": "687538.00000", "2017-12-31": "719892.00000", "2016-12-31": "898764.00000", "2015-12-31": "877933.00000", "2014-12-31": "902337.00000", "2013-12-31": "885296.00000", "2012-12-31": "836781.00000", "2011-12-31": "796226.00000", "2010-12-31": "730906.00000", "2009-12-31": "539314.00000", "2008-12-31": "501678.00000", "2007-12-31": "559149.00000", "2006-12-31": "527715.00000", "2005-12-31": "481645.00000"}}, "balance sheet, quarterly": {"Cash On Hand": {"2020-12-31": "19795.00000", "2020-09-30": "24405.00000", "2020-06-30": "24289.00000", "2020-03-31": "24094.00000", "2019-12-31": "16598.00000", "2019-09-30": "19452.00000", "2019-06-30": "18435.00000", "2019-03-31": "14506.00000", "2018-12-31": "15821.00000", "2018-09-30": "12490.00000", "2018-06-30": "16312.00000", "2018-03-31": "13927.00000", "2017-12-31": "12701.00000", "2017-09-30": "13023.00000", "2017-06-30": "17319.00000", "2017-03-31": "17411.00000", "2016-12-31": "12651.00000", "2016-09-30": "15883.00000", "2016-06-30": "17067.00000", "2016-03-31": "13290.00000", "2015-12-31": "12752.00000", "2015-09-30": "10216.00000", "2015-06-30": "8074.00000", "2015-03-31": "8127.00000", "2014-12-31": "10808.00000", "2014-09-30": "8783.00000", "2014-06-30": "7393.00000", "2014-03-31": "8573.00000", "2013-12-31": "7585.00000", "2013-09-30": "11376.00000", "2013-06-30": "9184.00000", "2013-03-31": "9983.00000", "2012-12-31": "15738.00000", "2012-09-30": "16950.00000", "2012-06-30": "16035.00000", "2012-03-31": "18667.00000", "2011-12-31": "10461.00000", "2011-09-30": "10001.00000", "2011-06-30": "9628.00000", "2011-03-31": "10692.00000", "2010-12-31": "12957.00000", "2010-09-30": "14557.00000", "2010-06-30": "10702.00000", "2010-03-31": "9202.00000", "2009-12-31": "10112.00000", "2009-09-30": "15562.00000", "2009-06-30": "13213.00000", "2009-03-31": "19424.00000", "2008-12-31": "24207.00000", "2008-09-30": "20209.00000", "2008-06-30": "13815.00000", "2008-03-31": "10874.00000", "2007-12-31": "9961.00000", "2007-09-30": "8627.00000", "2007-06-30": "6504.00000", "2007-03-31": "6545.00000", "2006-12-31": "7107.00000", "2006-09-30": "5924.00000", "2006-06-30": "4126.00000", "2006-03-31": "5144.00000", "2005-12-31": "4018.00000", "2005-09-30": "6950.00000", "2005-06-30": "13609.00000", "2005-03-31": "3925.00000"}, "Receivables": {"2020-12-31": "17870.00000", "2020-09-30": "20712.00000", "2020-06-30": "20848.00000", "2020-03-31": "21224.00000", "2019-12-31": "20443.00000", "2019-09-30": "20723.00000", "2019-06-30": "20522.00000", "2019-03-31": "20615.00000", "2018-12-31": "19644.00000", "2018-09-30": "19820.00000", "2018-06-30": "19608.00000", "2018-03-31": "19368.00000", "2017-12-31": "18423.00000", "2017-09-30": "18591.00000", "2017-06-30": "26553.00000", "2017-03-31": "25941.00000", "2016-12-31": "15465.00000", "2016-09-30": "26178.00000", "2016-06-30": "26086.00000", "2016-03-31": "27968.00000", "2015-12-31": "22863.00000", "2015-09-30": "25808.00000", "2015-06-30": "24872.00000", "2015-03-31": "24190.00000", "2014-12-31": "22244.00000", "2014-09-30": "23814.00000", "2014-06-30": "23730.00000", "2014-03-31": "23031.00000", "2013-12-31": "21859.00000", "2013-09-30": "23473.00000", "2013-06-30": "23283.00000", "2013-03-31": "23052.00000", "2012-12-31": "21634.00000", "2012-09-30": "22939.00000", "2012-06-30": "23974.00000", "2012-03-31": "23759.00000", "2011-12-31": "22481.00000", "2011-09-30": "23137.00000", "2011-06-30": "21070.00000", "2011-03-31": "20315.00000", "2010-12-31": "19799.00000", "2010-09-30": "18832.00000", "2010-06-30": "18420.00000", "2010-03-31": "17554.00000", "2009-12-31": "17068.00000", "2009-09-30": "17315.00000", "2009-06-30": "16983.00000", "2009-03-31": "18514.00000", "2008-12-31": "16973.00000", "2008-09-30": "18627.00000", "2008-06-30": "15992.00000", "2008-03-31": "15428.00000", "2007-12-31": "13707.00000", "2007-09-30": "16549.00000", "2007-06-30": "15297.00000", "2007-03-31": "15703.00000", "2006-12-31": "14490.00000", "2006-09-30": "14664.00000", "2006-06-30": "13370.00000", "2006-03-31": "12731.00000", "2005-12-31": "12186.00000", "2005-09-30": "14391.00000", "2005-06-30": "7822.00000", "2005-03-31": "7515.00000"}, "Inventory": {"2020-12-31": "", "2020-09-30": "", "2020-06-30": "", "2020-03-31": "", "2019-12-31": "", "2019-09-30": "", "2019-06-30": "", "2019-03-31": "", "2018-12-31": "", "2018-09-30": "", "2018-06-30": "", "2018-03-31": "", "2017-12-31": "", "2017-09-30": "", "2017-06-30": "", "2017-03-31": "", "2016-12-31": "", "2016-09-30": "", "2016-06-30": "", "2016-03-31": "", "2015-12-31": "", "2015-09-30": "", "2015-06-30": "", "2015-03-31": "", "2014-12-31": "", "2014-09-30": "", "2014-06-30": "", "2014-03-31": "", "2013-12-31": "", "2013-09-30": "", "2013-06-30": "", "2013-03-31": "", "2012-12-31": "", "2012-09-30": "", "2012-06-30": "", "2012-03-31": "", "2011-12-31": "", "2011-09-30": "", "2011-06-30": "", "2011-03-31": "", "2010-12-31": "", "2010-09-30": "", "2010-06-30": "", "2010-03-31": "", "2009-12-31": "", "2009-09-30": "", "2009-06-30": "", "2009-03-31": "", "2008-12-31": "", "2008-09-30": "", "2008-06-30": "", "2008-03-31": "", "2007-12-31": "", "2007-09-30": "", "2007-06-30": "", "2007-03-31": "", "2006-12-31": "", "2006-09-30": "", "2006-06-30": "", "2006-03-31": "", "2005-12-31": "", "2005-09-30": "", "2005-06-30": "", "2005-03-31": ""}, "Pre-Paid Expenses": {"2020-12-31": "", "2020-09-30": "", "2020-06-30": "", "2020-03-31": "", "2019-12-31": "", "2019-09-30": "", "2019-06-30": "", "2019-03-31": "", "2018-12-31": "", "2018-09-30": "", "2018-06-30": "", "2018-03-31": "", "2017-12-31": "", "2017-09-30": "", "2017-06-30": "", "2017-03-31": "", "2016-12-31": "", "2016-09-30": "", "2016-06-30": "", "2016-03-31": "", "2015-12-31": "", "2015-09-30": "", "2015-06-30": "", "2015-03-31": "", "2014-12-31": "", "2014-09-30": "", "2014-06-30": "", "2014-03-31": "", "2013-12-31": "", "2013-09-30": "", "2013-06-30": "", "2013-03-31": "", "2012-12-31": "", "2012-09-30": "", "2012-06-30": "", "2012-03-31": "", "2011-12-31": "", "2011-09-30": "", "2011-06-30": "", "2011-03-31": "", "2010-12-31": "", "2010-09-30": "", "2010-06-30": "", "2010-03-31": "", "2009-12-31": "", "2009-09-30": "", "2009-06-30": "", "2009-03-31": "", "2008-12-31": "", "2008-09-30": "", "2008-06-30": "", "2008-03-31": "", "2007-12-31": "", "2007-09-30": "", "2007-06-30": "", "2007-03-31": "", "2006-12-31": "", "2006-09-30": "", "2006-06-30": "", "2006-03-31": "", "2005-12-31": "", "2005-09-30": "", "2005-06-30": "", "2005-03-31": ""}, "Other Current Assets": {"2020-12-31": "", "2020-09-30": "", "2020-06-30": "", "2020-03-31": "", "2019-12-31": "", "2019-09-30": "", "2019-06-30": "", "2019-03-31": "", "2018-12-31": "", "2018-09-30": "", "2018-06-30": "", "2018-03-31": "", "2017-12-31": "", "2017-09-30": "", "2017-06-30": "", "2017-03-31": "", "2016-12-31": "", "2016-09-30": "", "2016-06-30": "", "2016-03-31": "", "2015-12-31": "", "2015-09-30": "", "2015-06-30": "", "2015-03-31": "", "2014-12-31": "", "2014-09-30": "", "2014-06-30": "", "2014-03-31": "", "2013-12-31": "", "2013-09-30": "", "2013-06-30": "", "2013-03-31": "", "2012-12-31": "", "2012-09-30": "", "2012-06-30": "", "2012-03-31": "", "2011-12-31": "", "2011-09-30": "", "2011-06-30": "", "2011-03-31": "", "2010-12-31": "", "2010-09-30": "", "2010-06-30": "", "2010-03-31": "", "2009-12-31": "", "2009-09-30": "", "2009-06-30": "", "2009-03-31": "", "2008-12-31": "", "2008-09-30": "", "2008-06-30": "", "2008-03-31": "", "2007-12-31": "", "2007-09-30": "", "2007-06-30": "", "2007-03-31": "", "2006-12-31": "", "2006-09-30": "", "2006-06-30": "", "2006-03-31": "", "2005-12-31": "", "2005-09-30": "", "2005-06-30": "", "2005-03-31": ""}, "Total Current Assets": {"2020-12-31": "37665.00000", "2020-09-30": "45117.00000", "2020-06-30": "45137.00000", "2020-03-31": "45318.00000", "2019-12-31": "37041.00000", "2019-09-30": "40175.00000", "2019-06-30": "38957.00000", "2019-03-31": "35121.00000", "2018-12-31": "35465.00000", "2018-09-30": "32310.00000", "2018-06-30": "35920.00000", "2018-03-31": "33295.00000", "2017-12-31": "31124.00000", "2017-09-30": "31614.00000", "2017-06-30": "43872.00000", "2017-03-31": "43352.00000", "2016-12-31": "28116.00000", "2016-09-30": "42061.00000", "2016-06-30": "43153.00000", "2016-03-31": "41258.00000", "2015-12-31": "35615.00000", "2015-09-30": "36024.00000", "2015-06-30": "32946.00000", "2015-03-31": "32317.00000", "2014-12-31": "33052.00000", "2014-09-30": "32597.00000", "2014-06-30": "31123.00000", "2014-03-31": "31604.00000", "2013-12-31": "29444.00000", "2013-09-30": "34849.00000", "2013-06-30": "32467.00000", "2013-03-31": "33035.00000", "2012-12-31": "37372.00000", "2012-09-30": "39889.00000", "2012-06-30": "40009.00000", "2012-03-31": "42426.00000", "2011-12-31": "32942.00000", "2011-09-30": "33138.00000", "2011-06-30": "30698.00000", "2011-03-31": "31007.00000", "2010-12-31": "32756.00000", "2010-09-30": "33389.00000", "2010-06-30": "29122.00000", "2010-03-31": "26756.00000", "2009-12-31": "27180.00000", "2009-09-30": "32877.00000", "2009-06-30": "30196.00000", "2009-03-31": "37938.00000", "2008-12-31": "41180.00000", "2008-09-30": "38836.00000", "2008-06-30": "29807.00000", "2008-03-31": "26302.00000", "2007-12-31": "23668.00000", "2007-09-30": "25176.00000", "2007-06-30": "21801.00000", "2007-03-31": "22248.00000", "2006-12-31": "21597.00000", "2006-09-30": "20588.00000", "2006-06-30": "17496.00000", "2006-03-31": "17875.00000", "2005-12-31": "16204.00000", "2005-09-30": "21341.00000", "2005-06-30": "21431.00000", "2005-03-31": "11440.00000"}, "Property, Plant, And Equipment": {"2020-12-31": "", "2020-09-30": "", "2020-06-30": "", "2020-03-31": "", "2019-12-31": "", "2019-09-30": "", "2019-06-30": "", "2019-03-31": "", "2018-12-31": "", "2018-09-30": "", "2018-06-30": "", "2018-03-31": "", "2017-12-31": "", "2017-09-30": "", "2017-06-30": "", "2017-03-31": "", "2016-12-31": "", "2016-09-30": "", "2016-06-30": "", "2016-03-31": "", "2015-12-31": "", "2015-09-30": "", "2015-06-30": "", "2015-03-31": "", "2014-12-31": "", "2014-09-30": "", "2014-06-30": "", "2014-03-31": "", "2013-12-31": "", "2013-09-30": "", "2013-06-30": "", "2013-03-31": "", "2012-12-31": "", "2012-09-30": "", "2012-06-30": "", "2012-03-31": "", "2011-12-31": "", "2011-09-30": "", "2011-06-30": "", "2011-03-31": "", "2010-12-31": "", "2010-09-30": "", "2010-06-30": "", "2010-03-31": "", "2009-12-31": "", "2009-09-30": "", "2009-06-30": "", "2009-03-31": "", "2008-12-31": "", "2008-09-30": "", "2008-06-30": "", "2008-03-31": "", "2007-12-31": "", "2007-09-30": "", "2007-06-30": "", "2007-03-31": "", "2006-12-31": "", "2006-09-30": "", "2006-06-30": "", "2006-03-31": "", "2005-12-31": "", "2005-09-30": "", "2005-06-30": "", "2005-03-31": ""}, "Long-Term Investments": {"2020-12-31": "511907.00000", "2020-09-30": "509669.00000", "2020-06-30": "498332.00000", "2020-03-31": "486939.00000", "2019-12-31": "477318.00000", "2019-09-30": "475454.00000", "2019-06-30": "464629.00000", "2019-03-31": "454435.00000", "2018-12-31": "439792.00000", "2018-09-30": "443632.00000", "2018-06-30": "442324.00000", "2018-03-31": "445481.00000", "2017-12-31": "447591.00000", "2017-09-30": "449398.00000", "2017-06-30": "518006.00000", "2017-03-31": "510862.00000", "2016-12-31": "424219.00000", "2016-09-30": "552988.00000", "2016-06-30": "547395.00000", "2016-03-31": "528925.00000", "2015-12-31": "499447.00000", "2015-09-30": "505764.00000", "2015-06-30": "504374.00000", "2015-03-31": "521049.00000", "2014-12-31": "510115.00000", "2014-09-30": "511931.00000", "2014-06-30": "509539.00000", "2014-03-31": "497693.00000", "2013-12-31": "493034.00000", "2013-09-30": "489444.00000", "2013-06-30": "495563.00000", "2013-03-31": "517027.00000", "2012-12-31": "521426.00000", "2012-09-30": "526272.00000", "2012-06-30": "520823.00000", "2012-03-31": "508548.00000", "2011-12-31": "515723.00000", "2011-09-30": "509203.00000", "2011-06-30": "486511.00000", "2011-03-31": "471761.00000", "2010-12-31": "464634.00000", "2010-09-30": "382152.00000", "2010-06-30": "361954.00000", "2010-03-31": "349610.00000", "2009-12-31": "330740.00000", "2009-09-30": "325965.00000", "2009-06-30": "315182.00000", "2009-03-31": "299963.00000", "2008-12-31": "301372.00000", "2008-09-30": "306829.00000", "2008-06-30": "339927.00000", "2008-03-31": "342608.00000", "2007-12-31": "321593.00000", "2007-09-30": "343284.00000", "2007-06-30": "339834.00000", "2007-03-31": "333811.00000", "2006-12-31": "326499.00000", "2006-09-30": "324599.00000", "2006-06-30": "316129.00000", "2006-03-31": "315518.00000", "2005-12-31": "304745.00000", "2005-09-30": "305642.00000", "2005-06-30": "248295.00000", "2005-03-31": "243400.00000"}, "Goodwill And Intangible Assets": {"2020-12-31": "10112.00000", "2020-09-30": "9360.00000", "2020-06-30": "9245.00000", "2020-03-31": "9159.00000", "2019-12-31": "9308.00000", "2019-09-30": "9278.00000", "2019-06-30": "9408.00000", "2019-03-31": "9418.00000", "2018-12-31": "9422.00000", "2018-09-30": "9440.00000", "2018-06-30": "9499.00000", "2018-03-31": "9733.00000", "2017-12-31": "9590.00000", "2017-09-30": "9556.00000", "2017-06-30": "9385.00000", "2017-03-31": "9350.00000", "2016-12-31": "9220.00000", "2016-09-30": "9592.00000", "2016-06-30": "9852.00000", "2016-03-31": "9729.00000", "2015-12-31": "9477.00000", "2015-09-30": "9546.00000", "2015-06-30": "9644.00000", "2015-03-31": "9717.00000", "2014-12-31": "9872.00000", "2014-09-30": "10216.00000", "2014-06-30": "10430.00000", "2014-03-31": "10433.00000", "2013-12-31": "10542.00000", "2013-09-30": "9509.00000", "2013-06-30": "9447.00000", "2013-03-31": "9696.00000", "2012-12-31": "9953.00000", "2012-09-30": "10024.00000", "2012-06-30": "11823.00000", "2012-03-31": "11903.00000", "2011-12-31": "11935.00000", "2011-09-30": "12006.00000", "2011-06-30": "12036.00000", "2011-03-31": "11946.00000", "2010-12-31": "11781.00000", "2010-09-30": "4966.00000", "2010-06-30": "5037.00000", "2010-03-31": "5049.00000", "2009-12-31": "5047.00000", "2009-09-30": "5033.00000", "2009-06-30": "5036.00000", "2009-03-31": "5010.00000", "2008-12-31": "5008.00000", "2008-09-30": "5036.00000", "2008-06-30": "5161.00000", "2008-03-31": "5094.00000", "2007-12-31": "4814.00000", "2007-09-30": "4909.00000", "2007-06-30": "4904.00000", "2007-03-31": "4897.00000", "2006-12-31": "4897.00000", "2006-09-30": "4916.00000", "2006-06-30": "4913.00000", "2006-03-31": "4797.00000", "2005-12-31": "4797.00000", "2005-09-30": "4564.00000", "2005-06-30": "", "2005-03-31": ""}, "Other Long-Term Assets": {"2020-12-31": "211655.00000", "2020-09-30": "200167.00000", "2020-06-30": "198516.00000", "2020-03-31": "179071.00000", "2019-12-31": "198963.00000", "2019-09-30": "200523.00000", "2019-06-30": "201293.00000", "2019-03-31": "195865.00000", "2018-12-31": "183964.00000", "2018-09-30": "193909.00000", "2018-06-30": "199577.00000", "2018-03-31": "204745.00000", "2017-12-31": "213168.00000", "2017-09-30": "211548.00000", "2017-06-30": "328528.00000", "2017-03-31": "325576.00000", "2016-12-31": "202636.00000", "2016-09-30": "323515.00000", "2016-06-30": "317419.00000", "2016-03-31": "313543.00000", "2015-12-31": "309264.00000", "2015-09-30": "307130.00000", "2015-06-30": "327066.00000", "2015-03-31": "332704.00000", "2014-12-31": "324856.00000", "2014-09-30": "328380.00000", "2014-06-30": "334113.00000", "2014-03-31": "324821.00000", "2013-12-31": "325570.00000", "2013-09-30": "263202.00000", "2013-06-30": "253403.00000", "2013-03-31": "257282.00000", "2012-12-31": "243269.00000", "2012-09-30": "245496.00000", "2012-06-30": "228028.00000", "2012-03-31": "231622.00000", "2011-12-31": "211007.00000", "2011-09-30": "199839.00000", "2011-06-30": "210628.00000", "2011-03-31": "205235.00000", "2010-12-31": "191312.00000", "2010-09-30": "179285.00000", "2010-06-30": "160074.00000", "2010-03-31": "165305.00000", "2009-12-31": "155863.00000", "2009-09-30": "151574.00000", "2009-06-30": "134864.00000", "2009-03-31": "121394.00000", "2008-12-31": "128101.00000", "2008-09-30": "148626.00000", "2008-06-30": "157975.00000", "2008-03-31": "161043.00000", "2007-12-31": "168381.00000", "2007-09-30": "168398.00000", "2007-06-30": "163398.00000", "2007-03-31": "154914.00000", "2006-12-31": "152321.00000", "2006-09-30": "145518.00000", "2006-06-30": "140953.00000", "2006-03-31": "140667.00000", "2005-12-31": "136258.00000", "2005-09-30": "132061.00000", "2005-06-30": "96831.00000", "2005-03-31": "93033.00000"}, "Total Long-Term Assets": {"2020-12-31": "757481.00000", "2020-09-30": "735375.00000", "2020-06-30": "722446.00000", "2020-03-31": "692423.00000", "2019-12-31": "703422.00000", "2019-09-30": "702637.00000", "2019-06-30": "693210.00000", "2019-03-31": "678067.00000", "2018-12-31": "652073.00000", "2018-09-30": "666141.00000", "2018-06-30": "670413.00000", "2018-03-31": "679289.00000", "2017-12-31": "688768.00000", "2017-09-30": "688901.00000", "2017-06-30": "881327.00000", "2017-03-31": "871335.00000", "2016-12-31": "870648.00000", "2016-09-30": "910843.00000", "2016-06-30": "899414.00000", "2016-03-31": "876170.00000", "2015-12-31": "842318.00000", "2015-09-30": "846436.00000", "2015-06-30": "865463.00000", "2015-03-31": "887473.00000", "2014-12-31": "869285.00000", "2014-09-30": "876030.00000", "2014-06-30": "879997.00000", "2014-03-31": "859299.00000", "2013-12-31": "855852.00000", "2013-09-30": "787794.00000", "2013-06-30": "783195.00000", "2013-03-31": "808650.00000", "2012-12-31": "799409.00000", "2012-09-30": "806396.00000", "2012-06-30": "785179.00000", "2012-03-31": "777178.00000", "2011-12-31": "763284.00000", "2011-09-30": "752092.00000", "2011-06-30": "740785.00000", "2011-03-31": "720334.00000", "2010-12-31": "698150.00000", "2010-09-30": "583866.00000", "2010-06-30": "544785.00000", "2010-03-31": "538810.00000", "2009-12-31": "512134.00000", "2009-09-30": "502315.00000", "2009-06-30": "479261.00000", "2009-03-31": "453470.00000", "2008-12-31": "460498.00000", "2008-09-30": "482463.00000", "2008-06-30": "525980.00000", "2008-03-31": "530830.00000", "2007-12-31": "535481.00000", "2007-09-30": "537901.00000", "2007-06-30": "530763.00000", "2007-03-31": "515561.00000", "2006-12-31": "506118.00000", "2006-09-30": "495598.00000", "2006-06-30": "482809.00000", "2006-03-31": "481227.00000", "2005-12-31": "465441.00000", "2005-09-30": "461478.00000", "2005-06-30": "360000.00000", "2005-03-31": "351231.00000"}, "Total Assets": {"2020-12-31": "795146.00000", "2020-09-30": "780492.00000", "2020-06-30": "767583.00000", "2020-03-31": "737741.00000", "2019-12-31": "740463.00000", "2019-09-30": "742812.00000", "2019-06-30": "732167.00000", "2019-03-31": "713188.00000", "2018-12-31": "687538.00000", "2018-09-30": "698451.00000", "2018-06-30": "706333.00000", "2018-03-31": "712584.00000", "2017-12-31": "719892.00000", "2017-09-30": "720515.00000", "2017-06-30": "925199.00000", "2017-03-31": "914687.00000", "2016-12-31": "898764.00000", "2016-09-30": "952904.00000", "2016-06-30": "942567.00000", "2016-03-31": "917428.00000", "2015-12-31": "877933.00000", "2015-09-30": "882460.00000", "2015-06-30": "898409.00000", "2015-03-31": "919790.00000", "2014-12-31": "902337.00000", "2014-09-30": "908627.00000", "2014-06-30": "911120.00000", "2014-03-31": "890903.00000", "2013-12-31": "885296.00000", "2013-09-30": "822643.00000", "2013-06-30": "815662.00000", "2013-03-31": "841685.00000", "2012-12-31": "836781.00000", "2012-09-30": "846285.00000", "2012-06-30": "825188.00000", "2012-03-31": "819604.00000", "2011-12-31": "796226.00000", "2011-09-30": "785230.00000", "2011-06-30": "771483.00000", "2011-03-31": "751341.00000", "2010-12-31": "730906.00000", "2010-09-30": "617255.00000", "2010-06-30": "573907.00000", "2010-03-31": "565566.00000", "2009-12-31": "539314.00000", "2009-09-30": "535192.00000", "2009-06-30": "509457.00000", "2009-03-31": "491408.00000", "2008-12-31": "501678.00000", "2008-09-30": "521299.00000", "2008-06-30": "555787.00000", "2008-03-31": "557132.00000", "2007-12-31": "559149.00000", "2007-09-30": "563077.00000", "2007-06-30": "552564.00000", "2007-03-31": "537809.00000", "2006-12-31": "527715.00000", "2006-09-30": "516186.00000", "2006-06-30": "500305.00000", "2006-03-31": "499102.00000", "2005-12-31": "481645.00000", "2005-09-30": "482819.00000", "2005-06-30": "381431.00000", "2005-03-31": "362671.00000"}, "Total Current Liabilities": {"2020-12-31": "436035.00000", "2020-09-30": "428926.00000", "2020-06-30": "418461.00000", "2020-03-31": "409516.00000", "2019-12-31": "410793.00000", "2019-09-30": "405683.00000", "2019-06-30": "403817.00000", "2019-03-31": "397032.00000", "2018-12-31": "391522.00000", "2018-09-30": "390378.00000", "2018-06-30": "387974.00000", "2018-03-31": "386280.00000", "2017-12-31": "382431.00000", "2017-09-30": "379833.00000", "2017-06-30": "443164.00000", "2017-03-31": "438807.00000", "2016-12-31": "358562.00000", "2016-09-30": "447094.00000", "2016-06-30": "439782.00000", "2016-03-31": "425555.00000", "2015-12-31": "414653.00000", "2015-09-30": "413885.00000", "2015-06-30": "413903.00000", "2015-03-31": "419847.00000", "2014-12-31": "420434.00000", "2014-09-30": "426362.00000", "2014-06-30": "425796.00000", "2014-03-31": "421249.00000", "2013-12-31": "421855.00000", "2013-09-30": "422645.00000", "2013-06-30": "421487.00000", "2013-03-31": "437175.00000", "2012-12-31": "447899.00000", "2012-09-30": "448319.00000", "2012-06-30": "444362.00000", "2012-03-31": "438215.00000", "2011-12-31": "435652.00000", "2011-09-30": "433932.00000", "2011-06-30": "424856.00000", "2011-03-31": "417958.00000", "2010-12-31": "412938.00000", "2010-09-30": "315416.00000", "2010-06-30": "307436.00000", "2010-03-31": "302218.00000", "2009-12-31": "298073.00000", "2009-09-30": "296817.00000", "2009-06-30": "297354.00000", "2009-03-31": "297728.00000", "2008-12-31": "295562.00000", "2008-09-30": "282282.00000", "2008-06-30": "295985.00000", "2008-03-31": "292426.00000", "2007-12-31": "270718.00000", "2007-09-30": "287706.00000", "2007-06-30": "282274.00000", "2007-03-31": "279415.00000", "2006-12-31": "275828.00000", "2006-09-30": "272533.00000", "2006-06-30": "268565.00000", "2006-03-31": "266454.00000", "2005-12-31": "266318.00000", "2005-09-30": "263693.00000", "2005-06-30": "204895.00000", "2005-03-31": "197563.00000"}, "Long Term Debt": {"2020-12-31": "15448.00000", "2020-09-30": "15463.00000", "2020-06-30": "15481.00000", "2020-03-31": "14510.00000", "2019-12-31": "14459.00000", "2019-09-30": "14456.00000", "2019-06-30": "14372.00000", "2019-03-31": "13898.00000", "2018-12-31": "13889.00000", "2018-09-30": "14481.00000", "2018-06-30": "15621.00000", "2018-03-31": "16815.00000", "2017-12-31": "16807.00000", "2017-09-30": "17908.00000", "2017-06-30": "20743.00000", "2017-03-31": "20570.00000", "2016-12-31": "17715.00000", "2016-09-30": "20637.00000", "2016-06-30": "20699.00000", "2016-03-31": "22042.00000", "2015-12-31": "22162.00000", "2015-09-30": "20907.00000", "2015-06-30": "20934.00000", "2015-03-31": "21910.00000", "2014-12-31": "20482.00000", "2014-09-30": "20585.00000", "2014-06-30": "20979.00000", "2014-03-31": "20989.00000", "2013-12-31": "22849.00000", "2013-09-30": "22448.00000", "2013-06-30": "22773.00000", "2013-03-31": "22917.00000", "2012-12-31": "23258.00000", "2012-09-30": "23817.00000", "2012-06-30": "23075.00000", "2012-03-31": "28036.00000", "2011-12-31": "28339.00000", "2011-09-30": "30050.00000", "2011-06-30": "33566.00000", "2011-03-31": "32901.00000", "2010-12-31": "32883.00000", "2010-09-30": "29809.00000", "2010-06-30": "25944.00000", "2010-03-31": "25474.00000", "2009-12-31": "18517.00000", "2009-09-30": "18499.00000", "2009-06-30": "18237.00000", "2009-03-31": "16284.00000", "2008-12-31": "14859.00000", "2008-09-30": "15943.00000", "2008-06-30": "15541.00000", "2008-03-31": "15444.00000", "2007-12-31": "13982.00000", "2007-09-30": "12636.00000", "2007-06-30": "12497.00000", "2007-03-31": "10338.00000", "2006-12-31": "9979.00000", "2006-09-30": "10711.00000", "2006-06-30": "10737.00000", "2006-03-31": "9932.00000", "2005-12-31": "9489.00000", "2005-09-30": "9492.00000", "2005-06-30": "9304.00000", "2005-03-31": "7414.00000"}, "Other Non-Current Liabilities": {"2020-12-31": "257709.00000", "2020-09-30": "251057.00000", "2020-06-30": "245439.00000", "2020-03-31": "232535.00000", "2019-12-31": "239369.00000", "2019-09-30": "243870.00000", "2019-06-30": "241166.00000", "2019-03-31": "235940.00000", "2018-12-31": "223314.00000", "2018-09-30": "236693.00000", "2018-06-30": "243307.00000", "2018-03-31": "246522.00000", "2017-12-31": "254706.00000", "2017-09-30": "257276.00000", "2017-06-30": "381240.00000", "2017-03-31": "377652.00000", "2016-12-31": "447893.00000", "2016-09-30": "392197.00000", "2016-06-30": "387747.00000", "2016-03-31": "380090.00000", "2015-12-31": "362030.00000", "2015-09-30": "365217.00000", "2015-06-30": "382750.00000", "2015-03-31": "390076.00000", "2014-12-31": "376757.00000", "2014-09-30": "378629.00000", "2014-06-30": "383378.00000", "2014-03-31": "373081.00000", "2013-12-31": "370780.00000", "2013-09-30": "310018.00000", "2013-06-30": "304151.00000", "2013-03-31": "307695.00000", "2012-12-31": "291572.00000", "2012-09-30": "299873.00000", "2012-06-30": "286014.00000", "2012-03-31": "287615.00000", "2011-12-31": "267653.00000", "2011-09-30": "252774.00000", "2011-06-30": "255331.00000", "2011-03-31": "247782.00000", "2010-12-31": "233819.00000", "2010-09-30": "221718.00000", "2010-06-30": "198753.00000", "2010-03-31": "201629.00000", "2009-12-31": "189226.00000", "2009-09-30": "185283.00000", "2009-06-30": "166254.00000", "2009-03-31": "153332.00000", "2008-12-31": "166930.00000", "2008-09-30": "195241.00000", "2008-06-30": "210703.00000", "2008-03-31": "214801.00000", "2007-12-31": "237768.00000", "2007-09-30": "226333.00000", "2007-06-30": "223181.00000", "2007-03-31": "211995.00000", "2006-12-31": "204367.00000", "2006-09-30": "199013.00000", "2006-06-30": "192837.00000", "2006-03-31": "192862.00000", "2005-12-31": "174962.00000", "2005-09-30": "179324.00000", "2005-06-30": "135225.00000", "2005-03-31": "132211.00000"}, "Total Long Term Liabilities": {"2020-12-31": "284294.00000", "2020-09-30": "277997.00000", "2020-06-30": "273182.00000", "2020-03-31": "257762.00000", "2019-12-31": "263288.00000", "2019-09-30": "268510.00000", "2019-06-30": "264304.00000", "2019-03-31": "257418.00000", "2018-12-31": "243058.00000", "2018-09-30": "256264.00000", "2018-06-30": "264527.00000", "2018-03-31": "269796.00000", "2017-12-31": "278591.00000", "2017-09-30": "283738.00000", "2017-06-30": "412366.00000", "2017-03-31": "407772.00000", "2016-12-31": "472500.00000", "2016-09-30": "427344.00000", "2016-06-30": "423412.00000", "2016-03-31": "415908.00000", "2015-12-31": "394861.00000", "2015-09-30": "397587.00000", "2015-06-30": "414609.00000", "2015-03-31": "425629.00000", "2014-12-31": "409343.00000", "2014-09-30": "410966.00000", "2014-06-30": "415150.00000", "2014-03-31": "403322.00000", "2013-12-31": "401345.00000", "2013-09-30": "338730.00000", "2013-06-30": "333767.00000", "2013-03-31": "339638.00000", "2012-12-31": "324045.00000", "2012-09-30": "333568.00000", "2012-06-30": "318097.00000", "2012-03-31": "322379.00000", "2011-12-31": "302685.00000", "2011-09-30": "290553.00000", "2011-06-30": "292918.00000", "2011-03-31": "283162.00000", "2010-12-31": "268972.00000", "2010-09-30": "255070.00000", "2010-06-30": "226747.00000", "2010-03-31": "227169.00000", "2009-12-31": "207743.00000", "2009-09-30": "203782.00000", "2009-06-30": "184491.00000", "2009-03-31": "170251.00000", "2008-12-31": "182131.00000", "2008-09-30": "211184.00000", "2008-06-30": "227261.00000", "2008-03-31": "231707.00000", "2007-12-31": "253252.00000", "2007-09-30": "240625.00000", "2007-06-30": "236735.00000", "2007-03-31": "224325.00000", "2006-12-31": "218089.00000", "2006-09-30": "212043.00000", "2006-06-30": "204059.00000", "2006-03-31": "204081.00000", "2005-12-31": "186226.00000", "2005-09-30": "190369.00000", "2005-06-30": "148365.00000", "2005-03-31": "142070.00000"}, "Total Liabilities": {"2020-12-31": "720329.00000", "2020-09-30": "706923.00000", "2020-06-30": "691643.00000", "2020-03-31": "667278.00000", "2019-12-31": "674081.00000", "2019-09-30": "674193.00000", "2019-06-30": "668121.00000", "2019-03-31": "654450.00000", "2018-12-31": "634580.00000", "2018-09-30": "646642.00000", "2018-06-30": "652501.00000", "2018-03-31": "656076.00000", "2017-12-31": "661022.00000", "2017-09-30": "663571.00000", "2017-06-30": "855530.00000", "2017-03-31": "846579.00000", "2016-12-31": "831062.00000", "2016-09-30": "874438.00000", "2016-06-30": "863194.00000", "2016-03-31": "841463.00000", "2015-12-31": "809514.00000", "2015-09-30": "811472.00000", "2015-06-30": "828512.00000", "2015-03-31": "845476.00000", "2014-12-31": "829777.00000", "2014-09-30": "837328.00000", "2014-06-30": "840946.00000", "2014-03-31": "824571.00000", "2013-12-31": "823200.00000", "2013-09-30": "761375.00000", "2013-06-30": "755254.00000", "2013-03-31": "776813.00000", "2012-12-31": "771944.00000", "2012-09-30": "781887.00000", "2012-06-30": "762459.00000", "2012-03-31": "760594.00000", "2011-12-31": "738337.00000", "2011-09-30": "724485.00000", "2011-06-30": "717774.00000", "2011-03-31": "701120.00000", "2010-12-31": "681910.00000", "2010-09-30": "570486.00000", "2010-06-30": "534183.00000", "2010-03-31": "529387.00000", "2009-12-31": "505816.00000", "2009-09-30": "500599.00000", "2009-06-30": "481845.00000", "2009-03-31": "467979.00000", "2008-12-31": "477693.00000", "2008-09-30": "493466.00000", "2008-06-30": "523246.00000", "2008-03-31": "524133.00000", "2007-12-31": "523970.00000", "2007-09-30": "528331.00000", "2007-06-30": "519009.00000", "2007-03-31": "503740.00000", "2006-12-31": "493917.00000", "2006-09-30": "484576.00000", "2006-06-30": "472624.00000", "2006-03-31": "470535.00000", "2005-12-31": "452544.00000", "2005-09-30": "454062.00000", "2005-06-30": "353260.00000", "2005-03-31": "339633.00000"}, "Common Stock Net": {"2020-12-31": "12.00000", "2020-09-30": "12.00000", "2020-06-30": "12.00000", "2020-03-31": "12.00000", "2019-12-31": "12.00000", "2019-09-30": "12.00000", "2019-06-30": "12.00000", "2019-03-31": "12.00000", "2018-12-31": "12.00000", "2018-09-30": "12.00000", "2018-06-30": "12.00000", "2018-03-31": "12.00000", "2017-12-31": "12.00000", "2017-09-30": "12.00000", "2017-06-30": "12.00000", "2017-03-31": "12.00000", "2016-12-31": "12.00000", "2016-09-30": "12.00000", "2016-06-30": "12.00000", "2016-03-31": "12.00000", "2015-12-31": "12.00000", "2015-09-30": "12.00000", "2015-06-30": "12.00000", "2015-03-31": "12.00000", "2014-12-31": "12.00000", "2014-09-30": "11.00000", "2014-06-30": "11.00000", "2014-03-31": "11.00000", "2013-12-31": "11.00000", "2013-09-30": "11.00000", "2013-06-30": "11.00000", "2013-03-31": "11.00000", "2012-12-31": "11.00000", "2012-09-30": "11.00000", "2012-06-30": "11.00000", "2012-03-31": "11.00000", "2011-12-31": "11.00000", "2011-09-30": "11.00000", "2011-06-30": "11.00000", "2011-03-31": "11.00000", "2010-12-31": "10.00000", "2010-09-30": "9.00000", "2010-06-30": "8.00000", "2010-03-31": "8.00000", "2009-12-31": "8.00000", "2009-09-30": "8.00000", "2009-06-30": "8.00000", "2009-03-31": "8.00000", "2008-12-31": "8.00000", "2008-09-30": "8.00000", "2008-06-30": "8.00000", "2008-03-31": "8.00000", "2007-12-31": "8.00000", "2007-09-30": "8.00000", "2007-06-30": "8.00000", "2007-03-31": "8.00000", "2006-12-31": "8.00000", "2006-09-30": "8.00000", "2006-06-30": "8.00000", "2006-03-31": "8.00000", "2005-12-31": "8.00000", "2005-09-30": "8.00000", "2005-06-30": "8.00000", "2005-03-31": "8.00000"}, "Retained Earnings (Accumulated Deficit)": {"2020-12-31": "36491.00000", "2020-09-30": "36782.00000", "2020-06-30": "36568.00000", "2020-03-31": "36919.00000", "2019-12-31": "33078.00000", "2019-09-30": "32948.00000", "2019-06-30": "31209.00000", "2019-03-31": "29944.00000", "2018-12-31": "28926.00000", "2018-09-30": "27331.00000", "2018-06-30": "26870.00000", "2018-03-31": "26453.00000", "2017-12-31": "26527.00000", "2017-09-30": "24410.00000", "2017-06-30": "35270.00000", "2017-03-31": "34863.00000", "2016-12-31": "34683.00000", "2016-09-30": "37054.00000", "2016-06-30": "36924.00000", "2016-03-31": "37301.00000", "2015-12-31": "35519.00000", "2015-09-30": "35153.00000", "2015-06-30": "34376.00000", "2015-03-31": "33754.00000", "2014-12-31": "32020.00000", "2014-09-30": "30928.00000", "2014-06-30": "29259.00000", "2014-03-31": "28319.00000", "2013-12-31": "27332.00000", "2013-09-30": "26766.00000", "2013-06-30": "25824.00000", "2013-03-31": "25958.00000", "2012-12-31": "25205.00000", "2012-09-30": "25920.00000", "2012-06-30": "26904.00000", "2012-03-31": "24640.00000", "2011-12-31": "24814.00000", "2011-09-30": "26951.00000", "2011-06-30": "23399.00000", "2011-03-31": "22193.00000", "2010-12-31": "21363.00000", "2010-09-30": "22096.00000", "2010-06-30": "21820.00000", "2010-03-31": "20294.00000", "2009-12-31": "19501.00000", "2009-09-30": "19822.00000", "2009-06-30": "20472.00000", "2009-03-31": "21829.00000", "2008-12-31": "22403.00000", "2008-09-30": "22041.00000", "2008-06-30": "21441.00000", "2008-03-31": "20526.00000", "2007-12-31": "19884.00000", "2007-09-30": "19342.00000", "2007-06-30": "18357.00000", "2007-03-31": "17228.00000", "2006-12-31": "16574.00000", "2006-09-30": "13195.00000", "2006-06-30": "12196.00000", "2006-03-31": "11579.00000", "2005-12-31": "10865.00000", "2005-09-30": "10582.00000", "2005-06-30": "9840.00000", "2005-03-31": "7595.00000"}, "Comprehensive Income": {"2020-12-31": "18072.00000", "2020-09-30": "16036.00000", "2020-06-30": "18563.00000", "2020-03-31": "12757.00000", "2019-12-31": "13052.00000", "2019-09-30": "15197.00000", "2019-06-30": "11631.00000", "2019-03-31": "6911.00000", "2018-12-31": "1722.00000", "2018-09-30": "1000.00000", "2018-06-30": "2854.00000", "2018-03-31": "5634.00000", "2017-12-31": "7427.00000", "2017-09-30": "7005.00000", "2017-06-30": "8436.00000", "2017-03-31": "6396.00000", "2016-12-31": "5366.00000", "2016-09-30": "13595.00000", "2016-06-30": "14632.00000", "2016-03-31": "10865.00000", "2015-12-31": "4771.00000", "2015-09-30": "6891.00000", "2015-06-30": "6443.00000", "2015-03-31": "11529.00000", "2014-12-31": "10649.00000", "2014-09-30": "10992.00000", "2014-06-30": "11058.00000", "2014-03-31": "8215.00000", "2013-12-31": "5104.00000", "2013-09-30": "5100.00000", "2013-06-30": "6202.00000", "2013-03-31": "10580.00000", "2012-12-31": "11397.00000", "2012-09-30": "11325.00000", "2012-06-30": "8735.00000", "2012-03-31": "7266.00000", "2011-12-31": "6083.00000", "2011-09-30": "6813.00000", "2011-06-30": "3356.00000", "2011-03-31": "1115.00000", "2010-12-31": "1000.00000", "2010-09-30": "4030.00000", "2010-06-30": "822.00000", "2010-03-31": "-1191.00000", "2009-12-31": "-3058.00000", "2009-09-30": "-2234.00000", "2009-06-30": "-9834.00000", "2009-03-31": "-15358.00000", "2008-12-31": "-14253.00000", "2008-09-30": "-7540.00000", "2008-06-30": "-2509.00000", "2008-03-31": "-1028.00000", "2007-12-31": "1078.00000", "2007-09-30": "56.00000", "2007-06-30": "-292.00000", "2007-03-31": "1402.00000", "2006-12-31": "1118.00000", "2006-09-30": "1887.00000", "2006-06-30": "-991.00000", "2006-03-31": "590.00000", "2005-12-31": "1912.00000", "2005-09-30": "1874.00000", "2005-06-30": "3081.00000", "2005-03-31": "2156.00000"}, "Other Share Holders Equity": {"2020-12-31": "", "2020-09-30": "", "2020-06-30": "", "2020-03-31": "", "2019-12-31": "", "2019-09-30": "", "2019-06-30": "", "2019-03-31": "", "2018-12-31": "", "2018-09-30": "", "2018-06-30": "", "2018-03-31": "", "2017-12-31": "", "2017-09-30": "", "2017-06-30": "", "2017-03-31": "", "2016-12-31": "", "2016-09-30": "", "2016-06-30": "", "2016-03-31": "", "2015-12-31": "", "2015-09-30": "", "2015-06-30": "", "2015-03-31": "", "2014-12-31": "", "2014-09-30": "", "2014-06-30": "", "2014-03-31": "", "2013-12-31": "", "2013-09-30": "", "2013-06-30": "", "2013-03-31": "", "2012-12-31": "", "2012-09-30": "", "2012-06-30": "", "2012-03-31": "", "2011-12-31": "", "2011-09-30": "", "2011-06-30": "", "2011-03-31": "", "2010-12-31": "", "2010-09-30": "", "2010-06-30": "", "2010-03-31": "", "2009-12-31": "", "2009-09-30": "", "2009-06-30": "", "2009-03-31": "", "2008-12-31": "", "2008-09-30": "", "2008-06-30": "", "2008-03-31": "", "2007-12-31": "", "2007-09-30": "", "2007-06-30": "", "2007-03-31": "", "2006-12-31": "", "2006-09-30": "", "2006-06-30": "", "2006-03-31": "", "2005-12-31": "", "2005-09-30": "", "2005-06-30": "", "2005-03-31": ""}, "Share Holder Equity": {"2020-12-31": "74817.00000", "2020-09-30": "73569.00000", "2020-06-30": "75940.00000", "2020-03-31": "70463.00000", "2019-12-31": "66382.00000", "2019-09-30": "68619.00000", "2019-06-30": "64046.00000", "2019-03-31": "58738.00000", "2018-12-31": "52958.00000", "2018-09-30": "51809.00000", "2018-06-30": "53832.00000", "2018-03-31": "56508.00000", "2017-12-31": "58870.00000", "2017-09-30": "56944.00000", "2017-06-30": "69669.00000", "2017-03-31": "68108.00000", "2016-12-31": "67702.00000", "2016-09-30": "78466.00000", "2016-06-30": "79373.00000", "2016-03-31": "75965.00000", "2015-12-31": "68419.00000", "2015-09-30": "70988.00000", "2015-06-30": "69897.00000", "2015-03-31": "74314.00000", "2014-12-31": "72560.00000", "2014-09-30": "71299.00000", "2014-06-30": "70174.00000", "2014-03-31": "66332.00000", "2013-12-31": "62096.00000", "2013-09-30": "61268.00000", "2013-06-30": "60408.00000", "2013-03-31": "64872.00000", "2012-12-31": "64837.00000", "2012-09-30": "64398.00000", "2012-06-30": "62729.00000", "2012-03-31": "59010.00000", "2011-12-31": "57889.00000", "2011-09-30": "60745.00000", "2011-06-30": "53709.00000", "2011-03-31": "50221.00000", "2010-12-31": "48996.00000", "2010-09-30": "46769.00000", "2010-06-30": "39724.00000", "2010-03-31": "36179.00000", "2009-12-31": "33498.00000", "2009-09-30": "34593.00000", "2009-06-30": "27612.00000", "2009-03-31": "23429.00000", "2008-12-31": "23985.00000", "2008-09-30": "27833.00000", "2008-06-30": "32541.00000", "2008-03-31": "32999.00000", "2007-12-31": "35179.00000", "2007-09-30": "34746.00000", "2007-06-30": "33555.00000", "2007-03-31": "34069.00000", "2006-12-31": "33798.00000", "2006-09-30": "31610.00000", "2006-06-30": "27681.00000", "2006-03-31": "28567.00000", "2005-12-31": "29101.00000", "2005-09-30": "28757.00000", "2005-06-30": "28171.00000", "2005-03-31": "23038.00000"}, "Total Liabilities And Share Holders Equity": {"2020-12-31": "795146.00000", "2020-09-30": "780492.00000", "2020-06-30": "767583.00000", "2020-03-31": "737741.00000", "2019-12-31": "740463.00000", "2019-09-30": "742812.00000", "2019-06-30": "732167.00000", "2019-03-31": "713188.00000", "2018-12-31": "687538.00000", "2018-09-30": "698451.00000", "2018-06-30": "706333.00000", "2018-03-31": "712584.00000", "2017-12-31": "719892.00000", "2017-09-30": "720515.00000", "2017-06-30": "925199.00000", "2017-03-31": "914687.00000", "2016-12-31": "898764.00000", "2016-09-30": "952904.00000", "2016-06-30": "942567.00000", "2016-03-31": "917428.00000", "2015-12-31": "877933.00000", "2015-09-30": "882460.00000", "2015-06-30": "898409.00000", "2015-03-31": "919790.00000", "2014-12-31": "902337.00000", "2014-09-30": "908627.00000", "2014-06-30": "911120.00000", "2014-03-31": "890903.00000", "2013-12-31": "885296.00000", "2013-09-30": "822643.00000", "2013-06-30": "815662.00000", "2013-03-31": "841685.00000", "2012-12-31": "836781.00000", "2012-09-30": "846285.00000", "2012-06-30": "825188.00000", "2012-03-31": "819604.00000", "2011-12-31": "796226.00000", "2011-09-30": "785230.00000", "2011-06-30": "771483.00000", "2011-03-31": "751341.00000", "2010-12-31": "730906.00000", "2010-09-30": "617255.00000", "2010-06-30": "573907.00000", "2010-03-31": "565566.00000", "2009-12-31": "539314.00000", "2009-09-30": "535192.00000", "2009-06-30": "509457.00000", "2009-03-31": "491408.00000", "2008-12-31": "501678.00000", "2008-09-30": "521299.00000", "2008-06-30": "555787.00000", "2008-03-31": "557132.00000", "2007-12-31": "559149.00000", "2007-09-30": "563077.00000", "2007-06-30": "552564.00000", "2007-03-31": "537809.00000", "2006-12-31": "527715.00000", "2006-09-30": "516186.00000", "2006-06-30": "500305.00000", "2006-03-31": "499102.00000", "2005-12-31": "481645.00000", "2005-09-30": "482819.00000", "2005-06-30": "381431.00000", "2005-03-31": "362671.00000"}}, "cash flow statement": {"Net Income/Loss": {"2020-12-31": "0.00000", "2019-12-31": "5909.00000", "2018-12-31": "5128.00000", "2017-12-31": "4020.00000", "2016-12-31": "854.00000", "2015-12-31": "5385.00000", "2014-12-31": "6336.00000", "2013-12-31": "3393.00000", "2012-12-31": "1362.00000", "2011-12-31": "6415.00000", "2010-12-31": "2663.00000", "2009-12-31": "-2278.00000", "2008-12-31": "3278.00000", "2007-12-31": "4465.00000", "2006-12-31": "6293.00000", "2005-12-31": "4714.00000"}, "Total Depreciation And Amortization - Cash Flow": {"2020-12-31": "", "2019-12-31": "-369.00000", "2018-12-31": "-385.00000", "2017-12-31": "-249.00000", "2016-12-31": "-458.00000", "2015-12-31": "-448.00000", "2014-12-31": "102.00000", "2013-12-31": "547.00000", "2012-12-31": "170.00000", "2011-12-31": "202.00000", "2010-12-31": "-493.00000", "2009-12-31": "-447.00000", "2008-12-31": "-564.00000", "2007-12-31": "-498.00000", "2006-12-31": "-224.00000", "2005-12-31": "151.00000"}, "Other Non-Cash Items": {"2020-12-31": "", "2019-12-31": "821.00000", "2018-12-31": "-1209.00000", "2017-12-31": "2903.00000", "2016-12-31": "6545.00000", "2015-12-31": "-2511.00000", "2014-12-31": "-2394.00000", "2013-12-31": "3917.00000", "2012-12-31": "4869.00000", "2011-12-31": "-4713.00000", "2010-12-31": "80.00000", "2009-12-31": "8775.00000", "2008-12-31": "-634.00000", "2007-12-31": "744.00000", "2006-12-31": "-3329.00000", "2005-12-31": "-2455.00000"}, "Total Non-Cash Items": {"2020-12-31": "", "2019-12-31": "452.00000", "2018-12-31": "-1594.00000", "2017-12-31": "2654.00000", "2016-12-31": "6087.00000", "2015-12-31": "-2959.00000", "2014-12-31": "-2292.00000", "2013-12-31": "4464.00000", "2012-12-31": "5039.00000", "2011-12-31": "-4511.00000", "2010-12-31": "-413.00000", "2009-12-31": "8328.00000", "2008-12-31": "-1198.00000", "2007-12-31": "246.00000", "2006-12-31": "-3553.00000", "2005-12-31": "-2304.00000"}, "Change In Accounts Receivable": {"2020-12-31": "", "2019-12-31": "-514.00000", "2018-12-31": "-1809.00000", "2017-12-31": "-991.00000", "2016-12-31": "-2158.00000", "2015-12-31": "-831.00000", "2014-12-31": "-650.00000", "2013-12-31": "-582.00000", "2012-12-31": "-109.00000", "2011-12-31": "58.00000", "2010-12-31": "-1023.00000", "2009-12-31": "-1653.00000", "2008-12-31": "-1929.00000", "2007-12-31": "-283.00000", "2006-12-31": "-2655.00000", "2005-12-31": "-37.00000"}, "Change In Inventories": {"2020-12-31": "", "2019-12-31": "", "2018-12-31": "", "2017-12-31": "", "2016-12-31": "111.00000", "2015-12-31": "784.00000", "2014-12-31": "-739.00000", "2013-12-31": "-1433.00000", "2012-12-31": "1900.00000", "2011-12-31": "648.00000", "2010-12-31": "-1369.00000", "2009-12-31": "-1152.00000", "2008-12-31": "-418.00000", "2007-12-31": "200.00000", "2006-12-31": "-432.00000", "2005-12-31": "-244.00000"}, "Change In Accounts Payable": {"2020-12-31": "", "2019-12-31": "8.00000", "2018-12-31": "-121.00000", "2017-12-31": "-280.00000", "2016-12-31": "-31.00000", "2015-12-31": "138.00000", "2014-12-31": "207.00000", "2013-12-31": "293.00000", "2012-12-31": "219.00000", "2011-12-31": "525.00000", "2010-12-31": "-206.00000", "2009-12-31": "-110.00000", "2008-12-31": "428.00000", "2007-12-31": "-275.00000", "2006-12-31": "-315.00000", "2005-12-31": "-157.00000"}, "Change In Assets/Liabilities": {"2020-12-31": "", "2019-12-31": "7698.00000", "2018-12-31": "9194.00000", "2017-12-31": "9676.00000", "2016-12-31": "11433.00000", "2015-12-31": "10820.00000", "2014-12-31": "11439.00000", "2013-12-31": "9125.00000", "2012-12-31": "9632.00000", "2011-12-31": "5396.00000", "2010-12-31": "7102.00000", "2009-12-31": "3282.00000", "2008-12-31": "9621.00000", "2007-12-31": "5448.00000", "2006-12-31": "5177.00000", "2005-12-31": "5519.00000"}, "Total Change In Assets/Liabilities": {"2020-12-31": "", "2019-12-31": "7425.00000", "2018-12-31": "8204.00000", "2017-12-31": "5609.00000", "2016-12-31": "7833.00000", "2015-12-31": "11626.00000", "2014-12-31": "12332.00000", "2013-12-31": "8274.00000", "2012-12-31": "10759.00000", "2011-12-31": "8369.00000", "2010-12-31": "5735.00000", "2009-12-31": "-2247.00000", "2008-12-31": "8622.00000", "2007-12-31": "5191.00000", "2006-12-31": "3814.00000", "2005-12-31": "5609.00000"}, "Cash Flow From Operating Activities": {"2020-12-31": "", "2019-12-31": "13786.00000", "2018-12-31": "11738.00000", "2017-12-31": "12283.00000", "2016-12-31": "14774.00000", "2015-12-31": "14052.00000", "2014-12-31": "16376.00000", "2013-12-31": "16131.00000", "2012-12-31": "17160.00000", "2011-12-31": "10273.00000", "2010-12-31": "7985.00000", "2009-12-31": "3803.00000", "2008-12-31": "10702.00000", "2007-12-31": "9902.00000", "2006-12-31": "6554.00000", "2005-12-31": "8019.00000"}, "Net Change In Property, Plant, And Equipment": {"2020-12-31": "", "2019-12-31": "", "2018-12-31": "", "2017-12-31": "", "2016-12-31": "", "2015-12-31": "", "2014-12-31": "", "2013-12-31": "", "2012-12-31": "", "2011-12-31": "", "2010-12-31": "", "2009-12-31": "", "2008-12-31": "", "2007-12-31": "", "2006-12-31": "", "2005-12-31": ""}, "Net Change In Intangible Assets": {"2020-12-31": "", "2019-12-31": "", "2018-12-31": "", "2017-12-31": "", "2016-12-31": "", "2015-12-31": "", "2014-12-31": "", "2013-12-31": "", "2012-12-31": "", "2011-12-31": "", "2010-12-31": "", "2009-12-31": "", "2008-12-31": "", "2007-12-31": "", "2006-12-31": "", "2005-12-31": ""}, "Net Acquisitions/Divestitures": {"2020-12-31": "", "2019-12-31": "-32.00000", "2018-12-31": "", "2017-12-31": "-211.00000", "2016-12-31": "", "2015-12-31": "", "2014-12-31": "", "2013-12-31": "-1447.00000", "2012-12-31": "560.00000", "2011-12-31": "-33.00000", "2010-12-31": "-3021.00000", "2009-12-31": "-69.00000", "2008-12-31": "-786.00000", "2007-12-31": "-737.00000", "2006-12-31": "-67.00000", "2005-12-31": "-9900.00000"}, "Net Change In Short-term Investments": {"2020-12-31": "", "2019-12-31": "152.00000", "2018-12-31": "870.00000", "2017-12-31": "2087.00000", "2016-12-31": "1270.00000", "2015-12-31": "-777.00000", "2014-12-31": "5167.00000", "2013-12-31": "2955.00000", "2012-12-31": "593.00000", "2011-12-31": "-7949.00000", "2010-12-31": "3033.00000", "2009-12-31": "5534.00000", "2008-12-31": "-11269.00000", "2007-12-31": "55.00000", "2006-12-31": "595.00000", "2005-12-31": "2267.00000"}, "Net Change In Long-Term Investments": {"2020-12-31": "", "2019-12-31": "-16178.00000", "2018-12-31": "-6380.00000", "2017-12-31": "-14124.00000", "2016-12-31": "-3848.00000", "2015-12-31": "-7392.00000", "2014-12-31": "-17099.00000", "2013-12-31": "-4390.00000", "2012-12-31": "-9499.00000", "2011-12-31": "-13319.00000", "2010-12-31": "-17318.00000", "2009-12-31": "-18268.00000", "2008-12-31": "10490.00000", "2007-12-31": "-8612.00000", "2006-12-31": "-16645.00000", "2005-12-31": "-14045.00000"}, "Net Change In Investments - Total": {"2020-12-31": "", "2019-12-31": "-16026.00000", "2018-12-31": "-5510.00000", "2017-12-31": "-12037.00000", "2016-12-31": "-2578.00000", "2015-12-31": "-8169.00000", "2014-12-31": "-11932.00000", "2013-12-31": "-1435.00000", "2012-12-31": "-8906.00000", "2011-12-31": "-21268.00000", "2010-12-31": "-14285.00000", "2009-12-31": "-12734.00000", "2008-12-31": "-779.00000", "2007-12-31": "-8557.00000", "2006-12-31": "-16050.00000", "2005-12-31": "-11778.00000"}, "Investing Activities - Other": {"2020-12-31": "", "2019-12-31": "-1528.00000", "2018-12-31": "-124.00000", "2017-12-31": "-4628.00000", "2016-12-31": "-3272.00000", "2015-12-31": "-2229.00000", "2014-12-31": "-3123.00000", "2013-12-31": "-12283.00000", "2012-12-31": "-3583.00000", "2011-12-31": "-917.00000", "2010-12-31": "-997.00000", "2009-12-31": "-1132.00000", "2008-12-31": "-1106.00000", "2007-12-31": "-1350.00000", "2006-12-31": "-2769.00000", "2005-12-31": "-939.00000"}, "Cash Flow From Investing Activities": {"2020-12-31": "", "2019-12-31": "-17586.00000", "2018-12-31": "-5634.00000", "2017-12-31": "-16876.00000", "2016-12-31": "-5850.00000", "2015-12-31": "-10398.00000", "2014-12-31": "-15055.00000", "2013-12-31": "-15165.00000", "2012-12-31": "-11929.00000", "2011-12-31": "-22218.00000", "2010-12-31": "-18303.00000", "2009-12-31": "-13935.00000", "2008-12-31": "-2671.00000", "2007-12-31": "-10644.00000", "2006-12-31": "-18886.00000", "2005-12-31": "-22617.00000"}, "Net Long-Term Debt": {"2020-12-31": "", "2019-12-31": "409.00000", "2018-12-31": "-1908.00000", "2017-12-31": "-367.00000", "2016-12-31": "-1347.00000", "2015-12-31": "2398.00000", "2014-12-31": "-1862.00000", "2013-12-31": "-374.00000", "2012-12-31": "-1301.00000", "2011-12-31": "-1198.00000", "2010-12-31": "4029.00000", "2009-12-31": "3011.00000", "2008-12-31": "977.00000", "2007-12-31": "6016.00000", "2006-12-31": "1650.00000", "2005-12-31": "4644.00000"}, "Net Current Debt": {"2020-12-31": "", "2019-12-31": "", "2018-12-31": "", "2017-12-31": "", "2016-12-31": "", "2015-12-31": "", "2014-12-31": "-75.00000", "2013-12-31": "75.00000", "2012-12-31": "-4799.00000", "2011-12-31": "513.00000", "2010-12-31": "-638.00000", "2009-12-31": "2192.00000", "2008-12-31": "3377.00000", "2007-12-31": "-1087.00000", "2006-12-31": "35.00000", "2005-12-31": "-56.00000"}, "Debt Issuance/Retirement Net - Total": {"2020-12-31": "", "2019-12-31": "409.00000", "2018-12-31": "-1908.00000", "2017-12-31": "-367.00000", "2016-12-31": "-1347.00000", "2015-12-31": "2398.00000", "2014-12-31": "-1937.00000", "2013-12-31": "-299.00000", "2012-12-31": "-6100.00000", "2011-12-31": "-685.00000", "2010-12-31": "3391.00000", "2009-12-31": "5203.00000", "2008-12-31": "4354.00000", "2007-12-31": "4929.00000", "2006-12-31": "1685.00000", "2005-12-31": "4588.00000"}, "Net Common Equity Issued/Repurchased": {"2020-12-31": "", "2019-12-31": "-2285.00000", "2018-12-31": "-3992.00000", "2017-12-31": "-2927.00000", "2016-12-31": "-372.00000", "2015-12-31": "-1930.00000", "2014-12-31": "", "2013-12-31": "1000.00000", "2012-12-31": "1000.00000", "2011-12-31": "2950.00000", "2010-12-31": "3529.00000", "2009-12-31": "1043.00000", "2008-12-31": "2011.00000", "2007-12-31": "-1726.00000", "2006-12-31": "-417.00000", "2005-12-31": "72.00000"}, "Net Total Equity Issued/Repurchased": {"2020-12-31": "", "2019-12-31": "-2285.00000", "2018-12-31": "-2718.00000", "2017-12-31": "-2927.00000", "2016-12-31": "-372.00000", "2015-12-31": "-1949.00000", "2014-12-31": "", "2013-12-31": "1000.00000", "2012-12-31": "1000.00000", "2011-12-31": "-1.00000", "2010-12-31": "3529.00000", "2009-12-31": "1043.00000", "2008-12-31": "2011.00000", "2007-12-31": "-1726.00000", "2006-12-31": "-417.00000", "2005-12-31": "2172.00000"}, "Total Common And Preferred Stock Dividends Paid": {"2020-12-31": "", "2019-12-31": "-1821.00000", "2018-12-31": "-1819.00000", "2017-12-31": "-1820.00000", "2016-12-31": "-1839.00000", "2015-12-31": "-1769.00000", "2014-12-31": "-1621.00000", "2013-12-31": "-1241.00000", "2012-12-31": "-933.00000", "2011-12-31": "-909.00000", "2010-12-31": "-906.00000", "2009-12-31": "-732.00000", "2008-12-31": "-717.00000", "2007-12-31": "-678.00000", "2006-12-31": "-584.00000", "2005-12-31": "-457.00000"}, "Financial Activities - Other": {"2020-12-31": "", "2019-12-31": "8265.00000", "2018-12-31": "3644.00000", "2017-12-31": "4208.00000", "2016-12-31": "61.00000", "2015-12-31": "102.00000", "2014-12-31": "5814.00000", "2013-12-31": "-8367.00000", "2012-12-31": "6068.00000", "2011-12-31": "10977.00000", "2010-12-31": "7367.00000", "2009-12-31": "-9617.00000", "2008-12-31": "541.00000", "2007-12-31": "1417.00000", "2006-12-31": "14690.00000", "2005-12-31": "8207.00000"}, "Cash Flow From Financial Activities": {"2020-12-31": "", "2019-12-31": "4568.00000", "2018-12-31": "-2801.00000", "2017-12-31": "-906.00000", "2016-12-31": "-3497.00000", "2015-12-31": "-1218.00000", "2014-12-31": "2256.00000", "2013-12-31": "-8907.00000", "2012-12-31": "35.00000", "2011-12-31": "9382.00000", "2010-12-31": "13381.00000", "2009-12-31": "-4103.00000", "2008-12-31": "6189.00000", "2007-12-31": "3942.00000", "2006-12-31": "15374.00000", "2005-12-31": "14510.00000"}, "Net Cash Flow": {"2020-12-31": "", "2019-12-31": "777.00000", "2018-12-31": "3120.00000", "2017-12-31": "-5176.00000", "2016-12-31": "5125.00000", "2015-12-31": "1944.00000", "2014-12-31": "3223.00000", "2013-12-31": "-8153.00000", "2012-12-31": "5277.00000", "2011-12-31": "-2585.00000", "2010-12-31": "2934.00000", "2009-12-31": "-14127.00000", "2008-12-31": "13871.00000", "2007-12-31": "3261.00000", "2006-12-31": "3089.00000", "2005-12-31": "-88.00000"}, "Stock-Based Compensation": {"2020-12-31": "", "2019-12-31": "", "2018-12-31": "", "2017-12-31": "", "2016-12-31": "", "2015-12-31": "", "2014-12-31": "", "2013-12-31": "", "2012-12-31": "", "2011-12-31": "", "2010-12-31": "", "2009-12-31": "", "2008-12-31": "", "2007-12-31": "", "2006-12-31": "", "2005-12-31": ""}, "Common Stock Dividends Paid": {"2020-12-31": "", "2019-12-31": "-1643.00000", "2018-12-31": "-1678.00000", "2017-12-31": "-1717.00000", "2016-12-31": "-1736.00000", "2015-12-31": "-1653.00000", "2014-12-31": "-1499.00000", "2013-12-31": "-1119.00000", "2012-12-31": "-811.00000", "2011-12-31": "-787.00000", "2010-12-31": "-784.00000", "2009-12-31": "-610.00000", "2008-12-31": "-592.00000", "2007-12-31": "-541.00000", "2006-12-31": "-450.00000", "2005-12-31": "-394.00000"}}, "cash flow statement, quarterly": {"Net Income/Loss": {"2020-12-31": 0, "2020-09-30": 0, "2020-06-30": 0, "2020-03-31": "0.00000", "2019-12-31": 5909, "2019-09-30": 0, "2019-06-30": 0, "2019-03-31": "0.00000", "2018-12-31": 5128, "2018-09-30": 0, "2018-06-30": 0, "2018-03-31": "0.00000", "2017-12-31": 4020, "2017-09-30": 0, "2017-06-30": 0, "2017-03-31": "0.00000", "2016-12-31": 854, "2016-09-30": 0, "2016-06-30": 0, "2016-03-31": "0.00000", "2015-12-31": 5385, "2015-09-30": 0, "2015-06-30": 0, "2015-03-31": "0.00000", "2014-12-31": 6336, "2014-09-30": 0, "2014-06-30": 0, "2014-03-31": "0.00000", "2013-12-31": 3393, "2013-09-30": 0, "2013-06-30": 0, "2013-03-31": "0.00000", "2012-12-31": 1362, "2012-09-30": 0, "2012-06-30": 0, "2012-03-31": "0.00000", "2011-12-31": 6415, "2011-09-30": 0, "2011-06-30": 0, "2011-03-31": "0.00000", "2010-12-31": 2663, "2010-09-30": 0, "2010-06-30": 0, "2010-03-31": "0.00000", "2009-12-31": -2278, "2009-09-30": 0, "2009-06-30": 0, "2009-03-31": "0.00000", "2008-12-31": 3278, "2008-09-30": -1656, "2008-06-30": 996, "2008-03-31": "660.00000", "2007-12-31": 4465, "2007-09-30": 0, "2007-06-30": 0, "2007-03-31": "0.00000", "2006-12-31": 6293, "2006-09-30": 0, "2006-06-30": 0, "2006-03-31": "0.00000", "2005-12-31": 4714, "2005-09-30": 0, "2005-06-30": 0, "2005-03-31": "0.00000"}, "Total Depreciation And Amortization - Cash Flow": {"2020-12-31": 0, "2020-09-30": 0, "2020-06-30": 0, "2020-03-31": "", "2019-12-31": -369, "2019-09-30": 0, "2019-06-30": 0, "2019-03-31": "", "2018-12-31": -385, "2018-09-30": 0, "2018-06-30": 0, "2018-03-31": "", "2017-12-31": -249, "2017-09-30": 0, "2017-06-30": 0, "2017-03-31": "", "2016-12-31": -458, "2016-09-30": 0, "2016-06-30": 0, "2016-03-31": "", "2015-12-31": -448, "2015-09-30": 0, "2015-06-30": 0, "2015-03-31": "", "2014-12-31": 102, "2014-09-30": 0, "2014-06-30": 0, "2014-03-31": "", "2013-12-31": 547, "2013-09-30": 0, "2013-06-30": 0, "2013-03-31": "", "2012-12-31": 170, "2012-09-30": 0, "2012-06-30": 0, "2012-03-31": "", "2011-12-31": 202, "2011-09-30": 0, "2011-06-30": 0, "2011-03-31": "", "2010-12-31": -493, "2010-09-30": 0, "2010-06-30": 0, "2010-03-31": "", "2009-12-31": -447, "2009-09-30": 0, "2009-06-30": 0, "2009-03-31": "", "2008-12-31": -564, "2008-09-30": 192, "2008-06-30": -161, "2008-03-31": "-31.00000", "2007-12-31": -498, "2007-09-30": 0, "2007-06-30": 0, "2007-03-31": "", "2006-12-31": -224, "2006-09-30": 0, "2006-06-30": 0, "2006-03-31": "", "2005-12-31": 151, "2005-09-30": 0, "2005-06-30": 0, "2005-03-31": ""}, "Other Non-Cash Items": {"2020-12-31": 0, "2020-09-30": 0, "2020-06-30": 0, "2020-03-31": "", "2019-12-31": 821, "2019-09-30": 0, "2019-06-30": 0, "2019-03-31": "", "2018-12-31": -1209, "2018-09-30": 0, "2018-06-30": 0, "2018-03-31": "", "2017-12-31": 2903, "2017-09-30": 0, "2017-06-30": 0, "2017-03-31": "", "2016-12-31": 6545, "2016-09-30": 0, "2016-06-30": 0, "2016-03-31": "", "2015-12-31": -2511, "2015-09-30": 0, "2015-06-30": 0, "2015-03-31": "", "2014-12-31": -2394, "2014-09-30": 0, "2014-06-30": 0, "2014-03-31": "", "2013-12-31": 3917, "2013-09-30": 0, "2013-06-30": 0, "2013-03-31": "", "2012-12-31": 4869, "2012-09-30": 0, "2012-06-30": 0, "2012-03-31": "", "2011-12-31": -4713, "2011-09-30": 0, "2011-06-30": 0, "2011-03-31": "", "2010-12-31": 80, "2010-09-30": 0, "2010-06-30": 0, "2010-03-31": "", "2009-12-31": 8775, "2009-09-30": 0, "2009-06-30": 0, "2009-03-31": "", "2008-12-31": -634, "2008-09-30": -993, "2008-06-30": 119, "2008-03-31": "874.00000", "2007-12-31": 744, "2007-09-30": 0, "2007-06-30": 0, "2007-03-31": "", "2006-12-31": -3329, "2006-09-30": 0, "2006-06-30": 0, "2006-03-31": "", "2005-12-31": -2455, "2005-09-30": 0, "2005-06-30": 0, "2005-03-31": ""}, "Total Non-Cash Items": {"2020-12-31": 0, "2020-09-30": 0, "2020-06-30": 0, "2020-03-31": "", "2019-12-31": 452, "2019-09-30": 0, "2019-06-30": 0, "2019-03-31": "", "2018-12-31": -1594, "2018-09-30": 0, "2018-06-30": 0, "2018-03-31": "", "2017-12-31": 2654, "2017-09-30": 0, "2017-06-30": 0, "2017-03-31": "", "2016-12-31": 6087, "2016-09-30": 0, "2016-06-30": 0, "2016-03-31": "", "2015-12-31": -2959, "2015-09-30": 0, "2015-06-30": 0, "2015-03-31": "", "2014-12-31": -2292, "2014-09-30": 0, "2014-06-30": 0, "2014-03-31": "", "2013-12-31": 4464, "2013-09-30": 0, "2013-06-30": 0, "2013-03-31": "", "2012-12-31": 5039, "2012-09-30": 0, "2012-06-30": 0, "2012-03-31": "", "2011-12-31": -4511, "2011-09-30": 0, "2011-06-30": 0, "2011-03-31": "", "2010-12-31": -413, "2010-09-30": 0, "2010-06-30": 0, "2010-03-31": "", "2009-12-31": 8328, "2009-09-30": 0, "2009-06-30": 0, "2009-03-31": "", "2008-12-31": -1198, "2008-09-30": -801, "2008-06-30": -42, "2008-03-31": "843.00000", "2007-12-31": 246, "2007-09-30": 0, "2007-06-30": 0, "2007-03-31": "", "2006-12-31": -3553, "2006-09-30": 0, "2006-06-30": 0, "2006-03-31": "", "2005-12-31": -2304, "2005-09-30": 0, "2005-06-30": 0, "2005-03-31": ""}, "Change In Accounts Receivable": {"2020-12-31": 0, "2020-09-30": 0, "2020-06-30": 0, "2020-03-31": "", "2019-12-31": -514, "2019-09-30": 0, "2019-06-30": 0, "2019-03-31": "", "2018-12-31": -1809, "2018-09-30": 0, "2018-06-30": 0, "2018-03-31": "", "2017-12-31": -991, "2017-09-30": 0, "2017-06-30": 0, "2017-03-31": "", "2016-12-31": -2158, "2016-09-30": 0, "2016-06-30": 0, "2016-03-31": "", "2015-12-31": -831, "2015-09-30": 0, "2015-06-30": 0, "2015-03-31": "", "2014-12-31": -650, "2014-09-30": 0, "2014-06-30": 0, "2014-03-31": "", "2013-12-31": -582, "2013-09-30": 0, "2013-06-30": 0, "2013-03-31": "", "2012-12-31": -109, "2012-09-30": 0, "2012-06-30": 0, "2012-03-31": "", "2011-12-31": 58, "2011-09-30": 0, "2011-06-30": 0, "2011-03-31": "", "2010-12-31": -1023, "2010-09-30": 0, "2010-06-30": 0, "2010-03-31": "", "2009-12-31": -1653, "2009-09-30": 0, "2009-06-30": 0, "2009-03-31": "", "2008-12-31": -1929, "2008-09-30": 569, "2008-06-30": -446, "2008-03-31": "-123.00000", "2007-12-31": -283, "2007-09-30": 0, "2007-06-30": 0, "2007-03-31": "", "2006-12-31": -2655, "2006-09-30": 0, "2006-06-30": 0, "2006-03-31": "", "2005-12-31": -37, "2005-09-30": 0, "2005-06-30": 0, "2005-03-31": ""}, "Change In Inventories": {"2020-12-31": 0, "2020-09-30": 0, "2020-06-30": 0, "2020-03-31": "", "2019-12-31": 0, "2019-09-30": 0, "2019-06-30": 0, "2019-03-31": "", "2018-12-31": 0, "2018-09-30": 0, "2018-06-30": 0, "2018-03-31": "", "2017-12-31": 0, "2017-09-30": 0, "2017-06-30": 0, "2017-03-31": "", "2016-12-31": 111, "2016-09-30": 0, "2016-06-30": 0, "2016-03-31": "", "2015-12-31": 784, "2015-09-30": 0, "2015-06-30": 0, "2015-03-31": "", "2014-12-31": -739, "2014-09-30": 0, "2014-06-30": 0, "2014-03-31": "", "2013-12-31": -1433, "2013-09-30": 0, "2013-06-30": 0, "2013-03-31": "", "2012-12-31": 1900, "2012-09-30": 0, "2012-06-30": 0, "2012-03-31": "", "2011-12-31": 648, "2011-09-30": 0, "2011-06-30": 0, "2011-03-31": "", "2010-12-31": -1369, "2010-09-30": 0, "2010-06-30": 0, "2010-03-31": "", "2009-12-31": -1152, "2009-09-30": 0, "2009-06-30": 0, "2009-03-31": "", "2008-12-31": -418, "2008-09-30": 167, "2008-06-30": -31, "2008-03-31": "-136.00000", "2007-12-31": 200, "2007-09-30": 0, "2007-06-30": 0, "2007-03-31": "", "2006-12-31": -432, "2006-09-30": 0, "2006-06-30": 0, "2006-03-31": "", "2005-12-31": -244, "2005-09-30": 0, "2005-06-30": 0, "2005-03-31": ""}, "Change In Accounts Payable": {"2020-12-31": 0, "2020-09-30": 0, "2020-06-30": 0, "2020-03-31": "", "2019-12-31": 8, "2019-09-30": 0, "2019-06-30": 0, "2019-03-31": "", "2018-12-31": -121, "2018-09-30": 0, "2018-06-30": 0, "2018-03-31": "", "2017-12-31": -280, "2017-09-30": 0, "2017-06-30": 0, "2017-03-31": "", "2016-12-31": -31, "2016-09-30": 0, "2016-06-30": 0, "2016-03-31": "", "2015-12-31": 138, "2015-09-30": 0, "2015-06-30": 0, "2015-03-31": "", "2014-12-31": 207, "2014-09-30": 0, "2014-06-30": 0, "2014-03-31": "", "2013-12-31": 293, "2013-09-30": 0, "2013-06-30": 0, "2013-03-31": "", "2012-12-31": 219, "2012-09-30": 0, "2012-06-30": 0, "2012-03-31": "", "2011-12-31": 525, "2011-09-30": 0, "2011-06-30": 0, "2011-03-31": "", "2010-12-31": -206, "2010-09-30": 0, "2010-06-30": 0, "2010-03-31": "", "2009-12-31": -110, "2009-09-30": 0, "2009-06-30": 0, "2009-03-31": "", "2008-12-31": 428, "2008-09-30": -309, "2008-06-30": 61, "2008-03-31": "248.00000", "2007-12-31": -275, "2007-09-30": 0, "2007-06-30": 0, "2007-03-31": "", "2006-12-31": -315, "2006-09-30": 0, "2006-06-30": 0, "2006-03-31": "", "2005-12-31": -157, "2005-09-30": 0, "2005-06-30": 0, "2005-03-31": ""}, "Change In Assets/Liabilities": {"2020-12-31": 0, "2020-09-30": 0, "2020-06-30": 0, "2020-03-31": "", "2019-12-31": 7698, "2019-09-30": 0, "2019-06-30": 0, "2019-03-31": "", "2018-12-31": 9194, "2018-09-30": 0, "2018-06-30": 0, "2018-03-31": "", "2017-12-31": 9676, "2017-09-30": 0, "2017-06-30": 0, "2017-03-31": "", "2016-12-31": 11433, "2016-09-30": 0, "2016-06-30": 0, "2016-03-31": "", "2015-12-31": 10820, "2015-09-30": 0, "2015-06-30": 0, "2015-03-31": "", "2014-12-31": 11439, "2014-09-30": 0, "2014-06-30": 0, "2014-03-31": "", "2013-12-31": 9125, "2013-09-30": 0, "2013-06-30": 0, "2013-03-31": "", "2012-12-31": 9632, "2012-09-30": 0, "2012-06-30": 0, "2012-03-31": "", "2011-12-31": 5396, "2011-09-30": 0, "2011-06-30": 0, "2011-03-31": "", "2010-12-31": 7102, "2010-09-30": 0, "2010-06-30": 0, "2010-03-31": "", "2009-12-31": 3282, "2009-09-30": 0, "2009-06-30": 0, "2009-03-31": "", "2008-12-31": 9621, "2008-09-30": -3145, "2008-06-30": 1148, "2008-03-31": "1997.00000", "2007-12-31": 5448, "2007-09-30": 0, "2007-06-30": 0, "2007-03-31": "", "2006-12-31": 5177, "2006-09-30": 0, "2006-06-30": 0, "2006-03-31": "", "2005-12-31": 5519, "2005-09-30": 0, "2005-06-30": 0, "2005-03-31": ""}, "Total Change In Assets/Liabilities": {"2020-12-31": 0, "2020-09-30": 0, "2020-06-30": 0, "2020-03-31": "", "2019-12-31": 7425, "2019-09-30": 0, "2019-06-30": 0, "2019-03-31": "", "2018-12-31": 8204, "2018-09-30": 0, "2018-06-30": 0, "2018-03-31": "", "2017-12-31": 5609, "2017-09-30": 0, "2017-06-30": 0, "2017-03-31": "", "2016-12-31": 7833, "2016-09-30": 0, "2016-06-30": 0, "2016-03-31": "", "2015-12-31": 11626, "2015-09-30": 0, "2015-06-30": 0, "2015-03-31": "", "2014-12-31": 12332, "2014-09-30": 0, "2014-06-30": 0, "2014-03-31": "", "2013-12-31": 8274, "2013-09-30": 0, "2013-06-30": 0, "2013-03-31": "", "2012-12-31": 10759, "2012-09-30": 0, "2012-06-30": 0, "2012-03-31": "", "2011-12-31": 8369, "2011-09-30": 0, "2011-06-30": 0, "2011-03-31": "", "2010-12-31": 5735, "2010-09-30": 0, "2010-06-30": 0, "2010-03-31": "", "2009-12-31": -2247, "2009-09-30": 0, "2009-06-30": 0, "2009-03-31": "", "2008-12-31": 8622, "2008-09-30": -2961, "2008-06-30": 921, "2008-03-31": "2040.00000", "2007-12-31": 5191, "2007-09-30": 0, "2007-06-30": 0, "2007-03-31": "", "2006-12-31": 3814, "2006-09-30": 0, "2006-06-30": 0, "2006-03-31": "", "2005-12-31": 5609, "2005-09-30": 0, "2005-06-30": 0, "2005-03-31": ""}, "Cash Flow From Operating Activities": {"2020-12-31": -6486, "2020-09-30": 3793, "2020-06-30": 846, "2020-03-31": "1847.00000", "2019-12-31": 5181, "2019-09-30": 4146, "2019-06-30": 2387, "2019-03-31": "2072.00000", "2018-12-31": 1301, "2018-09-30": 3533, "2018-06-30": 5608, "2018-03-31": "1296.00000", "2017-12-31": 2050, "2017-09-30": 4734, "2017-06-30": 3401, "2017-03-31": "2098.00000", "2016-12-31": 5643, "2016-09-30": 2927, "2016-06-30": 4291, "2016-03-31": "1913.00000", "2015-12-31": 4525, "2015-09-30": 2639, "2015-06-30": 4202, "2015-03-31": "2686.00000", "2014-12-31": 5426, "2014-09-30": 4029, "2014-06-30": 4437, "2014-03-31": "2484.00000", "2013-12-31": 6147, "2013-09-30": 2670, "2013-06-30": 4581, "2013-03-31": "2733.00000", "2012-12-31": 1872, "2012-09-30": 3186, "2012-06-30": 6344, "2012-03-31": "5758.00000", "2011-12-31": 1239, "2011-09-30": 2246, "2011-06-30": 3289, "2011-03-31": "3499.00000", "2010-12-31": 2792, "2010-09-30": 1265, "2010-06-30": 1057, "2010-03-31": "2871.00000", "2009-12-31": 1085, "2009-09-30": 3945, "2009-06-30": -242, "2009-03-31": "-985.00000", "2008-12-31": 3700, "2008-09-30": 1584, "2008-06-30": 1875, "2008-03-31": "3543.00000", "2007-12-31": 2980, "2007-09-30": 2781, "2007-06-30": 1931, "2007-03-31": "2210.00000", "2006-12-31": 678, "2006-09-30": 1848, "2006-06-30": 1676, "2006-03-31": "2352.00000", "2005-12-31": 3183, "2005-09-30": 1217, "2005-06-30": 1963, "2005-03-31": "1656.00000"}, "Net Change In Property, Plant, And Equipment": {"2020-12-31": 0, "2020-09-30": 0, "2020-06-30": 0, "2020-03-31": "", "2019-12-31": 0, "2019-09-30": 0, "2019-06-30": 0, "2019-03-31": "", "2018-12-31": 0, "2018-09-30": 0, "2018-06-30": 0, "2018-03-31": "", "2017-12-31": 0, "2017-09-30": 0, "2017-06-30": 0, "2017-03-31": "", "2016-12-31": 0, "2016-09-30": 0, "2016-06-30": 0, "2016-03-31": "", "2015-12-31": 0, "2015-09-30": 0, "2015-06-30": 0, "2015-03-31": "", "2014-12-31": 0, "2014-09-30": 0, "2014-06-30": 0, "2014-03-31": "", "2013-12-31": 0, "2013-09-30": 0, "2013-06-30": 0, "2013-03-31": "", "2012-12-31": 0, "2012-09-30": 0, "2012-06-30": 0, "2012-03-31": "", "2011-12-31": 0, "2011-09-30": 0, "2011-06-30": 0, "2011-03-31": "", "2010-12-31": 0, "2010-09-30": 0, "2010-06-30": 0, "2010-03-31": "", "2009-12-31": 0, "2009-09-30": 0, "2009-06-30": 0, "2009-03-31": "", "2008-12-31": 0, "2008-09-30": 0, "2008-06-30": 0, "2008-03-31": "", "2007-12-31": 0, "2007-09-30": 0, "2007-06-30": 0, "2007-03-31": "", "2006-12-31": 0, "2006-09-30": 0, "2006-06-30": 0, "2006-03-31": "", "2005-12-31": 0, "2005-09-30": 0, "2005-06-30": 0, "2005-03-31": ""}, "Net Change In Intangible Assets": {"2020-12-31": 0, "2020-09-30": 0, "2020-06-30": 0, "2020-03-31": "", "2019-12-31": 0, "2019-09-30": 0, "2019-06-30": 0, "2019-03-31": "", "2018-12-31": 0, "2018-09-30": 0, "2018-06-30": 0, "2018-03-31": "", "2017-12-31": 0, "2017-09-30": 0, "2017-06-30": 0, "2017-03-31": "", "2016-12-31": 0, "2016-09-30": 0, "2016-06-30": 0, "2016-03-31": "", "2015-12-31": 0, "2015-09-30": 0, "2015-06-30": 0, "2015-03-31": "", "2014-12-31": 0, "2014-09-30": 0, "2014-06-30": 0, "2014-03-31": "", "2013-12-31": 0, "2013-09-30": 0, "2013-06-30": 0, "2013-03-31": "", "2012-12-31": 0, "2012-09-30": 0, "2012-06-30": 0, "2012-03-31": "", "2011-12-31": 0, "2011-09-30": 0, "2011-06-30": 0, "2011-03-31": "", "2010-12-31": 0, "2010-09-30": 0, "2010-06-30": 0, "2010-03-31": "", "2009-12-31": 0, "2009-09-30": 0, "2009-06-30": 0, "2009-03-31": "", "2008-12-31": 0, "2008-09-30": 0, "2008-06-30": 0, "2008-03-31": "", "2007-12-31": 0, "2007-09-30": 0, "2007-06-30": 0, "2007-03-31": "", "2006-12-31": 0, "2006-09-30": 0, "2006-06-30": 0, "2006-03-31": "", "2005-12-31": 0, "2005-09-30": 0, "2005-06-30": 0, "2005-03-31": ""}, "Net Acquisitions/Divestitures": {"2020-12-31": 0, "2020-09-30": 0, "2020-06-30": 0, "2020-03-31": "", "2019-12-31": -32, "2019-09-30": 0, "2019-06-30": 0, "2019-03-31": "", "2018-12-31": 0, "2018-09-30": 0, "2018-06-30": 0, "2018-03-31": "", "2017-12-31": 0, "2017-09-30": -211, "2017-06-30": 0, "2017-03-31": "", "2016-12-31": -156, "2016-09-30": 156, "2016-06-30": 0, "2016-03-31": "", "2015-12-31": 0, "2015-09-30": 0, "2015-06-30": 0, "2015-03-31": "", "2014-12-31": -452, "2014-09-30": 0, "2014-06-30": 452, "2014-03-31": "", "2013-12-31": -1833, "2013-09-30": 13, "2013-06-30": 0, "2013-03-31": "373.00000", "2012-12-31": 560, "2012-09-30": 0, "2012-06-30": 0, "2012-03-31": "", "2011-12-31": -33, "2011-09-30": 0, "2011-06-30": 0, "2011-03-31": "", "2010-12-31": -3021, "2010-09-30": 0, "2010-06-30": 0, "2010-03-31": "", "2009-12-31": 0, "2009-09-30": -23, "2009-06-30": 0, "2009-03-31": "-46.00000", "2008-12-31": -36, "2008-09-30": -396, "2008-06-30": -49, "2008-03-31": "-305.00000", "2007-12-31": -8, "2007-09-30": -730, "2007-06-30": -24, "2007-03-31": "25.00000", "2006-12-31": 0, "2006-09-30": -115, "2006-06-30": 48, "2006-03-31": "", "2005-12-31": 14, "2005-09-30": -10166, "2005-06-30": 0, "2005-03-31": "252.00000"}, "Net Change In Short-term Investments": {"2020-12-31": 35, "2020-09-30": 1537, "2020-06-30": 553, "2020-03-31": "-2125.00000", "2019-12-31": -329, "2019-09-30": -721, "2019-06-30": 1747, "2019-03-31": "-545.00000", "2018-12-31": 1171, "2018-09-30": -1356, "2018-06-30": 1215, "2018-03-31": "-160.00000", "2017-12-31": 2296, "2017-09-30": -1123, "2017-06-30": 2806, "2017-03-31": "-1892.00000", "2016-12-31": 3502, "2016-09-30": -1817, "2016-06-30": 1887, "2016-03-31": "-2302.00000", "2015-12-31": 5867, "2015-09-30": -411, "2015-06-30": -543, "2015-03-31": "-5690.00000", "2014-12-31": 3671, "2014-09-30": 122, "2014-06-30": 1327, "2014-03-31": "47.00000", "2013-12-31": -1317, "2013-09-30": 392, "2013-06-30": 577, "2013-03-31": "3303.00000", "2012-12-31": -2232, "2012-09-30": 3862, "2012-06-30": -6559, "2012-03-31": "5522.00000", "2011-12-31": -1441, "2011-09-30": -3612, "2011-06-30": -3670, "2011-03-31": "774.00000", "2010-12-31": 6185, "2010-09-30": -1818, "2010-06-30": -1720, "2010-03-31": "386.00000", "2009-12-31": -1488, "2009-09-30": 1261, "2009-06-30": 2779, "2009-03-31": "2982.00000", "2008-12-31": -11305, "2008-09-30": -648, "2008-06-30": 635, "2008-03-31": "49.00000", "2007-12-31": -906, "2007-09-30": 1039, "2007-06-30": -280, "2007-03-31": "202.00000", "2006-12-31": 3129, "2006-09-30": -1771, "2006-06-30": -700, "2006-03-31": "-63.00000", "2005-12-31": 1174, "2005-09-30": 501, "2005-06-30": 382, "2005-03-31": "210.00000"}, "Net Change In Long-Term Investments": {"2020-12-31": 18782, "2020-09-30": -7145, "2020-06-30": -1934, "2020-03-31": "-9703.00000", "2019-12-31": -5885, "2019-09-30": -4718, "2019-06-30": -723, "2019-03-31": "-4852.00000", "2018-12-31": 3832, "2018-09-30": -4521, "2018-06-30": -5477, "2018-03-31": "-214.00000", "2017-12-31": -1019, "2017-09-30": -7189, "2017-06-30": -4550, "2017-03-31": "-1366.00000", "2016-12-31": 7362, "2016-09-30": -1953, "2016-06-30": -5342, "2016-03-31": "-3915.00000", "2015-12-31": -8171, "2015-09-30": -182, "2015-06-30": 1364, "2015-03-31": "-403.00000", "2014-12-31": -5436, "2014-09-30": -4772, "2014-06-30": -9611, "2014-03-31": "2720.00000", "2013-12-31": -4044, "2013-09-30": 1579, "2013-06-30": 2739, "2013-03-31": "-4664.00000", "2012-12-31": 4833, "2012-09-30": -4596, "2012-06-30": -8354, "2012-03-31": "-1382.00000", "2011-12-31": 2898, "2011-09-30": -3538, "2011-06-30": -4865, "2011-03-31": "-7814.00000", "2010-12-31": -1116, "2010-09-30": -6967, "2010-06-30": -1503, "2010-03-31": "-7732.00000", "2009-12-31": -4816, "2009-09-30": 877, "2009-06-30": -8309, "2009-03-31": "-6020.00000", "2008-12-31": 14843, "2008-09-30": 4068, "2008-06-30": -2140, "2008-03-31": "-6281.00000", "2007-12-31": 7229, "2007-09-30": -818, "2007-06-30": -7459, "2007-03-31": "-7564.00000", "2006-12-31": 352, "2006-09-30": -295, "2006-06-30": -2056, "2006-03-31": "-14646.00000", "2005-12-31": -1275, "2005-09-30": -5860, "2005-06-30": 446, "2005-03-31": "-7356.00000"}, "Net Change In Investments - Total": {"2020-12-31": 18817, "2020-09-30": -5608, "2020-06-30": -1381, "2020-03-31": "-11828.00000", "2019-12-31": -6214, "2019-09-30": -5439, "2019-06-30": 1024, "2019-03-31": "-5397.00000", "2018-12-31": 5003, "2018-09-30": -5877, "2018-06-30": -4262, "2018-03-31": "-374.00000", "2017-12-31": 1277, "2017-09-30": -8312, "2017-06-30": -1744, "2017-03-31": "-3258.00000", "2016-12-31": 10864, "2016-09-30": -3770, "2016-06-30": -3455, "2016-03-31": "-6217.00000", "2015-12-31": -2304, "2015-09-30": -593, "2015-06-30": 821, "2015-03-31": "-6093.00000", "2014-12-31": -1765, "2014-09-30": -4650, "2014-06-30": -8284, "2014-03-31": "2767.00000", "2013-12-31": -5361, "2013-09-30": 1971, "2013-06-30": 3316, "2013-03-31": "-1361.00000", "2012-12-31": 2601, "2012-09-30": -734, "2012-06-30": -14913, "2012-03-31": "4140.00000", "2011-12-31": 1457, "2011-09-30": -7150, "2011-06-30": -8535, "2011-03-31": "-7040.00000", "2010-12-31": 5069, "2010-09-30": -8785, "2010-06-30": -3223, "2010-03-31": "-7346.00000", "2009-12-31": -6304, "2009-09-30": 2138, "2009-06-30": -5530, "2009-03-31": "-3038.00000", "2008-12-31": 3538, "2008-09-30": 3420, "2008-06-30": -1505, "2008-03-31": "-6232.00000", "2007-12-31": 6323, "2007-09-30": 221, "2007-06-30": -7739, "2007-03-31": "-7362.00000", "2006-12-31": 3481, "2006-09-30": -2066, "2006-06-30": -2756, "2006-03-31": "-14709.00000", "2005-12-31": -101, "2005-09-30": -5359, "2005-06-30": 828, "2005-03-31": "-7146.00000"}, "Investing Activities - Other": {"2020-12-31": -2410, "2020-09-30": -1071, "2020-06-30": -10, "2020-03-31": "3491.00000", "2019-12-31": -847, "2019-09-30": 88, "2019-06-30": -467, "2019-03-31": "-302.00000", "2018-12-31": 355, "2018-09-30": -351, "2018-06-30": -17, "2018-03-31": "-111.00000", "2017-12-31": -995, "2017-09-30": -1486, "2017-06-30": -1129, "2017-03-31": "-1018.00000", "2016-12-31": -1972, "2016-09-30": -1064, "2016-06-30": -714, "2016-03-31": "478.00000", "2015-12-31": -1187, "2015-09-30": 446, "2015-06-30": -681, "2015-03-31": "-807.00000", "2014-12-31": -1169, "2014-09-30": -319, "2014-06-30": -1032, "2014-03-31": "-603.00000", "2013-12-31": -1396, "2013-09-30": -706, "2013-06-30": -1450, "2013-03-31": "-8731.00000", "2012-12-31": -1015, "2012-09-30": -564, "2012-06-30": -31, "2012-03-31": "-1973.00000", "2011-12-31": -299, "2011-09-30": 700, "2011-06-30": -266, "2011-03-31": "-1052.00000", "2010-12-31": -982, "2010-09-30": -464, "2010-06-30": 701, "2010-03-31": "-252.00000", "2009-12-31": -274, "2009-09-30": -591, "2009-06-30": -1733, "2009-03-31": "1466.00000", "2008-12-31": 84, "2008-09-30": 242, "2008-06-30": -231, "2008-03-31": "-1201.00000", "2007-12-31": -1171, "2007-09-30": -567, "2007-06-30": -163, "2007-03-31": "551.00000", "2006-12-31": -1429, "2006-09-30": 409, "2006-06-30": -1356, "2006-03-31": "-393.00000", "2005-12-31": -382, "2005-09-30": 499, "2005-06-30": -933, "2005-03-31": "-123.00000"}, "Cash Flow From Investing Activities": {"2020-12-31": 16407, "2020-09-30": -6679, "2020-06-30": -1391, "2020-03-31": "-8337.00000", "2019-12-31": -7093, "2019-09-30": -5351, "2019-06-30": 557, "2019-03-31": "-5699.00000", "2018-12-31": 5358, "2018-09-30": -6228, "2018-06-30": -4279, "2018-03-31": "-485.00000", "2017-12-31": 282, "2017-09-30": -10009, "2017-06-30": -2873, "2017-03-31": "-4276.00000", "2016-12-31": 8736, "2016-09-30": -4678, "2016-06-30": -4169, "2016-03-31": "-5739.00000", "2015-12-31": -3491, "2015-09-30": -147, "2015-06-30": 140, "2015-03-31": "-6900.00000", "2014-12-31": -3386, "2014-09-30": -4969, "2014-06-30": -8864, "2014-03-31": "2164.00000", "2013-12-31": -8590, "2013-09-30": 1278, "2013-06-30": 1866, "2013-03-31": "-9719.00000", "2012-12-31": 2146, "2012-09-30": -1298, "2012-06-30": -14944, "2012-03-31": "2167.00000", "2011-12-31": 1125, "2011-09-30": -6450, "2011-06-30": -8801, "2011-03-31": "-8092.00000", "2010-12-31": 1066, "2010-09-30": -9249, "2010-06-30": -2522, "2010-03-31": "-7598.00000", "2009-12-31": -6578, "2009-09-30": 1524, "2009-06-30": -7263, "2009-03-31": "-1618.00000", "2008-12-31": 3586, "2008-09-30": 3266, "2008-06-30": -1785, "2008-03-31": "-7738.00000", "2007-12-31": 5144, "2007-09-30": -1076, "2007-06-30": -7926, "2007-03-31": "-6786.00000", "2006-12-31": 2052, "2006-09-30": -1772, "2006-06-30": -4064, "2006-03-31": "-15102.00000", "2005-12-31": -469, "2005-09-30": -15026, "2005-06-30": -105, "2005-03-31": "-7017.00000"}, "Net Long-Term Debt": {"2020-12-31": -960, "2020-09-30": -101, "2020-06-30": 5, "2020-03-31": "1056.00000", "2019-12-31": -25, "2019-09-30": -53, "2019-06-30": 509, "2019-03-31": "-22.00000", "2018-12-31": -573, "2018-09-30": -1113, "2018-06-30": -191, "2018-03-31": "-31.00000", "2017-12-31": -1112, "2017-09-30": 601, "2017-06-30": 160, "2017-03-31": "-16.00000", "2016-12-31": -19, "2016-09-30": -38, "2016-06-30": -1273, "2016-03-31": "-17.00000", "2015-12-31": 1942, "2015-09-30": 16, "2015-06-30": -1045, "2015-03-31": "1485.00000", "2014-12-31": -60, "2014-09-30": -318, "2014-06-30": -24, "2014-03-31": "-1460.00000", "2013-12-31": 391, "2013-09-30": -409, "2013-06-30": -116, "2013-03-31": "-240.00000", "2012-12-31": -596, "2012-09-30": 666, "2012-06-30": -1022, "2012-03-31": "-349.00000", "2011-12-31": -1352, "2011-09-30": -352, "2011-06-30": 475, "2011-03-31": "31.00000", "2010-12-31": 128, "2010-09-30": 3734, "2010-06-30": 326, "2010-03-31": "-159.00000", "2009-12-31": 25, "2009-09-30": 790, "2009-06-30": 1789, "2009-03-31": "407.00000", "2008-12-31": -838, "2008-09-30": 899, "2008-06-30": 838, "2008-03-31": "78.00000", "2007-12-31": 3464, "2007-09-30": 107, "2007-06-30": 2092, "2007-03-31": "353.00000", "2006-12-31": 849, "2006-09-30": -44, "2006-06-30": 768, "2006-03-31": "77.00000", "2005-12-31": 335, "2005-09-30": 225, "2005-06-30": 4056, "2005-03-31": "28.00000"}, "Net Current Debt": {"2020-12-31": 0, "2020-09-30": 25, "2020-06-30": -25, "2020-03-31": "", "2019-12-31": 0, "2019-09-30": 34, "2019-06-30": -34, "2019-03-31": "", "2018-12-31": 0, "2018-09-30": -75, "2018-06-30": 75, "2018-03-31": "", "2017-12-31": 0, "2017-09-30": 0, "2017-06-30": 0, "2017-03-31": "", "2016-12-31": 0, "2016-09-30": 0, "2016-06-30": 0, "2016-03-31": "", "2015-12-31": 0, "2015-09-30": 0, "2015-06-30": 0, "2015-03-31": "", "2014-12-31": 0, "2014-09-30": 0, "2014-06-30": 0, "2014-03-31": "-75.00000", "2013-12-31": 67, "2013-09-30": 0, "2013-06-30": 0, "2013-03-31": "8.00000", "2012-12-31": -117, "2012-09-30": -336, "2012-06-30": -3711, "2012-03-31": "-635.00000", "2011-12-31": -28, "2011-09-30": 986, "2011-06-30": 316, "2011-03-31": "-761.00000", "2010-12-31": -824, "2010-09-30": 716, "2010-06-30": 282, "2010-03-31": "-812.00000", "2009-12-31": 1352, "2009-09-30": -2098, "2009-06-30": -885, "2009-03-31": "3823.00000", "2008-12-31": 3176, "2008-09-30": 245, "2008-06-30": -9, "2008-03-31": "-35.00000", "2007-12-31": -1518, "2007-09-30": 404, "2007-06-30": -1899, "2007-03-31": "1926.00000", "2006-12-31": -256, "2006-09-30": -548, "2006-06-30": 893, "2006-03-31": "-54.00000", "2005-12-31": 110, "2005-09-30": -700, "2005-06-30": 859, "2005-03-31": "-325.00000"}, "Debt Issuance/Retirement Net - Total": {"2020-12-31": -960, "2020-09-30": -76, "2020-06-30": -20, "2020-03-31": "1056.00000", "2019-12-31": -25, "2019-09-30": -19, "2019-06-30": 475, "2019-03-31": "-22.00000", "2018-12-31": -573, "2018-09-30": -1188, "2018-06-30": -116, "2018-03-31": "-31.00000", "2017-12-31": -1112, "2017-09-30": 601, "2017-06-30": 160, "2017-03-31": "-16.00000", "2016-12-31": -19, "2016-09-30": -38, "2016-06-30": -1273, "2016-03-31": "-17.00000", "2015-12-31": 1942, "2015-09-30": 16, "2015-06-30": -1045, "2015-03-31": "1485.00000", "2014-12-31": -60, "2014-09-30": -318, "2014-06-30": -24, "2014-03-31": "-1535.00000", "2013-12-31": 458, "2013-09-30": -409, "2013-06-30": -116, "2013-03-31": "-232.00000", "2012-12-31": -713, "2012-09-30": 330, "2012-06-30": -4733, "2012-03-31": "-984.00000", "2011-12-31": -1380, "2011-09-30": 634, "2011-06-30": 791, "2011-03-31": "-730.00000", "2010-12-31": -696, "2010-09-30": 4450, "2010-06-30": 608, "2010-03-31": "-971.00000", "2009-12-31": 1377, "2009-09-30": -1308, "2009-06-30": 904, "2009-03-31": "4230.00000", "2008-12-31": 2338, "2008-09-30": 1144, "2008-06-30": 829, "2008-03-31": "43.00000", "2007-12-31": 1946, "2007-09-30": 511, "2007-06-30": 193, "2007-03-31": "2279.00000", "2006-12-31": 593, "2006-09-30": -592, "2006-06-30": 1661, "2006-03-31": "23.00000", "2005-12-31": 445, "2005-09-30": -475, "2005-06-30": 4915, "2005-03-31": "-297.00000"}, "Net Common Equity Issued/Repurchased": {"2020-12-31": 580, "2020-09-30": -80, "2020-06-30": 0, "2020-03-31": "-500.00000", "2019-12-31": -250, "2019-09-30": -785, "2019-06-30": -750, "2019-03-31": "-500.00000", "2018-12-31": -1200, "2018-09-30": -636, "2018-06-30": -1115, "2018-03-31": "-1041.00000", "2017-12-31": -622, "2017-09-30": -495, "2017-06-30": -952, "2017-03-31": "-858.00000", "2016-12-31": -302, "2016-09-30": 0, "2016-06-30": 0, "2016-03-31": "-70.00000", "2015-12-31": -823, "2015-09-30": -107, "2015-06-30": -14, "2015-03-31": "-986.00000", "2014-12-31": 443, "2014-09-30": -439, "2014-06-30": -4, "2014-03-31": "", "2013-12-31": 0, "2013-09-30": 1000, "2013-06-30": 0, "2013-03-31": "", "2012-12-31": 1000, "2012-09-30": 0, "2012-06-30": 0, "2012-03-31": "", "2011-12-31": -77, "2011-09-30": 4, "2011-06-30": 26, "2011-03-31": "2997.00000", "2010-12-31": -32, "2010-09-30": 3535, "2010-06-30": 26, "2010-03-31": "", "2009-12-31": 8, "2009-09-30": 0, "2009-06-30": 0, "2009-03-31": "1035.00000", "2008-12-31": 2183, "2008-09-30": 1047, "2008-06-30": 14, "2008-03-31": "-1233.00000", "2007-12-31": -846, "2007-09-30": -180, "2007-06-30": 29, "2007-03-31": "-729.00000", "2006-12-31": -482, "2006-09-30": 23, "2006-06-30": 24, "2006-03-31": "18.00000", "2005-12-31": 13, "2005-09-30": 21, "2005-06-30": 19, "2005-03-31": "19.00000"}, "Net Total Equity Issued/Repurchased": {"2020-12-31": -1381, "2020-09-30": 909, "2020-06-30": 0, "2020-03-31": "472.00000", "2019-12-31": -250, "2019-09-30": -785, "2019-06-30": -750, "2019-03-31": "-500.00000", "2018-12-31": -1200, "2018-09-30": -636, "2018-06-30": -335, "2018-03-31": "-547.00000", "2017-12-31": -622, "2017-09-30": -495, "2017-06-30": -952, "2017-03-31": "-858.00000", "2016-12-31": -302, "2016-09-30": 0, "2016-06-30": 0, "2016-03-31": "-70.00000", "2015-12-31": -823, "2015-09-30": -679, "2015-06-30": 539, "2015-03-31": "-986.00000", "2014-12-31": 443, "2014-09-30": -439, "2014-06-30": -4, "2014-03-31": "", "2013-12-31": 0, "2013-09-30": 1000, "2013-06-30": 0, "2013-03-31": "", "2012-12-31": 1000, "2012-09-30": 0, "2012-06-30": 0, "2012-03-31": "", "2011-12-31": -77, "2011-09-30": 4, "2011-06-30": 26, "2011-03-31": "46.00000", "2010-12-31": -32, "2010-09-30": 3535, "2010-06-30": 26, "2010-03-31": "", "2009-12-31": 8, "2009-09-30": 0, "2009-06-30": 0, "2009-03-31": "1035.00000", "2008-12-31": 2183, "2008-09-30": 1047, "2008-06-30": 14, "2008-03-31": "-1233.00000", "2007-12-31": -846, "2007-09-30": -180, "2007-06-30": 29, "2007-03-31": "-729.00000", "2006-12-31": -482, "2006-09-30": 23, "2006-06-30": 24, "2006-03-31": "18.00000", "2005-12-31": 13, "2005-09-30": 21, "2005-06-30": 2119, "2005-03-31": "19.00000"}, "Total Common And Preferred Stock Dividends Paid": {"2020-12-31": 1410, "2020-09-30": -478, "2020-06-30": -496, "2020-03-31": "-436.00000", "2019-12-31": -463, "2019-09-30": -445, "2019-06-30": -476, "2019-03-31": "-437.00000", "2018-12-31": -472, "2018-09-30": -451, "2018-06-30": -474, "2018-03-31": "-422.00000", "2017-12-31": -467, "2017-09-30": -433, "2017-06-30": -477, "2017-03-31": "-443.00000", "2016-12-31": -486, "2016-09-30": -447, "2016-06-30": -487, "2016-03-31": "-419.00000", "2015-12-31": -468, "2015-09-30": -426, "2015-06-30": -451, "2015-03-31": "-424.00000", "2014-12-31": -429, "2014-09-30": -425, "2014-06-30": -426, "2014-03-31": "-341.00000", "2013-12-31": -342, "2013-09-30": -333, "2013-06-30": -333, "2013-03-31": "-233.00000", "2012-12-31": -842, "2012-09-30": -30, "2012-06-30": -31, "2012-03-31": "-30.00000", "2011-12-31": -818, "2011-09-30": -30, "2011-06-30": -31, "2011-03-31": "-30.00000", "2010-12-31": -815, "2010-09-30": -30, "2010-06-30": -31, "2010-03-31": "-30.00000", "2009-12-31": -641, "2009-09-30": -30, "2009-06-30": -31, "2009-03-31": "-30.00000", "2008-12-31": -623, "2008-09-30": -30, "2008-06-30": -31, "2008-03-31": "-33.00000", "2007-12-31": -576, "2007-09-30": -34, "2007-06-30": -34, "2007-03-31": "-34.00000", "2006-12-31": -484, "2006-09-30": -34, "2006-06-30": -33, "2006-03-31": "-33.00000", "2005-12-31": -426, "2005-09-30": -31, "2005-06-30": 0, "2005-03-31": ""}, "Financial Activities - Other": {"2020-12-31": -16791, "2020-09-30": 2530, "2020-06-30": 1196, "2020-03-31": "13065.00000", "2019-12-31": -271, "2019-09-30": 3576, "2019-06-30": 1685, "2019-03-31": "3275.00000", "2018-12-31": -1087, "2018-09-30": 1194, "2018-06-30": 2319, "2018-03-31": "1218.00000", "2017-12-31": -394, "2017-09-30": 1210, "2017-06-30": 576, "2017-03-31": "2816.00000", "2016-12-31": -10970, "2016-09-30": 1098, "2016-06-30": 5136, "2016-03-31": "4797.00000", "2015-12-31": 983, "2015-09-30": 801, "2015-06-30": -3330, "2015-03-31": "1648.00000", "2014-12-31": 325, "2014-09-30": 3593, "2014-06-30": 3679, "2014-03-31": "-1783.00000", "2013-12-31": -1439, "2013-09-30": -2052, "2013-06-30": -6665, "2013-03-31": "1789.00000", "2012-12-31": -4662, "2012-09-30": -1339, "2012-06-30": 10815, "2012-03-31": "1254.00000", "2011-12-31": 475, "2011-09-30": 3988, "2011-06-30": 3538, "2011-03-31": "2976.00000", "2010-12-31": -3705, "2010-09-30": 3813, "2010-06-30": 2413, "2010-03-31": "4846.00000", "2009-12-31": -721, "2009-09-30": -1786, "2009-06-30": 293, "2009-03-31": "-7403.00000", "2008-12-31": -6917, "2008-09-30": -448, "2008-06-30": 2029, "2008-03-31": "5877.00000", "2007-12-31": -6968, "2007-09-30": 121, "2007-06-30": 5766, "2007-03-31": "2498.00000", "2006-12-31": -1221, "2006-09-30": 2325, "2006-06-30": -282, "2006-03-31": "13868.00000", "2005-12-31": -5678, "2005-09-30": 7635, "2005-06-30": 792, "2005-03-31": "5458.00000"}, "Cash Flow From Financial Activities": {"2020-12-31": -17722, "2020-09-30": 2885, "2020-06-30": 680, "2020-03-31": "14157.00000", "2019-12-31": -1009, "2019-09-30": 2327, "2019-06-30": 934, "2019-03-31": "2316.00000", "2018-12-31": -3332, "2018-09-30": -1081, "2018-06-30": 1394, "2018-03-31": "218.00000", "2017-12-31": -2595, "2017-09-30": 883, "2017-06-30": -693, "2017-03-31": "1499.00000", "2016-12-31": -11777, "2016-09-30": 613, "2016-06-30": 3376, "2016-03-31": "4291.00000", "2015-12-31": 1634, "2015-09-30": -288, "2015-06-30": -4287, "2015-03-31": "1723.00000", "2014-12-31": 279, "2014-09-30": 2411, "2014-06-30": 3225, "2014-03-31": "-3659.00000", "2013-12-31": -1323, "2013-09-30": -1794, "2013-06-30": -7114, "2013-03-31": "1324.00000", "2012-12-31": -5217, "2012-09-30": -1039, "2012-06-30": 6051, "2012-03-31": "240.00000", "2011-12-31": -1800, "2011-09-30": 4596, "2011-06-30": 4324, "2011-03-31": "2262.00000", "2010-12-31": -5248, "2010-09-30": 11768, "2010-06-30": 3016, "2010-03-31": "3845.00000", "2009-12-31": 23, "2009-09-30": -3124, "2009-06-30": 1166, "2009-03-31": "-2168.00000", "2008-12-31": -3019, "2008-09-30": 1713, "2008-06-30": 2841, "2008-03-31": "4654.00000", "2007-12-31": -6444, "2007-09-30": 418, "2007-06-30": 5954, "2007-03-31": "4014.00000", "2006-12-31": -1594, "2006-09-30": 1722, "2006-06-30": 1370, "2006-03-31": "13876.00000", "2005-12-31": -5646, "2005-09-30": 7150, "2005-06-30": 7826, "2005-03-31": "5180.00000"}, "Net Cash Flow": {"2020-12-31": -7807, "2020-09-30": 116, "2020-06-30": 195, "2020-03-31": "7496.00000", "2019-12-31": -2854, "2019-09-30": 1017, "2019-06-30": 3929, "2019-03-31": "-1315.00000", "2018-12-31": 3331, "2018-09-30": -3822, "2018-06-30": 2385, "2018-03-31": "1226.00000", "2017-12-31": -322, "2017-09-30": -4296, "2017-06-30": -92, "2017-03-31": "-466.00000", "2016-12-31": 1994, "2016-09-30": -1184, "2016-06-30": 3777, "2016-03-31": "538.00000", "2015-12-31": 2536, "2015-09-30": 2142, "2015-06-30": -53, "2015-03-31": "-2681.00000", "2014-12-31": 2025, "2014-09-30": 1390, "2014-06-30": -1180, "2014-03-31": "988.00000", "2013-12-31": -3791, "2013-09-30": 2192, "2013-06-30": -799, "2013-03-31": "-5755.00000", "2012-12-31": -1212, "2012-09-30": 915, "2012-06-30": -2632, "2012-03-31": "8206.00000", "2011-12-31": 409, "2011-09-30": 379, "2011-06-30": -1135, "2011-03-31": "-2238.00000", "2010-12-31": -1511, "2010-09-30": 3855, "2010-06-30": 1500, "2010-03-31": "-910.00000", "2009-12-31": -5450, "2009-09-30": 2349, "2009-06-30": -6211, "2009-03-31": "-4815.00000", "2008-12-31": 4030, "2008-09-30": 6394, "2008-06-30": 2941, "2008-03-31": "506.00000", "2007-12-31": 1741, "2007-09-30": 2123, "2007-06-30": -41, "2007-03-31": "-562.00000", "2006-12-31": 1183, "2006-09-30": 1798, "2006-06-30": -1018, "2006-03-31": "1126.00000", "2005-12-31": -2932, "2005-09-30": -6659, "2005-06-30": 9684, "2005-03-31": "-181.00000"}, "Stock-Based Compensation": {"2020-12-31": 0, "2020-09-30": 0, "2020-06-30": 0, "2020-03-31": "", "2019-12-31": 0, "2019-09-30": 0, "2019-06-30": 0, "2019-03-31": "", "2018-12-31": 0, "2018-09-30": 0, "2018-06-30": 0, "2018-03-31": "", "2017-12-31": 0, "2017-09-30": 0, "2017-06-30": 0, "2017-03-31": "", "2016-12-31": 0, "2016-09-30": 0, "2016-06-30": 0, "2016-03-31": "", "2015-12-31": 0, "2015-09-30": 0, "2015-06-30": 0, "2015-03-31": "", "2014-12-31": 0, "2014-09-30": 0, "2014-06-30": 0, "2014-03-31": "", "2013-12-31": 0, "2013-09-30": 0, "2013-06-30": 0, "2013-03-31": "", "2012-12-31": 0, "2012-09-30": 0, "2012-06-30": 0, "2012-03-31": "", "2011-12-31": 0, "2011-09-30": 0, "2011-06-30": 0, "2011-03-31": "", "2010-12-31": 0, "2010-09-30": 0, "2010-06-30": 0, "2010-03-31": "", "2009-12-31": 0, "2009-09-30": 0, "2009-06-30": 0, "2009-03-31": "", "2008-12-31": 0, "2008-09-30": 0, "2008-06-30": 0, "2008-03-31": "", "2007-12-31": 0, "2007-09-30": 0, "2007-06-30": 0, "2007-03-31": "", "2006-12-31": 0, "2006-09-30": 0, "2006-06-30": 0, "2006-03-31": "", "2005-12-31": 0, "2005-09-30": 0, "2005-06-30": 0, "2005-03-31": ""}, "Common Stock Dividends Paid": {"2020-12-31": 1242, "2020-09-30": -419, "2020-06-30": -419, "2020-03-31": "-404.00000", "2019-12-31": -406, "2019-09-30": -413, "2019-06-30": -419, "2019-03-31": "-405.00000", "2018-12-31": -415, "2018-09-30": -419, "2018-06-30": -428, "2018-03-31": "-416.00000", "2017-12-31": -422, "2017-09-30": -427, "2017-06-30": -431, "2017-03-31": "-437.00000", "2016-12-31": -441, "2016-09-30": -441, "2016-06-30": -441, "2016-03-31": "-413.00000", "2015-12-31": -419, "2015-09-30": -420, "2015-06-30": -420, "2015-03-31": "-394.00000", "2014-12-31": -398, "2014-09-30": -395, "2014-06-30": -395, "2014-03-31": "-311.00000", "2013-12-31": -311, "2013-09-30": -303, "2013-06-30": -302, "2013-03-31": "-203.00000", "2012-12-31": -811, "2012-09-30": 0, "2012-06-30": 0, "2012-03-31": "0.00000", "2011-12-31": -787, "2011-09-30": 0, "2011-06-30": 0, "2011-03-31": "", "2010-12-31": -784, "2010-09-30": 0, "2010-06-30": 0, "2010-03-31": "", "2009-12-31": -610, "2009-09-30": 0, "2009-06-30": 0, "2009-03-31": "", "2008-12-31": -592, "2008-09-30": 0, "2008-06-30": 0, "2008-03-31": "", "2007-12-31": -541, "2007-09-30": 0, "2007-06-30": 0, "2007-03-31": "", "2006-12-31": -450, "2006-09-30": 0, "2006-06-30": 0, "2006-03-31": "", "2005-12-31": -394, "2005-09-30": 0, "2005-06-30": 0, "2005-03-31": ""}}, "financial ratios": {"Current Ratio": {"2019-12-31": "", "2018-12-31": "", "2017-12-31": "", "2016-12-31": "", "2015-12-31": "", "2014-12-31": "", "2013-12-31": "", "2012-12-31": "", "2011-12-31": "", "2010-12-31": "", "2009-12-31": "", "2008-12-31": "", "2007-12-31": "", "2006-12-31": "", "2005-12-31": ""}, "Long-term Debt / Capital": {"2019-12-31": "0.17890", "2018-12-31": "0.20780", "2017-12-31": "0.22210", "2016-12-31": "0.20740", "2015-12-31": "0.24470", "2014-12-31": "0.22010", "2013-12-31": "0.26900", "2012-12-31": "0.26400", "2011-12-31": "0.32870", "2010-12-31": "0.40160", "2009-12-31": "0.35600", "2008-12-31": "0.38250", "2007-12-31": "0.28440", "2006-12-31": "0.22800", "2005-12-31": "0.24590"}, "Debt/Equity Ratio": {"2019-12-31": "0.26880", "2018-12-31": "0.32670", "2017-12-31": "0.34700", "2016-12-31": "0.31200", "2015-12-31": "0.37210", "2014-12-31": "0.32770", "2013-12-31": "0.42220", "2012-12-31": "0.50840", "2011-12-31": "0.73800", "2010-12-31": "0.95310", "2009-12-31": "0.98010", "2008-12-31": "1.17410", "2007-12-31": "0.53220", "2006-12-31": "0.45000", "2005-12-31": "0.46170"}, "Gross Margin": {"2019-12-31": "", "2018-12-31": "", "2017-12-31": "", "2016-12-31": "", "2015-12-31": "", "2014-12-31": "", "2013-12-31": "", "2012-12-31": "", "2011-12-31": "", "2010-12-31": "", "2009-12-31": "", "2008-12-31": "", "2007-12-31": "", "2006-12-31": "", "2005-12-31": ""}, "Operating Margin": {"2019-12-31": "9.76010", "2018-12-31": "9.28310", "2017-12-31": "5.67500", "2016-12-31": "7.04260", "2015-12-31": "9.21210", "2014-12-31": "12.00830", "2013-12-31": "5.94140", "2012-12-31": "2.11590", "2011-12-31": "13.07500", "2010-12-31": "7.13730", "2009-12-31": "-10.72630", "2008-12-31": "9.92310", "2007-12-31": "12.25820", "2006-12-31": "9.14530", "2005-12-31": "9.61930"}, "EBIT Margin": {"2019-12-31": "9.76010", "2018-12-31": "9.28310", "2017-12-31": "5.67500", "2016-12-31": "7.04260", "2015-12-31": "9.21210", "2014-12-31": "12.00830", "2013-12-31": "5.94140", "2012-12-31": "2.11590", "2011-12-31": "13.07500", "2010-12-31": "7.13730", "2009-12-31": "-10.72630", "2008-12-31": "9.92310", "2007-12-31": "12.25820", "2006-12-31": "9.14530", "2005-12-31": "9.61930"}, "EBITDA Margin": {"2019-12-31": "9.23010", "2018-12-31": "8.71640", "2017-12-31": "5.27540", "2016-12-31": "6.28920", "2015-12-31": "8.48180", "2014-12-31": "12.14740", "2013-12-31": "6.74350", "2012-12-31": "2.36540", "2011-12-31": "13.36260", "2010-12-31": "6.19370", "2009-12-31": "-11.82580", "2008-12-31": "8.81680", "2007-12-31": "11.20210", "2006-12-31": "8.62350", "2005-12-31": "9.95770"}, "Pre-Tax Profit Margin": {"2019-12-31": "9.76010", "2018-12-31": "9.28310", "2017-12-31": "5.67500", "2016-12-31": "7.04260", "2015-12-31": "9.21210", "2014-12-31": "12.00830", "2013-12-31": "5.94140", "2012-12-31": "2.11590", "2011-12-31": "13.07500", "2010-12-31": "7.13730", "2009-12-31": "-10.72630", "2008-12-31": "9.92310", "2007-12-31": "12.25820", "2006-12-31": "9.14530", "2005-12-31": "9.61930"}, "Net Profit Margin": {"2019-12-31": "8.21750", "2018-12-31": "7.33280", "2017-12-31": "6.27050", "2016-12-31": "1.22890", "2015-12-31": "8.50140", "2014-12-31": "8.43880", "2013-12-31": "4.75960", "2012-12-31": "1.76380", "2011-12-31": "8.76270", "2010-12-31": "4.87110", "2009-12-31": "-5.82430", "2008-12-31": "6.04920", "2007-12-31": "8.86490", "2006-12-31": "14.34690", "2005-12-31": "10.42150"}, "Asset Turnover": {"2019-12-31": "0.09400", "2018-12-31": "0.09880", "2017-12-31": "0.08660", "2016-12-31": "0.06760", "2015-12-31": "0.06990", "2014-12-31": "0.08130", "2013-12-31": "0.07700", "2012-12-31": "0.08140", "2011-12-31": "0.08820", "2010-12-31": "0.07150", "2009-12-31": "0.07540", "2008-12-31": "0.10160", "2007-12-31": "0.08430", "2006-12-31": "0.08130", "2005-12-31": "0.09270"}, "Inventory Turnover Ratio": {"2019-12-31": "", "2018-12-31": "", "2017-12-31": "", "2016-12-31": "", "2015-12-31": "", "2014-12-31": "", "2013-12-31": "", "2012-12-31": "", "2011-12-31": "", "2010-12-31": "", "2009-12-31": "", "2008-12-31": "", "2007-12-31": "", "2006-12-31": "", "2005-12-31": ""}, "Receiveable Turnover": {"2019-12-31": "", "2018-12-31": "", "2017-12-31": "", "2016-12-31": "", "2015-12-31": "", "2014-12-31": "", "2013-12-31": "", "2012-12-31": "", "2011-12-31": "", "2010-12-31": "", "2009-12-31": "", "2008-12-31": "", "2007-12-31": "", "2006-12-31": "", "2005-12-31": ""}, "Days Sales In Receivables": {"2019-12-31": "", "2018-12-31": "", "2017-12-31": "", "2016-12-31": "", "2015-12-31": "", "2014-12-31": "", "2013-12-31": "", "2012-12-31": "", "2011-12-31": "", "2010-12-31": "", "2009-12-31": "", "2008-12-31": "", "2007-12-31": "", "2006-12-31": "", "2005-12-31": ""}, "ROE - Return On Equity": {"2019-12-31": "8.90150", "2018-12-31": "9.68310", "2017-12-31": "8.50350", "2016-12-31": "5.29970", "2015-12-31": "5.93550", "2014-12-31": "8.73630", "2013-12-31": "5.46100", "2012-12-31": "2.02670", "2011-12-31": "11.04030", "2010-12-31": "5.34540", "2009-12-31": "-6.97380", "2008-12-31": "14.50550", "2007-12-31": "11.66920", "2006-12-31": "8.61020", "2005-12-31": "10.55330"}, "Return On Tangible Equity": {"2019-12-31": "10.35320", "2018-12-31": "11.77880", "2017-12-31": "10.15830", "2016-12-31": "6.13520", "2015-12-31": "6.88980", "2014-12-31": "10.11200", "2013-12-31": "6.57760", "2012-12-31": "2.39410", "2011-12-31": "13.90740", "2010-12-31": "7.03750", "2009-12-31": "-8.21060", "2008-12-31": "18.33270", "2007-12-31": "13.51890", "2006-12-31": "10.06890", "2005-12-31": "12.63580"}, "ROA - Return On Assets": {"2019-12-31": "0.79800", "2018-12-31": "0.74580", "2017-12-31": "0.69540", "2016-12-31": "0.39920", "2015-12-31": "0.46260", "2014-12-31": "0.70250", "2013-12-31": "0.38300", "2012-12-31": "0.15700", "2011-12-31": "0.80270", "2010-12-31": "0.35830", "2009-12-31": "-0.43310", "2008-12-31": "0.69350", "2007-12-31": "0.73420", "2006-12-31": "0.55140", "2005-12-31": "0.63760"}, "ROI - Return On Investment": {"2019-12-31": "7.30940", "2018-12-31": "7.67120", "2017-12-31": "6.61500", "2016-12-31": "4.20060", "2015-12-31": "4.48330", "2014-12-31": "6.81310", "2013-12-31": "3.99200", "2012-12-31": "1.49160", "2011-12-31": "7.41170", "2010-12-31": "3.19860", "2009-12-31": "-4.49100", "2008-12-31": "8.95630", "2007-12-31": "8.35010", "2006-12-31": "6.64730", "2005-12-31": "7.95800"}, "Book Value Per Share": {"2019-12-31": "72.52180", "2018-12-31": "55.24440", "2017-12-31": "56.41120", "2016-12-31": "61.79900", "2015-12-31": "62.31070", "2014-12-31": "64.10300", "2013-12-31": "55.34260", "2012-12-31": "59.39160", "2011-12-31": "54.71770", "2010-12-31": "49.69990", "2009-12-31": "40.90940", "2008-12-31": "30.22190", "2007-12-31": "48.24180", "2006-12-31": "44.94510", "2005-12-31": "38.41530"}, "Operating Cash Flow Per Share": {"2019-12-31": 3.0205, "2018-12-31": 0.1881, "2017-12-31": -1.9389, "2016-12-31": 0.8738, "2015-12-31": -1.8794, "2014-12-31": -0.1182, "2013-12-31": -1.4838, "2012-12-31": 6.3174, "2011-12-31": 0.6418, "2010-12-31": 4.3298, "2009-12-31": -9.7228, "2008-12-31": 1.379, "2007-12-31": 4.4864, "2006-12-31": -2.1126, "2005-12-31": 10.6165}, "Free Cash Flow Per Share": {"2019-12-31": 3.0205, "2018-12-31": 0.1881, "2017-12-31": -1.9389, "2016-12-31": 0.8738, "2015-12-31": -1.8794, "2014-12-31": -0.1182, "2013-12-31": -1.4838, "2012-12-31": 6.3174, "2011-12-31": 0.6418, "2010-12-31": 4.3298, "2009-12-31": -9.7228, "2008-12-31": 1.379, "2007-12-31": 4.4864, "2006-12-31": -2.1126, "2005-12-31": 10.6165}}, "financial ratios, quarterly": {"Current Ratio": {"2020-09-30": "", "2020-06-30": "", "2020-03-31": "", "2019-12-31": "", "2019-09-30": "", "2019-06-30": "", "2019-03-31": "", "2018-12-31": "", "2018-09-30": "", "2018-06-30": "", "2018-03-31": "", "2017-12-31": "", "2017-09-30": "", "2017-06-30": "", "2017-03-31": "", "2016-12-31": "", "2016-09-30": "", "2016-06-30": "", "2016-03-31": "", "2015-12-31": "", "2015-09-30": "", "2015-06-30": "", "2015-03-31": "", "2014-12-31": "", "2014-09-30": "", "2014-06-30": "", "2014-03-31": "", "2013-12-31": "", "2013-09-30": "", "2013-06-30": "", "2013-03-31": "", "2012-12-31": "", "2012-09-30": "", "2012-06-30": "", "2012-03-31": "", "2011-12-31": "", "2011-09-30": "", "2011-06-30": "", "2011-03-31": "", "2010-12-31": "", "2010-09-30": "", "2010-06-30": "", "2010-03-31": "", "2009-12-31": "", "2009-09-30": "", "2009-06-30": "", "2009-03-31": "", "2008-12-31": "", "2008-09-30": "", "2008-06-30": "", "2008-03-31": "", "2007-12-31": "", "2007-09-30": "", "2007-06-30": "", "2007-03-31": "", "2006-12-31": "", "2006-09-30": "", "2006-06-30": "", "2006-03-31": "", "2005-12-31": "", "2005-09-30": "", "2005-06-30": "", "2005-03-31": ""}, "Long-term Debt / Capital": {"2020-09-30": "0.17370", "2020-06-30": "0.16930", "2020-03-31": "0.17080", "2019-12-31": "0.17890", "2019-09-30": "0.17400", "2019-06-30": "0.18330", "2019-03-31": "0.19130", "2018-12-31": "0.20780", "2018-09-30": "0.21840", "2018-06-30": "0.22490", "2018-03-31": "0.22930", "2017-12-31": "0.22210", "2017-09-30": "0.23920", "2017-06-30": "0.22940", "2017-03-31": "0.23200", "2016-12-31": "0.20740", "2016-09-30": "0.20820", "2016-06-30": "0.20680", "2016-03-31": "0.22490", "2015-12-31": "0.24470", "2015-09-30": "0.22750", "2015-06-30": "0.23050", "2015-03-31": "0.22770", "2014-12-31": "0.22010", "2014-09-30": "0.22400", "2014-06-30": "0.23020", "2014-03-31": "0.24040", "2013-12-31": "0.26900", "2013-09-30": "0.26810", "2013-06-30": "0.27380", "2013-03-31": "0.26100", "2012-12-31": "0.26400", "2012-09-30": "0.27000", "2012-06-30": "0.26890", "2012-03-31": "0.32210", "2011-12-31": "0.32870", "2011-09-30": "0.33100", "2011-06-30": "0.38460", "2011-03-31": "0.39580", "2010-12-31": "0.40160", "2010-09-30": "0.38930", "2010-06-30": "0.39510", "2010-03-31": "0.41320", "2009-12-31": "0.35600", "2009-09-30": "0.34840", "2009-06-30": "0.39780", "2009-03-31": "0.41000", "2008-12-31": "0.38250", "2008-09-30": "0.36420", "2008-06-30": "0.32320", "2008-03-31": "0.31880", "2007-12-31": "0.28440", "2007-09-30": "0.26670", "2007-06-30": "0.27140", "2007-03-31": "0.23280", "2006-12-31": "0.22800", "2006-09-30": "0.25310", "2006-06-30": "0.27950", "2006-03-31": "0.25800", "2005-12-31": "0.24590", "2005-09-30": "0.24820", "2005-06-30": "0.24830", "2005-03-31": "0.24350"}, "Debt/Equity Ratio": {"2020-09-30": "0.25780", "2020-06-30": "0.24930", "2020-03-31": "0.25490", "2019-12-31": "0.26880", "2019-09-30": "0.25860", "2019-06-30": "0.27600", "2019-03-31": "0.29510", "2018-12-31": "0.32670", "2018-09-30": "0.34580", "2018-06-30": "0.35750", "2018-03-31": "0.36250", "2017-12-31": "0.34700", "2017-09-30": "0.37350", "2017-06-30": "0.34660", "2017-03-31": "0.35240", "2016-12-31": "0.31200", "2016-09-30": "0.30590", "2016-06-30": "0.30200", "2016-03-31": "0.33320", "2015-12-31": "0.37210", "2015-09-30": "0.34090", "2015-06-30": "0.34660", "2015-03-31": "0.33910", "2014-12-31": "0.32770", "2014-09-30": "0.33490", "2014-06-30": "0.34590", "2014-03-31": "0.36610", "2013-12-31": "0.42220", "2013-09-30": "0.42010", "2013-06-30": "0.43150", "2013-03-31": "0.40400", "2012-12-31": "0.50840", "2012-09-30": "0.52210", "2012-06-30": "0.52930", "2012-03-31": "0.70850", "2011-12-31": "0.73800", "2011-09-30": "0.73060", "2011-06-30": "0.87290", "2011-03-31": "0.91550", "2010-12-31": "0.95310", "2010-09-30": "0.94980", "2010-06-30": "1.00200", "2010-03-31": "1.07840", "2009-12-31": "0.98010", "2009-09-30": "0.68860", "2009-06-30": "0.93020", "2009-03-31": "1.06080", "2008-12-31": "1.17410", "2008-09-30": "0.74760", "2008-06-30": "0.65730", "2008-03-31": "0.62270", "2007-12-31": "0.53220", "2007-09-30": "0.52660", "2007-06-30": "0.52910", "2007-03-31": "0.51350", "2006-12-31": "0.45000", "2006-09-30": "0.46030", "2006-06-30": "0.54640", "2006-03-31": "0.47000", "2005-12-31": "0.46170", "2005-09-30": "0.44960", "2005-06-30": "0.47630", "2005-03-31": "0.37040"}, "Gross Margin": {"2020-09-30": "", "2020-06-30": "", "2020-03-31": "", "2019-12-31": "", "2019-09-30": "", "2019-06-30": "", "2019-03-31": "", "2018-12-31": "", "2018-09-30": "", "2018-06-30": "", "2018-03-31": "", "2017-12-31": "", "2017-09-30": "", "2017-06-30": "", "2017-03-31": "", "2016-12-31": "", "2016-09-30": "", "2016-06-30": "", "2016-03-31": "", "2015-12-31": "", "2015-09-30": "", "2015-06-30": "", "2015-03-31": "", "2014-12-31": "", "2014-09-30": "", "2014-06-30": "", "2014-03-31": "", "2013-12-31": "", "2013-09-30": "", "2013-06-30": "", "2013-03-31": "", "2012-12-31": "", "2012-09-30": "", "2012-06-30": "", "2012-03-31": "", "2011-12-31": "", "2011-09-30": "", "2011-06-30": "", "2011-03-31": "", "2010-12-31": "", "2010-09-30": "", "2010-06-30": "", "2010-03-31": "", "2009-12-31": "", "2009-09-30": "", "2009-06-30": "", "2009-03-31": "", "2008-12-31": "", "2008-09-30": "", "2008-06-30": "", "2008-03-31": "", "2007-12-31": "", "2007-09-30": "", "2007-06-30": "", "2007-03-31": "", "2006-12-31": "", "2006-09-30": "", "2006-06-30": "", "2006-03-31": "", "2005-12-31": "", "2005-09-30": "", "2005-06-30": "", "2005-03-31": ""}, "Operating Margin": {"2020-09-30": "5.76330", "2020-06-30": "1.39730", "2020-03-31": "30.81920", "2019-12-31": "-0.21580", "2019-09-30": "14.94270", "2019-06-30": "13.12800", "2019-03-31": "10.69810", "2018-12-31": "15.77700", "2018-09-30": "6.62410", "2018-06-30": "5.19710", "2018-03-31": "11.18540", "2017-12-31": "6.06690", "2017-09-30": "2.99920", "2017-06-30": "6.63930", "2017-03-31": "7.16390", "2016-12-31": "2.66030", "2016-09-30": "7.32020", "2016-06-30": "-0.65600", "2016-03-31": "15.85200", "2015-12-31": "-8.10810", "2015-09-30": "11.99600", "2015-06-30": "6.88480", "2015-03-31": "16.34950", "2014-12-31": "10.85830", "2014-09-30": "15.66380", "2014-06-30": "10.67560", "2014-03-31": "10.68770", "2013-12-31": "6.86970", "2013-09-30": "5.97420", "2013-06-30": "3.56850", "2013-03-31": "7.05200", "2012-12-31": "-2.75200", "2012-09-30": "-6.12010", "2012-06-30": "18.14330", "2012-03-31": "-2.56970", "2011-12-31": "7.61320", "2011-09-30": "25.00860", "2011-06-30": "8.80670", "2011-03-31": "8.07770", "2010-12-31": "-1.61000", "2010-09-30": "3.12040", "2010-06-30": "16.71380", "2010-03-31": "9.04580", "2009-12-31": "1.26470", "2009-09-30": "-11.47690", "2009-06-30": "-28.73560", "2009-03-31": "-9.41840", "2008-12-31": "10.22350", "2008-09-30": "11.82680", "2008-06-30": "10.13360", "2008-03-31": "7.15760", "2007-12-31": "14.79940", "2007-09-30": "11.32900", "2007-06-30": "12.34020", "2007-03-31": "11.17570", "2006-12-31": "10.61450", "2006-09-30": "10.50450", "2006-06-30": "7.03020", "2006-03-31": "8.79290", "2005-12-31": "6.36100", "2005-09-30": "8.01640", "2005-06-30": "13.28160", "2005-03-31": "11.21190"}, "EBIT Margin": {"2020-09-30": "5.76330", "2020-06-30": "1.39730", "2020-03-31": "30.81920", "2019-12-31": "-0.21580", "2019-09-30": "14.94270", "2019-06-30": "13.12800", "2019-03-31": "10.69810", "2018-12-31": "15.77700", "2018-09-30": "6.62410", "2018-06-30": "5.19710", "2018-03-31": "11.18540", "2017-12-31": "6.06690", "2017-09-30": "2.99920", "2017-06-30": "6.63930", "2017-03-31": "7.16390", "2016-12-31": "2.66030", "2016-09-30": "7.32020", "2016-06-30": "-0.65600", "2016-03-31": "15.85200", "2015-12-31": "-8.10810", "2015-09-30": "11.99600", "2015-06-30": "6.88480", "2015-03-31": "16.34950", "2014-12-31": "10.85830", "2014-09-30": "15.66380", "2014-06-30": "10.67560", "2014-03-31": "10.68770", "2013-12-31": "6.86970", "2013-09-30": "5.97420", "2013-06-30": "3.56850", "2013-03-31": "7.05200", "2012-12-31": "-2.75200", "2012-09-30": "-6.12010", "2012-06-30": "18.14330", "2012-03-31": "-2.56970", "2011-12-31": "7.61320", "2011-09-30": "25.00860", "2011-06-30": "8.80670", "2011-03-31": "8.07770", "2010-12-31": "-1.61000", "2010-09-30": "3.12040", "2010-06-30": "16.71380", "2010-03-31": "9.04580", "2009-12-31": "1.26470", "2009-09-30": "-11.47690", "2009-06-30": "-28.73560", "2009-03-31": "-9.41840", "2008-12-31": "10.22350", "2008-09-30": "11.82680", "2008-06-30": "10.13360", "2008-03-31": "7.15760", "2007-12-31": "14.79940", "2007-09-30": "11.32900", "2007-06-30": "12.34020", "2007-03-31": "11.17570", "2006-12-31": "10.61450", "2006-09-30": "10.50450", "2006-06-30": "7.03020", "2006-03-31": "8.79290", "2005-12-31": "6.36100", "2005-09-30": "8.01640", "2005-06-30": "13.28160", "2005-03-31": "11.21190"}, "EBITDA Margin": {"2020-09-30": "", "2020-06-30": "", "2020-03-31": "", "2019-12-31": "", "2019-09-30": "", "2019-06-30": "", "2019-03-31": "", "2018-12-31": "", "2018-09-30": "", "2018-06-30": "", "2018-03-31": "", "2017-12-31": "", "2017-09-30": "", "2017-06-30": "", "2017-03-31": "", "2016-12-31": "", "2016-09-30": "", "2016-06-30": "", "2016-03-31": "", "2015-12-31": "", "2015-09-30": "", "2015-06-30": "", "2015-03-31": "", "2014-12-31": "", "2014-09-30": "", "2014-06-30": "", "2014-03-31": "", "2013-12-31": "", "2013-09-30": "", "2013-06-30": "", "2013-03-31": "", "2012-12-31": "", "2012-09-30": "", "2012-06-30": "", "2012-03-31": "", "2011-12-31": "", "2011-09-30": "", "2011-06-30": "", "2011-03-31": "", "2010-12-31": "", "2010-09-30": "", "2010-06-30": "", "2010-03-31": "", "2009-12-31": "", "2009-09-30": "", "2009-06-30": "", "2009-03-31": "", "2008-12-31": "", "2008-09-30": "", "2008-06-30": "", "2008-03-31": "", "2007-12-31": "", "2007-09-30": "", "2007-06-30": "", "2007-03-31": "", "2006-12-31": "", "2006-09-30": "", "2006-06-30": "", "2006-03-31": "", "2005-12-31": "", "2005-09-30": "", "2005-06-30": "", "2005-03-31": ""}, "Pre-Tax Profit Margin": {"2020-09-30": "5.76330", "2020-06-30": "1.39730", "2020-03-31": "30.81920", "2019-12-31": "-0.21580", "2019-09-30": "14.94270", "2019-06-30": "13.12800", "2019-03-31": "10.69810", "2018-12-31": "15.77700", "2018-09-30": "6.62410", "2018-06-30": "5.19710", "2018-03-31": "11.18540", "2017-12-31": "6.06690", "2017-09-30": "2.99920", "2017-06-30": "6.63930", "2017-03-31": "7.16390", "2016-12-31": "2.66030", "2016-09-30": "7.32020", "2016-06-30": "-0.65600", "2016-03-31": "15.85200", "2015-12-31": "-8.10810", "2015-09-30": "11.99600", "2015-06-30": "6.88480", "2015-03-31": "16.34950", "2014-12-31": "10.85830", "2014-09-30": "15.66380", "2014-06-30": "10.67560", "2014-03-31": "10.68770", "2013-12-31": "6.86970", "2013-09-30": "5.97420", "2013-06-30": "3.56850", "2013-03-31": "7.05200", "2012-12-31": "-2.75200", "2012-09-30": "-6.12010", "2012-06-30": "18.14330", "2012-03-31": "-2.56970", "2011-12-31": "7.61320", "2011-09-30": "25.00860", "2011-06-30": "8.80670", "2011-03-31": "8.07770", "2010-12-31": "-1.61000", "2010-09-30": "3.12040", "2010-06-30": "16.71380", "2010-03-31": "9.04580", "2009-12-31": "1.26470", "2009-09-30": "-11.47690", "2009-06-30": "-28.73560", "2009-03-31": "-9.41840", "2008-12-31": "10.22350", "2008-09-30": "11.82680", "2008-06-30": "10.13360", "2008-03-31": "7.15760", "2007-12-31": "14.79940", "2007-09-30": "11.32900", "2007-06-30": "12.34020", "2007-03-31": "11.17570", "2006-12-31": "10.61450", "2006-09-30": "10.50450", "2006-06-30": "7.03020", "2006-03-31": "8.79290", "2005-12-31": "6.36100", "2005-09-30": "8.01640", "2005-06-30": "13.28160", "2005-03-31": "11.21190"}, "Net Profit Margin": {"2020-09-30": "3.95250", "2020-06-30": "0.48230", "2020-03-31": "23.84490", "2019-12-31": "3.12660", "2019-09-30": "11.52160", "2019-06-30": "9.62450", "2019-03-31": "8.27510", "2018-12-31": "12.83360", "2018-09-30": "5.40240", "2018-06-30": "3.98870", "2018-03-31": "8.42280", "2017-12-31": "14.34340", "2017-09-30": "-0.59980", "2017-06-30": "5.64140", "2017-03-31": "5.79390", "2016-12-31": "-18.47120", "2016-09-30": "3.60640", "2016-06-30": "0.41980", "2016-03-31": "11.90800", "2015-12-31": "10.05220", "2015-09-30": "6.63860", "2015-06-30": "6.44560", "2015-03-31": "11.37360", "2014-12-31": "7.79330", "2014-09-30": "10.95190", "2014-06-30": "7.30870", "2014-03-31": "7.59730", "2013-12-31": "4.75130", "2013-09-30": "5.76610", "2013-06-30": "2.99600", "2013-03-31": "5.40630", "2012-12-31": "0.55390", "2012-09-30": "-5.96260", "2012-06-30": "12.30570", "2012-03-31": "-1.09320", "2011-12-31": "5.73080", "2011-09-30": "16.75060", "2011-06-30": "6.23470", "2011-03-31": "4.40660", "2010-12-31": "-0.56820", "2010-09-30": "2.31800", "2010-06-30": "10.79360", "2010-03-31": "6.14500", "2009-12-31": "2.42040", "2009-09-30": "-6.34890", "2009-06-30": "-17.33820", "2009-03-31": "-5.61970", "2008-12-31": "6.83480", "2008-09-30": "4.49400", "2008-06-30": "7.59400", "2008-03-31": "5.29080", "2007-12-31": "11.58910", "2007-09-30": "8.43470", "2007-06-30": "8.54200", "2007-03-31": "7.61310", "2006-12-31": "50.93110", "2006-09-30": "7.97410", "2006-06-30": "5.43560", "2006-03-31": "6.19150", "2005-12-31": "5.92350", "2005-09-30": "6.18950", "2005-06-30": "20.49290", "2005-03-31": "9.62270"}, "Asset Turnover": {"2020-09-30": "0.02050", "2020-06-30": "0.01840", "2020-03-31": "0.02480", "2019-12-31": "0.02320", "2019-09-30": "0.02510", "2019-06-30": "0.02390", "2019-03-31": "0.02290", "2018-12-31": "0.02280", "2018-09-30": "0.02330", "2018-06-30": "0.03000", "2018-03-31": "0.02080", "2017-12-31": "0.02200", "2017-09-30": "0.02240", "2017-06-30": "0.01660", "2017-03-31": "0.01640", "2016-12-31": "0.01250", "2016-09-30": "0.01660", "2016-06-30": "0.01620", "2016-03-31": "0.02010", "2015-12-31": "0.00960", "2015-09-30": "0.02040", "2015-06-30": "0.01800", "2015-03-31": "0.02030", "2014-12-31": "0.02120", "2014-09-30": "0.02070", "2014-06-30": "0.02000", "2014-03-31": "0.01920", "2013-12-31": "0.02080", "2013-09-30": "0.01990", "2013-06-30": "0.01930", "2013-03-31": "0.02100", "2012-12-31": "0.02070", "2012-09-30": "0.01950", "2012-06-30": "0.02230", "2012-03-31": "0.01940", "2011-12-31": "0.02100", "2011-09-30": "0.02600", "2011-06-30": "0.02220", "2011-03-31": "0.02120", "2010-12-31": "0.01730", "2010-09-30": "0.02000", "2010-06-30": "0.02460", "2010-03-31": "0.02320", "2009-12-31": "0.02210", "2009-09-30": "0.01910", "2009-06-30": "0.01620", "2009-03-31": "0.02080", "2008-12-31": "0.02780", "2008-09-30": "0.02560", "2008-06-30": "0.02170", "2008-03-31": "0.02090", "2007-12-31": "0.01670", "2007-09-30": "0.02070", "2007-06-30": "0.02390", "2007-03-31": "0.02400", "2006-12-31": "0.01420", "2006-09-30": "0.02430", "2006-06-30": "0.02270", "2006-03-31": "0.02310", "2005-12-31": "0.02370", "2005-09-30": "0.02480", "2005-06-30": "0.02870", "2005-03-31": "0.02830"}, "Inventory Turnover Ratio": {"2020-09-30": "", "2020-06-30": "", "2020-03-31": "", "2019-12-31": "", "2019-09-30": "", "2019-06-30": "", "2019-03-31": "", "2018-12-31": "", "2018-09-30": "", "2018-06-30": "", "2018-03-31": "", "2017-12-31": "", "2017-09-30": "", "2017-06-30": "", "2017-03-31": "", "2016-12-31": "", "2016-09-30": "", "2016-06-30": "", "2016-03-31": "", "2015-12-31": "", "2015-09-30": "", "2015-06-30": "", "2015-03-31": "", "2014-12-31": "", "2014-09-30": "", "2014-06-30": "", "2014-03-31": "", "2013-12-31": "", "2013-09-30": "", "2013-06-30": "", "2013-03-31": "", "2012-12-31": "", "2012-09-30": "", "2012-06-30": "", "2012-03-31": "", "2011-12-31": "", "2011-09-30": "", "2011-06-30": "", "2011-03-31": "", "2010-12-31": "", "2010-09-30": "", "2010-06-30": "", "2010-03-31": "", "2009-12-31": "", "2009-09-30": "", "2009-06-30": "", "2009-03-31": "", "2008-12-31": "", "2008-09-30": "", "2008-06-30": "", "2008-03-31": "", "2007-12-31": "", "2007-09-30": "", "2007-06-30": "", "2007-03-31": "", "2006-12-31": "", "2006-09-30": "", "2006-06-30": "", "2006-03-31": "", "2005-12-31": "", "2005-09-30": "", "2005-06-30": "", "2005-03-31": ""}, "Receiveable Turnover": {"2020-09-30": "", "2020-06-30": "", "2020-03-31": "", "2019-12-31": "", "2019-09-30": "", "2019-06-30": "", "2019-03-31": "", "2018-12-31": "", "2018-09-30": "", "2018-06-30": "", "2018-03-31": "", "2017-12-31": "", "2017-09-30": "", "2017-06-30": "", "2017-03-31": "", "2016-12-31": "", "2016-09-30": "", "2016-06-30": "", "2016-03-31": "", "2015-12-31": "", "2015-09-30": "", "2015-06-30": "", "2015-03-31": "", "2014-12-31": "", "2014-09-30": "", "2014-06-30": "", "2014-03-31": "", "2013-12-31": "", "2013-09-30": "", "2013-06-30": "", "2013-03-31": "", "2012-12-31": "", "2012-09-30": "", "2012-06-30": "", "2012-03-31": "", "2011-12-31": "", "2011-09-30": "", "2011-06-30": "", "2011-03-31": "", "2010-12-31": "", "2010-09-30": "", "2010-06-30": "", "2010-03-31": "", "2009-12-31": "", "2009-09-30": "", "2009-06-30": "", "2009-03-31": "", "2008-12-31": "", "2008-09-30": "", "2008-06-30": "", "2008-03-31": "", "2007-12-31": "", "2007-09-30": "", "2007-06-30": "", "2007-03-31": "", "2006-12-31": "", "2006-09-30": "", "2006-06-30": "", "2006-03-31": "", "2005-12-31": "", "2005-09-30": "", "2005-06-30": "", "2005-03-31": ""}, "Days Sales In Receivables": {"2020-09-30": "", "2020-06-30": "", "2020-03-31": "", "2019-12-31": "", "2019-09-30": "", "2019-06-30": "", "2019-03-31": "", "2018-12-31": "", "2018-09-30": "", "2018-06-30": "", "2018-03-31": "", "2017-12-31": "", "2017-09-30": "", "2017-06-30": "", "2017-03-31": "", "2016-12-31": "", "2016-09-30": "", "2016-06-30": "", "2016-03-31": "", "2015-12-31": "", "2015-09-30": "", "2015-06-30": "", "2015-03-31": "", "2014-12-31": "", "2014-09-30": "", "2014-06-30": "", "2014-03-31": "", "2013-12-31": "", "2013-09-30": "", "2013-06-30": "", "2013-03-31": "", "2012-12-31": "", "2012-09-30": "", "2012-06-30": "", "2012-03-31": "", "2011-12-31": "", "2011-09-30": "", "2011-06-30": "", "2011-03-31": "", "2010-12-31": "", "2010-09-30": "", "2010-06-30": "", "2010-03-31": "", "2009-12-31": "", "2009-09-30": "", "2009-06-30": "", "2009-03-31": "", "2008-12-31": "", "2008-09-30": "", "2008-06-30": "", "2008-03-31": "", "2007-12-31": "", "2007-09-30": "", "2007-06-30": "", "2007-03-31": "", "2006-12-31": "", "2006-09-30": "", "2006-06-30": "", "2006-03-31": "", "2005-12-31": "", "2005-09-30": "", "2005-06-30": "", "2005-03-31": ""}, "ROE - Return On Equity": {"2020-09-30": "0.96370", "2020-06-30": "0.19750", "2020-03-31": "6.24580", "2019-12-31": "0.88580", "2019-09-30": "3.19150", "2019-06-30": "2.72620", "2019-03-31": "2.35790", "2018-12-31": "3.89370", "2018-09-30": "1.76610", "2018-06-30": "1.66070", "2018-03-31": "2.22450", "2017-12-31": "3.93240", "2017-09-30": "1.55060", "2017-06-30": "1.22870", "2017-03-31": "1.39780", "2016-12-31": "0.36480", "2016-09-30": "1.30500", "2016-06-30": "0.14360", "2016-03-31": "2.90000", "2015-12-31": "-0.61240", "2015-09-30": "1.68760", "2015-06-30": "1.60090", "2015-03-31": "2.91070", "2014-12-31": "2.10450", "2014-09-30": "2.93700", "2014-06-30": "1.96090", "2014-03-31": "2.02320", "2013-12-31": "1.47350", "2013-09-30": "1.58810", "2013-06-30": "0.84100", "2013-03-31": "1.53380", "2012-12-31": "0.16190", "2012-09-30": "-1.48610", "2012-06-30": "3.66660", "2012-03-31": "-0.22710", "2011-12-31": "1.66360", "2011-09-30": "5.66640", "2011-06-30": "1.97740", "2011-03-31": "1.83990", "2010-12-31": "-0.12860", "2010-09-30": "0.67780", "2010-06-30": "3.86680", "2010-03-31": "2.29140", "2009-12-31": "0.87170", "2009-09-30": "-1.80390", "2009-06-30": "-5.13930", "2009-03-31": "-2.49700", "2008-12-31": "3.85670", "2008-09-30": "3.77260", "2008-06-30": "2.70130", "2008-03-31": "1.89410", "2007-12-31": "2.78580", "2007-09-30": "2.71410", "2007-06-30": "3.44220", "2007-03-31": "3.01460", "2006-12-31": "1.85820", "2006-09-30": "3.03390", "2006-06-30": "2.14230", "2006-03-31": "2.55550", "2005-12-31": "1.86600", "2005-09-30": "2.51430", "2005-06-30": "3.56760", "2005-03-31": "3.47250"}, "Return On Tangible Equity": {"2020-09-30": "1.10420", "2020-06-30": "0.22490", "2020-03-31": "7.17900", "2019-12-31": "1.03020", "2019-09-30": "3.69050", "2019-06-30": "3.19560", "2019-03-31": "2.80820", "2018-12-31": "4.73630", "2018-09-30": "2.15960", "2018-06-30": "2.01660", "2018-03-31": "2.68730", "2017-12-31": "4.69760", "2017-09-30": "1.86330", "2017-06-30": "1.41990", "2017-03-31": "1.62020", "2016-12-31": "0.42240", "2016-09-30": "1.48680", "2016-06-30": "0.16400", "2016-03-31": "3.32600", "2015-12-31": "-0.71090", "2015-09-30": "1.94980", "2015-06-30": "1.85720", "2015-03-31": "3.34850", "2014-12-31": "2.43590", "2014-09-30": "3.42810", "2014-06-30": "2.30320", "2014-03-31": "2.40080", "2013-12-31": "1.77480", "2013-09-30": "1.87990", "2013-06-30": "0.99680", "2013-03-31": "1.80330", "2012-12-31": "0.19130", "2012-09-30": "-1.76000", "2012-06-30": "4.51810", "2012-03-31": "-0.28450", "2011-12-31": "2.09560", "2011-09-30": "7.06210", "2011-06-30": "2.54840", "2011-03-31": "2.41410", "2010-12-31": "-0.16930", "2010-09-30": "0.75830", "2010-06-30": "4.42820", "2010-03-31": "2.66300", "2009-12-31": "1.02630", "2009-09-30": "-2.11100", "2009-06-30": "-6.28540", "2009-03-31": "-3.17610", "2008-12-31": "4.87430", "2008-09-30": "4.60590", "2008-06-30": "3.21040", "2008-03-31": "2.23970", "2007-12-31": "3.22740", "2007-09-30": "3.16050", "2007-06-30": "4.03130", "2007-03-31": "3.52050", "2006-12-31": "2.17290", "2006-09-30": "3.59260", "2006-06-30": "2.60450", "2006-03-31": "3.07110", "2005-12-31": "2.23420", "2005-09-30": "2.98850", "2005-06-30": "3.56750", "2005-03-31": "3.47250"}, "ROA - Return On Assets": {"2020-09-30": "0.09080", "2020-06-30": "0.01950", "2020-03-31": "0.59660", "2019-12-31": "0.07940", "2019-09-30": "0.29480", "2019-06-30": "0.23850", "2019-03-31": "0.19420", "2018-12-31": "0.29990", "2018-09-30": "0.13100", "2018-06-30": "0.12660", "2018-03-31": "0.17640", "2017-12-31": "0.32160", "2017-09-30": "0.12260", "2017-06-30": "0.09250", "2017-03-31": "0.10410", "2016-12-31": "0.02750", "2016-09-30": "0.10750", "2016-06-30": "0.01210", "2016-03-31": "0.24010", "2015-12-31": "-0.04770", "2015-09-30": "0.13580", "2015-06-30": "0.12460", "2015-03-31": "0.23520", "2014-12-31": "0.16920", "2014-09-30": "0.23050", "2014-06-30": "0.15100", "2014-03-31": "0.15060", "2013-12-31": "0.10340", "2013-09-30": "0.11830", "2013-06-30": "0.06230", "2013-03-31": "0.11820", "2012-12-31": "0.01250", "2012-09-30": "-0.11310", "2012-06-30": "0.27870", "2012-03-31": "-0.01630", "2011-12-31": "0.12090", "2011-09-30": "0.43830", "2011-06-30": "0.13770", "2011-03-31": "0.12300", "2010-12-31": "-0.00860", "2010-09-30": "0.05140", "2010-06-30": "0.26760", "2010-03-31": "0.14660", "2009-12-31": "0.05410", "2009-09-30": "-0.11660", "2009-06-30": "-0.27850", "2009-03-31": "-0.11900", "2008-12-31": "0.18440", "2008-09-30": "0.20140", "2008-06-30": "0.15820", "2008-03-31": "0.11220", "2007-12-31": "0.17530", "2007-09-30": "0.16750", "2007-06-30": "0.20900", "2007-03-31": "0.19100", "2006-12-31": "0.11900", "2006-09-30": "0.18580", "2006-06-30": "0.11850", "2006-03-31": "0.14630", "2005-12-31": "0.11270", "2005-09-30": "0.14970", "2005-06-30": "0.26350", "2005-03-31": "0.22060"}, "ROI - Return On Investment": {"2020-09-30": "0.79630", "2020-06-30": "0.16410", "2020-03-31": "5.17930", "2019-12-31": "0.72740", "2019-09-30": "2.63620", "2019-06-30": "2.22650", "2019-03-31": "1.90680", "2018-12-31": "3.08470", "2018-09-30": "1.38030", "2018-06-30": "1.28720", "2018-03-31": "1.71430", "2017-12-31": "3.05910", "2017-09-30": "1.17970", "2017-06-30": "0.94680", "2017-03-31": "1.07350", "2016-12-31": "0.28920", "2016-09-30": "1.03330", "2016-06-30": "0.11390", "2016-03-31": "2.24780", "2015-12-31": "-0.46260", "2015-09-30": "1.30370", "2015-06-30": "1.23200", "2015-03-31": "2.24790", "2014-12-31": "1.64120", "2014-09-30": "2.27900", "2014-06-30": "1.50960", "2014-03-31": "1.53690", "2013-12-31": "1.07720", "2013-09-30": "1.16230", "2013-06-30": "0.61070", "2013-03-31": "1.13340", "2012-12-31": "0.11920", "2012-09-30": "-1.08480", "2012-06-30": "2.68050", "2012-03-31": "-0.15390", "2011-12-31": "1.11680", "2011-09-30": "3.79100", "2011-06-30": "1.21680", "2011-03-31": "1.11160", "2010-12-31": "-0.07690", "2010-09-30": "0.41400", "2010-06-30": "2.33900", "2010-03-31": "1.34460", "2009-12-31": "0.56140", "2009-09-30": "-1.17530", "2009-06-30": "-3.09490", "2009-03-31": "-1.47310", "2008-12-31": "2.38130", "2008-09-30": "2.39860", "2008-06-30": "1.82810", "2008-03-31": "1.29020", "2007-12-31": "1.99350", "2007-09-30": "1.99020", "2007-06-30": "2.50800", "2007-03-31": "2.31270", "2006-12-31": "1.43450", "2006-09-30": "2.26600", "2006-06-30": "1.54350", "2006-03-31": "1.89620", "2005-12-31": "1.40710", "2005-09-30": "1.89020", "2005-06-30": "2.68180", "2005-03-31": "2.62710"}, "Book Value Per Share": {"2020-09-30": "81.24040", "2020-06-30": "83.66930", "2020-03-31": "77.63930", "2019-12-31": "72.52180", "2019-09-30": "74.61820", "2019-06-30": "68.43090", "2019-03-31": "61.81770", "2018-12-31": "55.24440", "2018-09-30": "52.51030", "2018-06-30": "53.82370", "2018-03-31": "55.17730", "2017-12-31": "56.41120", "2017-09-30": "54.01190", "2017-06-30": "65.51130", "2017-03-31": "62.98590", "2016-12-31": "61.79900", "2016-09-30": "71.39850", "2016-06-30": "72.23650", "2016-03-31": "69.15170", "2015-12-31": "62.31070", "2015-09-30": "63.67980", "2015-06-30": "62.58940", "2015-03-31": "66.68830", "2014-12-31": "64.10300", "2014-09-30": "63.71180", "2014-06-30": "62.28990", "2014-03-31": "58.97230", "2013-12-31": "55.34260", "2013-09-30": "54.66230", "2013-06-30": "55.08650", "2013-03-31": "59.28610", "2012-12-31": "59.39160", "2012-09-30": "60.60150", "2012-06-30": "59.05650", "2012-03-31": "55.62450", "2011-12-31": "54.71770", "2011-09-30": "57.43880", "2011-06-30": "50.79390", "2011-03-31": "47.55400", "2010-12-31": "49.69990", "2010-09-30": "51.56960", "2010-06-30": "48.42050", "2010-03-31": "44.15340", "2009-12-31": "40.90940", "2009-09-30": "42.25080", "2009-06-30": "33.73130", "2009-03-31": "28.63880", "2008-12-31": "30.22190", "2008-09-30": "39.35040", "2008-06-30": "45.84860", "2008-03-31": "46.51450", "2007-12-31": "48.24180", "2007-09-30": "46.93590", "2007-06-30": "45.17430", "2007-03-31": "45.96990", "2006-12-31": "44.94510", "2006-09-30": "41.59300", "2006-06-30": "36.46160", "2006-03-31": "37.67950", "2005-12-31": "38.41530", "2005-09-30": "37.98530", "2005-06-30": "38.38590", "2005-03-31": "31.42410"}, "Operating Cash Flow Per Share": {"2020-09-30": 4.1493, "2020-06-30": 0.9417, "2020-03-31": "2.00760", "2019-12-31": 5.4082, "2019-09-30": 4.51, "2019-06-30": 2.5285, "2019-03-31": "2.15090", "2018-12-31": 1.1474, "2018-09-30": 3.6862, "2018-06-30": 5.5026, "2018-03-31": "1.24090", "2017-12-31": 1.8388, "2017-09-30": 4.4684, "2017-06-30": 3.1723, "2017-03-31": "1.90950", "2016-12-31": 5.0966, "2016-09-30": 2.6376, "2016-06-30": 3.8681, "2016-03-31": "1.72560", "2015-12-31": 4.0227, "2015-09-30": 2.3271, "2015-06-30": 3.7394, "2015-03-31": "2.36490", "2014-12-31": 4.737, "2014-09-30": 3.5375, "2014-06-30": 3.8809, "2014-03-31": "2.17810", "2013-12-31": 5.5158, "2013-09-30": 2.3269, "2013-06-30": 4.1332, "2013-03-31": "2.47580", "2012-12-31": 1.5811, "2012-09-30": 3.0439, "2012-06-30": 5.9001, "2012-03-31": "5.41040", "2011-12-31": 1.145, "2011-09-30": 2.135, "2011-06-30": 3.0666, "2011-03-31": "3.27150", "2010-12-31": 3.0959, "2010-09-30": 1.1506, "2010-06-30": 1.265, "2010-03-31": "3.46480", "2009-12-31": 1.339, "2009-09-30": 4.8009, "2009-06-30": -0.276, "2009-03-31": "-1.21740", "2008-12-31": 4.7371, "2008-09-30": 2.1749, "2008-06-30": 2.6219, "2008-03-31": "4.83540", "2007-12-31": 3.9146, "2007-09-30": 3.6524, "2007-06-30": 2.5498, "2007-03-31": "2.87350", "2006-12-31": 0.9093, "2006-09-30": 2.3628, "2006-06-30": 2.1725, "2006-03-31": "3.05930", "2005-12-31": 4.3254, "2005-09-30": 1.4212, "2005-06-30": 2.6308, "2005-03-31": "2.23910"}, "Free Cash Flow Per Share": {"2020-09-30": 4.1493, "2020-06-30": 0.9417, "2020-03-31": "2.00760", "2019-12-31": 5.4082, "2019-09-30": 4.51, "2019-06-30": 2.5285, "2019-03-31": "2.15090", "2018-12-31": 1.1474, "2018-09-30": 3.6862, "2018-06-30": 5.5026, "2018-03-31": "1.24090", "2017-12-31": 1.8388, "2017-09-30": 4.4684, "2017-06-30": 3.1723, "2017-03-31": "1.90950", "2016-12-31": 5.0966, "2016-09-30": 2.6376, "2016-06-30": 3.8681, "2016-03-31": "1.72560", "2015-12-31": 4.0227, "2015-09-30": 2.3271, "2015-06-30": 3.7394, "2015-03-31": "2.36490", "2014-12-31": 4.737, "2014-09-30": 3.5375, "2014-06-30": 3.8809, "2014-03-31": "2.17810", "2013-12-31": 5.5158, "2013-09-30": 2.3269, "2013-06-30": 4.1332, "2013-03-31": "2.47580", "2012-12-31": 1.5811, "2012-09-30": 3.0439, "2012-06-30": 5.9001, "2012-03-31": "5.41040", "2011-12-31": 1.145, "2011-09-30": 2.135, "2011-06-30": 3.0666, "2011-03-31": "3.27150", "2010-12-31": 3.0959, "2010-09-30": 1.1506, "2010-06-30": 1.265, "2010-03-31": "3.46480", "2009-12-31": 1.339, "2009-09-30": 4.8009, "2009-06-30": -0.276, "2009-03-31": "-1.21740", "2008-12-31": 4.7371, "2008-09-30": 2.1749, "2008-06-30": 2.6219, "2008-03-31": "4.83540", "2007-12-31": 3.9146, "2007-09-30": 3.6524, "2007-06-30": 2.5498, "2007-03-31": "2.87350", "2006-12-31": 0.9093, "2006-09-30": 2.3628, "2006-06-30": 2.1725, "2006-03-31": "3.05930", "2005-12-31": 4.3254, "2005-09-30": 1.4212, "2005-06-30": 2.6308, "2005-03-31": "2.23910"}}, "revenue": {"MetLife Annual Revenue (Millions of US $)": {"2020": "$67,842", "2019": "$69,620", "2018": "$67,941", "2017": "$62,308", "2016": "$60,787", "2015": "$61,343", "2014": "$73,316", "2013": "$68,199", "2012": "$68,150", "2011": "$70,241", "2010": "$52,247", "2009": "$40,657", "2008": "$50,982", "2007": "$47,152", "2006": "$42,929", "2005": "$44,629"}, "MetLife Quarterly Revenue (Millions of US $)": {"2020-12-31": "$19,418", "2020-09-30": "$16,015", "2020-06-30": "$14,099", "2020-03-31": "$18,310", "2019-12-31": "$17,143", "2019-09-30": "$18,678", "2019-06-30": "$17,497", "2019-03-31": "$16,302", "2018-12-31": "$15,662", "2018-09-30": "$16,289", "2018-06-30": "$21,185", "2018-03-31": "$14,805", "2017-12-31": "$15,840", "2017-09-30": "$16,171", "2017-06-30": "$15,333", "2017-03-31": "$14,964", "2016-12-31": "$11,277", "2016-09-30": "$15,833", "2016-06-30": "$15,244", "2016-03-31": "$18,433", "2015-12-31": "$8,436", "2015-09-30": "$18,031", "2015-06-30": "$16,166", "2015-03-31": "$18,710", "2014-12-31": "$19,119", "2014-09-30": "$18,846", "2014-06-30": "$18,266", "2014-03-31": "$17,085", "2013-12-31": "$18,458", "2013-09-30": "$16,337", "2013-06-30": "$15,721", "2013-03-31": "$17,683", "2012-12-31": "$17,333", "2012-09-30": "$16,503", "2012-06-30": "$18,398", "2012-03-31": "$15,916", "2011-12-31": "$16,734", "2011-09-30": "$20,453", "2011-06-30": "$17,146", "2011-03-31": "$15,908", "2010-12-31": "$12,671", "2010-09-30": "$12,338", "2010-06-30": "$14,138", "2010-03-31": "$13,100", "2009-12-31": "$11,940", "2009-09-30": "$10,238", "2009-06-30": "$8,265", "2009-03-31": "$10,214", "2008-12-31": "$13,958", "2008-09-30": "$13,351", "2008-06-30": "$12,049", "2008-03-31": "$11,624", "2007-12-31": "$9,345", "2007-09-30": "$11,678", "2007-06-30": "$13,217", "2007-03-31": "$12,912", "2006-12-31": "$7,518", "2006-09-30": "$12,528", "2006-06-30": "$11,351", "2006-03-31": "$11,532", "2005-12-31": "$11,429", "2005-09-30": "$11,988", "2005-06-30": "$10,955", "2005-03-31": "$10,257"}}, "gross-profit": {"MetLife Annual Gross Profit (Millions of US $)": {"2020": "$20,077", "2019": "$20,484", "2018": "$20,021", "2017": "$17,157", "2016": "$18,030", "2015": "$20,428", "2014": "$25,895", "2013": "$20,654", "2012": "$21,065", "2011": "$27,721", "2010": "$16,656", "2009": "$6,160", "2008": "$17,006", "2007": "$16,185", "2006": "$13,463", "2005": "$13,557"}, "MetLife Quarterly Gross Profit (Millions of US $)": {"2020-12-31": "$3,588", "2020-09-30": "$4,393", "2020-06-30": "$3,180", "2020-03-31": "$8,916", "2019-12-31": "$3,594", "2019-09-30": "$6,234", "2019-06-30": "$5,687", "2019-03-31": "$4,969", "2018-12-31": "$5,866", "2018-09-30": "$4,548", "2018-06-30": "$4,586", "2018-03-31": "$5,021", "2017-12-31": "$4,713", "2017-09-30": "$3,803", "2017-06-30": "$4,301", "2017-03-31": "$4,340", "2016-12-31": "$3,395", "2016-09-30": "$4,375", "2016-06-30": "$3,146", "2016-03-31": "$7,114", "2015-12-31": "$1,428", "2015-09-30": "$6,696", "2015-06-30": "$5,185", "2015-03-31": "$7,119", "2014-12-31": "$6,564", "2014-09-30": "$7,170", "2014-06-30": "$6,172", "2014-03-31": "$5,989", "2013-12-31": "$5,730", "2013-09-30": "$4,953", "2013-06-30": "$4,586", "2013-03-31": "$5,385", "2012-12-31": "$3,937", "2012-09-30": "$5,103", "2012-06-30": "$8,113", "2012-03-31": "$3,912", "2011-12-31": "$5,824", "2011-09-30": "$10,313", "2011-06-30": "$6,209", "2011-03-31": "$5,375", "2010-12-31": "$3,393", "2010-09-30": "$3,374", "2010-06-30": "$5,772", "2010-03-31": "$4,117", "2009-12-31": "$3,096", "2009-09-30": "$1,368", "2009-06-30": "$-344", "2009-03-31": "$2,040", "2008-12-31": "$5,289", "2008-09-30": "$4,510", "2008-06-30": "$3,828", "2008-03-31": "$3,379", "2007-12-31": "$3,575", "2007-09-30": "$3,806", "2007-06-30": "$4,465", "2007-03-31": "$4,339", "2006-12-31": "$2,553", "2006-09-30": "$4,060", "2006-06-30": "$3,341", "2006-03-31": "$3,509", "2005-12-31": "$3,400", "2005-09-30": "$3,576", "2005-06-30": "$3,460", "2005-03-31": "$3,121"}}, "operating-income": {"MetLife Annual Operating Income (Millions of US $)": {"2020": "$6,927", "2019": "$6,795", "2018": "$6,307", "2017": "$3,536", "2016": "$4,281", "2015": "$5,651", "2014": "$8,804", "2013": "$4,052", "2012": "$1,442", "2011": "$9,184", "2010": "$3,729", "2009": "$-4,361", "2008": "$5,059", "2007": "$5,780", "2006": "$3,926", "2005": "$4,293"}, "MetLife Quarterly Operating Income (Millions of US $)": {"2020-12-31": "$164", "2020-09-30": "$923", "2020-06-30": "$197", "2020-03-31": "$5,643", "2019-12-31": "$-37", "2019-09-30": "$2,791", "2019-06-30": "$2,297", "2019-03-31": "$1,744", "2018-12-31": "$2,471", "2018-09-30": "$1,079", "2018-06-30": "$1,101", "2018-03-31": "$1,656", "2017-12-31": "$961", "2017-09-30": "$485", "2017-06-30": "$1,018", "2017-03-31": "$1,072", "2016-12-31": "$300", "2016-09-30": "$1,159", "2016-06-30": "$-100", "2016-03-31": "$2,922", "2015-12-31": "$-684", "2015-09-30": "$2,163", "2015-06-30": "$1,113", "2015-03-31": "$3,059", "2014-12-31": "$2,076", "2014-09-30": "$2,952", "2014-06-30": "$1,950", "2014-03-31": "$1,826", "2013-12-31": "$1,268", "2013-09-30": "$976", "2013-06-30": "$561", "2013-03-31": "$1,247", "2012-12-31": "$-477", "2012-09-30": "$-1,010", "2012-06-30": "$3,338", "2012-03-31": "$-409", "2011-12-31": "$1,274", "2011-09-30": "$5,115", "2011-06-30": "$1,510", "2011-03-31": "$1,285", "2010-12-31": "$-204", "2010-09-30": "$385", "2010-06-30": "$2,363", "2010-03-31": "$1,185", "2009-12-31": "$151", "2009-09-30": "$-1,175", "2009-06-30": "$-2,375", "2009-03-31": "$-962", "2008-12-31": "$1,427", "2008-09-30": "$1,579", "2008-06-30": "$1,221", "2008-03-31": "$832", "2007-12-31": "$1,383", "2007-09-30": "$1,323", "2007-06-30": "$1,631", "2007-03-31": "$1,443", "2006-12-31": "$798", "2006-09-30": "$1,316", "2006-06-30": "$798", "2006-03-31": "$1,014", "2005-12-31": "$727", "2005-09-30": "$961", "2005-06-30": "$1,455", "2005-03-31": "$1,150"}}, "ebitda": {"MetLife Annual EBITDA (Millions of US $)": {"2019": "$6,426", "2018": "$5,922", "2017": "$3,287", "2016": "$3,823", "2015": "$5,203", "2014": "$8,906", "2013": "$4,599", "2012": "$1,612", "2011": "$9,386", "2010": "$3,236", "2009": "$-4,808", "2008": "$4,495", "2007": "$5,282", "2006": "$3,702", "2005": "$4,444"}, "MetLife Quarterly EBITDA (Millions of US $)": {"2020-09-30": "$923", "2020-06-30": "$197", "2020-03-31": "$5,643", "2019-12-31": "$-37", "2019-09-30": "$2,791", "2019-06-30": "$2,297", "2019-03-31": "$1,744", "2018-12-31": "$2,471", "2018-09-30": "$1,079", "2018-06-30": "$1,101", "2018-03-31": "$1,656", "2017-12-31": "$961", "2017-09-30": "$485", "2017-06-30": "$1,018", "2017-03-31": "$1,072", "2016-12-31": "$300", "2016-09-30": "$1,159", "2016-06-30": "$-100", "2016-03-31": "$2,922", "2015-12-31": "$-684", "2015-09-30": "$2,163", "2015-06-30": "$1,113", "2015-03-31": "$3,059", "2014-12-31": "$2,076", "2014-09-30": "$2,952", "2014-06-30": "$1,950", "2014-03-31": "$1,826", "2013-12-31": "$1,268", "2013-09-30": "$976", "2013-06-30": "$561", "2013-03-31": "$1,247", "2012-12-31": "$-477", "2012-09-30": "$-1,010", "2012-06-30": "$3,338", "2012-03-31": "$-409", "2011-12-31": "$1,274", "2011-09-30": "$5,115", "2011-06-30": "$1,510", "2011-03-31": "$1,285", "2010-12-31": "$-204", "2010-09-30": "$385", "2010-06-30": "$2,363", "2010-03-31": "$1,185", "2009-12-31": "$151", "2009-09-30": "$-1,175", "2009-06-30": "$-2,375", "2009-03-31": "$-962", "2008-12-31": "$1,427", "2008-09-30": "$1,579", "2008-06-30": "$1,060", "2008-03-31": "$801", "2007-12-31": "$1,383", "2007-09-30": "$1,323", "2007-06-30": "$1,631", "2007-03-31": "$1,443", "2006-12-31": "$798", "2006-09-30": "$1,316", "2006-06-30": "$798", "2006-03-31": "$1,014", "2005-12-31": "$727", "2005-09-30": "$961", "2005-06-30": "$1,455", "2005-03-31": "$1,150"}}, "net-income": {"MetLife Annual Net Income (Millions of US $)": {"2020": "$5,191", "2019": "$5,721", "2018": "$4,982", "2017": "$3,907", "2016": "$747", "2015": "$5,215", "2014": "$6,187", "2013": "$3,246", "2012": "$1,202", "2011": "$6,155", "2010": "$2,545", "2009": "$-2,368", "2008": "$3,084", "2007": "$4,180", "2006": "$6,159", "2005": "$4,651"}, "MetLife Quarterly Net Income (Millions of US $)": {"2020-12-31": "$124", "2020-09-30": "$633", "2020-06-30": "$68", "2020-03-31": "$4,366", "2019-12-31": "$536", "2019-09-30": "$2,152", "2019-06-30": "$1,684", "2019-03-31": "$1,349", "2018-12-31": "$2,010", "2018-09-30": "$880", "2018-06-30": "$845", "2018-03-31": "$1,247", "2017-12-31": "$2,272", "2017-09-30": "$-97", "2017-06-30": "$865", "2017-03-31": "$867", "2016-12-31": "$-2,083", "2016-09-30": "$571", "2016-06-30": "$64", "2016-03-31": "$2,195", "2015-12-31": "$848", "2015-09-30": "$1,197", "2015-06-30": "$1,042", "2015-03-31": "$2,128", "2014-12-31": "$1,490", "2014-09-30": "$2,064", "2014-06-30": "$1,335", "2014-03-31": "$1,298", "2013-12-31": "$877", "2013-09-30": "$942", "2013-06-30": "$471", "2013-03-31": "$956", "2012-12-31": "$96", "2012-09-30": "$-984", "2012-06-30": "$2,264", "2012-03-31": "$-174", "2011-12-31": "$959", "2011-09-30": "$3,426", "2011-06-30": "$1,069", "2011-03-31": "$701", "2010-12-31": "$-72", "2010-09-30": "$286", "2010-06-30": "$1,526", "2010-03-31": "$805", "2009-12-31": "$289", "2009-09-30": "$-650", "2009-06-30": "$-1,433", "2009-03-31": "$-574", "2008-12-31": "$954", "2008-09-30": "$600", "2008-06-30": "$915", "2008-03-31": "$615", "2007-12-31": "$1,083", "2007-09-30": "$985", "2007-06-30": "$1,129", "2007-03-31": "$983", "2006-12-31": "$3,829", "2006-09-30": "$999", "2006-06-30": "$617", "2006-03-31": "$714", "2005-12-31": "$677", "2005-09-30": "$742", "2005-06-30": "$2,245", "2005-03-31": "$987"}}, "eps-earnings-per-share-diluted": {"MetLife Annual EPS": {"2020": "$5.68", "2019": "$6.06", "2018": "$4.91", "2017": "$3.62", "2016": "$0.67", "2015": "$4.62", "2014": "$5.42", "2013": "$2.91", "2012": "$1.12", "2011": "$5.76", "2010": "$2.86", "2009": "$-2.89", "2008": "$4.14", "2007": "$5.48", "2006": "$7.99", "2005": "$6.16"}, "MetLife Quarterly EPS": {"2020-12-31": "$0.14", "2020-09-30": "$0.69", "2020-06-30": "$0.07", "2020-03-31": "$4.75", "2019-12-31": "$0.59", "2019-09-30": "$2.30", "2019-06-30": "$1.77", "2019-03-31": "$1.40", "2018-12-31": "$2.01", "2018-09-30": "$0.88", "2018-06-30": "$0.83", "2018-03-31": "$1.19", "2017-12-31": "$2.12", "2017-09-30": "$-0.09", "2017-06-30": "$0.80", "2017-03-31": "$0.79", "2016-12-31": "$-1.88", "2016-09-30": "$0.51", "2016-06-30": "$0.06", "2016-03-31": "$1.98", "2015-12-31": "$0.77", "2015-09-30": "$1.06", "2015-06-30": "$0.92", "2015-03-31": "$1.87", "2014-12-31": "$1.30", "2014-09-30": "$1.81", "2014-06-30": "$1.17", "2014-03-31": "$1.14", "2013-12-31": "$0.77", "2013-09-30": "$0.84", "2013-06-30": "$0.43", "2013-03-31": "$0.87", "2012-12-31": "$0.08", "2012-09-30": "$-0.92", "2012-06-30": "$2.12", "2012-03-31": "$-0.16", "2011-12-31": "$0.89", "2011-09-30": "$3.21", "2011-06-30": "$1.00", "2011-03-31": "$0.66", "2010-12-31": "$-0.26", "2010-09-30": "$0.32", "2010-06-30": "$1.84", "2010-03-31": "$0.96", "2009-12-31": "$0.35", "2009-09-30": "$-0.79", "2009-06-30": "$-1.74", "2009-03-31": "$-0.71", "2008-12-31": "$1.21", "2008-09-30": "$0.83", "2008-06-30": "$1.26", "2008-03-31": "$0.84", "2007-12-31": "$1.43", "2007-09-30": "$1.29", "2007-06-30": "$1.48", "2007-03-31": "$1.28", "2006-12-31": "$4.97", "2006-09-30": "$1.29", "2006-06-30": "$0.80", "2006-03-31": "$0.93", "2005-12-31": "$0.84", "2005-09-30": "$0.97", "2005-06-30": "$3.02", "2005-03-31": "$1.33"}}, "shares-outstanding": {"MetLife Annual Shares Outstanding (Millions of Shares)": {"2020": "913", "2019": "944", "2018": "1,014", "2017": "1,079", "2016": "1,109", "2015": "1,128", "2014": "1,143", "2013": "1,116", "2012": "1,077", "2011": "1,068", "2010": "890", "2009": "818", "2008": "745", "2007": "762", "2006": "771", "2005": "755"}, "MetLife Quarterly Shares Outstanding (Millions of Shares)": {"2020-12-31": "906", "2020-09-30": "914", "2020-06-30": "913", "2020-03-31": "920", "2019-12-31": "944", "2019-09-30": "936", "2019-06-30": "953", "2019-03-31": "963", "2018-12-31": "1,014", "2018-09-30": "1,001", "2018-06-30": "1,024", "2018-03-31": "1,044", "2017-12-31": "1,079", "2017-09-30": "1,072", "2017-06-30": "1,082", "2017-03-31": "1,099", "2016-12-31": "1,109", "2016-09-30": "1,109", "2016-06-30": "1,109", "2016-03-31": "1,109", "2015-12-31": "1,128", "2015-09-30": "1,130", "2015-06-30": "1,128", "2015-03-31": "1,136", "2014-12-31": "1,143", "2014-09-30": "1,141", "2014-06-30": "1,142", "2014-03-31": "1,140", "2013-12-31": "1,116", "2013-09-30": "1,117", "2013-06-30": "1,107", "2013-03-31": "1,104", "2012-12-31": "1,077", "2012-09-30": "1,065", "2012-06-30": "1,070", "2012-03-31": "1,064", "2011-12-31": "1,068", "2011-09-30": "1,066", "2011-06-30": "1,071", "2011-03-31": "1,070", "2010-12-31": "890", "2010-09-30": "883", "2010-06-30": "830", "2010-03-31": "829", "2009-12-31": "818", "2009-09-30": "822", "2009-06-30": "822", "2009-03-31": "809", "2008-12-31": "745", "2008-09-30": "727", "2008-06-30": "727", "2008-03-31": "733", "2007-12-31": "762", "2007-09-30": "763", "2007-06-30": "764", "2007-03-31": "769", "2006-12-31": "771", "2006-09-30": "774", "2006-06-30": "770", "2006-03-31": "769", "2005-12-31": "755", "2005-09-30": "769", "2005-06-30": "743", "2005-03-31": "740"}}, "total-assets": {"MetLife Annual Total Assets (Millions of US $)": {"2019": "$740,463", "2018": "$687,538", "2017": "$719,892", "2016": "$898,764", "2015": "$877,933", "2014": "$902,337", "2013": "$885,296", "2012": "$836,781", "2011": "$796,226", "2010": "$730,906", "2009": "$539,314", "2008": "$501,678", "2007": "$559,149", "2006": "$527,715", "2005": "$481,645"}, "MetLife Quarterly Total Assets (Millions of US $)": {"2020-09-30": "$780,492", "2020-06-30": "$767,583", "2020-03-31": "$737,741", "2019-12-31": "$740,463", "2019-09-30": "$742,812", "2019-06-30": "$732,167", "2019-03-31": "$713,188", "2018-12-31": "$687,538", "2018-09-30": "$698,451", "2018-06-30": "$706,333", "2018-03-31": "$712,584", "2017-12-31": "$719,892", "2017-09-30": "$720,515", "2017-06-30": "$925,199", "2017-03-31": "$914,687", "2016-12-31": "$898,764", "2016-09-30": "$952,904", "2016-06-30": "$942,567", "2016-03-31": "$917,428", "2015-12-31": "$877,933", "2015-09-30": "$882,460", "2015-06-30": "$898,409", "2015-03-31": "$919,790", "2014-12-31": "$902,337", "2014-09-30": "$908,627", "2014-06-30": "$911,120", "2014-03-31": "$890,903", "2013-12-31": "$885,296", "2013-09-30": "$822,643", "2013-06-30": "$815,662", "2013-03-31": "$841,685", "2012-12-31": "$836,781", "2012-09-30": "$846,285", "2012-06-30": "$825,188", "2012-03-31": "$819,604", "2011-12-31": "$796,226", "2011-09-30": "$785,230", "2011-06-30": "$771,483", "2011-03-31": "$751,341", "2010-12-31": "$730,906", "2010-09-30": "$617,255", "2010-06-30": "$573,907", "2010-03-31": "$565,566", "2009-12-31": "$539,314", "2009-09-30": "$535,192", "2009-06-30": "$509,457", "2009-03-31": "$491,408", "2008-12-31": "$501,678", "2008-09-30": "$521,299", "2008-06-30": "$555,787", "2008-03-31": "$557,132", "2007-12-31": "$559,149", "2007-09-30": "$563,077", "2007-06-30": "$552,564", "2007-03-31": "$537,809", "2006-12-31": "$527,715", "2006-09-30": "$516,186", "2006-06-30": "$500,305", "2006-03-31": "$499,102", "2005-12-31": "$481,645", "2005-09-30": "$482,819", "2005-06-30": "$381,431", "2005-03-31": "$362,671"}}, "cash-on-hand": {"MetLife Annual Cash on Hand (Millions of US $)": {"2019": "$16,598", "2018": "$15,821", "2017": "$12,701", "2016": "$12,651", "2015": "$12,752", "2014": "$10,808", "2013": "$7,585", "2012": "$15,738", "2011": "$10,461", "2010": "$12,957", "2009": "$10,112", "2008": "$24,207", "2007": "$9,961", "2006": "$7,107", "2005": "$4,018"}, "MetLife Quarterly Cash on Hand (Millions of US $)": {"2020-09-30": "$24,405", "2020-06-30": "$24,289", "2020-03-31": "$24,094", "2019-12-31": "$16,598", "2019-09-30": "$19,452", "2019-06-30": "$18,435", "2019-03-31": "$14,506", "2018-12-31": "$15,821", "2018-09-30": "$12,490", "2018-06-30": "$16,312", "2018-03-31": "$13,927", "2017-12-31": "$12,701", "2017-09-30": "$13,023", "2017-06-30": "$17,319", "2017-03-31": "$17,411", "2016-12-31": "$12,651", "2016-09-30": "$15,883", "2016-06-30": "$17,067", "2016-03-31": "$13,290", "2015-12-31": "$12,752", "2015-09-30": "$10,216", "2015-06-30": "$8,074", "2015-03-31": "$8,127", "2014-12-31": "$10,808", "2014-09-30": "$8,783", "2014-06-30": "$7,393", "2014-03-31": "$8,573", "2013-12-31": "$7,585", "2013-09-30": "$11,376", "2013-06-30": "$9,184", "2013-03-31": "$9,983", "2012-12-31": "$15,738", "2012-09-30": "$16,950", "2012-06-30": "$16,035", "2012-03-31": "$18,667", "2011-12-31": "$10,461", "2011-09-30": "$10,001", "2011-06-30": "$9,628", "2011-03-31": "$10,692", "2010-12-31": "$12,957", "2010-09-30": "$14,557", "2010-06-30": "$10,702", "2010-03-31": "$9,202", "2009-12-31": "$10,112", "2009-09-30": "$15,562", "2009-06-30": "$13,213", "2009-03-31": "$19,424", "2008-12-31": "$24,207", "2008-09-30": "$20,209", "2008-06-30": "$13,815", "2008-03-31": "$10,874", "2007-12-31": "$9,961", "2007-09-30": "$8,627", "2007-06-30": "$6,504", "2007-03-31": "$6,545", "2006-12-31": "$7,107", "2006-09-30": "$5,924", "2006-06-30": "$4,126", "2006-03-31": "$5,144", "2005-12-31": "$4,018", "2005-09-30": "$6,950", "2005-06-30": "$13,609", "2005-03-31": "$3,925"}}, "long-term-debt": {"MetLife Annual Long Term Debt (Millions of US $)": {"2019": "$14,459", "2018": "$13,889", "2017": "$16,807", "2016": "$17,715", "2015": "$22,162", "2014": "$20,482", "2013": "$22,849", "2012": "$23,258", "2011": "$28,339", "2010": "$32,883", "2009": "$18,517", "2008": "$14,859", "2007": "$13,982", "2006": "$9,979", "2005": "$9,489"}, "MetLife Quarterly Long Term Debt (Millions of US $)": {"2020-09-30": "$15,463", "2020-06-30": "$15,481", "2020-03-31": "$14,510", "2019-12-31": "$14,459", "2019-09-30": "$14,456", "2019-06-30": "$14,372", "2019-03-31": "$13,898", "2018-12-31": "$13,889", "2018-09-30": "$14,481", "2018-06-30": "$15,621", "2018-03-31": "$16,815", "2017-12-31": "$16,807", "2017-09-30": "$17,908", "2017-06-30": "$20,743", "2017-03-31": "$20,570", "2016-12-31": "$17,715", "2016-09-30": "$20,637", "2016-06-30": "$20,699", "2016-03-31": "$22,042", "2015-12-31": "$22,162", "2015-09-30": "$20,907", "2015-06-30": "$20,934", "2015-03-31": "$21,910", "2014-12-31": "$20,482", "2014-09-30": "$20,585", "2014-06-30": "$20,979", "2014-03-31": "$20,989", "2013-12-31": "$22,849", "2013-09-30": "$22,448", "2013-06-30": "$22,773", "2013-03-31": "$22,917", "2012-12-31": "$23,258", "2012-09-30": "$23,817", "2012-06-30": "$23,075", "2012-03-31": "$28,036", "2011-12-31": "$28,339", "2011-09-30": "$30,050", "2011-06-30": "$33,566", "2011-03-31": "$32,901", "2010-12-31": "$32,883", "2010-09-30": "$29,809", "2010-06-30": "$25,944", "2010-03-31": "$25,474", "2009-12-31": "$18,517", "2009-09-30": "$18,499", "2009-06-30": "$18,237", "2009-03-31": "$16,284", "2008-12-31": "$14,859", "2008-09-30": "$15,943", "2008-06-30": "$15,541", "2008-03-31": "$15,444", "2007-12-31": "$13,982", "2007-09-30": "$12,636", "2007-06-30": "$12,497", "2007-03-31": "$10,338", "2006-12-31": "$9,979", "2006-09-30": "$10,711", "2006-06-30": "$10,737", "2006-03-31": "$9,932", "2005-12-31": "$9,489", "2005-09-30": "$9,492", "2005-06-30": "$9,304", "2005-03-31": "$7,414"}}, "total-liabilities": {"MetLife Annual Total Liabilities (Millions of US $)": {"2019": "$674,081", "2018": "$634,580", "2017": "$661,022", "2016": "$831,062", "2015": "$809,514", "2014": "$829,777", "2013": "$823,200", "2012": "$771,944", "2011": "$738,337", "2010": "$681,910", "2009": "$505,816", "2008": "$477,693", "2007": "$523,970", "2006": "$493,917", "2005": "$452,544"}, "MetLife Quarterly Total Liabilities (Millions of US $)": {"2020-09-30": "$706,923", "2020-06-30": "$691,643", "2020-03-31": "$667,278", "2019-12-31": "$674,081", "2019-09-30": "$674,193", "2019-06-30": "$668,121", "2019-03-31": "$654,450", "2018-12-31": "$634,580", "2018-09-30": "$646,642", "2018-06-30": "$652,501", "2018-03-31": "$656,076", "2017-12-31": "$661,022", "2017-09-30": "$663,571", "2017-06-30": "$855,530", "2017-03-31": "$846,579", "2016-12-31": "$831,062", "2016-09-30": "$874,438", "2016-06-30": "$863,194", "2016-03-31": "$841,463", "2015-12-31": "$809,514", "2015-09-30": "$811,472", "2015-06-30": "$828,512", "2015-03-31": "$845,476", "2014-12-31": "$829,777", "2014-09-30": "$837,328", "2014-06-30": "$840,946", "2014-03-31": "$824,571", "2013-12-31": "$823,200", "2013-09-30": "$761,375", "2013-06-30": "$755,254", "2013-03-31": "$776,813", "2012-12-31": "$771,944", "2012-09-30": "$781,887", "2012-06-30": "$762,459", "2012-03-31": "$760,594", "2011-12-31": "$738,337", "2011-09-30": "$724,485", "2011-06-30": "$717,774", "2011-03-31": "$701,120", "2010-12-31": "$681,910", "2010-09-30": "$570,486", "2010-06-30": "$534,183", "2010-03-31": "$529,387", "2009-12-31": "$505,816", "2009-09-30": "$500,599", "2009-06-30": "$481,845", "2009-03-31": "$467,979", "2008-12-31": "$477,693", "2008-09-30": "$493,466", "2008-06-30": "$523,246", "2008-03-31": "$524,133", "2007-12-31": "$523,970", "2007-09-30": "$528,331", "2007-06-30": "$519,009", "2007-03-31": "$503,740", "2006-12-31": "$493,917", "2006-09-30": "$484,576", "2006-06-30": "$472,624", "2006-03-31": "$470,535", "2005-12-31": "$452,544", "2005-09-30": "$454,062", "2005-06-30": "$353,260", "2005-03-31": "$339,633"}}, "total-share-holder-equity": {"MetLife Annual Share Holder Equity (Millions of US $)": {"2019": "$66,382", "2018": "$52,958", "2017": "$58,870", "2016": "$67,702", "2015": "$68,419", "2014": "$72,560", "2013": "$62,096", "2012": "$64,837", "2011": "$57,889", "2010": "$48,996", "2009": "$33,498", "2008": "$23,985", "2007": "$35,179", "2006": "$33,798", "2005": "$29,101"}, "MetLife Quarterly Share Holder Equity (Millions of US $)": {"2020-09-30": "$73,569", "2020-06-30": "$75,940", "2020-03-31": "$70,463", "2019-12-31": "$66,382", "2019-09-30": "$68,619", "2019-06-30": "$64,046", "2019-03-31": "$58,738", "2018-12-31": "$52,958", "2018-09-30": "$51,809", "2018-06-30": "$53,832", "2018-03-31": "$56,508", "2017-12-31": "$58,870", "2017-09-30": "$56,944", "2017-06-30": "$69,669", "2017-03-31": "$68,108", "2016-12-31": "$67,702", "2016-09-30": "$78,466", "2016-06-30": "$79,373", "2016-03-31": "$75,965", "2015-12-31": "$68,419", "2015-09-30": "$70,988", "2015-06-30": "$69,897", "2015-03-31": "$74,314", "2014-12-31": "$72,560", "2014-09-30": "$71,299", "2014-06-30": "$70,174", "2014-03-31": "$66,332", "2013-12-31": "$62,096", "2013-09-30": "$61,268", "2013-06-30": "$60,408", "2013-03-31": "$64,872", "2012-12-31": "$64,837", "2012-09-30": "$64,398", "2012-06-30": "$62,729", "2012-03-31": "$59,010", "2011-12-31": "$57,889", "2011-09-30": "$60,745", "2011-06-30": "$53,709", "2011-03-31": "$50,221", "2010-12-31": "$48,996", "2010-09-30": "$46,769", "2010-06-30": "$39,724", "2010-03-31": "$36,179", "2009-12-31": "$33,498", "2009-09-30": "$34,593", "2009-06-30": "$27,612", "2009-03-31": "$23,429", "2008-12-31": "$23,985", "2008-09-30": "$27,833", "2008-06-30": "$32,541", "2008-03-31": "$32,999", "2007-12-31": "$35,179", "2007-09-30": "$34,746", "2007-06-30": "$33,555", "2007-03-31": "$34,069", "2006-12-31": "$33,798", "2006-09-30": "$31,610", "2006-06-30": "$27,681", "2006-03-31": "$28,567", "2005-12-31": "$29,101", "2005-09-30": "$28,757", "2005-06-30": "$28,171", "2005-03-31": "$23,038"}}, "profit-margins": {"current": "7.92%"}, "gross margin": {"2020-12-31": "29.59%", "2020-09-30": "30.63%", "2020-06-30": "32.13%", "2020-03-31": "34.11%", "2019-12-31": "29.42%", "2019-09-30": "33.40%", "2019-06-30": "32.05%", "2019-03-31": "28.76%", "2018-12-31": "29.47%", "2018-09-30": "27.70%", "2018-06-30": "26.65%", "2018-03-31": "28.70%", "2017-12-31": "27.54%", "2017-09-30": "27.43%", "2017-06-30": "28.59%", "2017-03-31": "26.62%", "2016-12-31": "29.66%", "2016-09-30": "27.72%", "2016-06-30": "30.57%", "2016-03-31": "33.44%", "2015-12-31": "33.30%", "2015-09-30": "35.49%", "2015-06-30": "35.75%", "2015-03-31": "36.06%", "2014-12-31": "35.32%", "2014-09-30": "34.49%", "2014-06-30": "32.57%", "2014-03-31": "31.45%", "2013-12-31": "30.28%", "2013-09-30": "28.12%", "2013-06-30": "28.27%", "2013-03-31": "32.24%", "2012-12-31": "30.91%", "2012-09-30": "33.98%", "2012-06-30": "39.39%", "2012-03-31": "37.38%", "2011-12-31": "39.47%", "2011-09-30": "38.22%", "2011-06-30": "31.61%", "2011-03-31": "32.54%", "2010-12-31": "31.88%", "2010-09-30": "31.76%", "2010-06-30": "29.05%", "2010-03-31": "18.92%", "2009-12-31": "15.15%", "2009-09-30": "19.57%", "2009-06-30": "25.10%", "2009-03-31": "31.60%", "2008-12-31": "33.36%", "2008-09-30": "32.98%", "2008-06-30": "32.64%", "2008-03-31": "33.20%", "2007-12-31": "34.33%", "2007-09-30": "33.45%", "2007-06-30": "33.39%", "2007-03-31": "32.26%", "2006-12-31": "31.36%", "2006-09-30": "30.55%", "2006-06-30": "29.86%", "2006-03-31": "30.38%", "2005-12-31": "30.38%"}, "operating margin": {"2020-12-31": "10.21%", "2020-09-30": "10.26%", "2020-06-30": "12.60%", "2020-03-31": "14.93%", "2019-12-31": "9.76%", "2019-09-30": "13.65%", "2019-06-30": "11.55%", "2019-03-31": "9.21%", "2018-12-31": "9.28%", "2018-09-30": "7.04%", "2018-06-30": "6.18%", "2018-03-31": "6.63%", "2017-12-31": "5.68%", "2017-09-30": "4.98%", "2017-06-30": "6.18%", "2017-03-31": "4.24%", "2016-12-31": "7.04%", "2016-09-30": "5.69%", "2016-06-30": "7.15%", "2016-03-31": "9.03%", "2015-12-31": "9.21%", "2015-09-30": "11.68%", "2015-06-30": "12.63%", "2015-03-31": "13.39%", "2014-12-31": "12.01%", "2014-09-30": "11.01%", "2014-06-30": "8.58%", "2014-03-31": "6.85%", "2013-12-31": "5.94%", "2013-09-30": "3.44%", "2013-06-30": "0.48%", "2013-03-31": "4.43%", "2012-12-31": "2.12%", "2012-09-30": "4.73%", "2012-06-30": "13.03%", "2012-03-31": "10.66%", "2011-12-31": "13.07%", "2011-09-30": "11.64%", "2011-06-30": "5.13%", "2011-03-31": "6.95%", "2010-12-31": "7.14%", "2010-09-30": "7.93%", "2010-06-30": "5.11%", "2010-03-31": "-5.08%", "2009-12-31": "-10.73%", "2009-09-30": "-7.23%", "2009-06-30": "-0.72%", "2009-03-31": "6.59%", "2008-12-31": "9.92%", "2008-09-30": "10.82%", "2008-06-30": "10.65%", "2008-03-31": "11.27%", "2007-12-31": "12.26%", "2007-09-30": "11.46%", "2007-06-30": "11.24%", "2007-03-31": "9.83%", "2006-12-31": "9.15%", "2006-09-30": "8.23%", "2006-06-30": "7.56%", "2006-03-31": "9.06%", "2005-12-31": "9.62%"}, "ebitda margin": {"2020-09-30": "10.26%", "2020-06-30": "12.60%", "2020-03-31": "14.93%", "2019-12-31": "9.76%", "2019-09-30": "13.65%", "2019-06-30": "11.55%", "2019-03-31": "9.21%", "2018-12-31": "9.28%", "2018-09-30": "7.04%", "2018-06-30": "6.18%", "2018-03-31": "6.63%", "2017-12-31": "5.68%", "2017-09-30": "4.98%", "2017-06-30": "6.18%", "2017-03-31": "4.24%", "2016-12-31": "7.04%", "2016-09-30": "5.69%", "2016-06-30": "7.15%", "2016-03-31": "9.03%", "2015-12-31": "9.21%", "2015-09-30": "11.68%", "2015-06-30": "12.63%", "2015-03-31": "13.39%", "2014-12-31": "12.01%", "2014-09-30": "11.01%", "2014-06-30": "8.58%", "2014-03-31": "6.85%", "2013-12-31": "5.94%", "2013-09-30": "3.44%", "2013-06-30": "0.48%", "2013-03-31": "4.43%", "2012-12-31": "2.12%", "2012-09-30": "4.73%", "2012-06-30": "13.03%", "2012-03-31": "10.66%", "2011-12-31": "13.07%", "2011-09-30": "11.64%", "2011-06-30": "5.13%", "2011-03-31": "6.95%", "2010-12-31": "7.14%", "2010-09-30": "7.93%", "2010-06-30": "5.11%", "2010-03-31": "-5.08%", "2009-12-31": "-10.73%", "2009-09-30": "-7.23%", "2009-06-30": "-0.72%", "2009-03-31": "6.26%", "2008-12-31": "9.55%", "2008-09-30": "10.40%", "2008-06-30": "10.22%", "2008-03-31": "11.20%", "2007-12-31": "12.26%", "2007-09-30": "11.46%", "2007-06-30": "11.24%", "2007-03-31": "9.83%", "2006-12-31": "9.15%", "2006-09-30": "8.23%", "2006-06-30": "7.56%", "2006-03-31": "9.06%", "2005-12-31": "9.62%"}, "pre tax profit margin": {"2020-12-31": "10.21%", "2020-09-30": "10.26%", "2020-06-30": "12.60%", "2020-03-31": "14.93%", "2019-12-31": "9.76%", "2019-09-30": "13.65%", "2019-06-30": "11.55%", "2019-03-31": "9.21%", "2018-12-31": "9.28%", "2018-09-30": "7.04%", "2018-06-30": "6.18%", "2018-03-31": "6.63%", "2017-12-31": "5.68%", "2017-09-30": "4.98%", "2017-06-30": "6.18%", "2017-03-31": "4.24%", "2016-12-31": "7.04%", "2016-09-30": "5.69%", "2016-06-30": "7.15%", "2016-03-31": "9.03%", "2015-12-31": "9.21%", "2015-09-30": "11.68%", "2015-06-30": "12.63%", "2015-03-31": "13.39%", "2014-12-31": "12.01%", "2014-09-30": "11.01%", "2014-06-30": "8.58%", "2014-03-31": "6.85%", "2013-12-31": "5.94%", "2013-09-30": "3.44%", "2013-06-30": "0.48%", "2013-03-31": "4.43%", "2012-12-31": "2.12%", "2012-09-30": "4.73%", "2012-06-30": "13.03%", "2012-03-31": "10.66%", "2011-12-31": "13.07%", "2011-09-30": "11.64%", "2011-06-30": "5.13%", "2011-03-31": "6.95%", "2010-12-31": "7.14%", "2010-09-30": "7.93%", "2010-06-30": "5.11%", "2010-03-31": "-5.08%", "2009-12-31": "-10.73%", "2009-09-30": "-7.23%", "2009-06-30": "-0.72%", "2009-03-31": "6.59%", "2008-12-31": "9.92%", "2008-09-30": "10.82%", "2008-06-30": "10.65%", "2008-03-31": "11.27%", "2007-12-31": "12.26%", "2007-09-30": "11.46%", "2007-06-30": "11.24%", "2007-03-31": "9.83%", "2006-12-31": "9.15%", "2006-09-30": "8.23%", "2006-06-30": "7.56%", "2006-03-31": "9.06%", "2005-12-31": "9.62%"}, "net profit margin": {"2020-12-31": "7.65%", "2020-09-30": "8.55%", "2020-06-30": "10.44%", "2020-03-31": "12.20%", "2019-12-31": "8.22%", "2019-09-30": "10.56%", "2019-06-30": "9.01%", "2019-03-31": "7.32%", "2018-12-31": "7.33%", "2018-09-30": "7.70%", "2018-06-30": "6.27%", "2018-03-31": "6.90%", "2017-12-31": "6.27%", "2017-09-30": "-0.78%", "2017-06-30": "0.38%", "2017-03-31": "-1.01%", "2016-12-31": "1.23%", "2016-09-30": "6.35%", "2016-06-30": "7.16%", "2016-03-31": "8.65%", "2015-12-31": "8.50%", "2015-09-30": "8.13%", "2015-06-30": "9.23%", "2015-03-31": "9.36%", "2014-12-31": "8.44%", "2014-09-30": "7.67%", "2014-06-30": "6.35%", "2014-03-31": "5.31%", "2013-12-31": "4.76%", "2013-09-30": "3.68%", "2013-06-30": "0.80%", "2013-03-31": "3.34%", "2012-12-31": "1.76%", "2012-09-30": "3.06%", "2012-06-30": "9.06%", "2012-03-31": "7.52%", "2011-12-31": "8.76%", "2011-09-30": "7.74%", "2011-06-30": "3.42%", "2011-03-31": "4.43%", "2010-12-31": "4.87%", "2010-09-30": "5.64%", "2010-06-30": "3.99%", "2010-03-31": "-2.27%", "2009-12-31": "-5.82%", "2009-09-30": "-3.99%", "2009-06-30": "-0.99%", "2009-03-31": "3.82%", "2008-12-31": "6.05%", "2008-09-30": "6.93%", "2008-06-30": "8.05%", "2008-03-31": "8.31%", "2007-12-31": "8.86%", "2007-09-30": "15.28%", "2007-06-30": "15.03%", "2007-03-31": "14.51%", "2006-12-31": "14.35%", "2006-09-30": "6.42%", "2006-06-30": "5.94%", "2006-03-31": "9.54%", "2005-12-31": "10.42%"}, "pe ratio": {"current": "8.82", "2021-02-11": "10.04", "2020-12-31": "8.45", "2020-09-30": "5.98", "2020-06-30": "4.59", "2020-03-31": "3.11", "2019-12-31": "7.97", "2019-09-30": "5.89", "2019-06-30": "7.58", "2019-03-31": "7.61", "2018-12-31": "7.58", "2018-09-30": "8.67", "2018-06-30": "9.98", "2018-03-31": "10.57", "2017-12-31": "13.04", "2017-09-30": "0.00", "2017-06-30": "473.08", "2017-03-31": "0.00", "2016-12-31": "67.42", "2016-09-30": "10.35", "2016-06-30": "7.85", "2016-03-31": "7.00", "2015-12-31": "7.79", "2015-09-30": "6.69", "2015-06-30": "6.88", "2015-03-31": "5.92", "2014-12-31": "7.14", "2014-09-30": "7.80", "2014-06-30": "10.00", "2014-03-31": "11.64", "2013-12-31": "12.91", "2013-09-30": "14.59", "2013-06-30": "67.08", "2013-03-31": "12.05", "2012-12-31": "19.85", "2012-09-30": "10.93", "2012-06-30": "3.23", "2012-03-31": "4.64", "2011-12-31": "3.30", "2011-09-30": "3.45", "2011-06-30": "12.54", "2011-03-31": "9.75", "2010-12-31": "9.11", "2010-09-30": "7.07", "2010-06-30": "10.20", "2010-03-31": "0.00", "2009-12-31": "0.00", "2009-09-30": "0.00", "2009-06-30": "0.00", "2009-03-31": "5.53", "2008-12-31": "5.29", "2008-09-30": "7.85", "2008-06-30": "6.69", "2008-03-31": "7.31", "2007-12-31": "6.88", "2007-09-30": "4.69", "2007-06-30": "4.34", "2007-03-31": "4.60", "2006-12-31": "4.48"}, "price sales": {"2021-02-11": "0.74", "2020-12-31": "0.63", "2020-09-30": "0.51", "2020-06-30": "0.48", "2020-03-31": "0.38", "2019-12-31": "0.66", "2019-09-30": "0.63", "2019-06-30": "0.69", "2019-03-31": "0.57", "2018-12-31": "0.56", "2018-09-30": "0.64", "2018-06-30": "0.60", "2018-03-31": "0.70", "2017-12-31": "0.77", "2017-09-30": "0.86", "2017-06-30": "0.82", "2017-03-31": "0.78", "2016-12-31": "0.75", "2016-09-30": "0.65", "2016-06-30": "0.55", "2016-03-31": "0.60", "2015-12-31": "0.65", "2015-09-30": "0.54", "2015-06-30": "0.63", "2015-03-31": "0.55", "2014-12-31": "0.60", "2014-09-30": "0.60", "2014-06-30": "0.63", "2014-03-31": "0.61", "2013-12-31": "0.61", "2013-09-30": "0.53", "2013-06-30": "0.51", "2013-03-31": "0.40", "2012-12-31": "0.35", "2012-09-30": "0.36", "2012-06-30": "0.31", "2012-03-31": "0.38", "2011-12-31": "0.32", "2011-09-30": "0.28", "2011-06-30": "0.48", "2011-03-31": "0.48", "2010-12-31": "0.47", "2010-09-30": "0.40", "2010-06-30": "0.40", "2010-03-31": "0.52", "2009-12-31": "0.46", "2009-09-30": "0.44", "2009-06-30": "0.31", "2009-03-31": "0.22", "2008-12-31": "0.31", "2008-09-30": "0.54", "2008-06-30": "0.54", "2008-03-31": "0.61", "2007-12-31": "0.61", "2007-09-30": "0.71", "2007-06-30": "0.65", "2007-03-31": "0.67", "2006-12-31": "0.64"}, "price book": {"current": "0.65", "2021-02-11": "0.68", "2020-09-30": "0.45", "2020-06-30": "0.42", "2020-03-31": "0.38", "2019-12-31": "0.67", "2019-09-30": "0.59", "2019-06-30": "0.67", "2019-03-31": "0.63", "2018-12-31": "0.68", "2018-09-30": "0.80", "2018-06-30": "0.73", "2018-03-31": "0.74", "2017-12-31": "0.79", "2017-09-30": "0.84", "2017-06-30": "0.65", "2017-03-31": "0.64", "2016-12-31": "0.67", "2016-09-30": "0.47", "2016-06-30": "0.41", "2016-03-31": "0.47", "2015-12-31": "0.57", "2015-09-30": "0.54", "2015-06-30": "0.65", "2015-03-31": "0.55", "2014-12-31": "0.60", "2014-09-30": "0.60", "2014-06-30": "0.63", "2014-03-31": "0.63", "2013-12-31": "0.68", "2013-09-30": "0.60", "2013-06-30": "0.57", "2013-03-31": "0.44", "2012-12-31": "0.38", "2012-09-30": "0.38", "2012-06-30": "0.35", "2012-03-31": "0.45", "2011-12-31": "0.38", "2011-09-30": "0.32", "2011-06-30": "0.56", "2011-03-31": "0.61", "2010-12-31": "0.58", "2010-09-30": "0.48", "2010-06-30": "0.50", "2010-03-31": "0.63", "2009-12-31": "0.55", "2009-09-30": "0.56", "2009-06-30": "0.56", "2009-03-31": "0.50", "2008-12-31": "0.72", "2008-09-30": "0.87", "2008-06-30": "0.71", "2008-03-31": "0.79", "2007-12-31": "0.78", "2007-09-30": "0.90", "2007-06-30": "0.86", "2007-03-31": "0.83", "2006-12-31": "0.80", "2006-09-30": "0.82", "2006-06-30": "0.84", "2006-03-31": "0.77"}, "price fcf": {"2021-02-11": "", "2020-09-30": "$12.51", "2020-06-30": "$12.87", "2020-03-31": "$14.45", "2019-12-31": "$14.60", "2019-09-30": "$10.34", "2019-06-30": "$9.51", "2019-03-31": "$12.49", "2018-12-31": "$11.58", "2018-09-30": "$12.27", "2018-06-30": "$13.05", "2018-03-31": "$10.72", "2017-12-31": "$11.39", "2017-09-30": "$14.65", "2017-06-30": "$12.82", "2017-03-31": "$13.51", "2016-12-31": "$13.33", "2016-09-30": "$12.25", "2016-06-30": "$11.94", "2016-03-31": "$11.81", "2015-12-31": "$12.45", "2015-09-30": "$13.17", "2015-06-30": "$14.38", "2015-03-31": "$14.52", "2014-12-31": "$14.33", "2014-09-30": "$15.11", "2014-06-30": "$13.90", "2014-03-31": "$14.15", "2013-12-31": "$14.45", "2013-09-30": "$10.52", "2013-06-30": "$11.23", "2013-03-31": "$13.00", "2012-12-31": "$15.94", "2012-09-30": "$15.50", "2012-06-30": "$14.59", "2012-03-31": "$11.76", "2011-12-31": "$9.62", "2011-09-30": "$11.57", "2011-06-30": "$10.58", "2011-03-31": "$8.78", "2010-12-31": "$8.98", "2010-09-30": "$7.22", "2010-06-30": "$10.87", "2010-03-31": "$9.33", "2009-12-31": "$4.65", "2009-09-30": "$8.04", "2009-06-30": "$5.42", "2009-03-31": "$8.32", "2008-12-31": "$14.37", "2008-09-30": "$13.55", "2008-06-30": "$15.02", "2008-03-31": "$14.95", "2007-12-31": "$12.99", "2007-09-30": "$9.99", "2007-06-30": "$8.70", "2007-03-31": "$8.32", "2006-12-31": "$8.50"}, "net worth": {"value": "$48.98B"}, "current ratio": {"2020-12-31": "0.09", "2020-09-30": "0.11", "2020-06-30": "0.11", "2020-03-31": "0.11", "2019-12-31": "0.09", "2019-09-30": "0.10", "2019-06-30": "0.10", "2019-03-31": "0.09", "2018-12-31": "0.09", "2018-09-30": "0.08", "2018-06-30": "0.09", "2018-03-31": "0.09", "2017-12-31": "0.08", "2017-09-30": "0.08", "2017-06-30": "0.10", "2017-03-31": "0.10", "2016-12-31": "0.08", "2016-09-30": "0.09", "2016-06-30": "0.10", "2016-03-31": "0.10", "2015-12-31": "0.09", "2015-09-30": "0.09", "2015-06-30": "0.08", "2015-03-31": "0.08", "2014-12-31": "0.08", "2014-09-30": "0.08", "2014-06-30": "0.07", "2014-03-31": "0.08", "2013-12-31": "0.07", "2013-09-30": "0.08", "2013-06-30": "0.08", "2013-03-31": "0.08", "2012-12-31": "0.08", "2012-09-30": "0.09", "2012-06-30": "0.09", "2012-03-31": "0.10", "2011-12-31": "0.08", "2011-09-30": "0.08", "2011-06-30": "0.07", "2011-03-31": "0.07", "2010-12-31": "0.08", "2010-09-30": "0.11", "2010-06-30": "0.10", "2010-03-31": "0.09", "2009-12-31": "0.09", "2009-09-30": "0.11", "2009-06-30": "0.10", "2009-03-31": "0.13", "2008-12-31": "0.14", "2008-09-30": "0.14", "2008-06-30": "0.10", "2008-03-31": "0.09", "2007-12-31": "0.09", "2007-09-30": "0.09", "2007-06-30": "0.08", "2007-03-31": "0.08", "2006-12-31": "0.08", "2006-09-30": "0.08", "2006-06-30": "0.07", "2006-03-31": "0.07", "2005-12-31": "0.06", "2005-09-30": "0.08", "2005-06-30": "0.11", "2005-03-31": "0.06"}, "quick ratio": {"2020-12-31": "0.00", "2020-09-30": "0.00", "2020-06-30": "0.00", "2020-03-31": "0.00", "2019-12-31": "0.00", "2019-09-30": "0.00", "2019-06-30": "0.00", "2019-03-31": "0.00", "2018-12-31": "0.00", "2018-09-30": "0.00", "2018-06-30": "0.00", "2018-03-31": "0.00", "2017-12-31": "0.00", "2017-09-30": "0.00", "2017-06-30": "0.00", "2017-03-31": "0.00", "2016-12-31": "0.00", "2016-09-30": "0.00", "2016-06-30": "0.00", "2016-03-31": "0.00", "2015-12-31": "0.00", "2015-09-30": "0.00", "2015-06-30": "0.00", "2015-03-31": "0.00", "2014-12-31": "0.00", "2014-09-30": "0.00", "2014-06-30": "0.00", "2014-03-31": "0.00", "2013-12-31": "0.00", "2013-09-30": "0.00", "2013-06-30": "0.00", "2013-03-31": "0.00", "2012-12-31": "0.00", "2012-09-30": "0.00", "2012-06-30": "0.00", "2012-03-31": "0.00", "2011-12-31": "0.00", "2011-09-30": "0.00", "2011-06-30": "0.00", "2011-03-31": "0.00", "2010-12-31": "0.00", "2010-09-30": "0.00", "2010-06-30": "0.00", "2010-03-31": "0.00", "2009-12-31": "0.00", "2009-09-30": "0.00", "2009-06-30": "0.00", "2009-03-31": "0.00", "2008-12-31": "0.00", "2008-09-30": "0.00", "2008-06-30": "0.00", "2008-03-31": "0.00", "2007-12-31": "0.00", "2007-09-30": "0.00", "2007-06-30": "0.00", "2007-03-31": "0.00", "2006-12-31": "0.00", "2006-09-30": "0.00", "2006-06-30": "0.00", "2006-03-31": "0.00", "2005-12-31": "0.00", "2005-09-30": "0.00", "2005-06-30": "0.00", "2005-03-31": "0.00"}, "debt equity ratio": {"current": "0.21", "2020-12-31": "9.63", "2020-09-30": "9.61", "2020-06-30": "9.11", "2020-03-31": "9.47", "2019-12-31": "10.16", "2019-09-30": "9.83", "2019-06-30": "10.43", "2019-03-31": "11.14", "2018-12-31": "11.98", "2018-09-30": "12.48", "2018-06-30": "12.12", "2018-03-31": "11.61", "2017-12-31": "11.23", "2017-09-30": "11.65", "2017-06-30": "12.28", "2017-03-31": "12.43", "2016-12-31": "12.28", "2016-09-30": "11.14", "2016-06-30": "10.88", "2016-03-31": "11.08", "2015-12-31": "11.83", "2015-09-30": "11.43", "2015-06-30": "11.85", "2015-03-31": "11.38", "2014-12-31": "11.44", "2014-09-30": "11.74", "2014-06-30": "11.98", "2014-03-31": "12.43", "2013-12-31": "13.26", "2013-09-30": "12.43", "2013-06-30": "12.50", "2013-03-31": "11.98", "2012-12-31": "11.91", "2012-09-30": "12.14", "2012-06-30": "12.16", "2012-03-31": "12.89", "2011-12-31": "12.75", "2011-09-30": "11.93", "2011-06-30": "13.36", "2011-03-31": "13.96", "2010-12-31": "13.92", "2010-09-30": "12.20", "2010-06-30": "13.45", "2010-03-31": "14.63", "2009-12-31": "15.10", "2009-09-30": "14.47", "2009-06-30": "17.45", "2009-03-31": "19.97", "2008-12-31": "19.92", "2008-09-30": "17.73", "2008-06-30": "16.08", "2008-03-31": "15.88", "2007-12-31": "14.89", "2007-09-30": "15.21", "2007-06-30": "15.47", "2007-03-31": "14.79", "2006-12-31": "14.61", "2006-09-30": "15.33", "2006-06-30": "17.07", "2006-03-31": "16.47", "2005-12-31": "15.55", "2005-09-30": "15.79", "2005-06-30": "12.54", "2005-03-31": "14.74"}, "return on equity": {"2020-12-31": "7.04%", "2020-09-30": "7.83%", "2020-06-30": "10.12%", "2020-03-31": "12.97%", "2019-12-31": "8.88%", "2019-09-30": "11.78%", "2019-06-30": "10.41%", "2019-03-31": "9.36%", "2018-12-31": "9.26%", "2018-09-30": "9.49%", "2018-06-30": "7.55%", "2018-03-31": "7.09%", "2017-12-31": "6.16%", "2017-09-30": "-0.68%", "2017-06-30": "0.31%", "2017-03-31": "-0.79%", "2016-12-31": "0.99%", "2016-09-30": "4.87%", "2016-06-30": "5.84%", "2016-03-31": "7.41%", "2015-12-31": "7.35%", "2015-09-30": "8.14%", "2015-06-30": "9.34%", "2015-03-31": "9.73%", "2014-12-31": "8.83%", "2014-09-30": "8.26%", "2014-06-30": "6.85%", "2014-03-31": "5.74%", "2013-12-31": "5.22%", "2013-09-30": "3.92%", "2013-06-30": "0.85%", "2013-03-31": "3.63%", "2012-12-31": "1.92%", "2012-09-30": "3.38%", "2012-06-30": "10.77%", "2012-03-31": "9.13%", "2011-12-31": "11.06%", "2011-09-30": "9.59%", "2011-06-30": "3.97%", "2011-03-31": "5.26%", "2010-12-31": "5.93%", "2010-09-30": "7.44%", "2010-06-30": "5.47%", "2010-03-31": "-3.00%", "2009-12-31": "-7.95%", "2009-09-30": "-6.21%", "2009-06-30": "-1.76%", "2009-03-31": "7.03%", "2008-12-31": "10.51%", "2008-09-30": "10.00%", "2008-06-30": "10.62%", "2008-03-31": "11.17%", "2007-12-31": "12.16%", "2007-09-30": "20.35%", "2007-06-30": "20.87%", "2007-03-31": "20.22%", "2006-12-31": "20.25%", "2006-09-30": "10.28%", "2006-06-30": "9.64%", "2006-03-31": "15.28%", "2005-12-31": "17.06%"}, "return on assets": {"2020-12-31": "0.67%", "2020-09-30": "0.74%", "2020-06-30": "0.95%", "2020-03-31": "1.18%", "2019-12-31": "0.78%", "2019-09-30": "1.00%", "2019-06-30": "0.84%", "2019-03-31": "0.72%", "2018-12-31": "0.71%", "2018-09-30": "0.74%", "2018-06-30": "0.60%", "2018-03-31": "0.56%", "2017-12-31": "0.48%", "2017-09-30": "-0.05%", "2017-06-30": "0.02%", "2017-03-31": "-0.06%", "2016-12-31": "0.08%", "2016-09-30": "0.40%", "2016-06-30": "0.48%", "2016-03-31": "0.59%", "2015-12-31": "0.58%", "2015-09-30": "0.65%", "2015-06-30": "0.74%", "2015-03-31": "0.77%", "2014-12-31": "0.68%", "2014-09-30": "0.62%", "2014-06-30": "0.51%", "2014-03-31": "0.42%", "2013-12-31": "0.39%", "2013-09-30": "0.30%", "2013-06-30": "0.06%", "2013-03-31": "0.28%", "2012-12-31": "0.14%", "2012-09-30": "0.25%", "2012-06-30": "0.80%", "2012-03-31": "0.67%", "2011-12-31": "0.79%", "2011-09-30": "0.67%", "2011-06-30": "0.28%", "2011-03-31": "0.37%", "2010-12-31": "0.41%", "2010-09-30": "0.51%", "2010-06-30": "0.36%", "2010-03-31": "-0.18%", "2009-12-31": "-0.46%", "2009-09-30": "-0.33%", "2009-06-30": "-0.09%", "2009-03-31": "0.37%", "2008-12-31": "0.58%", "2008-09-30": "0.59%", "2008-06-30": "0.64%", "2008-03-31": "0.68%", "2007-12-31": "0.76%", "2007-09-30": "1.27%", "2007-06-30": "1.30%", "2007-03-31": "1.23%", "2006-12-31": "1.21%", "2006-09-30": "0.60%", "2006-06-30": "0.56%", "2006-03-31": "0.95%", "2005-12-31": "1.09%"}, "return on investments": {"2020-12-31": "7.79%", "2020-09-30": "7.77%", "2020-06-30": "10.10%", "2020-03-31": "13.07%", "2019-12-31": "8.63%", "2019-09-30": "12.36%", "2019-06-30": "10.68%", "2019-03-31": "9.29%", "2018-12-31": "9.14%", "2018-09-30": "6.74%", "2018-06-30": "5.73%", "2018-03-31": "5.24%", "2017-12-31": "4.29%", "2017-09-30": "3.39%", "2017-06-30": "3.90%", "2017-03-31": "2.61%", "2016-12-31": "4.48%", "2016-09-30": "3.40%", "2016-06-30": "4.52%", "2016-03-31": "5.94%", "2015-12-31": "6.12%", "2015-09-30": "9.04%", "2015-06-30": "9.89%", "2015-03-31": "10.78%", "2014-12-31": "9.69%", "2014-09-30": "9.00%", "2014-06-30": "6.94%", "2014-03-31": "5.46%", "2013-12-31": "4.77%", "2013-09-30": "2.69%", "2013-06-30": "0.37%", "2013-03-31": "3.54%", "2012-12-31": "1.65%", "2012-09-30": "3.68%", "2012-06-30": "10.65%", "2012-03-31": "8.53%", "2011-12-31": "10.57%", "2011-09-30": "8.98%", "2011-06-30": "3.62%", "2011-03-31": "4.98%", "2010-12-31": "5.22%", "2010-09-30": "6.38%", "2010-06-30": "4.34%", "2010-03-31": "-4.17%", "2009-12-31": "-9.15%", "2009-09-30": "-6.95%", "2009-06-30": "-0.79%", "2009-03-31": "7.66%", "2008-12-31": "11.30%", "2008-09-30": "10.59%", "2008-06-30": "9.86%", "2008-03-31": "10.82%", "2007-12-31": "12.36%", "2007-09-30": "11.44%", "2007-06-30": "11.75%", "2007-03-31": "10.31%", "2006-12-31": "9.63%", "2006-09-30": "9.77%", "2006-06-30": "9.11%", "2006-03-31": "10.88%", "2005-12-31": "11.86%"}, "return on tangible equity": {"2020-09-30": "8.99%", "2020-06-30": "11.66%", "2020-03-31": "15.04%", "2019-12-31": "10.38%", "2019-09-30": "13.91%", "2019-06-30": "12.48%", "2019-03-31": "11.33%", "2018-12-31": "11.26%", "2018-09-30": "11.48%", "2018-06-30": "9.09%", "2018-03-31": "8.42%", "2017-12-31": "7.24%", "2017-09-30": "-0.80%", "2017-06-30": "0.36%", "2017-03-31": "-0.91%", "2016-12-31": "1.14%", "2016-09-30": "5.58%", "2016-06-30": "6.72%", "2016-03-31": "8.56%", "2015-12-31": "8.51%", "2015-09-30": "9.41%", "2015-06-30": "10.82%", "2015-03-31": "11.31%", "2014-12-31": "10.34%", "2014-09-30": "9.77%", "2014-06-30": "8.13%", "2014-03-31": "6.83%", "2013-12-31": "6.20%", "2013-09-30": "4.63%", "2013-06-30": "1.00%", "2013-03-31": "4.33%", "2012-12-31": "2.32%", "2012-09-30": "4.16%", "2012-06-30": "13.44%", "2012-03-31": "11.51%", "2011-12-31": "14.10%", "2011-09-30": "12.35%", "2011-06-30": "4.99%", "2011-03-31": "6.42%", "2010-12-31": "7.03%", "2010-09-30": "8.54%", "2010-06-30": "6.36%", "2010-03-31": "-3.54%", "2009-12-31": "-9.57%", "2009-09-30": "-7.61%", "2009-06-30": "-2.19%", "2009-03-31": "8.66%", "2008-12-31": "12.71%", "2008-09-30": "11.85%", "2008-06-30": "12.46%", "2008-03-31": "13.06%", "2007-12-31": "14.17%", "2007-09-30": "23.77%", "2007-06-30": "24.48%", "2007-03-31": "23.91%", "2006-12-31": "24.12%", "2006-09-30": "12.33%", "2006-06-30": "11.57%", "2006-03-31": "17.44%", "2005-12-31": "18.66%"}, "dividend yield history": {"last payout": "$1.84", "last yield": "3.38%"}}