{"ticker": "MFA", "price": {"title": "MFA Financial Historical Annual Stock Price Data", "value": 3.97, "historical": {"2021": {"Average Stock Price": "3.8038", "Year Open": "3.7600", "Year High": "3.9700", "Year Low": "3.6400", "Year Close": "3.9700", "Annual % Change": "2.06%"}, "2020": {"Average Stock Price": "3.6460", "Year Open": "7.6400", "Year High": "8.0300", "Year Low": "0.3600", "Year Close": "3.8900", "Annual % Change": "-49.15%"}, "2019": {"Average Stock Price": "7.3639", "Year Open": "6.7000", "Year High": "8.0000", "Year Low": "6.7000", "Year Close": "7.6500", "Annual % Change": "14.52%"}, "2018": {"Average Stock Price": "7.4502", "Year Open": "7.8600", "Year High": "8.0600", "Year Low": "6.5400", "Year Close": "6.6800", "Annual % Change": "-15.66%"}, "2017": {"Average Stock Price": "8.2943", "Year Open": "7.7600", "Year High": "8.8700", "Year Low": "7.7600", "Year Close": "7.9200", "Annual % Change": "3.80%"}, "2016": {"Average Stock Price": "7.1749", "Year Open": "6.7500", "Year High": "8.0100", "Year Low": "5.7800", "Year Close": "7.6300", "Annual % Change": "15.61%"}, "2015": {"Average Stock Price": "7.4925", "Year Open": "8.1000", "Year High": "8.1900", "Year Low": "6.4800", "Year Close": "6.6000", "Annual % Change": "-17.40%"}, "2014": {"Average Stock Price": "8.0254", "Year Open": "7.0800", "Year High": "8.4600", "Year Low": "7.0800", "Year Close": "7.9900", "Annual % Change": "13.17%"}, "2013": {"Average Stock Price": "8.2283", "Year Open": "8.3800", "Year High": "9.5900", "Year Low": "7.0000", "Year Close": "7.0600", "Annual % Change": "-12.95%"}, "2012": {"Average Stock Price": "7.7870", "Year Open": "6.7800", "Year High": "8.7000", "Year Low": "6.6800", "Year Close": "8.1100", "Annual % Change": "20.68%"}, "2011": {"Average Stock Price": "7.5952", "Year Open": "8.0900", "Year High": "8.6400", "Year Low": "6.2500", "Year Close": "6.7200", "Annual % Change": "-17.65%"}, "2010": {"Average Stock Price": "7.4986", "Year Open": "7.4200", "Year High": "8.3000", "Year Low": "6.6500", "Year Close": "8.1600", "Annual % Change": "11.02%"}, "2009": {"Average Stock Price": "6.7766", "Year Open": "5.6000", "Year High": "8.3200", "Year Low": "5.2100", "Year Close": "7.3500", "Annual % Change": "24.79%"}, "2008": {"Average Stock Price": "6.8955", "Year Open": "8.9900", "Year High": "10.8500", "Year Low": "4.3400", "Year Close": "5.8900", "Annual % Change": "-36.32%"}, "2007": {"Average Stock Price": "7.6558", "Year Open": "7.6400", "Year High": "9.2800", "Year Low": "6.0100", "Year Close": "9.2500", "Annual % Change": "20.29%"}, "2006": {"Average Stock Price": "6.8910", "Year Open": "6.0700", "Year High": "8.1000", "Year Low": "5.7700", "Year Close": "7.6900", "Annual % Change": "34.91%"}, "2005": {"Average Stock Price": "7.0384", "Year Open": "8.6800", "Year High": "8.7300", "Year Low": "5.4400", "Year Close": "5.7000", "Annual % Change": "-35.37%"}, "2004": {"Average Stock Price": "9.2882", "Year Open": "9.7400", "Year High": "10.7800", "Year Low": "8.0700", "Year Close": "8.8200", "Annual % Change": "-9.54%"}, "2003": {"Average Stock Price": "9.5695", "Year Open": "8.5900", "Year High": "10.8500", "Year Low": "8.2600", "Year Close": "9.7500", "Annual % Change": "16.07%"}, "2002": {"Average Stock Price": "8.8766", "Year Open": "8.6000", "Year High": "10.6900", "Year Low": "7.1800", "Year Close": "8.4000", "Annual % Change": "-4.00%"}, "2001": {"Average Stock Price": "7.3934", "Year Open": "5.1250", "Year High": "9.1800", "Year Low": "5.1250", "Year Close": "8.7500", "Annual % Change": "75.00%"}, "2000": {"Average Stock Price": "5.1708", "Year Open": "4.6200", "Year High": "5.8750", "Year Low": "4.5630", "Year Close": "5.0000", "Annual % Change": "9.58%"}, "1999": {"Average Stock Price": "4.7778", "Year Open": "4.4380", "Year High": "5.5630", "Year Low": "4.0630", "Year Close": "4.5630", "Annual % Change": "0.00%"}}}, "market cap": {"value": "$1.8B"}, "income statement": {"Revenue": {"2019-12-31": "581.72600", "2018-12-31": "455.67500", "2017-12-31": "433.44800", "2016-12-31": "457.45000", "2015-12-31": "492.14300", "2014-12-31": "463.81700", "2013-12-31": "482.94000", "2012-12-31": "499.15700", "2011-12-31": "496.74700", "2010-12-31": "391.33800", "2009-12-31": "505.56100", "2008-12-31": "527.51700", "2007-12-31": "384.82100", "2006-12-31": "219.19200", "2005-12-31": "238.71900"}, "Cost Of Goods Sold": {"2019-12-31": "", "2018-12-31": "", "2017-12-31": "", "2016-12-31": "", "2015-12-31": "", "2014-12-31": "", "2013-12-31": "", "2012-12-31": "", "2011-12-31": "", "2010-12-31": "", "2009-12-31": "", "2008-12-31": "", "2007-12-31": "", "2006-12-31": "", "2005-12-31": ""}, "Gross Profit": {"2019-12-31": "581.72600", "2018-12-31": "455.67500", "2017-12-31": "433.44800", "2016-12-31": "457.45000", "2015-12-31": "492.14300", "2014-12-31": "463.81700", "2013-12-31": "482.94000", "2012-12-31": "499.15700", "2011-12-31": "496.74700", "2010-12-31": "391.33800", "2009-12-31": "505.56100", "2008-12-31": "527.51700", "2007-12-31": "384.82100", "2006-12-31": "219.19200", "2005-12-31": "238.71900"}, "Research And Development Expenses": {"2019-12-31": "", "2018-12-31": "", "2017-12-31": "", "2016-12-31": "", "2015-12-31": "", "2014-12-31": "", "2013-12-31": "", "2012-12-31": "", "2011-12-31": "", "2010-12-31": "", "2009-12-31": "", "2008-12-31": "", "2007-12-31": "", "2006-12-31": "", "2005-12-31": ""}, "SG&A Expenses": {"2019-12-31": "52.64800", "2018-12-31": "46.07600", "2017-12-31": "49.63300", "2016-12-31": "45.61200", "2015-12-31": "42.04500", "2014-12-31": "40.74500", "2013-12-31": "33.68900", "2012-12-31": "33.56900", "2011-12-31": "30.20900", "2010-12-31": "24.66300", "2009-12-31": "21.25400", "2008-12-31": "17.10800", "2007-12-31": "11.68200", "2006-12-31": "9.56800", "2005-12-31": "9.15600"}, "Other Operating Income Or Expenses": {"2019-12-31": "", "2018-12-31": "", "2017-12-31": "", "2016-12-31": "", "2015-12-31": "", "2014-12-31": "", "2013-12-31": "", "2012-12-31": "", "2011-12-31": "-0.97000", "2010-12-31": "-1.66100", "2009-12-31": "-1.79300", "2008-12-31": "-94.24400", "2007-12-31": "-2.14800", "2006-12-31": "-1.61700", "2005-12-31": "-1.67300"}, "Operating Expenses": {"2019-12-31": "52.64800", "2018-12-31": "46.07600", "2017-12-31": "49.63300", "2016-12-31": "45.61200", "2015-12-31": "42.04500", "2014-12-31": "40.74500", "2013-12-31": "33.68900", "2012-12-31": "33.56900", "2011-12-31": "31.17900", "2010-12-31": "26.32400", "2009-12-31": "23.04700", "2008-12-31": "111.35200", "2007-12-31": "13.83000", "2006-12-31": "11.18500", "2005-12-31": "10.82900"}, "Operating Income": {"2019-12-31": "529.07800", "2018-12-31": "409.59900", "2017-12-31": "383.81500", "2016-12-31": "411.83800", "2015-12-31": "450.09800", "2014-12-31": "423.07200", "2013-12-31": "449.25100", "2012-12-31": "465.58800", "2011-12-31": "465.56800", "2010-12-31": "365.01400", "2009-12-31": "482.51400", "2008-12-31": "416.16500", "2007-12-31": "370.99100", "2006-12-31": "208.00700", "2005-12-31": "227.89000"}, "Total Non-Operating Income/Expense": {"2019-12-31": "-150.96100", "2018-12-31": "-107.79800", "2017-12-31": "-61.42200", "2016-12-31": "-99.17000", "2015-12-31": "-136.87200", "2014-12-31": "-109.56800", "2013-12-31": "-146.54200", "2012-12-31": "-158.74900", "2011-12-31": "-149.15400", "2010-12-31": "-95.25200", "2009-12-31": "-214.32500", "2008-12-31": "-370.36800", "2007-12-31": "-340.78100", "2006-12-31": "-202.77100", "2005-12-31": "-221.09600"}, "Pre-Tax Income": {"2019-12-31": "378.11700", "2018-12-31": "301.80100", "2017-12-31": "322.39300", "2016-12-31": "312.66800", "2015-12-31": "313.22600", "2014-12-31": "313.50400", "2013-12-31": "302.70900", "2012-12-31": "306.83900", "2011-12-31": "316.41400", "2010-12-31": "269.76200", "2009-12-31": "268.18900", "2008-12-31": "45.79710", "2007-12-31": "30.21000", "2006-12-31": "5.23600", "2005-12-31": "6.79400"}, "Income Taxes": {"2019-12-31": "", "2018-12-31": "", "2017-12-31": "", "2016-12-31": "", "2015-12-31": "", "2014-12-31": "", "2013-12-31": "", "2012-12-31": "", "2011-12-31": "", "2010-12-31": "", "2009-12-31": "", "2008-12-31": "", "2007-12-31": "", "2006-12-31": "", "2005-12-31": ""}, "Income After Taxes": {"2019-12-31": "378.11700", "2018-12-31": "301.80100", "2017-12-31": "322.39300", "2016-12-31": "312.66800", "2015-12-31": "313.22600", "2014-12-31": "313.50400", "2013-12-31": "302.70900", "2012-12-31": "306.83900", "2011-12-31": "316.41400", "2010-12-31": "269.76200", "2009-12-31": "268.18900", "2008-12-31": "45.79710", "2007-12-31": "30.21000", "2006-12-31": "5.23600", "2005-12-31": "6.79400"}, "Other Income": {"2019-12-31": "", "2018-12-31": "", "2017-12-31": "", "2016-12-31": "", "2015-12-31": "", "2014-12-31": "", "2013-12-31": "", "2012-12-31": "", "2011-12-31": "", "2010-12-31": "", "2009-12-31": "", "2008-12-31": "", "2007-12-31": "", "2006-12-31": "", "2005-12-31": ""}, "Income From Continuous Operations": {"2019-12-31": "378.11700", "2018-12-31": "301.80100", "2017-12-31": "322.39300", "2016-12-31": "312.66800", "2015-12-31": "313.22600", "2014-12-31": "313.50400", "2013-12-31": "302.70900", "2012-12-31": "306.83900", "2011-12-31": "316.41400", "2010-12-31": "269.76200", "2009-12-31": "268.18900", "2008-12-31": "45.79710", "2007-12-31": "30.21000", "2006-12-31": "5.23600", "2005-12-31": "6.79400"}, "Income From Discontinued Operations": {"2019-12-31": "", "2018-12-31": "", "2017-12-31": "", "2016-12-31": "", "2015-12-31": "", "2014-12-31": "", "2013-12-31": "", "2012-12-31": "", "2011-12-31": "", "2010-12-31": "", "2009-12-31": "", "2008-12-31": "", "2007-12-31": "", "2006-12-31": "3.52200", "2005-12-31": "-0.08600"}, "Net Income": {"2019-12-31": "363.11700", "2018-12-31": "286.80100", "2017-12-31": "307.39300", "2016-12-31": "297.66800", "2015-12-31": "298.22600", "2014-12-31": "298.50400", "2013-12-31": "285.01200", "2012-12-31": "298.67900", "2011-12-31": "308.25400", "2010-12-31": "261.60200", "2009-12-31": "260.02900", "2008-12-31": "37.63700", "2007-12-31": "22.05000", "2006-12-31": "0.59800", "2005-12-31": "-1.45200"}, "EBITDA": {"2019-12-31": "577.61200", "2018-12-31": "440.69400", "2017-12-31": "415.66400", "2016-12-31": "449.52700", "2015-12-31": "492.58200", "2014-12-31": "456.31500", "2013-12-31": "513.28900", "2012-12-31": "521.42000", "2011-12-31": "506.69800", "2010-12-31": "406.57400", "2009-12-31": "507.04800", "2008-12-31": "434.95300", "2007-12-31": "398.69900", "2006-12-31": "239.64100", "2005-12-31": "286.37800"}, "EBIT": {"2019-12-31": "529.07800", "2018-12-31": "409.59900", "2017-12-31": "383.81500", "2016-12-31": "411.83800", "2015-12-31": "450.09800", "2014-12-31": "423.07200", "2013-12-31": "449.25100", "2012-12-31": "465.58800", "2011-12-31": "465.56800", "2010-12-31": "365.01400", "2009-12-31": "482.51400", "2008-12-31": "416.16500", "2007-12-31": "370.99100", "2006-12-31": "208.00700", "2005-12-31": "227.89000"}, "Basic Shares Outstanding": {"2019-12-31": "450.97200", "2018-12-31": "418.93400", "2017-12-31": "388.35700", "2016-12-31": "371.12200", "2015-12-31": "372.11400", "2014-12-31": "369.04800", "2013-12-31": "362.39900", "2012-12-31": "356.76200", "2011-12-31": "341.36800", "2010-12-31": "281.17300", "2009-12-31": "246.36500", "2008-12-31": "179.99400", "2007-12-31": "90.61000", "2006-12-31": "79.52600", "2005-12-31": "82.02500"}, "Shares Outstanding": {"2019-12-31": "467.76900", "2018-12-31": "418.93400", "2017-12-31": "388.35700", "2016-12-31": "371.12200", "2015-12-31": "372.11400", "2014-12-31": "369.04800", "2013-12-31": "362.39900", "2012-12-31": "356.76200", "2011-12-31": "341.36800", "2010-12-31": "281.17300", "2009-12-31": "246.42400", "2008-12-31": "180.04200", "2007-12-31": "90.64000", "2006-12-31": "79.55500", "2005-12-31": "82.02500"}, "Basic EPS": {"2019-12-31": "0.80000", "2018-12-31": "0.68000", "2017-12-31": "0.79000", "2016-12-31": "0.80000", "2015-12-31": "0.80000", "2014-12-31": "0.81000", "2013-12-31": "0.78000", "2012-12-31": "0.83000", "2011-12-31": "0.90000", "2010-12-31": "0.93000", "2009-12-31": "1.06000", "2008-12-31": "0.21000", "2007-12-31": "0.24000", "2006-12-31": "0.01000", "2005-12-31": "-0.02000"}, "EPS - Earnings Per Share": {"2019-12-31": "0.79000", "2018-12-31": "0.68000", "2017-12-31": "0.79000", "2016-12-31": "0.80000", "2015-12-31": "0.80000", "2014-12-31": "0.81000", "2013-12-31": "0.78000", "2012-12-31": "0.83000", "2011-12-31": "0.90000", "2010-12-31": "0.93000", "2009-12-31": "1.06000", "2008-12-31": "0.21000", "2007-12-31": "0.24000", "2006-12-31": "0.01000", "2005-12-31": "-0.02000"}}, "income statement, quarterly": {"Revenue": {"2020-09-30": "66.08000", "2020-06-30": "87.36800", "2020-03-31": "145.46000", "2019-12-31": "153.11800", "2019-09-30": "142.72100", "2019-06-30": "144.93500", "2019-03-31": "140.95200", "2018-12-31": "132.74400", "2018-09-30": "117.43200", "2018-06-30": "101.74700", "2018-03-31": "103.75200", "2017-12-31": "100.90100", "2017-09-30": "105.13300", "2017-06-30": "110.15700", "2017-03-31": "117.25700", "2016-12-31": "112.81000", "2016-09-30": "112.71600", "2016-06-30": "114.50700", "2016-03-31": "117.41700", "2015-12-31": "118.49900", "2015-09-30": "119.70600", "2015-06-30": "123.99600", "2015-03-31": "129.94200", "2014-12-31": "111.84400", "2014-09-30": "112.15700", "2014-06-30": "118.64200", "2014-03-31": "121.17400", "2013-12-31": "121.04900", "2013-09-30": "118.48200", "2013-06-30": "120.67100", "2013-03-31": "122.73800", "2012-12-31": "124.96800", "2012-09-30": "125.13500", "2012-06-30": "125.53100", "2012-03-31": "123.52300", "2011-12-31": "123.99400", "2011-09-30": "130.76600", "2011-06-30": "132.10900", "2011-03-31": "109.87800", "2010-12-31": "97.59700", "2010-09-30": "97.41700", "2010-06-30": "88.62700", "2010-03-31": "107.69700", "2009-12-31": "121.51200", "2009-09-30": "124.54800", "2009-06-30": "126.73700", "2009-03-31": "132.76400", "2008-12-31": "137.78000", "2008-09-30": "140.94800", "2008-06-30": "120.69300", "2008-03-31": "128.09600", "2007-12-31": "112.28400", "2007-09-30": "96.71600", "2007-06-30": "91.02600", "2007-03-31": "84.79500", "2006-12-31": "71.48000", "2006-09-30": "47.53200", "2006-06-30": "46.18500", "2006-03-31": "53.99500", "2005-12-31": "58.80700", "2005-09-30": "57.53100", "2005-06-30": "61.14200", "2005-03-31": "61.23900"}, "Cost Of Goods Sold": {"2020-09-30": "", "2020-06-30": "", "2020-03-31": "", "2019-12-31": "", "2019-09-30": "", "2019-06-30": "", "2019-03-31": "", "2018-12-31": "", "2018-09-30": "", "2018-06-30": "", "2018-03-31": "", "2017-12-31": "", "2017-09-30": "", "2017-06-30": "", "2017-03-31": "", "2016-12-31": "", "2016-09-30": "", "2016-06-30": "", "2016-03-31": "", "2015-12-31": "", "2015-09-30": "", "2015-06-30": "", "2015-03-31": "", "2014-12-31": "", "2014-09-30": "", "2014-06-30": "", "2014-03-31": "", "2013-12-31": "", "2013-09-30": "", "2013-06-30": "", "2013-03-31": "", "2012-12-31": "", "2012-09-30": "", "2012-06-30": "", "2012-03-31": "", "2011-12-31": "", "2011-09-30": "", "2011-06-30": "", "2011-03-31": "", "2010-12-31": "", "2010-09-30": "", "2010-06-30": "", "2010-03-31": "", "2009-12-31": "", "2009-09-30": "", "2009-06-30": "", "2009-03-31": "", "2008-12-31": "", "2008-09-30": "", "2008-06-30": "", "2008-03-31": "", "2007-12-31": "", "2007-09-30": "", "2007-06-30": "", "2007-03-31": "", "2006-12-31": "", "2006-09-30": "", "2006-06-30": "", "2006-03-31": "", "2005-12-31": "", "2005-09-30": "", "2005-06-30": "", "2005-03-31": ""}, "Gross Profit": {"2020-09-30": "66.08000", "2020-06-30": "87.36800", "2020-03-31": "145.46000", "2019-12-31": "153.11800", "2019-09-30": "142.72100", "2019-06-30": "144.93500", "2019-03-31": "140.95200", "2018-12-31": "132.74400", "2018-09-30": "117.43200", "2018-06-30": "101.74700", "2018-03-31": "103.75200", "2017-12-31": "100.90100", "2017-09-30": "105.13300", "2017-06-30": "110.15700", "2017-03-31": "117.25700", "2016-12-31": "112.81000", "2016-09-30": "112.71600", "2016-06-30": "114.50700", "2016-03-31": "117.41700", "2015-12-31": "118.49900", "2015-09-30": "119.70600", "2015-06-30": "123.99600", "2015-03-31": "129.94200", "2014-12-31": "111.84400", "2014-09-30": "112.15700", "2014-06-30": "118.64200", "2014-03-31": "121.17400", "2013-12-31": "121.04900", "2013-09-30": "118.48200", "2013-06-30": "120.67100", "2013-03-31": "122.73800", "2012-12-31": "124.96800", "2012-09-30": "125.13500", "2012-06-30": "125.53100", "2012-03-31": "123.52300", "2011-12-31": "123.99400", "2011-09-30": "130.76600", "2011-06-30": "132.10900", "2011-03-31": "109.87800", "2010-12-31": "97.59700", "2010-09-30": "97.41700", "2010-06-30": "88.62700", "2010-03-31": "107.69700", "2009-12-31": "121.51200", "2009-09-30": "124.54800", "2009-06-30": "126.73700", "2009-03-31": "132.76400", "2008-12-31": "137.78000", "2008-09-30": "140.94800", "2008-06-30": "120.69300", "2008-03-31": "128.09600", "2007-12-31": "112.28400", "2007-09-30": "96.71600", "2007-06-30": "91.02600", "2007-03-31": "84.79500", "2006-12-31": "71.48000", "2006-09-30": "47.53200", "2006-06-30": "46.18500", "2006-03-31": "53.99500", "2005-12-31": "58.80700", "2005-09-30": "57.53100", "2005-06-30": "61.14200", "2005-03-31": "61.23900"}, "Research And Development Expenses": {"2020-09-30": "", "2020-06-30": "", "2020-03-31": "", "2019-12-31": "", "2019-09-30": "", "2019-06-30": "", "2019-03-31": "", "2018-12-31": "", "2018-09-30": "", "2018-06-30": "", "2018-03-31": "", "2017-12-31": "", "2017-09-30": "", "2017-06-30": "", "2017-03-31": "", "2016-12-31": "", "2016-09-30": "", "2016-06-30": "", "2016-03-31": "", "2015-12-31": "", "2015-09-30": "", "2015-06-30": "", "2015-03-31": "", "2014-12-31": "", "2014-09-30": "", "2014-06-30": "", "2014-03-31": "", "2013-12-31": "", "2013-09-30": "", "2013-06-30": "", "2013-03-31": "", "2012-12-31": "", "2012-09-30": "", "2012-06-30": "", "2012-03-31": "", "2011-12-31": "", "2011-09-30": "", "2011-06-30": "", "2011-03-31": "", "2010-12-31": "", "2010-09-30": "", "2010-06-30": "", "2010-03-31": "", "2009-12-31": "", "2009-09-30": "", "2009-06-30": "", "2009-03-31": "", "2008-12-31": "", "2008-09-30": "", "2008-06-30": "", "2008-03-31": "", "2007-12-31": "", "2007-09-30": "", "2007-06-30": "", "2007-03-31": "", "2006-12-31": "", "2006-09-30": "", "2006-06-30": "", "2006-03-31": "", "2005-12-31": "", "2005-09-30": "", "2005-06-30": "", "2005-03-31": ""}, "SG&A Expenses": {"2020-09-30": "18.26800", "2020-06-30": "16.23000", "2020-03-31": "13.47400", "2019-12-31": "12.73200", "2019-09-30": "12.94200", "2019-06-30": "13.77500", "2019-03-31": "13.19900", "2018-12-31": "11.85300", "2018-09-30": "11.02300", "2018-06-30": "12.62000", "2018-03-31": "10.58000", "2017-12-31": "9.31500", "2017-09-30": "14.97300", "2017-06-30": "13.32700", "2017-03-31": "12.01800", "2016-12-31": "11.59700", "2016-09-30": "10.78700", "2016-06-30": "11.90300", "2016-03-31": "11.32500", "2015-12-31": "10.61300", "2015-09-30": "10.02000", "2015-06-30": "11.20900", "2015-03-31": "10.20300", "2014-12-31": "10.49100", "2014-09-30": "9.80100", "2014-06-30": "9.98200", "2014-03-31": "10.47100", "2013-12-31": "7.66300", "2013-09-30": "8.72800", "2013-06-30": "8.84500", "2013-03-31": "8.45300", "2012-12-31": "8.13800", "2012-09-30": "8.65000", "2012-06-30": "8.36600", "2012-03-31": "8.41500", "2011-12-31": "6.63700", "2011-09-30": "8.50800", "2011-06-30": "7.78000", "2011-03-31": "7.28400", "2010-12-31": "6.14100", "2010-09-30": "6.10900", "2010-06-30": "6.19200", "2010-03-31": "6.22100", "2009-12-31": "4.87100", "2009-09-30": "5.42300", "2009-06-30": "5.59000", "2009-03-31": "5.37000", "2008-12-31": "4.57700", "2008-09-30": "4.72900", "2008-06-30": "4.04000", "2008-03-31": "3.76200", "2007-12-31": "3.17300", "2007-09-30": "3.06000", "2007-06-30": "2.65300", "2007-03-31": "2.79600", "2006-12-31": "2.01400", "2006-09-30": "2.38800", "2006-06-30": "2.49100", "2006-03-31": "2.67500", "2005-12-31": "2.00000", "2005-09-30": "2.21700", "2005-06-30": "2.42500", "2005-03-31": "2.51400"}, "Other Operating Income Or Expenses": {"2020-09-30": "-8.99200", "2020-06-30": "-48.30300", "2020-03-31": "-15.63200", "2019-12-31": "", "2019-09-30": "-10.43900", "2019-06-30": "-9.55300", "2019-03-31": "-10.23400", "2018-12-31": "", "2018-09-30": "", "2018-06-30": "", "2018-03-31": "", "2017-12-31": "", "2017-09-30": "", "2017-06-30": "", "2017-03-31": "", "2016-12-31": "", "2016-09-30": "", "2016-06-30": "", "2016-03-31": "", "2015-12-31": "", "2015-09-30": "", "2015-06-30": "", "2015-03-31": "", "2014-12-31": "", "2014-09-30": "", "2014-06-30": "", "2014-03-31": "", "2013-12-31": "", "2013-09-30": "", "2013-06-30": "", "2013-03-31": "", "2012-12-31": "", "2012-09-30": "", "2012-06-30": "", "2012-03-31": "", "2011-12-31": "-0.19600", "2011-09-30": "-0.23700", "2011-06-30": "-0.23000", "2011-03-31": "-0.30700", "2010-12-31": "-0.36300", "2010-09-30": "-0.30600", "2010-06-30": "-0.54600", "2010-03-31": "-0.44600", "2009-12-31": "-0.43400", "2009-09-30": "-0.44400", "2009-06-30": "-0.45300", "2009-03-31": "-0.46200", "2008-12-31": "-91.93400", "2008-09-30": "-0.43900", "2008-06-30": "-1.42200", "2008-03-31": "-0.44900", "2007-12-31": "-0.84800", "2007-09-30": "-0.45100", "2007-06-30": "-0.42900", "2007-03-31": "-0.42000", "2006-12-31": "-0.19900", "2006-09-30": "-0.43000", "2006-06-30": "", "2006-03-31": "-0.24500", "2005-12-31": "-0.23700", "2005-09-30": "-0.26000", "2005-06-30": "-0.24400", "2005-03-31": "-0.47600"}, "Operating Expenses": {"2020-09-30": "27.26000", "2020-06-30": "64.53300", "2020-03-31": "29.10600", "2019-12-31": "-17.49400", "2019-09-30": "23.38100", "2019-06-30": "23.32800", "2019-03-31": "23.43300", "2018-12-31": "11.85300", "2018-09-30": "11.02300", "2018-06-30": "12.62000", "2018-03-31": "10.58000", "2017-12-31": "9.31500", "2017-09-30": "14.97300", "2017-06-30": "13.32700", "2017-03-31": "12.01800", "2016-12-31": "11.59700", "2016-09-30": "10.78700", "2016-06-30": "11.90300", "2016-03-31": "11.32500", "2015-12-31": "10.61300", "2015-09-30": "10.02000", "2015-06-30": "11.20900", "2015-03-31": "10.20300", "2014-12-31": "10.49100", "2014-09-30": "9.80100", "2014-06-30": "9.98200", "2014-03-31": "10.47100", "2013-12-31": "7.66300", "2013-09-30": "8.72800", "2013-06-30": "8.84500", "2013-03-31": "8.45300", "2012-12-31": "8.13800", "2012-09-30": "8.65000", "2012-06-30": "8.36600", "2012-03-31": "8.41500", "2011-12-31": "6.83300", "2011-09-30": "8.74500", "2011-06-30": "8.01000", "2011-03-31": "7.59100", "2010-12-31": "6.50400", "2010-09-30": "6.41500", "2010-06-30": "6.73800", "2010-03-31": "6.66700", "2009-12-31": "5.30500", "2009-09-30": "5.86700", "2009-06-30": "6.04300", "2009-03-31": "5.83200", "2008-12-31": "96.51100", "2008-09-30": "5.16800", "2008-06-30": "5.46200", "2008-03-31": "4.21100", "2007-12-31": "4.02100", "2007-09-30": "3.51100", "2007-06-30": "3.08200", "2007-03-31": "3.21600", "2006-12-31": "2.21300", "2006-09-30": "2.81800", "2006-06-30": "2.49100", "2006-03-31": "2.92000", "2005-12-31": "2.23700", "2005-09-30": "2.47700", "2005-06-30": "2.66900", "2005-03-31": "2.99000"}, "Operating Income": {"2020-09-30": "38.82000", "2020-06-30": "22.83500", "2020-03-31": "116.35400", "2019-12-31": "170.61200", "2019-09-30": "119.34000", "2019-06-30": "121.60700", "2019-03-31": "117.51900", "2018-12-31": "120.89100", "2018-09-30": "106.40900", "2018-06-30": "89.12700", "2018-03-31": "93.17200", "2017-12-31": "91.58600", "2017-09-30": "90.16000", "2017-06-30": "96.83000", "2017-03-31": "105.23900", "2016-12-31": "101.21300", "2016-09-30": "101.92900", "2016-06-30": "102.60400", "2016-03-31": "106.09200", "2015-12-31": "107.88600", "2015-09-30": "109.68600", "2015-06-30": "112.78700", "2015-03-31": "119.73900", "2014-12-31": "101.35300", "2014-09-30": "102.35600", "2014-06-30": "108.66000", "2014-03-31": "110.70300", "2013-12-31": "113.38600", "2013-09-30": "109.75400", "2013-06-30": "111.82600", "2013-03-31": "114.28500", "2012-12-31": "116.83000", "2012-09-30": "116.48500", "2012-06-30": "117.16500", "2012-03-31": "115.10800", "2011-12-31": "117.16100", "2011-09-30": "122.02100", "2011-06-30": "124.09900", "2011-03-31": "102.28700", "2010-12-31": "91.09300", "2010-09-30": "91.00200", "2010-06-30": "81.88900", "2010-03-31": "101.03000", "2009-12-31": "116.20700", "2009-09-30": "118.68100", "2009-06-30": "120.69400", "2009-03-31": "126.93200", "2008-12-31": "41.26900", "2008-09-30": "135.78000", "2008-06-30": "115.23100", "2008-03-31": "123.88500", "2007-12-31": "108.26300", "2007-09-30": "93.20500", "2007-06-30": "87.94400", "2007-03-31": "81.57900", "2006-12-31": "69.26700", "2006-09-30": "44.71400", "2006-06-30": "43.69400", "2006-03-31": "51.07500", "2005-12-31": "56.57000", "2005-09-30": "55.05400", "2005-06-30": "58.47300", "2005-03-31": "58.24900"}, "Total Non-Operating Income/Expense": {"2020-09-30": "48.39000", "2020-06-30": "73.74300", "2020-03-31": "-1025.34900", "2019-12-31": "-69.99100", "2019-09-30": "-23.74100", "2019-06-30": "-28.56700", "2019-03-31": "-28.66200", "2018-12-31": "-60.01200", "2018-09-30": "-19.27700", "2018-06-30": "-18.73200", "2018-03-31": "-9.77700", "2017-12-31": "9.00700", "2017-09-30": "-26.35500", "2017-06-30": "-16.89500", "2017-03-31": "-27.17900", "2016-12-31": "-28.57600", "2016-09-30": "-18.91800", "2016-06-30": "-23.65400", "2016-03-31": "-28.02200", "2015-12-31": "-34.41400", "2015-09-30": "-30.17600", "2015-06-30": "-34.71600", "2015-03-31": "-37.56600", "2014-12-31": "-21.64500", "2014-09-30": "-23.47400", "2014-06-30": "-29.93400", "2014-03-31": "-34.51500", "2013-12-31": "-34.82900", "2013-09-30": "-38.42600", "2013-06-30": "-36.35300", "2013-03-31": "-36.93400", "2012-12-31": "-47.61100", "2012-09-30": "-38.34400", "2012-06-30": "-42.39900", "2012-03-31": "-30.39500", "2011-12-31": "-46.59700", "2011-09-30": "-38.32200", "2011-06-30": "-44.81300", "2011-03-31": "-19.42200", "2010-12-31": "-29.51200", "2010-09-30": "-13.78800", "2010-06-30": "-33.59900", "2010-03-31": "-18.35300", "2009-12-31": "-37.63400", "2009-09-30": "-51.84400", "2009-06-30": "-51.58800", "2009-03-31": "-73.25900", "2008-12-31": "5.38000", "2008-09-30": "-85.72700", "2008-06-30": "-80.19300", "2008-03-31": "-209.82800", "2007-12-31": "-87.39100", "2007-09-30": "-103.89500", "2007-06-30": "-77.76600", "2007-03-31": "-71.72900", "2006-12-31": "-61.76700", "2006-09-30": "-37.63600", "2006-06-30": "-63.37100", "2006-03-31": "-40.74000", "2005-12-31": "-87.15800", "2005-09-30": "-48.75100", "2005-06-30": "-46.30000", "2005-03-31": "-39.40600"}, "Pre-Tax Income": {"2020-09-30": "87.21000", "2020-06-30": "96.57800", "2020-03-31": "-908.99500", "2019-12-31": "100.62100", "2019-09-30": "95.59900", "2019-06-30": "93.04000", "2019-03-31": "88.85700", "2018-12-31": "60.87900", "2018-09-30": "87.13200", "2018-06-30": "70.39500", "2018-03-31": "83.39500", "2017-12-31": "100.59300", "2017-09-30": "63.80500", "2017-06-30": "79.93500", "2017-03-31": "78.06000", "2016-12-31": "72.63700", "2016-09-30": "83.01100", "2016-06-30": "78.95000", "2016-03-31": "78.07000", "2015-12-31": "73.47200", "2015-09-30": "79.51000", "2015-06-30": "78.07100", "2015-03-31": "82.17300", "2014-12-31": "79.70800", "2014-09-30": "78.88200", "2014-06-30": "78.72600", "2014-03-31": "76.18800", "2013-12-31": "78.55700", "2013-09-30": "71.32800", "2013-06-30": "75.47300", "2013-03-31": "77.35100", "2012-12-31": "69.21900", "2012-09-30": "78.14100", "2012-06-30": "74.76600", "2012-03-31": "84.71300", "2011-12-31": "70.56400", "2011-09-30": "83.69900", "2011-06-30": "79.28600", "2011-03-31": "82.86500", "2010-12-31": "61.58100", "2010-09-30": "77.21400", "2010-06-30": "48.29000", "2010-03-31": "82.67700", "2009-12-31": "78.57300", "2009-09-30": "66.83700", "2009-06-30": "69.10600", "2009-03-31": "53.67300", "2008-12-31": "46.64910", "2008-09-30": "50.05300", "2008-06-30": "35.03800", "2008-03-31": "-85.94300", "2007-12-31": "20.87200", "2007-09-30": "-10.69000", "2007-06-30": "10.17800", "2007-03-31": "9.85000", "2006-12-31": "7.50000", "2006-09-30": "7.07800", "2006-06-30": "-19.67700", "2006-03-31": "10.33500", "2005-12-31": "-30.58800", "2005-09-30": "6.30300", "2005-06-30": "12.17300", "2005-03-31": "18.84300"}, "Income Taxes": {"2020-09-30": "", "2020-06-30": "", "2020-03-31": "", "2019-12-31": "", "2019-09-30": "", "2019-06-30": "", "2019-03-31": "", "2018-12-31": "", "2018-09-30": "", "2018-06-30": "", "2018-03-31": "", "2017-12-31": "", "2017-09-30": "", "2017-06-30": "", "2017-03-31": "", "2016-12-31": "", "2016-09-30": "", "2016-06-30": "", "2016-03-31": "", "2015-12-31": "", "2015-09-30": "", "2015-06-30": "", "2015-03-31": "", "2014-12-31": "", "2014-09-30": "", "2014-06-30": "", "2014-03-31": "", "2013-12-31": "", "2013-09-30": "", "2013-06-30": "", "2013-03-31": "", "2012-12-31": "", "2012-09-30": "", "2012-06-30": "", "2012-03-31": "", "2011-12-31": "", "2011-09-30": "", "2011-06-30": "", "2011-03-31": "", "2010-12-31": "", "2010-09-30": "", "2010-06-30": "", "2010-03-31": "", "2009-12-31": "", "2009-09-30": "", "2009-06-30": "", "2009-03-31": "", "2008-12-31": "", "2008-09-30": "", "2008-06-30": "", "2008-03-31": "", "2007-12-31": "", "2007-09-30": "", "2007-06-30": "", "2007-03-31": "", "2006-12-31": "", "2006-09-30": "", "2006-06-30": "", "2006-03-31": "", "2005-12-31": "", "2005-09-30": "", "2005-06-30": "", "2005-03-31": ""}, "Income After Taxes": {"2020-09-30": "87.21000", "2020-06-30": "96.57800", "2020-03-31": "-908.99500", "2019-12-31": "100.62100", "2019-09-30": "95.59900", "2019-06-30": "93.04000", "2019-03-31": "88.85700", "2018-12-31": "60.87900", "2018-09-30": "87.13200", "2018-06-30": "70.39500", "2018-03-31": "83.39500", "2017-12-31": "100.59300", "2017-09-30": "63.80500", "2017-06-30": "79.93500", "2017-03-31": "78.06000", "2016-12-31": "72.63700", "2016-09-30": "83.01100", "2016-06-30": "78.95000", "2016-03-31": "78.07000", "2015-12-31": "73.47200", "2015-09-30": "79.51000", "2015-06-30": "78.07100", "2015-03-31": "82.17300", "2014-12-31": "79.70800", "2014-09-30": "78.88200", "2014-06-30": "78.72600", "2014-03-31": "76.18800", "2013-12-31": "78.55700", "2013-09-30": "71.32800", "2013-06-30": "75.47300", "2013-03-31": "77.35100", "2012-12-31": "69.21900", "2012-09-30": "78.14100", "2012-06-30": "74.76600", "2012-03-31": "84.71300", "2011-12-31": "70.56400", "2011-09-30": "83.69900", "2011-06-30": "79.28600", "2011-03-31": "82.86500", "2010-12-31": "61.58100", "2010-09-30": "77.21400", "2010-06-30": "48.29000", "2010-03-31": "82.67700", "2009-12-31": "78.57300", "2009-09-30": "66.83700", "2009-06-30": "69.10600", "2009-03-31": "53.67300", "2008-12-31": "46.64910", "2008-09-30": "50.05300", "2008-06-30": "35.03800", "2008-03-31": "-85.94300", "2007-12-31": "20.87200", "2007-09-30": "-10.69000", "2007-06-30": "10.17800", "2007-03-31": "9.85000", "2006-12-31": "7.50000", "2006-09-30": "7.07800", "2006-06-30": "-19.67700", "2006-03-31": "10.33500", "2005-12-31": "-30.58800", "2005-09-30": "6.30300", "2005-06-30": "12.17300", "2005-03-31": "18.84300"}, "Other Income": {"2020-09-30": "", "2020-06-30": "", "2020-03-31": "", "2019-12-31": "", "2019-09-30": "", "2019-06-30": "", "2019-03-31": "", "2018-12-31": "", "2018-09-30": "", "2018-06-30": "", "2018-03-31": "", "2017-12-31": "", "2017-09-30": "", "2017-06-30": "", "2017-03-31": "", "2016-12-31": "", "2016-09-30": "", "2016-06-30": "", "2016-03-31": "", "2015-12-31": "", "2015-09-30": "", "2015-06-30": "", "2015-03-31": "", "2014-12-31": "", "2014-09-30": "", "2014-06-30": "", "2014-03-31": "", "2013-12-31": "", "2013-09-30": "", "2013-06-30": "", "2013-03-31": "", "2012-12-31": "", "2012-09-30": "", "2012-06-30": "", "2012-03-31": "", "2011-12-31": "", "2011-09-30": "", "2011-06-30": "", "2011-03-31": "", "2010-12-31": "", "2010-09-30": "", "2010-06-30": "", "2010-03-31": "", "2009-12-31": "", "2009-09-30": "", "2009-06-30": "", "2009-03-31": "", "2008-12-31": "", "2008-09-30": "", "2008-06-30": "", "2008-03-31": "", "2007-12-31": "", "2007-09-30": "", "2007-06-30": "", "2007-03-31": "", "2006-12-31": "", "2006-09-30": "", "2006-06-30": "", "2006-03-31": "", "2005-12-31": "", "2005-09-30": "", "2005-06-30": "", "2005-03-31": ""}, "Income From Continuous Operations": {"2020-09-30": "87.21000", "2020-06-30": "96.57800", "2020-03-31": "-908.99500", "2019-12-31": "100.62100", "2019-09-30": "95.59900", "2019-06-30": "93.04000", "2019-03-31": "88.85700", "2018-12-31": "60.87900", "2018-09-30": "87.13200", "2018-06-30": "70.39500", "2018-03-31": "83.39500", "2017-12-31": "100.59300", "2017-09-30": "63.80500", "2017-06-30": "79.93500", "2017-03-31": "78.06000", "2016-12-31": "72.63700", "2016-09-30": "83.01100", "2016-06-30": "78.95000", "2016-03-31": "78.07000", "2015-12-31": "73.47200", "2015-09-30": "79.51000", "2015-06-30": "78.07100", "2015-03-31": "82.17300", "2014-12-31": "79.70800", "2014-09-30": "78.88200", "2014-06-30": "78.72600", "2014-03-31": "76.18800", "2013-12-31": "78.55700", "2013-09-30": "71.32800", "2013-06-30": "75.47300", "2013-03-31": "77.35100", "2012-12-31": "69.21900", "2012-09-30": "78.14100", "2012-06-30": "74.76600", "2012-03-31": "84.71300", "2011-12-31": "70.56400", "2011-09-30": "83.69900", "2011-06-30": "79.28600", "2011-03-31": "82.86500", "2010-12-31": "61.58100", "2010-09-30": "77.21400", "2010-06-30": "48.29000", "2010-03-31": "82.67700", "2009-12-31": "78.57300", "2009-09-30": "66.83700", "2009-06-30": "69.10600", "2009-03-31": "53.67300", "2008-12-31": "46.64910", "2008-09-30": "50.05300", "2008-06-30": "35.03800", "2008-03-31": "-85.94300", "2007-12-31": "20.87200", "2007-09-30": "-10.69000", "2007-06-30": "10.17800", "2007-03-31": "9.85000", "2006-12-31": "7.50000", "2006-09-30": "7.07800", "2006-06-30": "-19.67700", "2006-03-31": "10.33500", "2005-12-31": "-30.58800", "2005-09-30": "6.30300", "2005-06-30": "12.17300", "2005-03-31": "18.84300"}, "Income From Discontinued Operations": {"2020-09-30": "", "2020-06-30": "", "2020-03-31": "", "2019-12-31": "", "2019-09-30": "", "2019-06-30": "", "2019-03-31": "", "2018-12-31": "", "2018-09-30": "", "2018-06-30": "", "2018-03-31": "", "2017-12-31": "", "2017-09-30": "", "2017-06-30": "", "2017-03-31": "", "2016-12-31": "", "2016-09-30": "", "2016-06-30": "", "2016-03-31": "", "2015-12-31": "", "2015-09-30": "", "2015-06-30": "", "2015-03-31": "", "2014-12-31": "", "2014-09-30": "", "2014-06-30": "", "2014-03-31": "", "2013-12-31": "", "2013-09-30": "", "2013-06-30": "", "2013-03-31": "", "2012-12-31": "", "2012-09-30": "", "2012-06-30": "", "2012-03-31": "", "2011-12-31": "", "2011-09-30": "", "2011-06-30": "", "2011-03-31": "", "2010-12-31": "", "2010-09-30": "", "2010-06-30": "", "2010-03-31": "", "2009-12-31": "", "2009-09-30": "", "2009-06-30": "", "2009-03-31": "", "2008-12-31": "", "2008-09-30": "", "2008-06-30": "", "2008-03-31": "", "2007-12-31": "", "2007-09-30": "0.25700", "2007-06-30": "", "2007-03-31": "", "2006-12-31": "-1.04900", "2006-09-30": "-0.00100", "2006-06-30": "-0.05600", "2006-03-31": "4.62800", "2005-12-31": "-0.01500", "2005-09-30": "-0.03200", "2005-06-30": "-0.01400", "2005-03-31": "0.03800"}, "Net Income": {"2020-09-30": "78.99100", "2020-06-30": "88.43400", "2020-03-31": "-914.21000", "2019-12-31": "97.12700", "2019-09-30": "91.84900", "2019-06-30": "89.29000", "2019-03-31": "84.85100", "2018-12-31": "57.58900", "2018-09-30": "83.14100", "2018-06-30": "66.64500", "2018-03-31": "79.42600", "2017-12-31": "97.68300", "2017-09-30": "59.64600", "2017-06-30": "76.18500", "2017-03-31": "73.87900", "2016-12-31": "69.70300", "2016-09-30": "79.26100", "2016-06-30": "74.77900", "2016-03-31": "73.92500", "2015-12-31": "70.11700", "2015-09-30": "75.76000", "2015-06-30": "74.32100", "2015-03-31": "78.02800", "2014-12-31": "76.23600", "2014-09-30": "75.13200", "2014-06-30": "74.97600", "2014-03-31": "72.16000", "2013-12-31": "74.80700", "2013-09-30": "67.57800", "2013-06-30": "67.31600", "2013-03-31": "75.31100", "2012-12-31": "67.57400", "2012-09-30": "76.10100", "2012-06-30": "72.33100", "2012-03-31": "82.67300", "2011-12-31": "68.89300", "2011-09-30": "81.65900", "2011-06-30": "76.87700", "2011-03-31": "80.82500", "2010-12-31": "59.54100", "2010-09-30": "75.17400", "2010-06-30": "46.25000", "2010-03-31": "80.63700", "2009-12-31": "76.53300", "2009-09-30": "64.79700", "2009-06-30": "67.06600", "2009-03-31": "51.63300", "2008-12-31": "44.60900", "2008-09-30": "48.01300", "2008-06-30": "32.99800", "2008-03-31": "-87.98300", "2007-12-31": "18.57500", "2007-09-30": "-12.47300", "2007-06-30": "8.13800", "2007-03-31": "7.81000", "2006-12-31": "4.41100", "2006-09-30": "5.03700", "2006-06-30": "-21.77300", "2006-03-31": "12.92300", "2005-12-31": "-32.64300", "2005-09-30": "4.23100", "2005-06-30": "10.11900", "2005-03-31": "16.84100"}, "EBITDA": {"2020-09-30": "40.20800", "2020-06-30": "43.55100", "2020-03-31": "135.20200", "2019-12-31": "187.06100", "2019-09-30": "130.91900", "2019-06-30": "134.06100", "2019-03-31": "125.57100", "2018-12-31": "129.49100", "2018-09-30": "115.59100", "2018-06-30": "96.62500", "2018-03-31": "98.98700", "2017-12-31": "98.47000", "2017-09-30": "98.68400", "2017-06-30": "105.03200", "2017-03-31": "113.47800", "2016-12-31": "110.40800", "2016-09-30": "112.44100", "2016-06-30": "134.25400", "2016-03-31": "92.42400", "2015-12-31": "117.05800", "2015-09-30": "121.55800", "2015-06-30": "124.99000", "2015-03-31": "128.97600", "2014-12-31": "107.67400", "2014-09-30": "110.94300", "2014-06-30": "116.45300", "2014-03-31": "121.24500", "2013-12-31": "127.09300", "2013-09-30": "126.62400", "2013-06-30": "129.39700", "2013-03-31": "130.17500", "2012-12-31": "132.01600", "2012-09-30": "132.50700", "2012-06-30": "130.58000", "2012-03-31": "126.31700", "2011-12-31": "129.24900", "2011-09-30": "134.12600", "2011-06-30": "132.90600", "2011-03-31": "110.41700", "2010-12-31": "126.76600", "2010-09-30": "90.34000", "2010-06-30": "88.76000", "2010-03-31": "100.70800", "2009-12-31": "131.93200", "2009-09-30": "119.55200", "2009-06-30": "124.32200", "2009-03-31": "131.24200", "2008-12-31": "44.86000", "2008-09-30": "140.17000", "2008-06-30": "120.89200", "2008-03-31": "129.03100", "2007-12-31": "112.86400", "2007-09-30": "99.50100", "2007-06-30": "96.21600", "2007-03-31": "90.11800", "2006-12-31": "78.24200", "2006-09-30": "51.66600", "2006-06-30": "51.56500", "2006-03-31": "58.91100", "2005-12-31": "70.22000", "2005-09-30": "72.55500", "2005-06-30": "73.58500", "2005-03-31": "70.47400"}, "EBIT": {"2020-09-30": "38.82000", "2020-06-30": "22.83500", "2020-03-31": "116.35400", "2019-12-31": "170.61200", "2019-09-30": "119.34000", "2019-06-30": "121.60700", "2019-03-31": "117.51900", "2018-12-31": "120.89100", "2018-09-30": "106.40900", "2018-06-30": "89.12700", "2018-03-31": "93.17200", "2017-12-31": "91.58600", "2017-09-30": "90.16000", "2017-06-30": "96.83000", "2017-03-31": "105.23900", "2016-12-31": "101.21300", "2016-09-30": "101.92900", "2016-06-30": "102.60400", "2016-03-31": "106.09200", "2015-12-31": "107.88600", "2015-09-30": "109.68600", "2015-06-30": "112.78700", "2015-03-31": "119.73900", "2014-12-31": "101.35300", "2014-09-30": "102.35600", "2014-06-30": "108.66000", "2014-03-31": "110.70300", "2013-12-31": "113.38600", "2013-09-30": "109.75400", "2013-06-30": "111.82600", "2013-03-31": "114.28500", "2012-12-31": "116.83000", "2012-09-30": "116.48500", "2012-06-30": "117.16500", "2012-03-31": "115.10800", "2011-12-31": "117.16100", "2011-09-30": "122.02100", "2011-06-30": "124.09900", "2011-03-31": "102.28700", "2010-12-31": "91.09300", "2010-09-30": "91.00200", "2010-06-30": "81.88900", "2010-03-31": "101.03000", "2009-12-31": "116.20700", "2009-09-30": "118.68100", "2009-06-30": "120.69400", "2009-03-31": "126.93200", "2008-12-31": "41.26900", "2008-09-30": "135.78000", "2008-06-30": "115.23100", "2008-03-31": "123.88500", "2007-12-31": "108.26300", "2007-09-30": "93.20500", "2007-06-30": "87.94400", "2007-03-31": "81.57900", "2006-12-31": "69.26700", "2006-09-30": "44.71400", "2006-06-30": "43.69400", "2006-03-31": "51.07500", "2005-12-31": "56.57000", "2005-09-30": "55.05400", "2005-06-30": "58.47300", "2005-03-31": "58.24900"}, "Basic Shares Outstanding": {"2020-09-30": "453.32300", "2020-06-30": "453.20500", "2020-03-31": "452.97900", "2019-12-31": "450.97200", "2019-09-30": "451.02000", "2019-06-30": "450.53800", "2019-03-31": "450.35800", "2018-12-31": "418.93400", "2018-09-30": "428.71300", "2018-06-30": "398.47800", "2018-03-31": "398.31700", "2017-12-31": "388.35700", "2017-09-30": "396.69800", "2017-06-30": "386.30300", "2017-03-31": "372.57900", "2016-12-31": "371.12200", "2016-09-30": "373.14100", "2016-06-30": "373.02300", "2016-03-31": "370.94200", "2015-12-31": "372.11400", "2015-09-30": "372.17800", "2015-06-30": "370.16400", "2015-03-31": "371.91000", "2014-12-31": "369.04800", "2014-09-30": "369.69000", "2014-06-30": "368.44500", "2014-03-31": "365.84800", "2013-12-31": "362.39900", "2013-09-30": "363.91800", "2013-06-30": "361.45000", "2013-03-31": "358.11000", "2012-12-31": "356.76200", "2012-09-30": "356.92100", "2012-06-30": "356.59800", "2012-03-31": "356.16700", "2011-12-31": "341.36800", "2011-09-30": "355.96400", "2011-06-30": "355.36400", "2011-03-31": "297.94900", "2010-12-31": "281.17300", "2010-09-30": "280.27800", "2010-06-30": "280.18800", "2010-03-31": "280.10300", "2009-12-31": "246.36500", "2009-09-30": "259.59900", "2009-06-30": "222.23600", "2009-03-31": "222.43000", "2008-12-31": "179.99400", "2008-09-30": "199.40600", "2008-06-30": "165.89600", "2008-03-31": "144.71000", "2007-12-31": "90.61000", "2007-09-30": "85.98600", "2007-06-30": "81.87400", "2007-03-31": "80.76200", "2006-12-31": "73.51670", "2006-09-30": "79.21100", "2006-06-30": "79.25400", "2006-03-31": "79.95000", "2005-12-31": "81.60750", "2005-09-30": "82.34200", "2005-06-30": "82.38500", "2005-03-31": "82.24300"}, "Shares Outstanding": {"2020-09-30": "493.54000", "2020-06-30": "482.50000", "2020-03-31": "452.97900", "2019-12-31": "467.76900", "2019-09-30": "479.94000", "2019-06-30": "459.43600", "2019-03-31": "450.35800", "2018-12-31": "418.93400", "2018-09-30": "428.71300", "2018-06-30": "398.47800", "2018-03-31": "398.31700", "2017-12-31": "388.35700", "2017-09-30": "396.69800", "2017-06-30": "386.30300", "2017-03-31": "372.57900", "2016-12-31": "371.12200", "2016-09-30": "373.14100", "2016-06-30": "373.02300", "2016-03-31": "370.94200", "2015-12-31": "372.11400", "2015-09-30": "372.17800", "2015-06-30": "370.16400", "2015-03-31": "371.91000", "2014-12-31": "369.04800", "2014-09-30": "369.69000", "2014-06-30": "368.44500", "2014-03-31": "365.84800", "2013-12-31": "362.39900", "2013-09-30": "363.91800", "2013-06-30": "361.45000", "2013-03-31": "358.11000", "2012-12-31": "356.76200", "2012-09-30": "356.92100", "2012-06-30": "356.59800", "2012-03-31": "356.16700", "2011-12-31": "341.36800", "2011-09-30": "355.96400", "2011-06-30": "355.36400", "2011-03-31": "297.94900", "2010-12-31": "281.17300", "2010-09-30": "280.58000", "2010-06-30": "280.49000", "2010-03-31": "280.15700", "2009-12-31": "246.42400", "2009-09-30": "259.68300", "2009-06-30": "222.37500", "2009-03-31": "222.49900", "2008-12-31": "180.04200", "2008-09-30": "199.84900", "2008-06-30": "165.92500", "2008-03-31": "144.71000", "2007-12-31": "90.64000", "2007-09-30": "85.98600", "2007-06-30": "81.90800", "2007-03-31": "80.79500", "2006-12-31": "73.51670", "2006-09-30": "79.24100", "2006-06-30": "79.28000", "2006-03-31": "79.97300", "2005-12-31": "81.60750", "2005-09-30": "82.37000", "2005-06-30": "82.41800", "2005-03-31": "82.28500"}, "Basic EPS": {"2020-09-30": "0.17000", "2020-06-30": "0.19000", "2020-03-31": "-2.02000", "2019-12-31": "0.21000", "2019-09-30": "0.20000", "2019-06-30": "0.20000", "2019-03-31": "0.19000", "2018-12-31": "0.12000", "2018-09-30": "0.19000", "2018-06-30": "0.17000", "2018-03-31": "0.20000", "2017-12-31": "0.24000", "2017-09-30": "0.15000", "2017-06-30": "0.20000", "2017-03-31": "0.20000", "2016-12-31": "0.19000", "2016-09-30": "0.21000", "2016-06-30": "0.20000", "2016-03-31": "0.20000", "2015-12-31": "0.19000", "2015-09-30": "0.20000", "2015-06-30": "0.20000", "2015-03-31": "0.21000", "2014-12-31": "0.21000", "2014-09-30": "0.20000", "2014-06-30": "0.20000", "2014-03-31": "0.20000", "2013-12-31": "0.19000", "2013-09-30": "0.19000", "2013-06-30": "0.19000", "2013-03-31": "0.21000", "2012-12-31": "0.19000", "2012-09-30": "0.21000", "2012-06-30": "0.20000", "2012-03-31": "0.23000", "2011-12-31": "0.18000", "2011-09-30": "0.23000", "2011-06-30": "0.22000", "2011-03-31": "0.27000", "2010-12-31": "0.21000", "2010-09-30": "0.27000", "2010-06-30": "0.16000", "2010-03-31": "0.29000", "2009-12-31": "0.28000", "2009-09-30": "0.25000", "2009-06-30": "0.30000", "2009-03-31": "0.23000", "2008-12-31": "0.38000", "2008-09-30": "0.24000", "2008-06-30": "0.20000", "2008-03-31": "-0.61000", "2007-12-31": "0.19000", "2007-09-30": "-0.15000", "2007-06-30": "0.10000", "2007-03-31": "0.10000", "2006-12-31": "0.06000", "2006-09-30": "0.06000", "2006-06-30": "-0.27000", "2006-03-31": "0.16000", "2005-12-31": "-0.40000", "2005-09-30": "0.05000", "2005-06-30": "0.12000", "2005-03-31": "0.20000"}, "EPS - Earnings Per Share": {"2020-09-30": "0.17000", "2020-06-30": "0.19000", "2020-03-31": "-2.02000", "2019-12-31": "0.20000", "2019-09-30": "0.20000", "2019-06-30": "0.20000", "2019-03-31": "0.19000", "2018-12-31": "0.12000", "2018-09-30": "0.19000", "2018-06-30": "0.17000", "2018-03-31": "0.20000", "2017-12-31": "0.24000", "2017-09-30": "0.15000", "2017-06-30": "0.20000", "2017-03-31": "0.20000", "2016-12-31": "0.19000", "2016-09-30": "0.21000", "2016-06-30": "0.20000", "2016-03-31": "0.20000", "2015-12-31": "0.19000", "2015-09-30": "0.20000", "2015-06-30": "0.20000", "2015-03-31": "0.21000", "2014-12-31": "0.21000", "2014-09-30": "0.20000", "2014-06-30": "0.20000", "2014-03-31": "0.20000", "2013-12-31": "0.19000", "2013-09-30": "0.19000", "2013-06-30": "0.19000", "2013-03-31": "0.21000", "2012-12-31": "0.19000", "2012-09-30": "0.21000", "2012-06-30": "0.20000", "2012-03-31": "0.23000", "2011-12-31": "0.18000", "2011-09-30": "0.23000", "2011-06-30": "0.22000", "2011-03-31": "0.27000", "2010-12-31": "0.21000", "2010-09-30": "0.27000", "2010-06-30": "0.16000", "2010-03-31": "0.29000", "2009-12-31": "0.28000", "2009-09-30": "0.25000", "2009-06-30": "0.30000", "2009-03-31": "0.23000", "2008-12-31": "0.38000", "2008-09-30": "0.24000", "2008-06-30": "0.20000", "2008-03-31": "-0.61000", "2007-12-31": "0.21000", "2007-09-30": "-0.15000", "2007-06-30": "0.08000", "2007-03-31": "0.10000", "2006-12-31": "0.06000", "2006-09-30": "0.06000", "2006-06-30": "-0.27000", "2006-03-31": "0.16000", "2005-12-31": "-0.40000", "2005-09-30": "0.05000", "2005-06-30": "0.12000", "2005-03-31": "0.20000"}}, "balance sheet": {"Cash On Hand": {"2019-12-31": "134.66400", "2018-12-31": "88.70900", "2017-12-31": "463.74300", "2016-12-31": "318.57500", "2015-12-31": "236.54500", "2014-12-31": "249.69200", "2013-12-31": "602.89000", "2012-12-31": "406.30900", "2011-12-31": "409.52400", "2010-12-31": "387.17000", "2009-12-31": "720.96410", "2008-12-31": "431.91600", "2007-12-31": "238.92700", "2006-12-31": "47.20000", "2005-12-31": "64.30100"}, "Receivables": {"2019-12-31": "", "2018-12-31": "", "2017-12-31": "", "2016-12-31": "", "2015-12-31": "", "2014-12-31": "32.58100", "2013-12-31": "35.82800", "2012-12-31": "44.03300", "2011-12-31": "42.83700", "2010-12-31": "38.21500", "2009-12-31": "41.77500", "2008-12-31": "49.72400", "2007-12-31": "43.61000", "2006-12-31": "33.18200", "2005-12-31": "24.19800"}, "Inventory": {"2019-12-31": "", "2018-12-31": "", "2017-12-31": "", "2016-12-31": "", "2015-12-31": "", "2014-12-31": "", "2013-12-31": "", "2012-12-31": "", "2011-12-31": "", "2010-12-31": "", "2009-12-31": "", "2008-12-31": "", "2007-12-31": "", "2006-12-31": "", "2005-12-31": ""}, "Pre-Paid Expenses": {"2019-12-31": "", "2018-12-31": "", "2017-12-31": "", "2016-12-31": "", "2015-12-31": "", "2014-12-31": "", "2013-12-31": "", "2012-12-31": "", "2011-12-31": "", "2010-12-31": "", "2009-12-31": "", "2008-12-31": "", "2007-12-31": "", "2006-12-31": "", "2005-12-31": ""}, "Other Current Assets": {"2019-12-31": "", "2018-12-31": "", "2017-12-31": "", "2016-12-31": "", "2015-12-31": "", "2014-12-31": "", "2013-12-31": "", "2012-12-31": "", "2011-12-31": "", "2010-12-31": "", "2009-12-31": "", "2008-12-31": "", "2007-12-31": "", "2006-12-31": "", "2005-12-31": ""}, "Total Current Assets": {"2019-12-31": "7582.59200", "2018-12-31": "4771.40200", "2017-12-31": "2697.37400", "2016-12-31": "1723.79700", "2015-12-31": "1131.66600", "2014-12-31": "633.66800", "2013-12-31": "638.71800", "2012-12-31": "450.34200", "2011-12-31": "452.36100", "2010-12-31": "425.38500", "2009-12-31": "762.73910", "2008-12-31": "481.64000", "2007-12-31": "282.53700", "2006-12-31": "80.38200", "2005-12-31": "88.49900"}, "Property, Plant, And Equipment": {"2019-12-31": "", "2018-12-31": "", "2017-12-31": "", "2016-12-31": "", "2015-12-31": "", "2014-12-31": "", "2013-12-31": "", "2012-12-31": "", "2011-12-31": "", "2010-12-31": "10.73200", "2009-12-31": "10.99800", "2008-12-31": "11.33700", "2007-12-31": "11.61100", "2006-12-31": "11.78900", "2005-12-31": "29.39800"}, "Long-Term Investments": {"2019-12-31": "", "2018-12-31": "", "2017-12-31": "", "2016-12-31": "", "2015-12-31": "", "2014-12-31": "", "2013-12-31": "", "2012-12-31": "", "2011-12-31": "", "2010-12-31": "", "2009-12-31": "", "2008-12-31": "", "2007-12-31": "", "2006-12-31": "", "2005-12-31": ""}, "Goodwill And Intangible Assets": {"2019-12-31": "", "2018-12-31": "", "2017-12-31": "", "2016-12-31": "", "2015-12-31": "", "2014-12-31": "7.18900", "2013-12-31": "7.18900", "2012-12-31": "7.18900", "2011-12-31": "7.18900", "2010-12-31": "7.18900", "2009-12-31": "7.18900", "2008-12-31": "7.18900", "2007-12-31": "7.18900", "2006-12-31": "7.18900", "2005-12-31": "7.18900"}, "Other Long-Term Assets": {"2019-12-31": "5984.77200", "2018-12-31": "7648.92500", "2017-12-31": "8257.35900", "2016-12-31": "10760.23000", "2015-12-31": "12030.88000", "2014-12-31": "11713.89000", "2013-12-31": "11826.00000", "2012-12-31": "13060.02000", "2011-12-31": "11291.08000", "2010-12-31": "8244.10100", "2009-12-31": "8846.28300", "2008-12-31": "10141.25000", "2007-12-31": "8304.52100", "2006-12-31": "6344.60700", "2005-12-31": "5721.83100"}, "Total Long-Term Assets": {"2019-12-31": "5984.77200", "2018-12-31": "7648.92500", "2017-12-31": "8257.35900", "2016-12-31": "10760.23000", "2015-12-31": "12030.88000", "2014-12-31": "11721.08000", "2013-12-31": "11833.19000", "2012-12-31": "13067.21000", "2011-12-31": "11298.27000", "2010-12-31": "8262.02100", "2009-12-31": "8864.47000", "2008-12-31": "10159.78000", "2007-12-31": "8323.32100", "2006-12-31": "6363.58500", "2005-12-31": "5758.41700"}, "Total Assets": {"2019-12-31": "13567.36000", "2018-12-31": "12420.33000", "2017-12-31": "10954.73000", "2016-12-31": "12484.02000", "2015-12-31": "13162.55000", "2014-12-31": "12354.74000", "2013-12-31": "12471.91000", "2012-12-31": "13517.55000", "2011-12-31": "11750.63000", "2010-12-31": "8687.40700", "2009-12-31": "9627.20900", "2008-12-31": "10641.42000", "2007-12-31": "8605.85900", "2006-12-31": "6443.96700", "2005-12-31": "5846.91700"}, "Total Current Liabilities": {"2019-12-31": "", "2018-12-31": "", "2017-12-31": "", "2016-12-31": "", "2015-12-31": "", "2014-12-31": "24.67800", "2013-12-31": "38.55200", "2012-12-31": "29.69400", "2011-12-31": "18.99300", "2010-12-31": "17.57600", "2009-12-31": "25.22800", "2008-12-31": "29.89700", "2007-12-31": "25.27900", "2006-12-31": "26.30000", "2005-12-31": "59.67300"}, "Long Term Debt": {"2019-12-31": "9139.82100", "2018-12-31": "7879.08700", "2017-12-31": "6614.70100", "2016-12-31": "8687.26800", "2015-12-31": "9484.31900", "2014-12-31": "8477.96200", "2013-12-31": "8805.50200", "2012-12-31": "9499.28800", "2011-12-31": "8688.68000", "2010-12-31": "6213.20200", "2009-12-31": "7204.97000", "2008-12-31": "9048.14500", "2007-12-31": "7535.47600", "2006-12-31": "5732.31700", "2005-12-31": "5122.08400"}, "Other Non-Current Liabilities": {"2019-12-31": "1043.59100", "2018-12-31": "1125.13900", "2017-12-31": "1078.39700", "2016-12-31": "762.85200", "2015-12-31": "710.97100", "2014-12-31": "648.83200", "2013-12-31": "485.60300", "2012-12-31": "677.56250", "2011-12-31": "545.20210", "2010-12-31": "206.18210", "2009-12-31": "228.74850", "2008-12-31": "306.29980", "2007-12-31": "117.84080", "2006-12-31": "6.79200", "2005-12-31": "4.05810"}, "Total Long Term Liabilities": {"2019-12-31": "10183.41000", "2018-12-31": "9004.22600", "2017-12-31": "7693.09800", "2016-12-31": "9450.11900", "2015-12-31": "10195.29000", "2014-12-31": "9126.79400", "2013-12-31": "9291.10400", "2012-12-31": "10176.85000", "2011-12-31": "9233.88200", "2010-12-31": "6419.38400", "2009-12-31": "7433.71900", "2008-12-31": "9354.44400", "2007-12-31": "7653.31700", "2006-12-31": "5739.10900", "2005-12-31": "5126.14200"}, "Total Liabilities": {"2019-12-31": "10183.41000", "2018-12-31": "9004.22600", "2017-12-31": "7693.09800", "2016-12-31": "9450.12000", "2015-12-31": "10195.29000", "2014-12-31": "9151.47200", "2013-12-31": "9329.65700", "2012-12-31": "10206.54000", "2011-12-31": "9252.87400", "2010-12-31": "6436.96000", "2009-12-31": "7458.94700", "2008-12-31": "9384.34200", "2007-12-31": "7678.59600", "2006-12-31": "5765.40900", "2005-12-31": "5185.81500"}, "Common Stock Net": {"2019-12-31": "4.52400", "2018-12-31": "4.49800", "2017-12-31": "3.97800", "2016-12-31": "3.71900", "2015-12-31": "3.70600", "2014-12-31": "3.70100", "2013-12-31": "3.65100", "2012-12-31": "3.57500", "2011-12-31": "3.56100", "2010-12-31": "2.80500", "2009-12-31": "2.80100", "2008-12-31": "2.19500", "2007-12-31": "1.22900", "2006-12-31": "0.80700", "2005-12-31": "0.80100"}, "Retained Earnings (Accumulated Deficit)": {"2019-12-31": "-631.04000", "2018-12-31": "-632.04000", "2017-12-31": "-578.95000", "2016-12-31": "-572.64100", "2015-12-31": "-572.33200", "2014-12-31": "-568.59600", "2013-12-31": "-571.54400", "2012-12-31": "-260.30800", "2011-12-31": "-243.06100", "2010-12-31": "-191.56900", "2009-12-31": "-202.18900", "2008-12-31": "-210.81500", "2007-12-31": "-89.26300", "2006-12-31": "-68.63700", "2005-12-31": "-52.31500"}, "Comprehensive Income": {"2019-12-31": "370.04700", "2018-12-31": "420.28800", "2017-12-31": "609.22400", "2016-12-31": "573.68200", "2015-12-31": "515.85100", "2014-12-31": "754.45300", "2013-12-31": "737.69500", "2012-12-31": "761.97700", "2011-12-31": "-58.70300", "2010-12-31": "254.68000", "2009-12-31": "187.00700", "2008-12-31": "-310.27400", "2007-12-31": "-70.50100", "2006-12-31": "-30.39300", "2005-12-31": "-58.21100"}, "Other Share Holders Equity": {"2019-12-31": "", "2018-12-31": "", "2017-12-31": "", "2016-12-31": "", "2015-12-31": "", "2014-12-31": "", "2013-12-31": "", "2012-12-31": "", "2011-12-31": "", "2010-12-31": "", "2009-12-31": "", "2008-12-31": "", "2007-12-31": "", "2006-12-31": "", "2005-12-31": ""}, "Share Holder Equity": {"2019-12-31": "3383.95200", "2018-12-31": "3416.10100", "2017-12-31": "3261.63600", "2016-12-31": "3033.90200", "2015-12-31": "2967.26100", "2014-12-31": "3203.27200", "2013-12-31": "3142.25100", "2012-12-31": "3311.00600", "2011-12-31": "2497.76000", "2010-12-31": "2250.44700", "2009-12-31": "2168.26200", "2008-12-31": "1257.07700", "2007-12-31": "927.26300", "2006-12-31": "678.55800", "2005-12-31": "661.10200"}, "Total Liabilities And Share Holders Equity": {"2019-12-31": "13567.36000", "2018-12-31": "12420.33000", "2017-12-31": "10954.73000", "2016-12-31": "12484.02000", "2015-12-31": "13162.55000", "2014-12-31": "12354.74000", "2013-12-31": "12471.91000", "2012-12-31": "13517.55000", "2011-12-31": "11750.63000", "2010-12-31": "8687.40700", "2009-12-31": "9627.20900", "2008-12-31": "10641.42000", "2007-12-31": "8605.85900", "2006-12-31": "6443.96700", "2005-12-31": "5846.91700"}}, "balance sheet, quarterly": {"Cash On Hand": {"2020-09-30": "889.47400", "2020-06-30": "673.85200", "2020-03-31": "333.36700", "2019-12-31": "134.66400", "2019-09-30": "193.19100", "2019-06-30": "119.71700", "2019-03-31": "118.57800", "2018-12-31": "88.70900", "2018-09-30": "110.67500", "2018-06-30": "58.17800", "2018-03-31": "221.78600", "2017-12-31": "463.74300", "2017-09-30": "623.61300", "2017-06-30": "757.32300", "2017-03-31": "432.55200", "2016-12-31": "318.57500", "2016-09-30": "411.35400", "2016-06-30": "325.84900", "2016-03-31": "269.91200", "2015-12-31": "236.54500", "2015-09-30": "284.15700", "2015-06-30": "286.54900", "2015-03-31": "262.00400", "2014-12-31": "249.69200", "2014-09-30": "467.64200", "2014-06-30": "398.14900", "2014-03-31": "300.81100", "2013-12-31": "602.89000", "2013-09-30": "563.12700", "2013-06-30": "451.30200", "2013-03-31": "606.58700", "2012-12-31": "406.30900", "2012-09-30": "457.45500", "2012-06-30": "602.38490", "2012-03-31": "387.62600", "2011-12-31": "409.52400", "2011-09-30": "443.52400", "2011-06-30": "526.22100", "2011-03-31": "663.98800", "2010-12-31": "387.17000", "2010-09-30": "312.13800", "2010-06-30": "574.93600", "2010-03-31": "808.04300", "2009-12-31": "720.96410", "2009-09-30": "530.70400", "2009-06-30": "322.42200", "2009-03-31": "484.38600", "2008-12-31": "431.91600", "2008-09-30": "438.53000", "2008-06-30": "232.24400", "2008-03-31": "372.82200", "2007-12-31": "238.92700", "2007-09-30": "206.39500", "2007-06-30": "54.32900", "2007-03-31": "53.69700", "2006-12-31": "47.20000", "2006-09-30": "53.14300", "2006-06-30": "54.87900", "2006-03-31": "74.94400", "2005-12-31": "64.30100", "2005-09-30": "132.83400", "2005-06-30": "91.98200", "2005-03-31": "77.54700"}, "Receivables": {"2020-09-30": "", "2020-06-30": "", "2020-03-31": "", "2019-12-31": "", "2019-09-30": "", "2019-06-30": "", "2019-03-31": "", "2018-12-31": "", "2018-09-30": "", "2018-06-30": "", "2018-03-31": "", "2017-12-31": "", "2017-09-30": "", "2017-06-30": "", "2017-03-31": "", "2016-12-31": "", "2016-09-30": "", "2016-06-30": "", "2016-03-31": "", "2015-12-31": "", "2015-09-30": "30.11500", "2015-06-30": "31.26300", "2015-03-31": "32.88500", "2014-12-31": "32.58100", "2014-09-30": "32.49900", "2014-06-30": "34.67300", "2014-03-31": "36.68000", "2013-12-31": "35.82800", "2013-09-30": "37.80400", "2013-06-30": "40.87500", "2013-03-31": "42.10600", "2012-12-31": "44.03300", "2012-09-30": "44.98000", "2012-06-30": "44.56900", "2012-03-31": "42.67000", "2011-12-31": "42.83700", "2011-09-30": "44.34000", "2011-06-30": "46.64800", "2011-03-31": "43.93100", "2010-12-31": "38.21500", "2010-09-30": "34.29700", "2010-06-30": "34.64100", "2010-03-31": "35.09900", "2009-12-31": "41.77500", "2009-09-30": "44.64600", "2009-06-30": "45.54900", "2009-03-31": "48.13900", "2008-12-31": "49.72400", "2008-09-30": "51.31800", "2008-06-30": "50.78700", "2008-03-31": "42.15400", "2007-12-31": "43.61000", "2007-09-30": "36.01200", "2007-06-30": "36.35200", "2007-03-31": "33.43700", "2006-12-31": "33.18200", "2006-09-30": "24.11500", "2006-06-30": "16.42400", "2006-03-31": "20.15600", "2005-12-31": "24.19800", "2005-09-30": "25.75300", "2005-06-30": "27.86400", "2005-03-31": "27.40700"}, "Inventory": {"2020-09-30": "", "2020-06-30": "", "2020-03-31": "", "2019-12-31": "", "2019-09-30": "", "2019-06-30": "", "2019-03-31": "", "2018-12-31": "", "2018-09-30": "", "2018-06-30": "", "2018-03-31": "", "2017-12-31": "", "2017-09-30": "", "2017-06-30": "", "2017-03-31": "", "2016-12-31": "", "2016-09-30": "", "2016-06-30": "", "2016-03-31": "", "2015-12-31": "", "2015-09-30": "", "2015-06-30": "", "2015-03-31": "", "2014-12-31": "", "2014-09-30": "", "2014-06-30": "", "2014-03-31": "", "2013-12-31": "", "2013-09-30": "", "2013-06-30": "", "2013-03-31": "", "2012-12-31": "", "2012-09-30": "", "2012-06-30": "", "2012-03-31": "", "2011-12-31": "", "2011-09-30": "", "2011-06-30": "", "2011-03-31": "", "2010-12-31": "", "2010-09-30": "", "2010-06-30": "", "2010-03-31": "", "2009-12-31": "", "2009-09-30": "", "2009-06-30": "", "2009-03-31": "", "2008-12-31": "", "2008-09-30": "", "2008-06-30": "", "2008-03-31": "", "2007-12-31": "", "2007-09-30": "", "2007-06-30": "", "2007-03-31": "", "2006-12-31": "", "2006-09-30": "", "2006-06-30": "", "2006-03-31": "", "2005-12-31": "", "2005-09-30": "", "2005-06-30": "", "2005-03-31": ""}, "Pre-Paid Expenses": {"2020-09-30": "", "2020-06-30": "", "2020-03-31": "", "2019-12-31": "", "2019-09-30": "", "2019-06-30": "", "2019-03-31": "", "2018-12-31": "", "2018-09-30": "", "2018-06-30": "", "2018-03-31": "", "2017-12-31": "", "2017-09-30": "", "2017-06-30": "", "2017-03-31": "", "2016-12-31": "", "2016-09-30": "", "2016-06-30": "", "2016-03-31": "", "2015-12-31": "", "2015-09-30": "", "2015-06-30": "", "2015-03-31": "", "2014-12-31": "", "2014-09-30": "", "2014-06-30": "", "2014-03-31": "", "2013-12-31": "", "2013-09-30": "", "2013-06-30": "", "2013-03-31": "", "2012-12-31": "", "2012-09-30": "", "2012-06-30": "", "2012-03-31": "", "2011-12-31": "", "2011-09-30": "", "2011-06-30": "", "2011-03-31": "", "2010-12-31": "", "2010-09-30": "", "2010-06-30": "", "2010-03-31": "", "2009-12-31": "", "2009-09-30": "", "2009-06-30": "", "2009-03-31": "", "2008-12-31": "", "2008-09-30": "", "2008-06-30": "", "2008-03-31": "", "2007-12-31": "", "2007-09-30": "", "2007-06-30": "", "2007-03-31": "", "2006-12-31": "", "2006-09-30": "", "2006-06-30": "", "2006-03-31": "", "2005-12-31": "", "2005-09-30": "", "2005-06-30": "", "2005-03-31": ""}, "Other Current Assets": {"2020-09-30": "", "2020-06-30": "", "2020-03-31": "", "2019-12-31": "", "2019-09-30": "", "2019-06-30": "", "2019-03-31": "", "2018-12-31": "", "2018-09-30": "", "2018-06-30": "", "2018-03-31": "", "2017-12-31": "", "2017-09-30": "", "2017-06-30": "", "2017-03-31": "", "2016-12-31": "", "2016-09-30": "", "2016-06-30": "", "2016-03-31": "", "2015-12-31": "", "2015-09-30": "", "2015-06-30": "", "2015-03-31": "", "2014-12-31": "", "2014-09-30": "", "2014-06-30": "", "2014-03-31": "", "2013-12-31": "", "2013-09-30": "", "2013-06-30": "", "2013-03-31": "", "2012-12-31": "", "2012-09-30": "", "2012-06-30": "", "2012-03-31": "", "2011-12-31": "", "2011-09-30": "", "2011-06-30": "", "2011-03-31": "", "2010-12-31": "", "2010-09-30": "", "2010-06-30": "", "2010-03-31": "", "2009-12-31": "", "2009-09-30": "", "2009-06-30": "", "2009-03-31": "", "2008-12-31": "", "2008-09-30": "", "2008-06-30": "", "2008-03-31": "", "2007-12-31": "", "2007-09-30": "", "2007-06-30": "", "2007-03-31": "", "2006-12-31": "", "2006-09-30": "", "2006-06-30": "", "2006-03-31": "", "2005-12-31": "", "2005-09-30": "", "2005-06-30": "", "2005-03-31": ""}, "Total Current Assets": {"2020-09-30": "6612.94300", "2020-06-30": "6687.95200", "2020-03-31": "7511.20100", "2019-12-31": "7585.61700", "2019-09-30": "6615.77400", "2019-06-30": "6037.51400", "2019-03-31": "5355.06100", "2018-12-31": "4771.40200", "2018-09-30": "4031.60700", "2018-06-30": "3467.40600", "2018-03-31": "2877.28200", "2017-12-31": "2697.37400", "2017-09-30": "2366.34700", "2017-06-30": "2401.91200", "2017-03-31": "1781.41900", "2016-12-31": "1723.79700", "2016-09-30": "1759.16800", "2016-06-30": "1402.60300", "2016-03-31": "1293.50700", "2015-12-31": "1131.66600", "2015-09-30": "1091.70300", "2015-06-30": "747.07500", "2015-03-31": "682.17300", "2014-12-31": "633.66800", "2014-09-30": "500.14100", "2014-06-30": "432.82200", "2014-03-31": "337.49100", "2013-12-31": "638.71800", "2013-09-30": "600.93100", "2013-06-30": "492.17700", "2013-03-31": "648.69310", "2012-12-31": "450.34200", "2012-09-30": "502.43500", "2012-06-30": "646.95400", "2012-03-31": "430.29600", "2011-12-31": "452.36100", "2011-09-30": "487.86400", "2011-06-30": "572.86900", "2011-03-31": "707.91890", "2010-12-31": "425.38500", "2010-09-30": "346.43500", "2010-06-30": "609.57700", "2010-03-31": "843.14200", "2009-12-31": "762.73910", "2009-09-30": "575.35000", "2009-06-30": "367.97100", "2009-03-31": "532.52500", "2008-12-31": "481.64000", "2008-09-30": "489.84800", "2008-06-30": "283.03100", "2008-03-31": "414.97600", "2007-12-31": "282.53700", "2007-09-30": "242.40700", "2007-06-30": "90.68100", "2007-03-31": "87.13400", "2006-12-31": "80.38200", "2006-09-30": "77.25800", "2006-06-30": "71.30300", "2006-03-31": "95.10000", "2005-12-31": "88.49900", "2005-09-30": "158.58700", "2005-06-30": "119.84600", "2005-03-31": "104.95400"}, "Property, Plant, And Equipment": {"2020-09-30": "", "2020-06-30": "", "2020-03-31": "", "2019-12-31": "", "2019-09-30": "", "2019-06-30": "", "2019-03-31": "", "2018-12-31": "", "2018-09-30": "", "2018-06-30": "", "2018-03-31": "", "2017-12-31": "", "2017-09-30": "", "2017-06-30": "", "2017-03-31": "", "2016-12-31": "", "2016-09-30": "", "2016-06-30": "", "2016-03-31": "", "2015-12-31": "", "2015-09-30": "", "2015-06-30": "", "2015-03-31": "", "2014-12-31": "", "2014-09-30": "", "2014-06-30": "", "2014-03-31": "", "2013-12-31": "", "2013-09-30": "", "2013-06-30": "", "2013-03-31": "", "2012-12-31": "", "2012-09-30": "", "2012-06-30": "", "2012-03-31": "", "2011-12-31": "", "2011-09-30": "10.65100", "2011-06-30": "10.64200", "2011-03-31": "10.65600", "2010-12-31": "10.73200", "2010-09-30": "10.80200", "2010-06-30": "10.88300", "2010-03-31": "10.95400", "2009-12-31": "10.99800", "2009-09-30": "11.07400", "2009-06-30": "11.18800", "2009-03-31": "11.26400", "2008-12-31": "11.33700", "2008-09-30": "11.41000", "2008-06-30": "", "2008-03-31": "11.54300", "2007-12-31": "11.61100", "2007-09-30": "11.68500", "2007-06-30": "11.69300", "2007-03-31": "11.72400", "2006-12-31": "11.78900", "2006-09-30": "11.86000", "2006-06-30": "11.92100", "2006-03-31": "20.74800", "2005-12-31": "29.39800", "2005-09-30": "", "2005-06-30": "", "2005-03-31": ""}, "Long-Term Investments": {"2020-09-30": "", "2020-06-30": "", "2020-03-31": "", "2019-12-31": "", "2019-09-30": "", "2019-06-30": "", "2019-03-31": "", "2018-12-31": "", "2018-09-30": "", "2018-06-30": "", "2018-03-31": "", "2017-12-31": "", "2017-09-30": "", "2017-06-30": "", "2017-03-31": "", "2016-12-31": "", "2016-09-30": "", "2016-06-30": "", "2016-03-31": "", "2015-12-31": "", "2015-09-30": "", "2015-06-30": "", "2015-03-31": "", "2014-12-31": "", "2014-09-30": "", "2014-06-30": "", "2014-03-31": "", "2013-12-31": "", "2013-09-30": "", "2013-06-30": "", "2013-03-31": "", "2012-12-31": "", "2012-09-30": "", "2012-06-30": "", "2012-03-31": "", "2011-12-31": "", "2011-09-30": "", "2011-06-30": "", "2011-03-31": "", "2010-12-31": "", "2010-09-30": "", "2010-06-30": "", "2010-03-31": "", "2009-12-31": "", "2009-09-30": "", "2009-06-30": "", "2009-03-31": "", "2008-12-31": "", "2008-09-30": "", "2008-06-30": "", "2008-03-31": "", "2007-12-31": "", "2007-09-30": "", "2007-06-30": "", "2007-03-31": "", "2006-12-31": "", "2006-09-30": "", "2006-06-30": "", "2006-03-31": "", "2005-12-31": "", "2005-09-30": "", "2005-06-30": "", "2005-03-31": ""}, "Goodwill And Intangible Assets": {"2020-09-30": "", "2020-06-30": "", "2020-03-31": "", "2019-12-31": "", "2019-09-30": "", "2019-06-30": "", "2019-03-31": "", "2018-12-31": "", "2018-09-30": "", "2018-06-30": "", "2018-03-31": "", "2017-12-31": "", "2017-09-30": "", "2017-06-30": "", "2017-03-31": "", "2016-12-31": "", "2016-09-30": "", "2016-06-30": "", "2016-03-31": "", "2015-12-31": "", "2015-09-30": "7.18900", "2015-06-30": "7.18900", "2015-03-31": "7.18900", "2014-12-31": "7.18900", "2014-09-30": "7.18900", "2014-06-30": "7.18900", "2014-03-31": "7.18900", "2013-12-31": "7.18900", "2013-09-30": "7.18900", "2013-06-30": "7.18900", "2013-03-31": "7.18900", "2012-12-31": "7.18900", "2012-09-30": "7.18900", "2012-06-30": "7.18900", "2012-03-31": "7.18900", "2011-12-31": "7.18900", "2011-09-30": "7.18900", "2011-06-30": "7.18900", "2011-03-31": "7.18900", "2010-12-31": "7.18900", "2010-09-30": "7.18900", "2010-06-30": "7.18900", "2010-03-31": "7.18900", "2009-12-31": "7.18900", "2009-09-30": "7.18900", "2009-06-30": "7.18900", "2009-03-31": "7.18900", "2008-12-31": "7.18900", "2008-09-30": "7.18900", "2008-06-30": "7.18900", "2008-03-31": "7.18900", "2007-12-31": "7.18900", "2007-09-30": "7.18900", "2007-06-30": "7.18900", "2007-03-31": "7.18900", "2006-12-31": "7.18900", "2006-09-30": "7.18900", "2006-06-30": "7.18900", "2006-03-31": "7.18900", "2005-12-31": "7.18900", "2005-09-30": "7.18900", "2005-06-30": "7.18900", "2005-03-31": "7.18900"}, "Other Long-Term Assets": {"2020-09-30": "870.31600", "2020-06-30": "879.45610", "2020-03-31": "3619.13600", "2019-12-31": "5981.74700", "2019-09-30": "6489.04700", "2019-06-30": "7170.57800", "2019-03-31": "7446.55200", "2018-12-31": "7648.92500", "2018-09-30": "7750.38600", "2018-06-30": "7177.35700", "2018-03-31": "7737.93000", "2017-12-31": "8257.35900", "2017-09-30": "8737.11200", "2017-06-30": "9134.90400", "2017-03-31": "10118.69000", "2016-12-31": "10760.23000", "2016-09-30": "10992.22000", "2016-06-30": "11424.95000", "2016-03-31": "11550.93000", "2015-12-31": "12030.88000", "2015-09-30": "12285.51000", "2015-06-30": "12900.62000", "2015-03-31": "13212.39000", "2014-12-31": "11713.89000", "2014-09-30": "11735.45000", "2014-06-30": "12210.85000", "2014-03-31": "12448.31000", "2013-12-31": "11826.00000", "2013-09-30": "11990.43000", "2013-06-30": "12697.35000", "2013-03-31": "12996.87000", "2012-12-31": "13060.02000", "2012-09-30": "13225.54000", "2012-06-30": "12237.48000", "2012-03-31": "12014.24000", "2011-12-31": "11291.08000", "2011-09-30": "11489.06000", "2011-06-30": "11336.35000", "2011-03-31": "10710.59000", "2010-12-31": "8244.10100", "2010-09-30": "8113.57800", "2010-06-30": "8056.68500", "2010-03-31": "7573.42800", "2009-12-31": "8846.28300", "2009-09-30": "9405.38900", "2009-06-30": "9419.84600", "2009-03-31": "9966.74000", "2008-12-31": "10141.25000", "2008-09-30": "10270.61000", "2008-06-30": "10519.25000", "2008-03-31": "8118.05700", "2007-12-31": "8304.52100", "2007-09-30": "6878.81100", "2007-06-30": "7013.26300", "2007-03-31": "6389.84700", "2006-12-31": "6344.60700", "2006-09-30": "4617.77900", "2006-06-30": "3445.51800", "2006-03-31": "4547.81100", "2005-12-31": "5721.83100", "2005-09-30": "6342.78200", "2005-06-30": "7000.47300", "2005-03-31": "6972.81800"}, "Total Long-Term Assets": {"2020-09-30": "870.31600", "2020-06-30": "879.45610", "2020-03-31": "3619.13600", "2019-12-31": "5981.74700", "2019-09-30": "6489.04700", "2019-06-30": "7170.57800", "2019-03-31": "7446.55200", "2018-12-31": "7648.92500", "2018-09-30": "7750.38600", "2018-06-30": "7177.35700", "2018-03-31": "7737.93000", "2017-12-31": "8257.35900", "2017-09-30": "8737.11200", "2017-06-30": "9134.90400", "2017-03-31": "10118.69000", "2016-12-31": "10760.23000", "2016-09-30": "10992.22000", "2016-06-30": "11424.95000", "2016-03-31": "11550.93000", "2015-12-31": "12030.88000", "2015-09-30": "12292.70000", "2015-06-30": "12907.81000", "2015-03-31": "13219.58000", "2014-12-31": "11721.08000", "2014-09-30": "11742.64000", "2014-06-30": "12218.04000", "2014-03-31": "12455.50000", "2013-12-31": "11833.19000", "2013-09-30": "11997.62000", "2013-06-30": "12704.54000", "2013-03-31": "13004.06000", "2012-12-31": "13067.21000", "2012-09-30": "13232.73000", "2012-06-30": "12244.67000", "2012-03-31": "12021.43000", "2011-12-31": "11298.27000", "2011-09-30": "11506.90000", "2011-06-30": "11354.18000", "2011-03-31": "10728.44000", "2010-12-31": "8262.02100", "2010-09-30": "8131.56900", "2010-06-30": "8074.75700", "2010-03-31": "7591.57100", "2009-12-31": "8864.47000", "2009-09-30": "9423.65100", "2009-06-30": "9438.22300", "2009-03-31": "9985.19300", "2008-12-31": "10159.78000", "2008-09-30": "10289.21000", "2008-06-30": "10526.44000", "2008-03-31": "8136.78900", "2007-12-31": "8323.32100", "2007-09-30": "6897.68500", "2007-06-30": "7032.14500", "2007-03-31": "6408.76000", "2006-12-31": "6363.58500", "2006-09-30": "4636.82800", "2006-06-30": "3464.62800", "2006-03-31": "4575.74800", "2005-12-31": "5758.41700", "2005-09-30": "6349.97100", "2005-06-30": "7007.66200", "2005-03-31": "6980.00700"}, "Total Assets": {"2020-09-30": "7483.25900", "2020-06-30": "7567.40800", "2020-03-31": "11130.34000", "2019-12-31": "13567.36000", "2019-09-30": "13104.82000", "2019-06-30": "13208.09000", "2019-03-31": "12801.61000", "2018-12-31": "12420.33000", "2018-09-30": "11781.99000", "2018-06-30": "10644.76000", "2018-03-31": "10615.21000", "2017-12-31": "10954.73000", "2017-09-30": "11103.46000", "2017-06-30": "11536.82000", "2017-03-31": "11900.11000", "2016-12-31": "12484.02000", "2016-09-30": "12751.39000", "2016-06-30": "12827.55000", "2016-03-31": "12844.44000", "2015-12-31": "13162.55000", "2015-09-30": "13384.40000", "2015-06-30": "13654.88000", "2015-03-31": "13901.75000", "2014-12-31": "12354.74000", "2014-09-30": "12242.78000", "2014-06-30": "12650.86000", "2014-03-31": "12792.99000", "2013-12-31": "12471.91000", "2013-09-30": "12598.55000", "2013-06-30": "13196.71000", "2013-03-31": "13652.75000", "2012-12-31": "13517.55000", "2012-09-30": "13735.17000", "2012-06-30": "12891.62000", "2012-03-31": "12451.72000", "2011-12-31": "11750.63000", "2011-09-30": "11994.76000", "2011-06-30": "11927.05000", "2011-03-31": "11436.36000", "2010-12-31": "8687.40700", "2010-09-30": "8478.00400", "2010-06-30": "8684.33400", "2010-03-31": "8434.71300", "2009-12-31": "9627.20900", "2009-09-30": "9999.00200", "2009-06-30": "9806.19400", "2009-03-31": "10517.72000", "2008-12-31": "10641.42000", "2008-09-30": "10779.05000", "2008-06-30": "10809.47000", "2008-03-31": "8551.76500", "2007-12-31": "8605.85900", "2007-09-30": "7140.09200", "2007-06-30": "7122.82600", "2007-03-31": "6495.89400", "2006-12-31": "6443.96700", "2006-09-30": "4714.08600", "2006-06-30": "3535.93100", "2006-03-31": "4670.84800", "2005-12-31": "5846.91700", "2005-09-30": "6508.55800", "2005-06-30": "7127.50800", "2005-03-31": "7084.96100"}, "Total Current Liabilities": {"2020-09-30": "", "2020-06-30": "", "2020-03-31": "", "2019-12-31": "", "2019-09-30": "", "2019-06-30": "", "2019-03-31": "", "2018-12-31": "", "2018-09-30": "", "2018-06-30": "", "2018-03-31": "", "2017-12-31": "", "2017-09-30": "", "2017-06-30": "", "2017-03-31": "", "2016-12-31": "", "2016-09-30": "", "2016-06-30": "", "2016-03-31": "", "2015-12-31": "", "2015-09-30": "34.91700", "2015-06-30": "73.51800", "2015-03-31": "18.79500", "2014-12-31": "24.67800", "2014-09-30": "55.04500", "2014-06-30": "99.51300", "2014-03-31": "47.22900", "2013-12-31": "38.55200", "2013-09-30": "37.94500", "2013-06-30": "26.58500", "2013-03-31": "23.73000", "2012-12-31": "29.69400", "2012-09-30": "24.25900", "2012-06-30": "20.89500", "2012-03-31": "17.48300", "2011-12-31": "18.99300", "2011-09-30": "152.55800", "2011-06-30": "23.60500", "2011-03-31": "13.19400", "2010-12-31": "17.57600", "2010-09-30": "15.75800", "2010-06-30": "13.79100", "2010-03-31": "12.54100", "2009-12-31": "25.22800", "2009-09-30": "20.70000", "2009-06-30": "21.04700", "2009-03-31": "20.00500", "2008-12-31": "29.89700", "2008-09-30": "27.51900", "2008-06-30": "25.88500", "2008-03-31": "37.29400", "2007-12-31": "25.27900", "2007-09-30": "22.91500", "2007-06-30": "28.77100", "2007-03-31": "23.60200", "2006-12-31": "26.30000", "2006-09-30": "31.16600", "2006-06-30": "27.29300", "2006-03-31": "38.24200", "2005-12-31": "59.67300", "2005-09-30": "71.34600", "2005-06-30": "59.37000", "2005-03-31": "47.24300"}, "Long Term Debt": {"2020-09-30": "4851.12100", "2020-06-30": "5011.35600", "2020-03-31": "7768.18000", "2019-12-31": "10031.61000", "2019-09-30": "8571.42200", "2019-06-30": "8630.64200", "2019-03-31": "8509.71300", "2018-12-31": "7879.08700", "2018-09-30": "7278.27000", "2018-06-30": "5892.22800", "2018-03-31": "6558.86000", "2017-12-31": "6614.70100", "2017-09-30": "6968.20600", "2017-06-30": "7137.59700", "2017-03-31": "8233.84500", "2016-12-31": "8687.26800", "2016-09-30": "8794.47900", "2016-06-30": "9134.80200", "2016-03-31": "9252.17200", "2015-12-31": "9484.31900", "2015-09-30": "9608.05100", "2015-06-30": "9797.35600", "2015-03-31": "10000.87000", "2014-12-31": "8477.96200", "2014-09-30": "8381.99900", "2014-06-30": "8698.14800", "2014-03-31": "8998.65500", "2013-12-31": "8805.50200", "2013-09-30": "9087.86400", "2013-06-30": "9453.03100", "2013-03-31": "9544.84100", "2012-12-31": "9499.28800", "2012-09-30": "9681.79700", "2012-06-30": "9329.66200", "2012-03-31": "8876.35400", "2011-12-31": "8688.68000", "2011-09-30": "8976.06900", "2011-06-30": "8932.29100", "2011-03-31": "8316.08000", "2010-12-31": "6213.20200", "2010-09-30": "5995.44700", "2010-06-30": "6274.22000", "2010-03-31": "6022.97600", "2009-12-31": "7204.97000", "2009-09-30": "7584.47100", "2009-06-30": "7961.15500", "2009-03-31": "8781.91000", "2008-12-31": "9048.14500", "2008-09-30": "9388.82000", "2008-06-30": "9319.56100", "2008-03-31": "7321.19200", "2007-12-31": "7535.47600", "2007-09-30": "6323.44600", "2007-06-30": "6389.01700", "2007-03-31": "5772.93000", "2006-12-31": "5732.31700", "2006-09-30": "4002.49300", "2006-06-30": "2851.65700", "2006-03-31": "3969.47700", "2005-12-31": "5122.08400", "2005-09-30": "5763.73400", "2005-06-30": "6346.39500", "2005-03-31": "6334.58100"}, "Other Non-Current Liabilities": {"2020-09-30": "66.48200", "2020-06-30": "35.00100", "2020-03-31": "921.48200", "2019-12-31": "151.80600", "2019-09-30": "1129.97300", "2019-06-30": "1174.07700", "2019-03-31": "887.36900", "2018-12-31": "1125.13900", "2018-09-30": "951.48300", "2018-06-30": "1545.92200", "2018-03-31": "820.92100", "2017-12-31": "1078.39700", "2017-09-30": "877.60200", "2017-06-30": "1124.57500", "2017-03-31": "610.31400", "2016-12-31": "762.85200", "2016-09-30": "923.47100", "2016-06-30": "745.07800", "2016-03-31": "730.62300", "2015-12-31": "710.97100", "2015-09-30": "689.65300", "2015-06-30": "638.34000", "2015-03-31": "673.92200", "2014-12-31": "648.83200", "2014-09-30": "551.98900", "2014-06-30": "577.90500", "2014-03-31": "542.51800", "2013-12-31": "485.60300", "2013-09-30": "399.21970", "2013-06-30": "552.59280", "2013-03-31": "818.63180", "2012-12-31": "677.56250", "2012-09-30": "789.95900", "2012-06-30": "785.26560", "2012-03-31": "792.39310", "2011-12-31": "545.20210", "2011-09-30": "224.91210", "2011-06-30": "215.39990", "2011-03-31": "218.68310", "2010-12-31": "206.18210", "2010-09-30": "175.84130", "2010-06-30": "168.16600", "2010-03-31": "154.13720", "2009-12-31": "228.74850", "2009-09-30": "178.55810", "2009-06-30": "173.41020", "2009-03-31": "256.23340", "2008-12-31": "306.29980", "2008-09-30": "58.61230", "2008-06-30": "65.15630", "2008-03-31": "141.58400", "2007-12-31": "117.84080", "2007-09-30": "27.89210", "2007-06-30": "0.73490", "2007-03-31": "4.70700", "2006-12-31": "6.79200", "2006-09-30": "0.41480", "2006-06-30": "", "2006-03-31": "", "2005-12-31": "4.05810", "2005-09-30": "", "2005-06-30": "", "2005-03-31": ""}, "Total Long Term Liabilities": {"2020-09-30": "4917.60300", "2020-06-30": "5046.35700", "2020-03-31": "8689.66200", "2019-12-31": "10183.41000", "2019-09-30": "9701.39500", "2019-06-30": "9804.71900", "2019-03-31": "9397.08200", "2018-12-31": "9004.22600", "2018-09-30": "8229.75300", "2018-06-30": "7438.15000", "2018-03-31": "7379.78100", "2017-12-31": "7693.09800", "2017-09-30": "7845.80800", "2017-06-30": "8262.17200", "2017-03-31": "8844.15900", "2016-12-31": "9450.11900", "2016-09-30": "9717.95000", "2016-06-30": "9879.88000", "2016-03-31": "9982.79500", "2015-12-31": "10195.29000", "2015-09-30": "10297.70000", "2015-06-30": "10435.70000", "2015-03-31": "10674.79000", "2014-12-31": "9126.79400", "2014-09-30": "8933.98800", "2014-06-30": "9276.05400", "2014-03-31": "9541.17300", "2013-12-31": "9291.10400", "2013-09-30": "9487.08400", "2013-06-30": "10005.62000", "2013-03-31": "10363.47000", "2012-12-31": "10176.85000", "2012-09-30": "10471.76000", "2012-06-30": "10114.93000", "2012-03-31": "9668.74800", "2011-12-31": "9233.88200", "2011-09-30": "9200.98100", "2011-06-30": "9147.69100", "2011-03-31": "8534.76400", "2010-12-31": "6419.38400", "2010-09-30": "6171.28800", "2010-06-30": "6442.38600", "2010-03-31": "6177.11300", "2009-12-31": "7433.71900", "2009-09-30": "7763.02900", "2009-06-30": "8134.56500", "2009-03-31": "9038.14400", "2008-12-31": "9354.44400", "2008-09-30": "9447.43300", "2008-06-30": "9384.71700", "2008-03-31": "7462.77600", "2007-12-31": "7653.31700", "2007-09-30": "6351.33800", "2007-06-30": "6389.75200", "2007-03-31": "5777.63700", "2006-12-31": "5739.10900", "2006-09-30": "4002.90800", "2006-06-30": "2851.65700", "2006-03-31": "3969.47700", "2005-12-31": "5126.14200", "2005-09-30": "5763.73400", "2005-06-30": "6346.39500", "2005-03-31": "6334.58100"}, "Total Liabilities": {"2020-09-30": "4917.60300", "2020-06-30": "5046.35700", "2020-03-31": "8689.66200", "2019-12-31": "10183.41000", "2019-09-30": "9701.39500", "2019-06-30": "9804.71900", "2019-03-31": "9397.08200", "2018-12-31": "9004.22600", "2018-09-30": "8229.75300", "2018-06-30": "7438.15000", "2018-03-31": "7379.78100", "2017-12-31": "7693.09800", "2017-09-30": "7845.80800", "2017-06-30": "8262.17200", "2017-03-31": "8844.15900", "2016-12-31": "9450.12000", "2016-09-30": "9717.95100", "2016-06-30": "9879.88000", "2016-03-31": "9982.79500", "2015-12-31": "10195.29000", "2015-09-30": "10332.62000", "2015-06-30": "10509.21000", "2015-03-31": "10693.58000", "2014-12-31": "9151.47200", "2014-09-30": "8989.03300", "2014-06-30": "9375.56700", "2014-03-31": "9588.40200", "2013-12-31": "9329.65700", "2013-09-30": "9525.02900", "2013-06-30": "10032.21000", "2013-03-31": "10387.20000", "2012-12-31": "10206.54000", "2012-09-30": "10496.01000", "2012-06-30": "10135.82000", "2012-03-31": "9686.23000", "2011-12-31": "9252.87400", "2011-09-30": "9353.53900", "2011-06-30": "9171.29600", "2011-03-31": "8547.95700", "2010-12-31": "6436.96000", "2010-09-30": "6187.04600", "2010-06-30": "6456.17700", "2010-03-31": "6189.65400", "2009-12-31": "7458.94700", "2009-09-30": "7783.72900", "2009-06-30": "8155.61200", "2009-03-31": "9058.14900", "2008-12-31": "9384.34200", "2008-09-30": "9474.95200", "2008-06-30": "9410.60200", "2008-03-31": "7500.07000", "2007-12-31": "7678.59600", "2007-09-30": "6374.25300", "2007-06-30": "6418.52300", "2007-03-31": "5801.23900", "2006-12-31": "5765.40900", "2006-09-30": "4034.07400", "2006-06-30": "2878.95000", "2006-03-31": "4007.71900", "2005-12-31": "5185.81500", "2005-09-30": "5835.08000", "2005-06-30": "6405.76500", "2005-03-31": "6381.82400"}, "Common Stock Net": {"2020-09-30": "4.53300", "2020-06-30": "4.53200", "2020-03-31": "4.53100", "2019-12-31": "4.52400", "2019-09-30": "4.51700", "2019-06-30": "4.50600", "2019-03-31": "4.50500", "2018-12-31": "4.49800", "2018-09-30": "4.49500", "2018-06-30": "3.98500", "2018-03-31": "3.98400", "2017-12-31": "3.97800", "2017-09-30": "3.96900", "2017-06-30": "3.96300", "2017-03-31": "3.72800", "2016-12-31": "3.71900", "2016-09-30": "3.71100", "2016-06-30": "3.71000", "2016-03-31": "3.71000", "2015-12-31": "3.70600", "2015-09-30": "3.70200", "2015-06-30": "3.70200", "2015-03-31": "3.70100", "2014-12-31": "3.70100", "2014-09-30": "3.68700", "2014-06-30": "3.67500", "2014-03-31": "3.66200", "2013-12-31": "3.65100", "2013-09-30": "3.65800", "2013-06-30": "3.62100", "2013-03-31": "3.58400", "2012-12-31": "3.57500", "2012-09-30": "3.57000", "2012-06-30": "3.56900", "2012-03-31": "3.56300", "2011-12-31": "3.56100", "2011-09-30": "3.55600", "2011-06-30": "3.55400", "2011-03-31": "3.55300", "2010-12-31": "2.80500", "2010-09-30": "2.80300", "2010-06-30": "2.80300", "2010-03-31": "2.80200", "2009-12-31": "2.80100", "2009-09-30": "2.80000", "2009-06-30": "2.22500", "2009-03-31": "2.22400", "2008-12-31": "2.19500", "2008-09-30": "2.06700", "2008-06-30": "1.97800", "2008-03-31": "1.51700", "2007-12-31": "1.22900", "2007-09-30": "0.96600", "2007-06-30": "0.82900", "2007-03-31": "0.80800", "2006-12-31": "0.80700", "2006-09-30": "0.79200", "2006-06-30": "0.79200", "2006-03-31": "0.79600", "2005-12-31": "0.80100", "2005-09-30": "0.82100", "2005-06-30": "0.82400", "2005-03-31": "0.82400"}, "Retained Earnings (Accumulated Deficit)": {"2020-09-30": "-1408.91000", "2020-06-30": "-1451.78300", "2020-03-31": "-1548.36100", "2019-12-31": "-631.04000", "2019-09-30": "-637.16100", "2019-06-30": "-638.39600", "2019-03-31": "-637.28600", "2018-12-31": "-632.04000", "2018-09-30": "-598.97100", "2018-06-30": "-592.21800", "2018-03-31": "-578.91300", "2017-12-31": "-578.95000", "2017-09-30": "-596.02200", "2017-06-30": "-576.48200", "2017-03-31": "-573.12700", "2016-12-31": "-572.64100", "2016-09-30": "-566.91700", "2016-06-30": "-571.70900", "2016-03-31": "-572.44500", "2015-12-31": "-572.33200", "2015-09-30": "-567.64900", "2015-06-30": "-569.05500", "2015-03-31": "-569.03100", "2014-12-31": "-568.59600", "2014-09-30": "-570.10600", "2014-06-30": "-571.42100", "2014-03-31": "-572.62700", "2013-12-31": "-571.54400", "2013-09-30": "-573.06500", "2013-06-30": "-457.58600", "2013-03-31": "-444.32400", "2012-12-31": "-260.30800", "2012-09-30": "-255.59100", "2012-06-30": "-256.28300", "2012-03-31": "-246.43300", "2011-12-31": "-243.06100", "2011-09-30": "-214.78500", "2011-06-30": "-206.89800", "2011-03-31": "-194.77300", "2010-12-31": "-191.56900", "2010-09-30": "-121.26100", "2010-06-30": "-142.90600", "2010-03-31": "-121.55200", "2009-12-31": "-202.18900", "2009-09-30": "-132.40000", "2009-06-30": "-141.29600", "2009-03-31": "-159.18200", "2008-12-31": "-210.81500", "2008-09-30": "-163.41000", "2008-06-30": "-171.69800", "2008-03-31": "-177.24600", "2007-12-31": "-89.26300", "2007-09-30": "-79.27200", "2007-06-30": "-59.24900", "2007-03-31": "-60.82700", "2006-12-31": "-68.63700", "2006-09-30": "-64.14200", "2006-06-30": "-65.17700", "2006-03-31": "-39.39200", "2005-12-31": "-52.31500", "2005-09-30": "-11.48100", "2005-06-30": "-5.32500", "2005-03-31": "-0.48900"}, "Comprehensive Income": {"2020-09-30": "45.25900", "2020-06-30": "45.71300", "2020-03-31": "77.70200", "2019-12-31": "370.04700", "2019-09-30": "401.85000", "2019-06-30": "411.78400", "2019-03-31": "414.59600", "2018-12-31": "420.28800", "2018-09-30": "526.36800", "2018-06-30": "564.71100", "2018-03-31": "582.73000", "2017-12-31": "609.22400", "2017-09-30": "630.22600", "2017-06-30": "632.38200", "2017-03-31": "594.66300", "2016-12-31": "573.68200", "2016-09-30": "573.53100", "2016-06-30": "493.72600", "2016-03-31": "410.41000", "2015-12-31": "515.85100", "2015-09-30": "598.29400", "2015-06-30": "694.58000", "2015-03-31": "758.82800", "2014-12-31": "754.45300", "2014-09-30": "817.53400", "2014-06-30": "851.03300", "2014-03-31": "792.18500", "2013-12-31": "737.69500", "2013-09-30": "665.66200", "2013-06-30": "668.90400", "2013-03-31": "892.37200", "2012-12-31": "761.97700", "2012-09-30": "686.44900", "2012-06-30": "206.18400", "2012-03-31": "210.85100", "2011-12-31": "-58.70300", "2011-09-30": "59.92400", "2011-06-30": "167.97200", "2011-03-31": "289.71400", "2010-12-31": "254.68000", "2010-09-30": "226.21500", "2010-06-30": "185.77800", "2010-03-31": "182.32000", "2009-12-31": "187.00700", "2009-09-30": "164.89300", "2009-06-30": "-3.70000", "2009-03-31": "-176.26200", "2008-12-31": "-310.27400", "2008-09-30": "-236.83500", "2008-06-30": "-75.06500", "2008-03-31": "-111.45600", "2007-12-31": "-70.50100", "2007-09-30": "-43.48600", "2007-06-30": "-30.62300", "2007-03-31": "-22.64400", "2006-12-31": "-30.39300", "2006-09-30": "-22.23700", "2006-06-30": "-44.11300", "2006-03-31": "-66.33300", "2005-12-31": "-58.21100", "2005-09-30": "-97.65500", "2005-06-30": "-57.44600", "2005-03-31": "-80.76200"}, "Other Share Holders Equity": {"2020-09-30": "", "2020-06-30": "", "2020-03-31": "", "2019-12-31": "", "2019-09-30": "", "2019-06-30": "", "2019-03-31": "", "2018-12-31": "", "2018-09-30": "", "2018-06-30": "", "2018-03-31": "", "2017-12-31": "", "2017-09-30": "", "2017-06-30": "", "2017-03-31": "", "2016-12-31": "", "2016-09-30": "", "2016-06-30": "", "2016-03-31": "", "2015-12-31": "", "2015-09-30": "", "2015-06-30": "", "2015-03-31": "", "2014-12-31": "", "2014-09-30": "", "2014-06-30": "", "2014-03-31": "", "2013-12-31": "", "2013-09-30": "", "2013-06-30": "", "2013-03-31": "", "2012-12-31": "", "2012-09-30": "", "2012-06-30": "", "2012-03-31": "", "2011-12-31": "", "2011-09-30": "", "2011-06-30": "", "2011-03-31": "", "2010-12-31": "", "2010-09-30": "", "2010-06-30": "", "2010-03-31": "", "2009-12-31": "", "2009-09-30": "", "2009-06-30": "", "2009-03-31": "", "2008-12-31": "", "2008-09-30": "", "2008-06-30": "", "2008-03-31": "", "2007-12-31": "", "2007-09-30": "", "2007-06-30": "", "2007-03-31": "", "2006-12-31": "", "2006-09-30": "", "2006-06-30": "", "2006-03-31": "", "2005-12-31": "", "2005-09-30": "", "2005-06-30": "", "2005-03-31": ""}, "Share Holder Equity": {"2020-09-30": "2565.65600", "2020-06-30": "2521.05100", "2020-03-31": "2440.67500", "2019-12-31": "3383.95200", "2019-09-30": "3403.42600", "2019-06-30": "3403.37300", "2019-03-31": "3404.53100", "2018-12-31": "3416.10100", "2018-09-30": "3552.24000", "2018-06-30": "3206.61300", "2018-03-31": "3235.43100", "2017-12-31": "3261.63600", "2017-09-30": "3257.65100", "2017-06-30": "3274.64400", "2017-03-31": "3055.94700", "2016-12-31": "3033.90200", "2016-09-30": "3033.43800", "2016-06-30": "2947.66800", "2016-03-31": "2861.64600", "2015-12-31": "2967.26100", "2015-09-30": "3051.78200", "2015-06-30": "3145.66900", "2015-03-31": "3208.17200", "2014-12-31": "3203.27200", "2014-09-30": "3253.74400", "2014-06-30": "3275.29400", "2014-03-31": "3204.58700", "2013-12-31": "3142.25100", "2013-09-30": "3073.52500", "2013-06-30": "3164.50200", "2013-03-31": "3265.54800", "2012-12-31": "3311.00600", "2012-09-30": "3239.15400", "2012-06-30": "2755.80100", "2012-03-31": "2765.49400", "2011-12-31": "2497.76000", "2011-09-30": "2641.22400", "2011-06-30": "2755.75800", "2011-03-31": "2888.40400", "2010-12-31": "2250.44700", "2010-09-30": "2290.95800", "2010-06-30": "2228.15700", "2010-03-31": "2245.05900", "2009-12-31": "2168.26200", "2009-09-30": "2215.27300", "2009-06-30": "1650.58200", "2009-03-31": "1459.56900", "2008-12-31": "1257.07700", "2008-09-30": "1304.10200", "2008-06-30": "1398.86700", "2008-03-31": "1051.69500", "2007-12-31": "927.26300", "2007-09-30": "765.83900", "2007-06-30": "704.30300", "2007-03-31": "694.65500", "2006-12-31": "678.55800", "2006-09-30": "680.01200", "2006-06-30": "656.98100", "2006-03-31": "663.12900", "2005-12-31": "661.10200", "2005-09-30": "673.47800", "2005-06-30": "721.74300", "2005-03-31": "703.13700"}, "Total Liabilities And Share Holders Equity": {"2020-09-30": "7483.25900", "2020-06-30": "7567.40800", "2020-03-31": "11130.34000", "2019-12-31": "13567.36000", "2019-09-30": "13104.82000", "2019-06-30": "13208.09000", "2019-03-31": "12801.61000", "2018-12-31": "12420.33000", "2018-09-30": "11781.99000", "2018-06-30": "10644.76000", "2018-03-31": "10615.21000", "2017-12-31": "10954.73000", "2017-09-30": "11103.46000", "2017-06-30": "11536.82000", "2017-03-31": "11900.11000", "2016-12-31": "12484.02000", "2016-09-30": "12751.39000", "2016-06-30": "12827.55000", "2016-03-31": "12844.44000", "2015-12-31": "13162.55000", "2015-09-30": "13384.40000", "2015-06-30": "13654.88000", "2015-03-31": "13901.75000", "2014-12-31": "12354.74000", "2014-09-30": "12242.78000", "2014-06-30": "12650.86000", "2014-03-31": "12792.99000", "2013-12-31": "12471.91000", "2013-09-30": "12598.55000", "2013-06-30": "13196.71000", "2013-03-31": "13652.75000", "2012-12-31": "13517.55000", "2012-09-30": "13735.17000", "2012-06-30": "12891.62000", "2012-03-31": "12451.72000", "2011-12-31": "11750.63000", "2011-09-30": "11994.76000", "2011-06-30": "11927.05000", "2011-03-31": "11436.36000", "2010-12-31": "8687.40700", "2010-09-30": "8478.00400", "2010-06-30": "8684.33400", "2010-03-31": "8434.71300", "2009-12-31": "9627.20900", "2009-09-30": "9999.00200", "2009-06-30": "9806.19400", "2009-03-31": "10517.72000", "2008-12-31": "10641.42000", "2008-09-30": "10779.05000", "2008-06-30": "10809.47000", "2008-03-31": "8551.76500", "2007-12-31": "8605.85900", "2007-09-30": "7140.09200", "2007-06-30": "7122.82600", "2007-03-31": "6495.89400", "2006-12-31": "6443.96700", "2006-09-30": "4714.08600", "2006-06-30": "3535.93100", "2006-03-31": "4670.84800", "2005-12-31": "5846.91700", "2005-09-30": "6508.55800", "2005-06-30": "7127.50800", "2005-03-31": "7084.96100"}}, "cash flow statement": {"Net Income/Loss": {"2019-12-31": "378.11700", "2018-12-31": "301.80100", "2017-12-31": "322.39300", "2016-12-31": "312.66800", "2015-12-31": "313.22600", "2014-12-31": "313.50400", "2013-12-31": "302.70900", "2012-12-31": "306.83900", "2011-12-31": "316.41400", "2010-12-31": "269.76200", "2009-12-31": "268.18900", "2008-12-31": "45.79700", "2007-12-31": "30.21000", "2006-12-31": "8.75800", "2005-12-31": "6.70800"}, "Total Depreciation And Amortization - Cash Flow": {"2019-12-31": "48.53400", "2018-12-31": "31.09500", "2017-12-31": "31.84900", "2016-12-31": "37.68900", "2015-12-31": "42.48400", "2014-12-31": "33.24300", "2013-12-31": "64.03800", "2012-12-31": "55.83200", "2011-12-31": "41.13000", "2010-12-31": "41.56000", "2009-12-31": "24.53400", "2008-12-31": "18.78800", "2007-12-31": "27.70800", "2006-12-31": "31.63400", "2005-12-31": "58.48800"}, "Other Non-Cash Items": {"2019-12-31": "-195.16700", "2018-12-31": "-158.56000", "2017-12-31": "-193.88100", "2016-12-31": "-152.92800", "2015-12-31": "-128.34800", "2014-12-31": "-118.00200", "2013-12-31": "-88.70800", "2012-12-31": "-49.16900", "2011-12-31": "-19.76900", "2010-12-31": "-60.78300", "2009-12-31": "-25.68900", "2008-12-31": "123.40400", "2007-12-31": "22.68800", "2006-12-31": "17.40000", "2005-12-31": "39.56700"}, "Total Non-Cash Items": {"2019-12-31": "-146.63300", "2018-12-31": "-127.46500", "2017-12-31": "-162.03200", "2016-12-31": "-115.23900", "2015-12-31": "-85.86400", "2014-12-31": "-84.75900", "2013-12-31": "-24.67000", "2012-12-31": "6.66300", "2011-12-31": "21.36100", "2010-12-31": "-19.22300", "2009-12-31": "-1.15500", "2008-12-31": "142.19200", "2007-12-31": "50.39600", "2006-12-31": "49.03400", "2005-12-31": "98.05500"}, "Change In Accounts Receivable": {"2019-12-31": "", "2018-12-31": "", "2017-12-31": "", "2016-12-31": "", "2015-12-31": "", "2014-12-31": "", "2013-12-31": "8.18000", "2012-12-31": "-1.16000", "2011-12-31": "-4.62200", "2010-12-31": "3.56000", "2009-12-31": "7.94900", "2008-12-31": "-6.11400", "2007-12-31": "-10.42800", "2006-12-31": "-8.98400", "2005-12-31": "3.21500"}, "Change In Inventories": {"2019-12-31": "", "2018-12-31": "", "2017-12-31": "", "2016-12-31": "", "2015-12-31": "", "2014-12-31": "", "2013-12-31": "", "2012-12-31": "", "2011-12-31": "", "2010-12-31": "", "2009-12-31": "", "2008-12-31": "", "2007-12-31": "", "2006-12-31": "", "2005-12-31": ""}, "Change In Accounts Payable": {"2019-12-31": "", "2018-12-31": "", "2017-12-31": "", "2016-12-31": "", "2015-12-31": "", "2014-12-31": "", "2013-12-31": "", "2012-12-31": "", "2011-12-31": "", "2010-12-31": "", "2009-12-31": "", "2008-12-31": "", "2007-12-31": "", "2006-12-31": "", "2005-12-31": ""}, "Change In Assets/Liabilities": {"2019-12-31": "-34.26200", "2018-12-31": "-26.48700", "2017-12-31": "21.96400", "2016-12-31": "-18.03800", "2015-12-31": "50.76300", "2014-12-31": "27.06800", "2013-12-31": "-5.54900", "2012-12-31": "-12.76700", "2011-12-31": "0.78300", "2010-12-31": "-0.50900", "2009-12-31": "-0.35000", "2008-12-31": "0.07800", "2007-12-31": "-0.46000", "2006-12-31": "0.01800", "2005-12-31": "-0.06500"}, "Total Change In Assets/Liabilities": {"2019-12-31": "-15.70900", "2018-12-31": "-26.45500", "2017-12-31": "16.15100", "2016-12-31": "-18.03800", "2015-12-31": "50.76300", "2014-12-31": "27.06800", "2013-12-31": "20.04900", "2012-12-31": "-3.11500", "2011-12-31": "-3.36600", "2010-12-31": "-4.60100", "2009-12-31": "2.93000", "2008-12-31": "-1.38400", "2007-12-31": "-11.66400", "2006-12-31": "-41.90900", "2005-12-31": "31.43100"}, "Cash Flow From Operating Activities": {"2019-12-31": "215.77500", "2018-12-31": "147.88100", "2017-12-31": "176.51200", "2016-12-31": "179.39100", "2015-12-31": "278.12500", "2014-12-31": "255.81300", "2013-12-31": "298.08800", "2012-12-31": "310.38700", "2011-12-31": "334.40900", "2010-12-31": "245.93800", "2009-12-31": "269.96400", "2008-12-31": "186.60500", "2007-12-31": "68.94200", "2006-12-31": "15.88300", "2005-12-31": "136.19400"}, "Net Change In Property, Plant, And Equipment": {"2019-12-31": "86.02300", "2018-12-31": "106.80400", "2017-12-31": "54.99800", "2016-12-31": "30.66700", "2015-12-31": "2.48900", "2014-12-31": "-0.78600", "2013-12-31": "-0.37300", "2012-12-31": "-0.44300", "2011-12-31": "9.02700", "2010-12-31": "-0.43800", "2009-12-31": "-0.66600", "2008-12-31": "-0.18000", "2007-12-31": "-0.49500", "2006-12-31": "23.53400", "2005-12-31": ""}, "Net Change In Intangible Assets": {"2019-12-31": "", "2018-12-31": "", "2017-12-31": "", "2016-12-31": "", "2015-12-31": "", "2014-12-31": "", "2013-12-31": "", "2012-12-31": "", "2011-12-31": "", "2010-12-31": "", "2009-12-31": "", "2008-12-31": "", "2007-12-31": "", "2006-12-31": "", "2005-12-31": ""}, "Net Acquisitions/Divestitures": {"2019-12-31": "", "2018-12-31": "", "2017-12-31": "", "2016-12-31": "", "2015-12-31": "", "2014-12-31": "", "2013-12-31": "", "2012-12-31": "", "2011-12-31": "", "2010-12-31": "", "2009-12-31": "", "2008-12-31": "", "2007-12-31": "", "2006-12-31": "", "2005-12-31": ""}, "Net Change In Short-term Investments": {"2019-12-31": "", "2018-12-31": "", "2017-12-31": "", "2016-12-31": "", "2015-12-31": "", "2014-12-31": "", "2013-12-31": "", "2012-12-31": "", "2011-12-31": "", "2010-12-31": "", "2009-12-31": "", "2008-12-31": "", "2007-12-31": "", "2006-12-31": "", "2005-12-31": ""}, "Net Change In Long-Term Investments": {"2019-12-31": "-1220.76400", "2018-12-31": "-2264.67900", "2017-12-31": "1761.35000", "2016-12-31": "903.94190", "2015-12-31": "551.64380", "2014-12-31": "451.78910", "2013-12-31": "1600.97400", "2012-12-31": "-649.98490", "2011-12-31": "-2392.38600", "2010-12-31": "915.81710", "2009-12-31": "1775.22300", "2008-12-31": "-1970.51700", "2007-12-31": "-1950.69300", "2006-12-31": "-647.50270", "2005-12-31": "938.90500"}, "Net Change In Investments - Total": {"2019-12-31": "-1220.76400", "2018-12-31": "-2264.67900", "2017-12-31": "1761.35000", "2016-12-31": "903.94190", "2015-12-31": "551.64380", "2014-12-31": "451.78910", "2013-12-31": "1600.97400", "2012-12-31": "-649.98490", "2011-12-31": "-2392.38600", "2010-12-31": "915.81710", "2009-12-31": "1775.22300", "2008-12-31": "-1970.51700", "2007-12-31": "-1950.69300", "2006-12-31": "-647.50270", "2005-12-31": "938.90500"}, "Investing Activities - Other": {"2019-12-31": "", "2018-12-31": "", "2017-12-31": "", "2016-12-31": "", "2015-12-31": "", "2014-12-31": "", "2013-12-31": "", "2012-12-31": "", "2011-12-31": "", "2010-12-31": "", "2009-12-31": "", "2008-12-31": "", "2007-12-31": "", "2006-12-31": "", "2005-12-31": ""}, "Cash Flow From Investing Activities": {"2019-12-31": "-1134.74100", "2018-12-31": "-2157.87500", "2017-12-31": "1816.34800", "2016-12-31": "934.60900", "2015-12-31": "554.13300", "2014-12-31": "451.00300", "2013-12-31": "1600.60100", "2012-12-31": "-650.42800", "2011-12-31": "-2383.35900", "2010-12-31": "915.37900", "2009-12-31": "1774.55700", "2008-12-31": "-1970.69700", "2007-12-31": "-1951.18800", "2006-12-31": "-623.96900", "2005-12-31": "938.90500"}, "Net Long-Term Debt": {"2019-12-31": "1369.18800", "2018-12-31": "1586.18000", "2017-12-31": "-1706.84400", "2016-12-31": "-723.73440", "2015-12-31": "-538.52340", "2014-12-31": "-401.78910", "2013-12-31": "-754.92970", "2012-12-31": "698.60550", "2011-12-31": "1835.24200", "2010-12-31": "-1162.64500", "2009-12-31": "-1925.77000", "2008-12-31": "1452.08600", "2007-12-31": "1798.78900", "2006-12-31": "623.17770", "2005-12-31": "-1013.50000"}, "Net Current Debt": {"2019-12-31": "", "2018-12-31": "", "2017-12-31": "", "2016-12-31": "", "2015-12-31": "", "2014-12-31": "", "2013-12-31": "", "2012-12-31": "", "2011-12-31": "", "2010-12-31": "-35.95950", "2009-12-31": "-0.16410", "2008-12-31": "-92.02030", "2007-12-31": "0.09850", "2006-12-31": "-12.94530", "2005-12-31": "-0.13480"}, "Debt Issuance/Retirement Net - Total": {"2019-12-31": "1369.18800", "2018-12-31": "1586.18000", "2017-12-31": "-1706.84400", "2016-12-31": "-723.73440", "2015-12-31": "-538.52340", "2014-12-31": "-401.78910", "2013-12-31": "-754.92970", "2012-12-31": "698.60550", "2011-12-31": "1835.24200", "2010-12-31": "-1198.60400", "2009-12-31": "-1925.93400", "2008-12-31": "1360.06600", "2007-12-31": "1798.88800", "2006-12-31": "610.23240", "2005-12-31": "-1013.63500"}, "Net Common Equity Issued/Repurchased": {"2019-12-31": "12.32500", "2018-12-31": "392.14500", "2017-12-31": "196.80800", "2016-12-31": "4.66000", "2015-12-31": "1.21800", "2014-12-31": "35.63900", "2013-12-31": "61.34400", "2012-12-31": "3.32500", "2011-12-31": "607.80300", "2010-12-31": "0.60900", "2009-12-31": "403.36800", "2008-12-31": "689.78300", "2007-12-31": "308.92800", "2006-12-31": "4.99100", "2005-12-31": "-9.69900"}, "Net Total Equity Issued/Repurchased": {"2019-12-31": "12.32500", "2018-12-31": "392.14500", "2017-12-31": "196.80800", "2016-12-31": "4.66000", "2015-12-31": "1.21800", "2014-12-31": "35.63900", "2013-12-31": "165.34400", "2012-12-31": "3.32500", "2011-12-31": "607.80300", "2010-12-31": "0.60900", "2009-12-31": "403.36800", "2008-12-31": "689.78300", "2007-12-31": "308.92800", "2006-12-31": "4.99100", "2005-12-31": "-9.69900"}, "Total Common And Preferred Stock Dividends Paid": {"2019-12-31": "-376.56500", "2018-12-31": "-344.75900", "2017-12-31": "-323.58800", "2016-12-31": "-312.89500", "2015-12-31": "-312.37900", "2014-12-31": "-309.67000", "2013-12-31": "-608.57700", "2012-12-31": "-349.38900", "2011-12-31": "-337.42100", "2010-12-31": "-268.38800", "2009-12-31": "-229.66100", "2008-12-31": "-139.00300", "2007-12-31": "-37.73000", "2006-12-31": "-24.23900", "2005-12-31": "-55.80600"}, "Financial Activities - Other": {"2019-12-31": "-40.02900", "2018-12-31": "1.39400", "2017-12-31": "-14.07000", "2016-12-31": "", "2015-12-31": "", "2014-12-31": "-413.93120", "2013-12-31": "-536.45310", "2012-12-31": "-5.22900", "2011-12-31": "-7.89600", "2010-12-31": "-3.15400", "2009-12-31": "", "2008-12-31": "", "2007-12-31": "-0.62700", "2006-12-31": "", "2005-12-31": ""}, "Cash Flow From Financial Activities": {"2019-12-31": "964.92100", "2018-12-31": "1634.96000", "2017-12-31": "-1847.69200", "2016-12-31": "-1031.97000", "2015-12-31": "-849.68800", "2014-12-31": "-1089.74900", "2013-12-31": "-1734.61200", "2012-12-31": "347.31200", "2011-12-31": "2097.72900", "2010-12-31": "-1469.53400", "2009-12-31": "-1752.22800", "2008-12-31": "1910.84900", "2007-12-31": "2069.45600", "2006-12-31": "590.98500", "2005-12-31": "-1079.13900"}, "Net Cash Flow": {"2019-12-31": "45.95500", "2018-12-31": "-375.03400", "2017-12-31": "145.16800", "2016-12-31": "82.03000", "2015-12-31": "-17.43000", "2014-12-31": "-382.93300", "2013-12-31": "164.07700", "2012-12-31": "7.27100", "2011-12-31": "48.77900", "2010-12-31": "-308.21700", "2009-12-31": "292.29300", "2008-12-31": "126.75700", "2007-12-31": "187.21000", "2006-12-31": "-17.10100", "2005-12-31": "-4.04000"}, "Stock-Based Compensation": {"2019-12-31": "9.23900", "2018-12-31": "8.00700", "2017-12-31": "8.03300", "2016-12-31": "9.16200", "2015-12-31": "7.83200", "2014-12-31": "8.58100", "2013-12-31": "4.15800", "2012-12-31": "6.48800", "2011-12-31": "4.38500", "2010-12-31": "3.28300", "2009-12-31": "1.91000", "2008-12-31": "1.35600", "2007-12-31": "0.51100", "2006-12-31": "0.53900", "2005-12-31": "0.49300"}, "Common Stock Dividends Paid": {"2019-12-31": "-361.56500", "2018-12-31": "-329.75900", "2017-12-31": "-308.58800", "2016-12-31": "-297.89500", "2015-12-31": "-297.37900", "2014-12-31": "-294.67000", "2013-12-31": "-594.82700", "2012-12-31": "-341.22900", "2011-12-31": "-329.26100", "2010-12-31": "-260.22800", "2009-12-31": "-221.50100", "2008-12-31": "-130.84300", "2007-12-31": "-29.57000", "2006-12-31": "-16.07900", "2005-12-31": "-47.64600"}}, "cash flow statement, quarterly": {"Net Income/Loss": {"2020-09-30": 87.21, "2020-06-30": 96.578, "2020-03-31": "-908.99500", "2019-12-31": 100.621, "2019-09-30": 95.599, "2019-06-30": 93.04, "2019-03-31": "88.85700", "2018-12-31": 60.879, "2018-09-30": 87.132, "2018-06-30": 70.395, "2018-03-31": "83.39500", "2017-12-31": 100.594, "2017-09-30": 63.804, "2017-06-30": 79.935, "2017-03-31": "78.06000", "2016-12-31": 72.637, "2016-09-30": 83.011, "2016-06-30": 78.95, "2016-03-31": "78.07000", "2015-12-31": 73.472, "2015-09-30": 79.51, "2015-06-30": 78.071, "2015-03-31": "82.17300", "2014-12-31": 79.708, "2014-09-30": 78.882, "2014-06-30": 78.726, "2014-03-31": "76.18800", "2013-12-31": 78.557, "2013-09-30": 71.328, "2013-06-30": 75.473, "2013-03-31": "77.35100", "2012-12-31": 69.219, "2012-09-30": 78.141, "2012-06-30": 74.766, "2012-03-31": "84.71300", "2011-12-31": 70.564, "2011-09-30": 83.699, "2011-06-30": 79.286, "2011-03-31": "82.86500", "2010-12-31": 61.581, "2010-09-30": 77.214, "2010-06-30": 48.29, "2010-03-31": "82.67700", "2009-12-31": 78.573, "2009-09-30": 66.837, "2009-06-30": 69.106, "2009-03-31": "53.67300", "2008-12-31": 46.649, "2008-09-30": 50.053, "2008-06-30": 35.038, "2008-03-31": "-85.94300", "2007-12-31": 20.615, "2007-09-30": -10.433, "2007-06-30": 10.178, "2007-03-31": "9.85000", "2006-12-31": 6.451, "2006-09-30": 7.077, "2006-06-30": -19.733, "2006-03-31": "14.96300", "2005-12-31": -30.603, "2005-09-30": 6.271, "2005-06-30": 12.159, "2005-03-31": "18.88100"}, "Total Depreciation And Amortization - Cash Flow": {"2020-09-30": 1.388, "2020-06-30": 20.716, "2020-03-31": "18.84800", "2019-12-31": 16.449, "2019-09-30": 11.579, "2019-06-30": 12.454, "2019-03-31": "8.05200", "2018-12-31": 8.6, "2018-09-30": 9.182, "2018-06-30": 7.498, "2018-03-31": "5.81500", "2017-12-31": 6.884, "2017-09-30": 8.524, "2017-06-30": 8.202, "2017-03-31": "8.23900", "2016-12-31": 9.195, "2016-09-30": 10.512, "2016-06-30": 31.65, "2016-03-31": "-13.66800", "2015-12-31": 9.172, "2015-09-30": 11.872, "2015-06-30": 12.203, "2015-03-31": "9.23700", "2014-12-31": 6.321, "2014-09-30": 8.587, "2014-06-30": 7.793, "2014-03-31": "10.54200", "2013-12-31": 13.707, "2013-09-30": 16.87, "2013-06-30": 17.571, "2013-03-31": "15.89000", "2012-12-31": 15.186, "2012-09-30": 16.022, "2012-06-30": 13.415, "2012-03-31": "11.20900", "2011-12-31": 12.088, "2011-09-30": 12.105, "2011-06-30": 8.807, "2011-03-31": "8.13000", "2010-12-31": 35.673, "2010-09-30": -0.662, "2010-06-30": 6.871, "2010-03-31": "-0.32200", "2009-12-31": 15.725, "2009-09-30": 0.871, "2009-06-30": 3.628, "2009-03-31": "4.31000", "2008-12-31": 3.591, "2008-09-30": 4.39, "2008-06-30": 5.661, "2008-03-31": "5.14600", "2007-12-31": 4.601, "2007-09-30": 6.296, "2007-06-30": 8.272, "2007-03-31": "8.53900", "2006-12-31": 8.975, "2006-09-30": 6.952, "2006-06-30": 7.871, "2006-03-31": "7.83600", "2005-12-31": 13.65, "2005-09-30": 17.501, "2005-06-30": 15.112, "2005-03-31": "12.22500"}, "Other Non-Cash Items": {"2020-09-30": -115.738, "2020-06-30": -117.621, "2020-03-31": "950.82500", "2019-12-31": -52.073, "2019-09-30": -48.9, "2019-06-30": -49.846, "2019-03-31": "-44.34800", "2018-12-31": -16.378, "2018-09-30": -51.444, "2018-06-30": -39.642, "2018-03-31": "-51.09600", "2017-12-31": -68.234, "2017-09-30": -57.055, "2017-06-30": -32.031, "2017-03-31": "-36.56100", "2016-12-31": -40.025, "2016-09-30": -38.498, "2016-06-30": -59.059, "2016-03-31": "-15.34600", "2015-12-31": -30.443, "2015-09-30": -36.043, "2015-06-30": -30.916, "2015-03-31": "-30.94600", "2014-12-31": -25.643, "2014-09-30": -31.495, "2014-06-30": -29.267, "2014-03-31": "-31.59700", "2013-12-31": -31.972, "2013-09-30": -23.696, "2013-06-30": -19.098, "2013-03-31": "-13.94200", "2012-12-31": -10.487, "2012-09-30": -14.043, "2012-06-30": -8.044, "2012-03-31": "-16.59500", "2011-12-31": 3.389, "2011-09-30": -6.979, "2011-06-30": 2.011, "2011-03-31": "-18.19000", "2010-12-31": -35.552, "2010-09-30": -13.259, "2010-06-30": 3.314, "2010-03-31": "-15.28600", "2009-12-31": -22.429, "2009-09-30": 0.326, "2009-06-30": -5.609, "2009-03-31": "2.02300", "2008-12-31": 0.412, "2008-09-30": 1.474, "2008-06-30": 4.314, "2008-03-31": "117.20400", "2007-12-31": 0.181, "2007-09-30": 22.344, "2007-06-30": -0.008, "2007-03-31": "0.17100", "2006-12-31": 0.587, "2006-09-30": -0.016, "2006-06-30": 24.966, "2006-03-31": "-8.13700", "2005-12-31": 39.203, "2005-09-30": 0.112, "2005-06-30": 0.126, "2005-03-31": "0.12600"}, "Total Non-Cash Items": {"2020-09-30": -114.35, "2020-06-30": -96.905, "2020-03-31": "969.67300", "2019-12-31": -35.624, "2019-09-30": -37.321, "2019-06-30": -37.392, "2019-03-31": "-36.29600", "2018-12-31": -7.778, "2018-09-30": -42.262, "2018-06-30": -32.144, "2018-03-31": "-45.28100", "2017-12-31": -61.35, "2017-09-30": -48.531, "2017-06-30": -23.829, "2017-03-31": "-28.32200", "2016-12-31": -30.83, "2016-09-30": -27.986, "2016-06-30": -27.409, "2016-03-31": "-29.01400", "2015-12-31": -21.271, "2015-09-30": -24.171, "2015-06-30": -18.713, "2015-03-31": "-21.70900", "2014-12-31": -19.322, "2014-09-30": -22.908, "2014-06-30": -21.474, "2014-03-31": "-21.05500", "2013-12-31": -18.265, "2013-09-30": -6.826, "2013-06-30": -1.527, "2013-03-31": "1.94800", "2012-12-31": 4.699, "2012-09-30": 1.979, "2012-06-30": 5.371, "2012-03-31": "-5.38600", "2011-12-31": 15.477, "2011-09-30": 5.126, "2011-06-30": 10.818, "2011-03-31": "-10.06000", "2010-12-31": 0.121, "2010-09-30": -13.921, "2010-06-30": 10.185, "2010-03-31": "-15.60800", "2009-12-31": -6.704, "2009-09-30": 1.197, "2009-06-30": -1.981, "2009-03-31": "6.33300", "2008-12-31": 4.003, "2008-09-30": 5.864, "2008-06-30": 9.975, "2008-03-31": "122.35000", "2007-12-31": 4.782, "2007-09-30": 28.64, "2007-06-30": 8.264, "2007-03-31": "8.71000", "2006-12-31": 9.562, "2006-09-30": 6.936, "2006-06-30": 32.837, "2006-03-31": "-0.30100", "2005-12-31": 52.853, "2005-09-30": 17.613, "2005-06-30": 15.238, "2005-03-31": "12.35100"}, "Change In Accounts Receivable": {"2020-09-30": 0, "2020-06-30": 0, "2020-03-31": "", "2019-12-31": 0, "2019-09-30": 0, "2019-06-30": 0, "2019-03-31": "", "2018-12-31": 0, "2018-09-30": 0, "2018-06-30": 0, "2018-03-31": "", "2017-12-31": 0, "2017-09-30": 0, "2017-06-30": 0, "2017-03-31": "", "2016-12-31": 0, "2016-09-30": 0, "2016-06-30": 0, "2016-03-31": "", "2015-12-31": 0, "2015-09-30": 0, "2015-06-30": 0, "2015-03-31": "", "2014-12-31": -3.318, "2014-09-30": 2.174, "2014-06-30": 2.007, "2014-03-31": "-0.86300", "2013-12-31": 1.987, "2013-09-30": 3.051, "2013-06-30": 1.251, "2013-03-31": "1.89100", "2012-12-31": 0.838, "2012-09-30": -1.059, "2012-06-30": -1.183, "2012-03-31": "0.24400", "2011-12-31": 1.503, "2011-09-30": 2.308, "2011-06-30": -2.717, "2011-03-31": "-5.71600", "2010-12-31": -3.918, "2010-09-30": 0.344, "2010-06-30": 0.458, "2010-03-31": "6.67600", "2009-12-31": 2.871, "2009-09-30": 0.903, "2009-06-30": 2.59, "2009-03-31": "1.58500", "2008-12-31": 1.594, "2008-09-30": -0.531, "2008-06-30": -8.633, "2008-03-31": "1.45600", "2007-12-31": -7.598, "2007-09-30": 0.34, "2007-06-30": -2.915, "2007-03-31": "-0.25500", "2006-12-31": -9.067, "2006-09-30": -7.691, "2006-06-30": 3.732, "2006-03-31": "4.04200", "2005-12-31": 2.54, "2005-09-30": 2.111, "2005-06-30": -0.457, "2005-03-31": "-0.97900"}, "Change In Inventories": {"2020-09-30": 0, "2020-06-30": 0, "2020-03-31": "", "2019-12-31": 0, "2019-09-30": 0, "2019-06-30": 0, "2019-03-31": "", "2018-12-31": 0, "2018-09-30": 0, "2018-06-30": 0, "2018-03-31": "", "2017-12-31": 0, "2017-09-30": 0, "2017-06-30": 0, "2017-03-31": "", "2016-12-31": 0, "2016-09-30": 0, "2016-06-30": 0, "2016-03-31": "", "2015-12-31": 0, "2015-09-30": 0, "2015-06-30": 0, "2015-03-31": "", "2014-12-31": 0, "2014-09-30": 0, "2014-06-30": 0, "2014-03-31": "", "2013-12-31": 0, "2013-09-30": 0, "2013-06-30": 0, "2013-03-31": "", "2012-12-31": 0, "2012-09-30": 0, "2012-06-30": 0, "2012-03-31": "", "2011-12-31": 0, "2011-09-30": 0, "2011-06-30": 0, "2011-03-31": "", "2010-12-31": 0, "2010-09-30": 0, "2010-06-30": 0, "2010-03-31": "", "2009-12-31": 0, "2009-09-30": 0, "2009-06-30": 0, "2009-03-31": "", "2008-12-31": 0, "2008-09-30": 0, "2008-06-30": 0, "2008-03-31": "", "2007-12-31": 0, "2007-09-30": 0, "2007-06-30": 0, "2007-03-31": "", "2006-12-31": 0, "2006-09-30": 0, "2006-06-30": 0, "2006-03-31": "", "2005-12-31": 0, "2005-09-30": 0, "2005-06-30": 0, "2005-03-31": ""}, "Change In Accounts Payable": {"2020-09-30": 0, "2020-06-30": 0, "2020-03-31": "", "2019-12-31": 0, "2019-09-30": 0, "2019-06-30": 0, "2019-03-31": "", "2018-12-31": 0, "2018-09-30": 0, "2018-06-30": 0, "2018-03-31": "", "2017-12-31": 0, "2017-09-30": 0, "2017-06-30": 0, "2017-03-31": "", "2016-12-31": 0, "2016-09-30": 0, "2016-06-30": 0, "2016-03-31": "", "2015-12-31": 0, "2015-09-30": 0, "2015-06-30": 0, "2015-03-31": "", "2014-12-31": 0, "2014-09-30": 0, "2014-06-30": 0, "2014-03-31": "", "2013-12-31": 0, "2013-09-30": 0, "2013-06-30": 0, "2013-03-31": "", "2012-12-31": 0, "2012-09-30": 0, "2012-06-30": 0, "2012-03-31": "", "2011-12-31": 0, "2011-09-30": 0.392, "2011-06-30": -0.392, "2011-03-31": "", "2010-12-31": 0, "2010-09-30": 0, "2010-06-30": 5.011, "2010-03-31": "-5.01100", "2009-12-31": 0, "2009-09-30": 0, "2009-06-30": 7.745, "2009-03-31": "-7.74500", "2008-12-31": 0, "2008-09-30": 0.043, "2008-06-30": -0.043, "2008-03-31": "", "2007-12-31": 0, "2007-09-30": 0, "2007-06-30": 0, "2007-03-31": "", "2006-12-31": 0, "2006-09-30": 0, "2006-06-30": 0, "2006-03-31": "", "2005-12-31": 0, "2005-09-30": 0, "2005-06-30": 0, "2005-03-31": ""}, "Change In Assets/Liabilities": {"2020-09-30": -12.753, "2020-06-30": 43.757, "2020-03-31": "-47.46400", "2019-12-31": -21.371, "2019-09-30": 9.371, "2019-06-30": -6.783, "2019-03-31": "-15.47900", "2018-12-31": 4.498, "2018-09-30": 1.575, "2018-06-30": -0.342, "2018-03-31": "-32.21800", "2017-12-31": 21.674, "2017-09-30": 7.849, "2017-06-30": -2.18, "2017-03-31": "-5.37900", "2016-12-31": 38.748, "2016-09-30": 7.705, "2016-06-30": -54.434, "2016-03-31": "-10.05700", "2015-12-31": 74.214, "2015-09-30": -24.367, "2015-06-30": 14.826, "2015-03-31": "-13.91000", "2014-12-31": 46.892, "2014-09-30": -3.889, "2014-06-30": -6.291, "2014-03-31": "-9.64400", "2013-12-31": -0.403, "2013-09-30": 6.942, "2013-06-30": -8, "2013-03-31": "-4.08800", "2012-12-31": -2.425, "2012-09-30": -10.593, "2012-06-30": -1.593, "2012-03-31": "1.84400", "2011-12-31": 0.83, "2011-09-30": 2.905, "2011-06-30": -2.327, "2011-03-31": "-0.62500", "2010-12-31": -0.456, "2010-09-30": 0.727, "2010-06-30": -0.116, "2010-03-31": "-0.66400", "2009-12-31": 0.581, "2009-09-30": -0.021, "2009-06-30": -0.164, "2009-03-31": "-0.74600", "2008-12-31": 0.284, "2008-09-30": 0.102, "2008-06-30": -0.506, "2008-03-31": "0.19800", "2007-12-31": 0.15, "2007-09-30": -0.297, "2007-06-30": 0.165, "2007-03-31": "-0.47800", "2006-12-31": 1.066, "2006-09-30": 0.159, "2006-06-30": -0.011, "2006-03-31": "-1.19600", "2005-12-31": 0.357, "2005-09-30": -0.123, "2005-06-30": 0.053, "2005-03-31": "-0.35200"}, "Total Change In Assets/Liabilities": {"2020-09-30": -12.753, "2020-06-30": 43.757, "2020-03-31": "-47.46400", "2019-12-31": -2.818, "2019-09-30": 9.371, "2019-06-30": -6.783, "2019-03-31": "-15.47900", "2018-12-31": 4.53, "2018-09-30": 1.575, "2018-06-30": -0.342, "2018-03-31": "-32.21800", "2017-12-31": 15.861, "2017-09-30": 7.849, "2017-06-30": -2.18, "2017-03-31": "-5.37900", "2016-12-31": 38.748, "2016-09-30": 7.705, "2016-06-30": -54.434, "2016-03-31": "-10.05700", "2015-12-31": 70.605, "2015-09-30": -20.758, "2015-06-30": 10.133, "2015-03-31": "-9.21700", "2014-12-31": 17.928, "2014-09-30": 6.563, "2014-06-30": 9.445, "2014-03-31": "-6.86800", "2013-12-31": 10.668, "2013-09-30": 21.38, "2013-06-30": -3.866, "2013-03-31": "-8.13300", "2012-12-31": 3.876, "2012-09-30": -8.261, "2012-06-30": 0.664, "2012-03-31": "0.60600", "2011-12-31": 3.298, "2011-09-30": -1.308, "2011-06-30": 5.367, "2011-03-31": "-10.72300", "2010-12-31": -2.556, "2010-09-30": 3.038, "2010-06-30": 1.592, "2010-03-31": "-6.67500", "2009-12-31": 7.98, "2009-09-30": 0.569, "2009-06-30": 3.468, "2009-03-31": "-9.08700", "2008-12-31": 4.29, "2008-09-30": 1.205, "2008-06-30": -20.548, "2008-03-31": "13.66900", "2007-12-31": -4.995, "2007-09-30": -5.657, "2007-06-30": 2.419, "2007-03-31": "-3.43100", "2006-12-31": -12.437, "2006-09-30": -3.659, "2006-06-30": -7.213, "2006-03-31": "-18.60000", "2005-12-31": -8.967, "2005-09-30": 13.725, "2005-06-30": 11.723, "2005-03-31": "14.95000"}, "Cash Flow From Operating Activities": {"2020-09-30": -39.893, "2020-06-30": 43.43, "2020-03-31": "13.21400", "2019-12-31": 62.179, "2019-09-30": 67.649, "2019-06-30": 48.865, "2019-03-31": "37.08200", "2018-12-31": 57.631, "2018-09-30": 46.445, "2018-06-30": 37.909, "2018-03-31": "5.89600", "2017-12-31": 55.105, "2017-09-30": 23.122, "2017-06-30": 53.926, "2017-03-31": "44.35900", "2016-12-31": 80.555, "2016-09-30": 62.73, "2016-06-30": -2.893, "2016-03-31": "38.99900", "2015-12-31": 122.806, "2015-09-30": 34.581, "2015-06-30": 69.491, "2015-03-31": "51.24700", "2014-12-31": 78.314, "2014-09-30": 62.537, "2014-06-30": 66.697, "2014-03-31": "48.26500", "2013-12-31": 70.96, "2013-09-30": 85.882, "2013-06-30": 70.08, "2013-03-31": "71.16600", "2012-12-31": 77.794, "2012-09-30": 71.859, "2012-06-30": 80.801, "2012-03-31": "79.93300", "2011-12-31": 89.339, "2011-09-30": 87.517, "2011-06-30": 95.471, "2011-03-31": "62.08200", "2010-12-31": 59.146, "2010-09-30": 66.331, "2010-06-30": 60.067, "2010-03-31": "60.39400", "2009-12-31": 79.849, "2009-09-30": 68.603, "2009-06-30": 70.593, "2009-03-31": "50.91900", "2008-12-31": 54.942, "2008-09-30": 57.122, "2008-06-30": 24.465, "2008-03-31": "50.07600", "2007-12-31": 20.402, "2007-09-30": 12.55, "2007-06-30": 20.861, "2007-03-31": "15.12900", "2006-12-31": 3.576, "2006-09-30": 10.354, "2006-06-30": 5.891, "2006-03-31": "-3.93800", "2005-12-31": 13.283, "2005-09-30": 37.609, "2005-06-30": 38.135, "2005-03-31": "47.16700"}, "Net Change In Property, Plant, And Equipment": {"2020-09-30": 87.446, "2020-06-30": 59.138, "2020-03-31": "46.26000", "2019-12-31": 21.839, "2019-09-30": 19.715, "2019-06-30": 26.82, "2019-03-31": "17.64900", "2018-12-31": 24.357, "2018-09-30": 30.05, "2018-06-30": 35.939, "2018-03-31": "16.45800", "2017-12-31": 20.984, "2017-09-30": 5.77, "2017-06-30": 18.713, "2017-03-31": "9.53100", "2016-12-31": 9.214, "2016-09-30": 5.567, "2016-06-30": 9.785, "2016-03-31": "6.10100", "2015-12-31": -0.293, "2015-09-30": 1.012, "2015-06-30": 1.347, "2015-03-31": "0.42300", "2014-12-31": -0.403, "2014-09-30": -0.162, "2014-06-30": -0.136, "2014-03-31": "-0.08500", "2013-12-31": -0.101, "2013-09-30": -0.137, "2013-06-30": -0.081, "2013-03-31": "-0.05400", "2012-12-31": -0.076, "2012-09-30": -0.066, "2012-06-30": -0.171, "2012-03-31": "-0.13000", "2011-12-31": 11.031, "2011-09-30": -0.977, "2011-06-30": -0.516, "2011-03-31": "-0.51100", "2010-12-31": -0.162, "2010-09-30": -0.048, "2010-06-30": -0.018, "2010-03-31": "-0.21000", "2009-12-31": -0.117, "2009-09-30": -0.089, "2009-06-30": -0.242, "2009-03-31": "-0.21800", "2008-12-31": -0.067, "2008-09-30": -0.015, "2008-06-30": 0.642, "2008-03-31": "-0.74000", "2007-12-31": -0.495, "2007-09-30": 0, "2007-06-30": 0, "2007-03-31": "", "2006-12-31": 7.576, "2006-09-30": 0, "2006-06-30": -0.02, "2006-03-31": "15.97800", "2005-12-31": 0, "2005-09-30": 0, "2005-06-30": 0, "2005-03-31": ""}, "Net Change In Intangible Assets": {"2020-09-30": 0, "2020-06-30": 0, "2020-03-31": "", "2019-12-31": 0, "2019-09-30": 0, "2019-06-30": 0, "2019-03-31": "", "2018-12-31": 0, "2018-09-30": 0, "2018-06-30": 0, "2018-03-31": "", "2017-12-31": 0, "2017-09-30": 0, "2017-06-30": 0, "2017-03-31": "", "2016-12-31": 0, "2016-09-30": 0, "2016-06-30": 0, "2016-03-31": "", "2015-12-31": 0, "2015-09-30": 0, "2015-06-30": 0, "2015-03-31": "", "2014-12-31": 0, "2014-09-30": 0, "2014-06-30": 0, "2014-03-31": "", "2013-12-31": 0, "2013-09-30": 0, "2013-06-30": 0, "2013-03-31": "", "2012-12-31": 0, "2012-09-30": 0, "2012-06-30": 0, "2012-03-31": "", "2011-12-31": 0, "2011-09-30": 0, "2011-06-30": 0, "2011-03-31": "", "2010-12-31": 0, "2010-09-30": 0, "2010-06-30": 0, "2010-03-31": "", "2009-12-31": 0, "2009-09-30": 0, "2009-06-30": 0, "2009-03-31": "", "2008-12-31": 0, "2008-09-30": 0, "2008-06-30": 0, "2008-03-31": "", "2007-12-31": 0, "2007-09-30": 0, "2007-06-30": 0, "2007-03-31": "", "2006-12-31": 0, "2006-09-30": 0, "2006-06-30": 0, "2006-03-31": "", "2005-12-31": 0, "2005-09-30": 0, "2005-06-30": 0, "2005-03-31": ""}, "Net Acquisitions/Divestitures": {"2020-09-30": 0, "2020-06-30": 0, "2020-03-31": "", "2019-12-31": 0, "2019-09-30": 0, "2019-06-30": 0, "2019-03-31": "", "2018-12-31": 0, "2018-09-30": 0, "2018-06-30": 0, "2018-03-31": "", "2017-12-31": 0, "2017-09-30": 0, "2017-06-30": 0, "2017-03-31": "", "2016-12-31": 0, "2016-09-30": 0, "2016-06-30": 0, "2016-03-31": "", "2015-12-31": 0, "2015-09-30": 0, "2015-06-30": 0, "2015-03-31": "", "2014-12-31": 0, "2014-09-30": 0, "2014-06-30": 0, "2014-03-31": "", "2013-12-31": 0, "2013-09-30": 0, "2013-06-30": 0, "2013-03-31": "", "2012-12-31": 0, "2012-09-30": 0, "2012-06-30": 0, "2012-03-31": "", "2011-12-31": 0, "2011-09-30": 0, "2011-06-30": 0, "2011-03-31": "", "2010-12-31": 0, "2010-09-30": 0, "2010-06-30": 0, "2010-03-31": "", "2009-12-31": 0, "2009-09-30": 0, "2009-06-30": 0, "2009-03-31": "", "2008-12-31": 0, "2008-09-30": 0, "2008-06-30": 0, "2008-03-31": "", "2007-12-31": 0, "2007-09-30": 0, "2007-06-30": 0, "2007-03-31": "", "2006-12-31": 0, "2006-09-30": 0, "2006-06-30": 0, "2006-03-31": "", "2005-12-31": 0, "2005-09-30": 0, "2005-06-30": 0, "2005-03-31": ""}, "Net Change In Short-term Investments": {"2020-09-30": 0, "2020-06-30": 0, "2020-03-31": "", "2019-12-31": 0, "2019-09-30": 0, "2019-06-30": 0, "2019-03-31": "", "2018-12-31": 0, "2018-09-30": 0, "2018-06-30": 0, "2018-03-31": "", "2017-12-31": 0, "2017-09-30": 0, "2017-06-30": 0, "2017-03-31": "", "2016-12-31": 0, "2016-09-30": 0, "2016-06-30": 0, "2016-03-31": "", "2015-12-31": 0, "2015-09-30": 0, "2015-06-30": 0, "2015-03-31": "", "2014-12-31": 0, "2014-09-30": 0, "2014-06-30": 0, "2014-03-31": "", "2013-12-31": 0, "2013-09-30": 0, "2013-06-30": 0, "2013-03-31": "", "2012-12-31": 0, "2012-09-30": 0, "2012-06-30": 0, "2012-03-31": "", "2011-12-31": 0, "2011-09-30": 0, "2011-06-30": 0, "2011-03-31": "", "2010-12-31": 0, "2010-09-30": 0, "2010-06-30": 0, "2010-03-31": "", "2009-12-31": 0, "2009-09-30": 0, "2009-06-30": 0, "2009-03-31": "", "2008-12-31": 0, "2008-09-30": 0, "2008-06-30": 0, "2008-03-31": "", "2007-12-31": 0, "2007-09-30": 0, "2007-06-30": 0, "2007-03-31": "", "2006-12-31": 0, "2006-09-30": 0, "2006-06-30": 0, "2006-03-31": "", "2005-12-31": 0, "2005-09-30": 0, "2005-06-30": 0, "2005-03-31": ""}, "Net Change In Long-Term Investments": {"2020-09-30": 373.078, "2020-06-30": 4524.0551, "2020-03-31": "775.98190", "2019-12-31": -592.233, "2019-09-30": 154.3151, "2019-06-30": -267.7392, "2019-03-31": "-515.10690", "2018-12-31": -569.178, "2018-09-30": -1909.735, "2018-06-30": 346.852, "2018-03-31": "-132.61800", "2017-12-31": -147.107, "2017-09-30": 87.208, "2017-06-30": 1101.539, "2017-03-31": "719.71000", "2016-12-31": -96.6111, "2016-09-30": 414.878, "2016-06-30": 255.065, "2016-03-31": "330.61000", "2015-12-31": 52.6487, "2015-09-30": 205.0051, "2015-06-30": 247.092, "2015-03-31": "46.89800", "2014-12-31": -53.5129, "2014-09-30": 483.833, "2014-06-30": 455.925, "2014-03-31": "-434.45600", "2013-12-31": 408.848, "2013-09-30": 744.2969, "2013-06-30": 98.7311, "2013-03-31": "349.09800", "2012-12-31": 131.9289, "2012-09-30": -472.4768, "2012-06-30": -201.106, "2012-03-31": "-108.33100", "2011-12-31": 273.54, "2011-09-30": -83.571, "2011-06-30": -508.237, "2011-03-31": "-2074.11800", "2010-12-31": -54.4141, "2010-09-30": 89.6302, "2010-06-30": -460.913, "2010-03-31": "1341.51400", "2009-12-31": 589.433, "2009-09-30": 240.786, "2009-06-30": 649.513, "2009-03-31": "295.49100", "2008-12-31": 247.982, "2008-09-30": 75.16, "2008-06-30": -2450.9542, "2008-03-31": "157.29520", "2007-12-31": -1384.963, "2007-09-30": 120.8291, "2007-06-30": -643.8891, "2007-03-31": "-42.67000", "2006-12-31": -1751.4397, "2006-09-30": -1156.984, "2006-06-30": 1100.734, "2006-03-31": "1160.18700", "2005-12-31": 577.905, "2005-09-30": 600.0481, "2005-06-30": -19.5041, "2005-03-31": "-219.54400"}, "Net Change In Investments - Total": {"2020-09-30": 373.078, "2020-06-30": 4524.0551, "2020-03-31": "775.98190", "2019-12-31": -592.233, "2019-09-30": 154.3151, "2019-06-30": -267.7392, "2019-03-31": "-515.10690", "2018-12-31": -569.178, "2018-09-30": -1909.735, "2018-06-30": 346.852, "2018-03-31": "-132.61800", "2017-12-31": -147.107, "2017-09-30": 87.208, "2017-06-30": 1101.539, "2017-03-31": "719.71000", "2016-12-31": -96.6111, "2016-09-30": 414.878, "2016-06-30": 255.065, "2016-03-31": "330.61000", "2015-12-31": 52.6487, "2015-09-30": 205.0051, "2015-06-30": 247.092, "2015-03-31": "46.89800", "2014-12-31": -53.5129, "2014-09-30": 483.833, "2014-06-30": 455.925, "2014-03-31": "-434.45600", "2013-12-31": 408.848, "2013-09-30": 744.2969, "2013-06-30": 98.7311, "2013-03-31": "349.09800", "2012-12-31": 131.9289, "2012-09-30": -472.4768, "2012-06-30": -201.106, "2012-03-31": "-108.33100", "2011-12-31": 273.54, "2011-09-30": -83.571, "2011-06-30": -508.237, "2011-03-31": "-2074.11800", "2010-12-31": -54.4141, "2010-09-30": 89.6302, "2010-06-30": -460.913, "2010-03-31": "1341.51400", "2009-12-31": 589.433, "2009-09-30": 240.786, "2009-06-30": 649.513, "2009-03-31": "295.49100", "2008-12-31": 247.982, "2008-09-30": 75.16, "2008-06-30": -2450.9542, "2008-03-31": "157.29520", "2007-12-31": -1384.963, "2007-09-30": 120.8291, "2007-06-30": -643.8891, "2007-03-31": "-42.67000", "2006-12-31": -1751.4397, "2006-09-30": -1156.984, "2006-06-30": 1100.734, "2006-03-31": "1160.18700", "2005-12-31": 577.905, "2005-09-30": 600.0481, "2005-06-30": -19.5041, "2005-03-31": "-219.54400"}, "Investing Activities - Other": {"2020-09-30": 0, "2020-06-30": 0, "2020-03-31": "", "2019-12-31": 0, "2019-09-30": 0, "2019-06-30": 0, "2019-03-31": "", "2018-12-31": 0, "2018-09-30": 0, "2018-06-30": 0, "2018-03-31": "", "2017-12-31": 0, "2017-09-30": 0, "2017-06-30": 0, "2017-03-31": "", "2016-12-31": 0, "2016-09-30": 0, "2016-06-30": 0, "2016-03-31": "", "2015-12-31": 0, "2015-09-30": 0, "2015-06-30": 0, "2015-03-31": "", "2014-12-31": 0, "2014-09-30": 0, "2014-06-30": 0, "2014-03-31": "", "2013-12-31": 0, "2013-09-30": 0, "2013-06-30": 0, "2013-03-31": "", "2012-12-31": 0, "2012-09-30": 0, "2012-06-30": 0, "2012-03-31": "", "2011-12-31": 0, "2011-09-30": 0, "2011-06-30": 0, "2011-03-31": "", "2010-12-31": 0, "2010-09-30": 0, "2010-06-30": 0, "2010-03-31": "", "2009-12-31": 0, "2009-09-30": 0, "2009-06-30": 0, "2009-03-31": "", "2008-12-31": 0, "2008-09-30": 0, "2008-06-30": 0, "2008-03-31": "", "2007-12-31": 0, "2007-09-30": 0, "2007-06-30": 0, "2007-03-31": "", "2006-12-31": 0, "2006-09-30": 0, "2006-06-30": 0, "2006-03-31": "", "2005-12-31": 0, "2005-09-30": 0, "2005-06-30": 0, "2005-03-31": ""}, "Cash Flow From Investing Activities": {"2020-09-30": 460.524, "2020-06-30": 4583.193, "2020-03-31": "822.24200", "2019-12-31": -570.394, "2019-09-30": 174.03, "2019-06-30": -240.919, "2019-03-31": "-497.45800", "2018-12-31": -544.821, "2018-09-30": -1879.685, "2018-06-30": 382.791, "2018-03-31": "-116.16000", "2017-12-31": -126.123, "2017-09-30": 92.978, "2017-06-30": 1120.252, "2017-03-31": "729.24100", "2016-12-31": -87.397, "2016-09-30": 420.445, "2016-06-30": 264.85, "2016-03-31": "336.71100", "2015-12-31": 52.356, "2015-09-30": 206.017, "2015-06-30": 248.439, "2015-03-31": "47.32100", "2014-12-31": -53.916, "2014-09-30": 483.671, "2014-06-30": 455.789, "2014-03-31": "-434.54100", "2013-12-31": 408.747, "2013-09-30": 744.16, "2013-06-30": 98.65, "2013-03-31": "349.04400", "2012-12-31": 131.853, "2012-09-30": -472.543, "2012-06-30": -201.277, "2012-03-31": "-108.46100", "2011-12-31": 284.571, "2011-09-30": -84.548, "2011-06-30": -508.753, "2011-03-31": "-2074.62900", "2010-12-31": -54.576, "2010-09-30": 89.582, "2010-06-30": -460.931, "2010-03-31": "1341.30400", "2009-12-31": 589.316, "2009-09-30": 240.697, "2009-06-30": 649.271, "2009-03-31": "295.27300", "2008-12-31": 247.915, "2008-09-30": 75.145, "2008-06-30": -2450.312, "2008-03-31": "156.55500", "2007-12-31": -1385.458, "2007-09-30": 120.829, "2007-06-30": -643.889, "2007-03-31": "-42.67000", "2006-12-31": -1743.864, "2006-09-30": -1156.984, "2006-06-30": 1100.714, "2006-03-31": "1176.16500", "2005-12-31": 577.905, "2005-09-30": 600.048, "2005-06-30": -19.504, "2005-03-31": "-219.54400"}, "Net Long-Term Debt": {"2020-09-30": -183.433, "2020-06-30": -4300.181, "2020-03-31": "-724.37400", "2019-12-31": 532.9927, "2019-09-30": -81.2891, "2019-06-30": 312.3633, "2019-03-31": "605.12110", "2018-12-31": 570.774, "2018-09-30": 1582.7009, "2018-06-30": -498.5254, "2018-03-31": "-68.76950", "2017-12-31": -29.289, "2017-09-30": -176.059, "2017-06-30": -951.2343, "2017-03-31": "-550.26170", "2016-12-31": 39.7226, "2016-09-30": -299.3359, "2016-06-30": -147.5078, "2016-03-31": "-316.61330", "2015-12-31": -106.4687, "2015-09-30": -207.0977, "2015-06-30": -190.3769, "2015-03-31": "-34.58010", "2014-12-31": 216.6015, "2014-09-30": -472.5976, "2014-06-30": -340.3633, "2014-03-31": "194.57030", "2013-12-31": -284.1055, "2013-09-30": -426.5664, "2013-06-30": -89.8125, "2013-03-31": "45.55470", "2012-12-31": -179.9609, "2012-09-30": 341.8125, "2012-06-30": 427.4834, "2012-03-31": "109.27050", "2011-12-31": -311.438, "2011-09-30": -545.326, "2011-06-30": 928.333, "2011-03-31": "1763.67300", "2010-12-31": 138.046, "2010-09-30": -403.2281, "2010-06-30": 284.3681, "2010-03-31": "-1181.83100", "2009-12-31": -430.149, "2009-09-30": -434.07, "2009-06-30": -791.8166, "2009-03-31": "-269.73440", "2008-12-31": -405.894, "2008-09-30": 58.189, "2008-06-30": 2042.5762, "2008-03-31": "-242.78520", "2007-12-31": 1207.5507, "2007-09-30": -65.5371, "2007-06-30": 616.1621, "2007-03-31": "40.61330", "2006-12-31": 1736.6187, "2006-09-30": 1150.891, "2006-06-30": -1117.8, "2006-03-31": "-1146.53200", "2005-12-31": -641.5996, "2005-09-30": -582.6113, "2005-06-30": 11.8691, "2005-03-31": "198.84180"}, "Net Current Debt": {"2020-09-30": 0, "2020-06-30": 0, "2020-03-31": "", "2019-12-31": 0, "2019-09-30": 0, "2019-06-30": 0, "2019-03-31": "", "2018-12-31": 0, "2018-09-30": 0, "2018-06-30": 0, "2018-03-31": "", "2017-12-31": 0, "2017-09-30": 0, "2017-06-30": 0, "2017-03-31": "", "2016-12-31": 0, "2016-09-30": 0, "2016-06-30": 0, "2016-03-31": "", "2015-12-31": 0, "2015-09-30": 0, "2015-06-30": 0, "2015-03-31": "", "2014-12-31": 0, "2014-09-30": 0, "2014-06-30": 0, "2014-03-31": "", "2013-12-31": 0, "2013-09-30": 0, "2013-06-30": 0, "2013-03-31": "", "2012-12-31": 0, "2012-09-30": 0, "2012-06-30": 0, "2012-03-31": "", "2011-12-31": 0, "2011-09-30": 0, "2011-06-30": 0, "2011-03-31": "", "2010-12-31": 0, "2010-09-30": -0.0019, "2010-06-30": -9.1006, "2010-03-31": "-26.85700", "2009-12-31": -0.0391, "2009-09-30": -0.0391, "2009-06-30": -0.0468, "2009-03-31": "-0.03910", "2008-12-31": -0.0398, "2008-09-30": -0.4239, "2008-06-30": -0.038, "2008-03-31": "-91.51860", "2007-12-31": 0.5887, "2007-09-30": -0.5918, "2007-06-30": 0.1016, "2007-03-31": "", "2006-12-31": -6.8164, "2006-09-30": -0.0537, "2006-06-30": 0, "2006-03-31": "-6.07520", "2005-12-31": -0.0508, "2005-09-30": 0.0176, "2005-06-30": -0.0547, "2005-03-31": "-0.04690"}, "Debt Issuance/Retirement Net - Total": {"2020-09-30": -183.433, "2020-06-30": -4300.181, "2020-03-31": "-724.37400", "2019-12-31": 532.9927, "2019-09-30": -81.2891, "2019-06-30": 312.3633, "2019-03-31": "605.12110", "2018-12-31": 570.774, "2018-09-30": 1582.7009, "2018-06-30": -498.5254, "2018-03-31": "-68.76950", "2017-12-31": -29.289, "2017-09-30": -176.059, "2017-06-30": -951.2343, "2017-03-31": "-550.26170", "2016-12-31": 39.7226, "2016-09-30": -299.3359, "2016-06-30": -147.5078, "2016-03-31": "-316.61330", "2015-12-31": -106.4687, "2015-09-30": -207.0977, "2015-06-30": -190.3769, "2015-03-31": "-34.58010", "2014-12-31": 216.6015, "2014-09-30": -472.5976, "2014-06-30": -340.3633, "2014-03-31": "194.57030", "2013-12-31": -284.1055, "2013-09-30": -426.5664, "2013-06-30": -89.8125, "2013-03-31": "45.55470", "2012-12-31": -179.9609, "2012-09-30": 341.8125, "2012-06-30": 427.4834, "2012-03-31": "109.27050", "2011-12-31": -311.438, "2011-09-30": -545.326, "2011-06-30": 928.333, "2011-03-31": "1763.67300", "2010-12-31": 138.047, "2010-09-30": -403.2305, "2010-06-30": 275.2675, "2010-03-31": "-1208.68800", "2009-12-31": -430.188, "2009-09-30": -434.109, "2009-06-30": -791.8636, "2009-03-31": "-269.77340", "2008-12-31": -405.934, "2008-09-30": 57.766, "2008-06-30": 2042.5377, "2008-03-31": "-334.30370", "2007-12-31": 1208.14, "2007-09-30": -66.129, "2007-06-30": 616.2637, "2007-03-31": "40.61330", "2006-12-31": 1729.8024, "2006-09-30": 1150.837, "2006-06-30": -1117.8, "2006-03-31": "-1152.60700", "2005-12-31": -641.6506, "2005-09-30": -582.5938, "2005-06-30": 11.8145, "2005-03-31": "198.79490"}, "Net Common Equity Issued/Repurchased": {"2020-09-30": 0.001, "2020-06-30": 14.078, "2020-03-31": "0.68700", "2019-12-31": 3.464, "2019-09-30": 7.724, "2019-06-30": 0.586, "2019-03-31": "0.55100", "2018-12-31": 0.213, "2018-09-30": 390.221, "2018-06-30": 0.481, "2018-03-31": "1.23000", "2017-12-31": 5.88, "2017-09-30": 4.678, "2017-06-30": 182.298, "2017-03-31": "3.95200", "2016-12-31": 3.719, "2016-09-30": 0.341, "2016-06-30": 0.294, "2016-03-31": "0.30600", "2015-12-31": 0.292, "2015-09-30": 0.303, "2015-06-30": 0.311, "2015-03-31": "0.31200", "2014-12-31": 9.268, "2014-09-30": 9.525, "2014-06-30": 9.23, "2014-03-31": "7.61600", "2013-12-31": -6.038, "2013-09-30": 26.984, "2013-06-30": 33.12, "2013-03-31": "7.27800", "2012-12-31": -1.073, "2012-09-30": 0.603, "2012-06-30": 3.344, "2012-03-31": "0.45100", "2011-12-31": 2.038, "2011-09-30": 0.373, "2011-06-30": 0.197, "2011-03-31": "605.19500", "2010-12-31": 0.239, "2010-09-30": 0.097, "2010-06-30": 0.148, "2010-03-31": "0.12500", "2009-12-31": 0.07, "2009-09-30": 386.786, "2009-06-30": 0.139, "2009-03-31": "16.37300", "2008-12-31": 73.407, "2008-09-30": 58.412, "2008-06-30": 304.89, "2008-03-31": "253.07400", "2007-12-31": 198.159, "2007-09-30": 94.408, "2007-06-30": 15.997, "2007-03-31": "0.36400", "2006-12-31": 10.588, "2006-09-30": 0.1, "2006-06-30": -2.818, "2006-03-31": "-2.87900", "2005-12-31": -10.912, "2005-09-30": -1.785, "2005-06-30": 0, "2005-03-31": "2.99800"}, "Net Total Equity Issued/Repurchased": {"2020-09-30": -8.947, "2020-06-30": 22.99, "2020-03-31": "266.77500", "2019-12-31": 3.464, "2019-09-30": 7.724, "2019-06-30": 0.586, "2019-03-31": "0.55100", "2018-12-31": 0.213, "2018-09-30": 390.221, "2018-06-30": 0.481, "2018-03-31": "1.23000", "2017-12-31": 6.292, "2017-09-30": 4.266, "2017-06-30": 182.298, "2017-03-31": "3.95200", "2016-12-31": 3.719, "2016-09-30": 0.341, "2016-06-30": 0.294, "2016-03-31": "0.30600", "2015-12-31": 0.292, "2015-09-30": 0.303, "2015-06-30": 0.311, "2015-03-31": "0.31200", "2014-12-31": 9.268, "2014-09-30": 9.525, "2014-06-30": 9.23, "2014-03-31": "7.61600", "2013-12-31": -6.038, "2013-09-30": 26.984, "2013-06-30": 137.12, "2013-03-31": "7.27800", "2012-12-31": -1.073, "2012-09-30": 0.603, "2012-06-30": 3.344, "2012-03-31": "0.45100", "2011-12-31": 2.038, "2011-09-30": 0.373, "2011-06-30": 0.197, "2011-03-31": "605.19500", "2010-12-31": 0.239, "2010-09-30": 0.097, "2010-06-30": 0.148, "2010-03-31": "0.12500", "2009-12-31": 0.07, "2009-09-30": 386.786, "2009-06-30": 0.139, "2009-03-31": "16.37300", "2008-12-31": 73.407, "2008-09-30": 58.412, "2008-06-30": 304.89, "2008-03-31": "253.07400", "2007-12-31": 198.159, "2007-09-30": 94.408, "2007-06-30": 15.997, "2007-03-31": "0.36400", "2006-12-31": 10.588, "2006-09-30": 0.1, "2006-06-30": -2.818, "2006-03-31": "-2.87900", "2005-12-31": -10.912, "2005-09-30": -1.785, "2005-06-30": 0, "2005-03-31": "2.99800"}, "Total Common And Preferred Stock Dividends Paid": {"2020-09-30": -21.578, "2020-06-30": 0, "2020-03-31": "-90.74900", "2019-12-31": -94.364, "2019-09-30": -94.15, "2019-06-30": -94.103, "2019-03-31": "-93.94800", "2018-12-31": -93.886, "2018-09-30": -83.697, "2018-06-30": -83.657, "2018-03-31": "-83.51900", "2017-12-31": -83.356, "2017-09-30": -83.299, "2017-06-30": -78.561, "2017-03-31": "-78.37200", "2016-12-31": -78.26, "2016-09-30": -78.248, "2016-06-30": -78.212, "2016-03-31": "-78.17500", "2015-12-31": -78.14, "2015-09-30": -78.127, "2015-06-30": -78.093, "2015-03-31": "-78.01900", "2014-12-31": -77.795, "2014-09-30": -77.545, "2014-06-30": -77.291, "2014-03-31": "-77.03900", "2013-12-31": -84.564, "2013-09-30": -186.076, "2013-06-30": -263.955, "2013-03-31": "-73.98200", "2012-12-31": -77.765, "2012-09-30": -84.661, "2012-06-30": -88.131, "2012-03-31": "-98.83200", "2011-12-31": -91.515, "2011-09-30": -91.466, "2011-06-30": -86.022, "2011-03-31": "-68.41800", "2010-12-31": -65.387, "2010-09-30": -55.518, "2010-06-30": -69.544, "2010-03-31": "-77.93900", "2009-12-31": -72.28, "2009-09-30": -57.77, "2009-06-30": -51.22, "2009-03-31": "-48.39100", "2008-12-31": -47.702, "2008-09-30": -41.766, "2008-06-30": -29.49, "2008-03-31": "-20.04500", "2007-12-31": -12.601, "2007-09-30": -9.59, "2007-06-30": -8.6, "2007-03-31": "-6.93900", "2006-12-31": -6.047, "2006-09-30": -6.042, "2006-06-30": -6.052, "2006-03-31": "-6.09800", "2005-12-31": -6.174, "2005-09-30": -12.427, "2005-06-30": -16.995, "2005-03-31": "-20.21000"}, "Financial Activities - Other": {"2020-09-30": 8.948, "2020-06-30": -8.948, "2020-03-31": "-88.40500", "2019-12-31": 7.593, "2019-09-30": -0.491, "2019-06-30": -25.653, "2019-03-31": "-21.47800", "2018-12-31": -12.555, "2018-09-30": -3.49, "2018-06-30": -2.606, "2018-03-31": "20.04500", "2017-12-31": 17.5, "2017-09-30": 5.278, "2017-06-30": -1.906, "2017-03-31": "-34.94200", "2016-12-31": 0, "2016-09-30": 0, "2016-06-30": 0, "2016-03-31": "", "2015-12-31": 0, "2015-09-30": 0, "2015-06-30": 0, "2015-03-31": "", "2014-12-31": -413.9312, "2014-09-30": 74.585, "2014-06-30": -45.016, "2014-03-31": "-29.56900", "2013-12-31": -43.4871, "2013-09-30": -188.814, "2013-06-30": -105.37, "2013-03-31": "-198.78200", "2012-12-31": 0, "2012-09-30": 0, "2012-06-30": -3.466, "2012-03-31": "-1.76300", "2011-12-31": 0, "2011-09-30": 551.247, "2011-06-30": -555.419, "2011-03-31": "-3.72400", "2010-12-31": -3.154, "2010-09-30": 42.121, "2010-06-30": -42.121, "2010-03-31": "", "2009-12-31": 0, "2009-09-30": 0, "2009-06-30": 0, "2009-03-31": "", "2008-12-31": 0, "2008-09-30": 0, "2008-06-30": 0, "2008-03-31": "", "2007-12-31": -0.627, "2007-09-30": 0, "2007-06-30": 0, "2007-03-31": "", "2006-12-31": 0, "2006-09-30": 0, "2006-06-30": 0, "2006-03-31": "", "2005-12-31": -0.985, "2005-09-30": 0, "2005-06-30": 0.985, "2005-03-31": ""}, "Cash Flow From Financial Activities": {"2020-09-30": -205.009, "2020-06-30": -4286.138, "2020-03-31": "-636.75300", "2019-12-31": 449.688, "2019-09-30": -168.205, "2019-06-30": 193.193, "2019-03-31": "490.24500", "2018-12-31": 464.545, "2018-09-30": 1885.737, "2018-06-30": -584.308, "2018-03-31": "-131.01400", "2017-12-31": -88.852, "2017-09-30": -249.81, "2017-06-30": -849.407, "2017-03-31": "-659.62300", "2016-12-31": -34.819, "2016-09-30": -377.242, "2016-06-30": -225.428, "2016-03-31": "-394.48100", "2015-12-31": -184.315, "2015-09-30": -284.93, "2015-06-30": -268.155, "2015-03-31": "-112.28800", "2014-12-31": -265.852, "2014-09-30": -466.036, "2014-06-30": -453.439, "2014-03-31": "95.57800", "2013-12-31": -418.189, "2013-09-30": -774.472, "2013-06-30": -322.018, "2013-03-31": "-219.93300", "2012-12-31": -258.796, "2012-09-30": 257.75, "2012-06-30": 339.231, "2012-03-31": "9.12700", "2011-12-31": -400.914, "2011-09-30": -85.171, "2011-06-30": 287.087, "2011-03-31": "2296.72700", "2010-12-31": 69.748, "2010-09-30": -416.531, "2010-06-30": 163.751, "2010-03-31": "-1286.50200", "2009-12-31": -502.4, "2009-09-30": -105.097, "2009-06-30": -842.939, "2009-03-31": "-301.79200", "2008-12-31": -380.22, "2008-09-30": 74.406, "2008-06-30": 2317.937, "2008-03-31": "-101.27400", "2007-12-31": 1393.071, "2007-09-30": 18.687, "2007-06-30": 623.66, "2007-03-31": "34.03800", "2006-12-31": 1734.345, "2006-09-30": 1144.894, "2006-06-30": -1126.67, "2006-03-31": "-1161.58400", "2005-12-31": -659.721, "2005-09-30": -596.805, "2005-06-30": -4.196, "2005-03-31": "181.58300"}, "Net Cash Flow": {"2020-09-30": 215.622, "2020-06-30": 340.485, "2020-03-31": "198.70300", "2019-12-31": -58.527, "2019-09-30": 73.474, "2019-06-30": 1.139, "2019-03-31": "29.86900", "2018-12-31": -22.645, "2018-09-30": 52.497, "2018-06-30": -163.608, "2018-03-31": "-241.27800", "2017-12-31": -159.87, "2017-09-30": -133.71, "2017-06-30": 324.771, "2017-03-31": "113.97700", "2016-12-31": -41.661, "2016-09-30": 105.933, "2016-06-30": 36.529, "2016-03-31": "-18.77100", "2015-12-31": -9.153, "2015-09-30": -44.332, "2015-06-30": 49.775, "2015-03-31": "-13.72000", "2014-12-31": -241.454, "2014-09-30": 80.172, "2014-06-30": 69.047, "2014-03-31": "-290.69800", "2013-12-31": 61.518, "2013-09-30": 55.57, "2013-06-30": -153.288, "2013-03-31": "200.27700", "2012-12-31": -49.149, "2012-09-30": -142.934, "2012-06-30": 218.755, "2012-03-31": "-19.40100", "2011-12-31": -27.004, "2011-09-30": -82.202, "2011-06-30": -126.195, "2011-03-31": "284.18000", "2010-12-31": 74.318, "2010-09-30": -260.618, "2010-06-30": -237.113, "2010-03-31": "115.19600", "2009-12-31": 166.765, "2009-09-30": 204.203, "2009-06-30": -123.075, "2009-03-31": "44.40000", "2008-12-31": -77.363, "2008-09-30": 206.673, "2008-06-30": -107.91, "2008-03-31": "105.35700", "2007-12-31": 28.015, "2007-09-30": 152.066, "2007-06-30": 0.632, "2007-03-31": "6.49700", "2006-12-31": -5.943, "2006-09-30": -1.736, "2006-06-30": -20.065, "2006-03-31": "10.64300", "2005-12-31": -68.533, "2005-09-30": 40.852, "2005-06-30": 14.435, "2005-03-31": "9.20600"}, "Stock-Based Compensation": {"2020-09-30": -2.827, "2020-06-30": 1.554, "2020-03-31": "1.27300", "2019-12-31": 9.239, "2019-09-30": -3.436, "2019-06-30": 2.438, "2019-03-31": "0.99800", "2018-12-31": 4.116, "2018-09-30": 1.082, "2018-06-30": 2.256, "2018-03-31": "0.55300", "2017-12-31": 2.664, "2017-09-30": 1.91, "2017-06-30": 2.353, "2017-03-31": "1.10600", "2016-12-31": 5.019, "2016-09-30": 1.101, "2016-06-30": 1.908, "2016-03-31": "1.13400", "2015-12-31": 4.232, "2015-09-30": 1.031, "2015-06-30": 1.657, "2015-03-31": "0.91200", "2014-12-31": 4.224, "2014-09-30": 1.271, "2014-06-30": 1.602, "2014-03-31": "1.48400", "2013-12-31": 1.212, "2013-09-30": 0.76, "2013-06-30": 1.301, "2013-03-31": "0.88500", "2012-12-31": 2.114, "2012-09-30": 1.793, "2012-06-30": 1.48, "2012-03-31": "1.10100", "2011-12-31": 1.402, "2011-09-30": 1.027, "2011-06-30": 1.024, "2011-03-31": "0.93200", "2010-12-31": 1.093, "2010-09-30": 0.622, "2010-06-30": 0.846, "2010-03-31": "0.72200", "2009-12-31": 0.594, "2009-09-30": 0.416, "2009-06-30": 0.426, "2009-03-31": "0.47400", "2008-12-31": 0.412, "2008-09-30": 0.305, "2008-06-30": 0.297, "2008-03-31": "0.34200", "2007-12-31": 0.271, "2007-09-30": 0.014, "2007-06-30": 0.052, "2007-03-31": "0.17400", "2006-12-31": 0.179, "2006-09-30": 0.02, "2006-06-30": 0.22, "2006-03-31": "0.12000", "2005-12-31": 0.119, "2005-09-30": 0.122, "2005-06-30": 0.126, "2005-03-31": "0.12600"}, "Common Stock Dividends Paid": {"2020-09-30": 0, "2020-06-30": 0, "2020-03-31": "-90.74900", "2019-12-31": -90.614, "2019-09-30": -90.4, "2019-06-30": -90.353, "2019-03-31": "-90.19800", "2018-12-31": -90.136, "2018-09-30": -79.947, "2018-06-30": -79.907, "2018-03-31": "-79.76900", "2017-12-31": -79.606, "2017-09-30": -79.549, "2017-06-30": -74.811, "2017-03-31": "-74.62200", "2016-12-31": -74.51, "2016-09-30": -74.498, "2016-06-30": -74.462, "2016-03-31": "-74.42500", "2015-12-31": -74.39, "2015-09-30": -74.377, "2015-06-30": -74.343, "2015-03-31": "-74.26900", "2014-12-31": -74.045, "2014-09-30": -73.795, "2014-06-30": -73.541, "2014-03-31": "-73.28900", "2013-12-31": -80.814, "2013-09-30": -182.326, "2013-06-30": -259.745, "2013-03-31": "-71.94200", "2012-12-31": -75.725, "2012-09-30": -82.621, "2012-06-30": -86.091, "2012-03-31": "-96.79200", "2011-12-31": -89.475, "2011-09-30": -89.426, "2011-06-30": -83.982, "2011-03-31": "-66.37800", "2010-12-31": -63.347, "2010-09-30": -53.478, "2010-06-30": -67.504, "2010-03-31": "-75.89900", "2009-12-31": -70.24, "2009-09-30": -55.73, "2009-06-30": -49.18, "2009-03-31": "-46.35100", "2008-12-31": -45.662, "2008-09-30": -39.726, "2008-06-30": -27.45, "2008-03-31": "-18.00500", "2007-12-31": -10.561, "2007-09-30": -7.55, "2007-06-30": -6.56, "2007-03-31": "-4.89900", "2006-12-31": -4.007, "2006-09-30": -4.002, "2006-06-30": -4.012, "2006-03-31": "-4.05800", "2005-12-31": -4.134, "2005-09-30": -10.387, "2005-06-30": -14.955, "2005-03-31": "-18.17000"}}, "financial ratios": {"Current Ratio": {"2019-12-31": "", "2018-12-31": "", "2017-12-31": "", "2016-12-31": "", "2015-12-31": "", "2014-12-31": "", "2013-12-31": "", "2012-12-31": "", "2011-12-31": "", "2010-12-31": "", "2009-12-31": "", "2008-12-31": "", "2007-12-31": "", "2006-12-31": "", "2005-12-31": ""}, "Long-term Debt / Capital": {"2019-12-31": "0.72980", "2018-12-31": "0.69760", "2017-12-31": "0.66980", "2016-12-31": "0.74120", "2015-12-31": "0.76170", "2014-12-31": "0.72580", "2013-12-31": "0.73700", "2012-12-31": "0.74150", "2011-12-31": "0.77670", "2010-12-31": "0.73410", "2009-12-31": "0.76870", "2008-12-31": "0.87800", "2007-12-31": "0.89040", "2006-12-31": "0.89420", "2005-12-31": "0.88570"}, "Debt/Equity Ratio": {"2019-12-31": "2.70090", "2018-12-31": "2.30650", "2017-12-31": "2.02800", "2016-12-31": "2.86340", "2015-12-31": "3.19630", "2014-12-31": "2.64670", "2013-12-31": "2.80230", "2012-12-31": "2.86900", "2011-12-31": "3.47860", "2010-12-31": "2.76090", "2009-12-31": "3.32290", "2008-12-31": "7.19780", "2007-12-31": "8.12660", "2006-12-31": "8.44780", "2005-12-31": "7.74780"}, "Gross Margin": {"2019-12-31": "", "2018-12-31": "", "2017-12-31": "", "2016-12-31": "", "2015-12-31": "", "2014-12-31": "", "2013-12-31": "", "2012-12-31": "", "2011-12-31": "", "2010-12-31": "", "2009-12-31": "", "2008-12-31": "", "2007-12-31": "", "2006-12-31": "", "2005-12-31": ""}, "Operating Margin": {"2019-12-31": "90.94970", "2018-12-31": "89.88840", "2017-12-31": "88.54930", "2016-12-31": "90.02910", "2015-12-31": "91.45680", "2014-12-31": "91.21530", "2013-12-31": "93.02420", "2012-12-31": "93.27490", "2011-12-31": "93.72340", "2010-12-31": "93.27330", "2009-12-31": "95.44130", "2008-12-31": "78.89130", "2007-12-31": "96.40610", "2006-12-31": "94.89720", "2005-12-31": "95.46370"}, "EBIT Margin": {"2019-12-31": "90.94970", "2018-12-31": "89.88840", "2017-12-31": "88.54930", "2016-12-31": "90.02910", "2015-12-31": "91.45680", "2014-12-31": "91.21530", "2013-12-31": "93.02420", "2012-12-31": "93.27490", "2011-12-31": "93.72340", "2010-12-31": "93.27330", "2009-12-31": "95.44130", "2008-12-31": "78.89130", "2007-12-31": "96.40610", "2006-12-31": "94.89720", "2005-12-31": "95.46370"}, "EBITDA Margin": {"2019-12-31": "99.29280", "2018-12-31": "96.71240", "2017-12-31": "95.89710", "2016-12-31": "98.26800", "2015-12-31": "100.08920", "2014-12-31": "98.38260", "2013-12-31": "106.28420", "2012-12-31": "104.46010", "2011-12-31": "102.00320", "2010-12-31": "103.89330", "2009-12-31": "100.29410", "2008-12-31": "82.45290", "2007-12-31": "103.60640", "2006-12-31": "109.32930", "2005-12-31": "119.96450"}, "Pre-Tax Profit Margin": {"2019-12-31": "64.99920", "2018-12-31": "66.23160", "2017-12-31": "74.37870", "2016-12-31": "68.35020", "2015-12-31": "63.64530", "2014-12-31": "67.59220", "2013-12-31": "62.68050", "2012-12-31": "61.47140", "2011-12-31": "63.69720", "2010-12-31": "68.93330", "2009-12-31": "53.04780", "2008-12-31": "8.68160", "2007-12-31": "7.85040", "2006-12-31": "2.38880", "2005-12-31": "2.84600"}, "Net Profit Margin": {"2019-12-31": "62.42060", "2018-12-31": "62.93980", "2017-12-31": "70.91810", "2016-12-31": "65.07120", "2015-12-31": "60.59740", "2014-12-31": "64.35820", "2013-12-31": "59.01600", "2012-12-31": "59.83670", "2011-12-31": "62.05450", "2010-12-31": "66.84810", "2009-12-31": "51.43380", "2008-12-31": "7.13470", "2007-12-31": "5.72990", "2006-12-31": "0.27280", "2005-12-31": "-0.60820"}, "Asset Turnover": {"2019-12-31": "0.04290", "2018-12-31": "0.03670", "2017-12-31": "0.03960", "2016-12-31": "0.03660", "2015-12-31": "0.03740", "2014-12-31": "0.03750", "2013-12-31": "0.03870", "2012-12-31": "0.03690", "2011-12-31": "0.04230", "2010-12-31": "0.04500", "2009-12-31": "0.05250", "2008-12-31": "0.04960", "2007-12-31": "0.04470", "2006-12-31": "0.03400", "2005-12-31": "0.04080"}, "Inventory Turnover Ratio": {"2019-12-31": "", "2018-12-31": "", "2017-12-31": "", "2016-12-31": "", "2015-12-31": "", "2014-12-31": "", "2013-12-31": "", "2012-12-31": "", "2011-12-31": "", "2010-12-31": "", "2009-12-31": "", "2008-12-31": "", "2007-12-31": "", "2006-12-31": "", "2005-12-31": ""}, "Receiveable Turnover": {"2019-12-31": "", "2018-12-31": "", "2017-12-31": "", "2016-12-31": "", "2015-12-31": "", "2014-12-31": "", "2013-12-31": "", "2012-12-31": "", "2011-12-31": "", "2010-12-31": "", "2009-12-31": "", "2008-12-31": "", "2007-12-31": "", "2006-12-31": "", "2005-12-31": ""}, "Days Sales In Receivables": {"2019-12-31": "", "2018-12-31": "", "2017-12-31": "", "2016-12-31": "", "2015-12-31": "", "2014-12-31": "", "2013-12-31": "", "2012-12-31": "", "2011-12-31": "", "2010-12-31": "", "2009-12-31": "", "2008-12-31": "", "2007-12-31": "", "2006-12-31": "", "2005-12-31": ""}, "ROE - Return On Equity": {"2019-12-31": "11.17410", "2018-12-31": "8.83490", "2017-12-31": "9.88460", "2016-12-31": "10.30610", "2015-12-31": "10.55640", "2014-12-31": "9.78720", "2013-12-31": "9.63380", "2012-12-31": "9.26740", "2011-12-31": "12.66810", "2010-12-31": "11.98720", "2009-12-31": "12.36910", "2008-12-31": "3.64320", "2007-12-31": "3.25810", "2006-12-31": "0.77170", "2005-12-31": "1.02770"}, "Return On Tangible Equity": {"2019-12-31": "11.17380", "2018-12-31": "8.83470", "2017-12-31": "9.88440", "2016-12-31": "10.30580", "2015-12-31": "10.55610", "2014-12-31": "9.80900", "2013-12-31": "9.65560", "2012-12-31": "9.28740", "2011-12-31": "12.70450", "2010-12-31": "12.02550", "2009-12-31": "12.41000", "2008-12-31": "3.66410", "2007-12-31": "3.28340", "2006-12-31": "0.77990", "2005-12-31": "1.03900"}, "ROA - Return On Assets": {"2019-12-31": "2.78700", "2018-12-31": "2.42990", "2017-12-31": "2.94300", "2016-12-31": "2.50450", "2015-12-31": "2.37970", "2014-12-31": "2.53750", "2013-12-31": "2.42710", "2012-12-31": "2.26990", "2011-12-31": "2.69270", "2010-12-31": "3.10520", "2009-12-31": "2.78570", "2008-12-31": "0.43040", "2007-12-31": "0.35100", "2006-12-31": "0.08130", "2005-12-31": "0.11620"}, "ROI - Return On Investment": {"2019-12-31": "3.01920", "2018-12-31": "2.67190", "2017-12-31": "3.26430", "2016-12-31": "2.66760", "2015-12-31": "2.51560", "2014-12-31": "2.68380", "2013-12-31": "2.53360", "2012-12-31": "2.39530", "2011-12-31": "2.82860", "2010-12-31": "3.18730", "2009-12-31": "2.86120", "2008-12-31": "0.44440", "2007-12-31": "0.35700", "2006-12-31": "0.08170", "2005-12-31": "0.11750"}, "Book Value Per Share": {"2019-12-31": "7.48050", "2018-12-31": "7.59490", "2017-12-31": "8.19850", "2016-12-31": "8.15890", "2015-12-31": "8.00700", "2014-12-31": "8.65550", "2013-12-31": "8.60600", "2012-12-31": "9.26040", "2011-12-31": "7.01400", "2010-12-31": "8.02350", "2009-12-31": "7.74160", "2008-12-31": "5.72660", "2007-12-31": "7.54570", "2006-12-31": "8.40890", "2005-12-31": "8.25130"}, "Operating Cash Flow Per Share": {"2019-12-31": 0.1083, "2018-12-31": -0.1015, "2017-12-31": -0.0289, "2016-12-31": -0.264, "2015-12-31": 0.0542, "2014-12-31": -0.1293, "2013-12-31": -0.0475, "2012-12-31": -0.1096, "2011-12-31": 0.1049, "2010-12-31": -0.2208, "2009-12-31": 0.059, "2008-12-31": 0.2759, "2007-12-31": 0.561, "2006-12-31": -1.4608, "2005-12-31": 1.6604}, "Free Cash Flow Per Share": {"2019-12-31": 0.0373, "2018-12-31": 0.0118, "2017-12-31": 0.0301, "2016-12-31": -0.1881, "2015-12-31": 0.0631, "2014-12-31": -0.1305, "2013-12-31": -0.0473, "2012-12-31": -0.1373, "2011-12-31": 0.133, "2010-12-31": -0.2197, "2009-12-31": 0.0573, "2008-12-31": 0.2803, "2007-12-31": 0.2597, "2006-12-31": -1.1649, "2005-12-31": 1.6604}}, "financial ratios, quarterly": {"Current Ratio": {"2020-09-30": "", "2020-06-30": "", "2020-03-31": "", "2019-12-31": "", "2019-09-30": "", "2019-06-30": "", "2019-03-31": "", "2018-12-31": "", "2018-09-30": "", "2018-06-30": "", "2018-03-31": "", "2017-12-31": "", "2017-09-30": "", "2017-06-30": "", "2017-03-31": "", "2016-12-31": "", "2016-09-30": "", "2016-06-30": "", "2016-03-31": "", "2015-12-31": "", "2015-09-30": "", "2015-06-30": "", "2015-03-31": "", "2014-12-31": "", "2014-09-30": "", "2014-06-30": "", "2014-03-31": "", "2013-12-31": "", "2013-09-30": "", "2013-06-30": "", "2013-03-31": "", "2012-12-31": "", "2012-09-30": "", "2012-06-30": "", "2012-03-31": "", "2011-12-31": "", "2011-09-30": "", "2011-06-30": "", "2011-03-31": "", "2010-12-31": "", "2010-09-30": "", "2010-06-30": "", "2010-03-31": "", "2009-12-31": "", "2009-09-30": "", "2009-06-30": "", "2009-03-31": "", "2008-12-31": "", "2008-09-30": "", "2008-06-30": "", "2008-03-31": "", "2007-12-31": "", "2007-09-30": "", "2007-06-30": "", "2007-03-31": "", "2006-12-31": "", "2006-09-30": "", "2006-06-30": "", "2006-03-31": "", "2005-12-31": "", "2005-09-30": "", "2005-06-30": "", "2005-03-31": ""}, "Long-term Debt / Capital": {"2020-09-30": "0.65410", "2020-06-30": "0.66530", "2020-03-31": "0.76090", "2019-12-31": "0.74780", "2019-09-30": "0.71580", "2019-06-30": "0.71720", "2019-03-31": "0.71420", "2018-12-31": "0.69760", "2018-09-30": "0.67200", "2018-06-30": "0.64760", "2018-03-31": "0.66970", "2017-12-31": "0.66980", "2017-09-30": "0.68140", "2017-06-30": "0.68550", "2017-03-31": "0.72930", "2016-12-31": "0.74120", "2016-09-30": "0.74350", "2016-06-30": "0.75600", "2016-03-31": "0.76380", "2015-12-31": "0.76170", "2015-09-30": "0.75890", "2015-06-30": "0.75700", "2015-03-31": "0.75710", "2014-12-31": "0.72580", "2014-09-30": "0.72040", "2014-06-30": "0.72650", "2014-03-31": "0.73740", "2013-12-31": "0.73700", "2013-09-30": "0.74730", "2013-06-30": "0.74920", "2013-03-31": "0.74510", "2012-12-31": "0.74150", "2012-09-30": "0.74930", "2012-06-30": "0.77200", "2012-03-31": "0.76250", "2011-12-31": "0.77670", "2011-09-30": "0.77260", "2011-06-30": "0.76420", "2011-03-31": "0.74220", "2010-12-31": "0.73410", "2010-09-30": "0.72350", "2010-06-30": "0.73790", "2010-03-31": "0.72850", "2009-12-31": "0.76870", "2009-09-30": "0.77390", "2009-06-30": "0.82830", "2009-03-31": "0.85750", "2008-12-31": "0.87800", "2008-09-30": "0.87800", "2008-06-30": "0.86950", "2008-03-31": "0.87440", "2007-12-31": "0.89040", "2007-09-30": "0.89200", "2007-06-30": "0.90070", "2007-03-31": "0.89260", "2006-12-31": "0.89420", "2006-09-30": "0.85480", "2006-06-30": "0.81280", "2006-03-31": "0.85690", "2005-12-31": "0.88570", "2005-09-30": "0.89540", "2005-06-30": "0.89790", "2005-03-31": "0.90010"}, "Debt/Equity Ratio": {"2020-09-30": "1.89080", "2020-06-30": "1.98780", "2020-03-31": "3.18280", "2019-12-31": "2.96450", "2019-09-30": "2.51850", "2019-06-30": "2.53590", "2019-03-31": "2.49950", "2018-12-31": "2.30650", "2018-09-30": "2.04890", "2018-06-30": "1.83750", "2018-03-31": "2.02720", "2017-12-31": "2.02800", "2017-09-30": "2.13900", "2017-06-30": "2.17970", "2017-03-31": "2.69440", "2016-12-31": "2.86340", "2016-09-30": "2.89920", "2016-06-30": "3.09900", "2016-03-31": "3.23320", "2015-12-31": "3.19630", "2015-09-30": "3.14830", "2015-06-30": "3.11460", "2015-03-31": "3.11730", "2014-12-31": "2.64670", "2014-09-30": "2.57610", "2014-06-30": "2.65570", "2014-03-31": "2.80810", "2013-12-31": "2.80230", "2013-09-30": "2.95680", "2013-06-30": "2.98720", "2013-03-31": "2.92290", "2012-12-31": "2.86900", "2012-09-30": "2.98900", "2012-06-30": "3.38550", "2012-03-31": "3.20970", "2011-12-31": "3.47860", "2011-09-30": "3.39850", "2011-06-30": "3.24130", "2011-03-31": "2.87910", "2010-12-31": "2.76090", "2010-09-30": "2.61700", "2010-06-30": "2.81590", "2010-03-31": "2.68280", "2009-12-31": "3.32290", "2009-09-30": "3.42370", "2009-06-30": "4.82320", "2009-03-31": "6.01680", "2008-12-31": "7.19780", "2008-09-30": "7.19950", "2008-06-30": "6.66220", "2008-03-31": "6.96130", "2007-12-31": "8.12660", "2007-09-30": "8.25690", "2007-06-30": "9.07140", "2007-03-31": "8.31050", "2006-12-31": "8.44780", "2006-09-30": "5.88590", "2006-06-30": "4.34050", "2006-03-31": "5.98600", "2005-12-31": "7.74780", "2005-09-30": "8.55820", "2005-06-30": "8.79320", "2005-03-31": "9.00900"}, "Gross Margin": {"2020-09-30": "", "2020-06-30": "", "2020-03-31": "", "2019-12-31": "", "2019-09-30": "", "2019-06-30": "", "2019-03-31": "", "2018-12-31": "", "2018-09-30": "", "2018-06-30": "", "2018-03-31": "", "2017-12-31": "", "2017-09-30": "", "2017-06-30": "", "2017-03-31": "", "2016-12-31": "", "2016-09-30": "", "2016-06-30": "", "2016-03-31": "", "2015-12-31": "", "2015-09-30": "", "2015-06-30": "", "2015-03-31": "", "2014-12-31": "", "2014-09-30": "", "2014-06-30": "", "2014-03-31": "", "2013-12-31": "", "2013-09-30": "", "2013-06-30": "", "2013-03-31": "", "2012-12-31": "", "2012-09-30": "", "2012-06-30": "", "2012-03-31": "", "2011-12-31": "", "2011-09-30": "", "2011-06-30": "", "2011-03-31": "", "2010-12-31": "", "2010-09-30": "", "2010-06-30": "", "2010-03-31": "", "2009-12-31": "", "2009-09-30": "", "2009-06-30": "", "2009-03-31": "", "2008-12-31": "", "2008-09-30": "", "2008-06-30": "", "2008-03-31": "", "2007-12-31": "", "2007-09-30": "", "2007-06-30": "", "2007-03-31": "", "2006-12-31": "", "2006-09-30": "", "2006-06-30": "", "2006-03-31": "", "2005-12-31": "", "2005-09-30": "", "2005-06-30": "", "2005-03-31": ""}, "Operating Margin": {"2020-09-30": "58.74700", "2020-06-30": "26.13660", "2020-03-31": "79.99040", "2019-12-31": "111.42520", "2019-09-30": "83.61770", "2019-06-30": "83.90450", "2019-03-31": "83.37520", "2018-12-31": "91.07080", "2018-09-30": "90.61330", "2018-06-30": "87.59670", "2018-03-31": "89.80260", "2017-12-31": "90.76820", "2017-09-30": "85.75800", "2017-06-30": "87.90180", "2017-03-31": "89.75070", "2016-12-31": "89.71990", "2016-09-30": "90.42990", "2016-06-30": "89.60500", "2016-03-31": "90.35490", "2015-12-31": "91.04380", "2015-09-30": "91.62950", "2015-06-30": "90.96020", "2015-03-31": "92.14800", "2014-12-31": "90.62000", "2014-09-30": "91.26140", "2014-06-30": "91.58650", "2014-03-31": "91.35870", "2013-12-31": "93.66950", "2013-09-30": "92.63350", "2013-06-30": "92.67020", "2013-03-31": "93.11300", "2012-12-31": "93.48790", "2012-09-30": "93.08750", "2012-06-30": "93.33550", "2012-03-31": "93.18750", "2011-12-31": "94.48930", "2011-09-30": "93.31250", "2011-06-30": "93.93680", "2011-03-31": "93.09140", "2010-12-31": "93.33590", "2010-09-30": "93.41490", "2010-06-30": "92.39740", "2010-03-31": "93.80950", "2009-12-31": "95.63420", "2009-09-30": "95.28940", "2009-06-30": "95.23190", "2009-03-31": "95.60730", "2008-12-31": "29.95280", "2008-09-30": "96.33340", "2008-06-30": "95.47450", "2008-03-31": "96.71260", "2007-12-31": "96.41890", "2007-09-30": "96.36980", "2007-06-30": "96.61420", "2007-03-31": "96.20730", "2006-12-31": "96.90400", "2006-09-30": "94.07140", "2006-06-30": "94.60650", "2006-03-31": "94.59210", "2005-12-31": "96.19600", "2005-09-30": "95.69450", "2005-06-30": "95.63480", "2005-03-31": "95.11750"}, "EBIT Margin": {"2020-09-30": "58.74700", "2020-06-30": "26.13660", "2020-03-31": "79.99040", "2019-12-31": "111.42520", "2019-09-30": "83.61770", "2019-06-30": "83.90450", "2019-03-31": "83.37520", "2018-12-31": "91.07080", "2018-09-30": "90.61330", "2018-06-30": "87.59670", "2018-03-31": "89.80260", "2017-12-31": "90.76820", "2017-09-30": "85.75800", "2017-06-30": "87.90180", "2017-03-31": "89.75070", "2016-12-31": "89.71990", "2016-09-30": "90.42990", "2016-06-30": "89.60500", "2016-03-31": "90.35490", "2015-12-31": "91.04380", "2015-09-30": "91.62950", "2015-06-30": "90.96020", "2015-03-31": "92.14800", "2014-12-31": "90.62000", "2014-09-30": "91.26140", "2014-06-30": "91.58650", "2014-03-31": "91.35870", "2013-12-31": "93.66950", "2013-09-30": "92.63350", "2013-06-30": "92.67020", "2013-03-31": "93.11300", "2012-12-31": "93.48800", "2012-09-30": "93.08750", "2012-06-30": "93.33550", "2012-03-31": "93.18750", "2011-12-31": "94.48930", "2011-09-30": "93.31250", "2011-06-30": "93.93680", "2011-03-31": "93.09140", "2010-12-31": "93.33590", "2010-09-30": "93.41490", "2010-06-30": "92.39740", "2010-03-31": "93.80950", "2009-12-31": "95.63420", "2009-09-30": "95.28940", "2009-06-30": "95.23190", "2009-03-31": "95.60730", "2008-12-31": "29.95280", "2008-09-30": "96.33340", "2008-06-30": "95.47450", "2008-03-31": "96.71260", "2007-12-31": "96.41890", "2007-09-30": "96.36980", "2007-06-30": "96.61420", "2007-03-31": "96.20730", "2006-12-31": "96.90400", "2006-09-30": "94.07140", "2006-06-30": "94.60650", "2006-03-31": "94.59210", "2005-12-31": "96.19600", "2005-09-30": "95.69450", "2005-06-30": "95.63480", "2005-03-31": "95.11750"}, "EBITDA Margin": {"2020-09-30": "", "2020-06-30": "", "2020-03-31": "", "2019-12-31": "", "2019-09-30": "", "2019-06-30": "", "2019-03-31": "", "2018-12-31": "", "2018-09-30": "", "2018-06-30": "", "2018-03-31": "", "2017-12-31": "", "2017-09-30": "", "2017-06-30": "", "2017-03-31": "", "2016-12-31": "", "2016-09-30": "", "2016-06-30": "", "2016-03-31": "", "2015-12-31": "", "2015-09-30": "", "2015-06-30": "", "2015-03-31": "", "2014-12-31": "", "2014-09-30": "", "2014-06-30": "", "2014-03-31": "", "2013-12-31": "", "2013-09-30": "", "2013-06-30": "", "2013-03-31": "", "2012-12-31": "", "2012-09-30": "", "2012-06-30": "", "2012-03-31": "", "2011-12-31": "", "2011-09-30": "", "2011-06-30": "", "2011-03-31": "", "2010-12-31": "", "2010-09-30": "", "2010-06-30": "", "2010-03-31": "", "2009-12-31": "", "2009-09-30": "", "2009-06-30": "", "2009-03-31": "", "2008-12-31": "", "2008-09-30": "", "2008-06-30": "", "2008-03-31": "", "2007-12-31": "", "2007-09-30": "", "2007-06-30": "", "2007-03-31": "", "2006-12-31": "", "2006-09-30": "", "2006-06-30": "", "2006-03-31": "", "2005-12-31": "", "2005-09-30": "", "2005-06-30": "", "2005-03-31": ""}, "Pre-Tax Profit Margin": {"2020-09-30": "131.97640", "2020-06-30": "110.54160", "2020-03-31": "-624.91060", "2019-12-31": "65.71470", "2019-09-30": "66.98310", "2019-06-30": "64.19430", "2019-03-31": "63.04060", "2018-12-31": "45.86200", "2018-09-30": "74.19780", "2018-06-30": "69.18630", "2018-03-31": "80.37920", "2017-12-31": "99.69480", "2017-09-30": "60.68980", "2017-06-30": "72.56460", "2017-03-31": "66.57170", "2016-12-31": "64.38880", "2016-09-30": "73.64620", "2016-06-30": "68.94780", "2016-03-31": "66.48950", "2015-12-31": "62.00220", "2015-09-30": "66.42110", "2015-06-30": "62.96250", "2015-03-31": "63.23820", "2014-12-31": "71.26710", "2014-09-30": "70.33180", "2014-06-30": "66.35590", "2014-03-31": "62.87490", "2013-12-31": "64.89690", "2013-09-30": "60.20150", "2013-06-30": "62.54440", "2013-03-31": "63.02120", "2012-12-31": "55.38940", "2012-09-30": "62.44540", "2012-06-30": "59.55980", "2012-03-31": "68.58080", "2011-12-31": "56.90920", "2011-09-30": "64.00670", "2011-06-30": "60.01560", "2011-03-31": "75.41550", "2010-12-31": "63.09720", "2010-09-30": "79.26130", "2010-06-30": "54.48680", "2010-03-31": "76.76820", "2009-12-31": "64.66270", "2009-09-30": "53.66370", "2009-06-30": "54.52710", "2009-03-31": "40.42740", "2008-12-31": "33.85760", "2008-09-30": "35.51170", "2008-06-30": "29.03070", "2008-03-31": "-67.09270", "2007-12-31": "18.58860", "2007-09-30": "-11.05300", "2007-06-30": "11.18140", "2007-03-31": "11.61620", "2006-12-31": "10.49250", "2006-09-30": "14.89100", "2006-06-30": "-42.60480", "2006-03-31": "19.14070", "2005-12-31": "-52.01420", "2005-09-30": "10.95580", "2005-06-30": "19.90940", "2005-03-31": "30.76960"}, "Net Profit Margin": {"2020-09-30": "119.53840", "2020-06-30": "101.22010", "2020-03-31": "-628.49580", "2019-12-31": "63.43280", "2019-09-30": "64.35560", "2019-06-30": "61.60690", "2019-03-31": "60.19850", "2018-12-31": "43.38350", "2018-09-30": "70.79930", "2018-06-30": "65.50070", "2018-03-31": "76.55370", "2017-12-31": "96.81080", "2017-09-30": "56.73390", "2017-06-30": "69.16040", "2017-03-31": "63.00600", "2016-12-31": "61.78800", "2016-09-30": "70.31920", "2016-06-30": "65.30520", "2016-03-31": "62.95940", "2015-12-31": "59.17100", "2015-09-30": "63.28840", "2015-06-30": "59.93820", "2015-03-31": "60.04830", "2014-12-31": "68.16280", "2014-09-30": "66.98820", "2014-06-30": "63.19520", "2014-03-31": "59.55070", "2013-12-31": "61.79890", "2013-09-30": "57.03650", "2013-06-30": "55.78470", "2013-03-31": "61.35920", "2012-12-31": "54.07300", "2012-09-30": "60.81510", "2012-06-30": "57.62000", "2012-03-31": "66.92920", "2011-12-31": "55.56160", "2011-09-30": "62.44670", "2011-06-30": "58.19210", "2011-03-31": "73.55890", "2010-12-31": "61.00700", "2010-09-30": "77.16720", "2010-06-30": "52.18500", "2010-03-31": "74.87400", "2009-12-31": "62.98390", "2009-09-30": "52.02570", "2009-06-30": "52.91750", "2009-03-31": "38.89080", "2008-12-31": "32.37700", "2008-09-30": "34.06430", "2008-06-30": "27.34040", "2008-03-31": "-68.68520", "2007-12-31": "16.54290", "2007-09-30": "-12.89650", "2007-06-30": "8.94030", "2007-03-31": "9.21040", "2006-12-31": "6.17100", "2006-09-30": "10.59710", "2006-06-30": "-47.14300", "2006-03-31": "23.93370", "2005-12-31": "-55.50870", "2005-09-30": "7.35430", "2005-06-30": "16.55000", "2005-03-31": "27.50050"}, "Asset Turnover": {"2020-09-30": "0.00880", "2020-06-30": "0.01150", "2020-03-31": "0.01310", "2019-12-31": "0.01130", "2019-09-30": "0.01090", "2019-06-30": "0.01100", "2019-03-31": "0.01100", "2018-12-31": "0.01070", "2018-09-30": "0.01000", "2018-06-30": "0.00960", "2018-03-31": "0.00980", "2017-12-31": "0.00920", "2017-09-30": "0.00950", "2017-06-30": "0.00950", "2017-03-31": "0.00990", "2016-12-31": "0.00900", "2016-09-30": "0.00880", "2016-06-30": "0.00890", "2016-03-31": "0.00910", "2015-12-31": "0.00900", "2015-09-30": "0.00890", "2015-06-30": "0.00910", "2015-03-31": "0.00930", "2014-12-31": "0.00910", "2014-09-30": "0.00920", "2014-06-30": "0.00940", "2014-03-31": "0.00950", "2013-12-31": "0.00970", "2013-09-30": "0.00940", "2013-06-30": "0.00910", "2013-03-31": "0.00900", "2012-12-31": "0.00920", "2012-09-30": "0.00910", "2012-06-30": "0.00970", "2012-03-31": "0.00990", "2011-12-31": "0.01060", "2011-09-30": "0.01090", "2011-06-30": "0.01110", "2011-03-31": "0.00960", "2010-12-31": "0.01120", "2010-09-30": "0.01150", "2010-06-30": "0.01020", "2010-03-31": "0.01280", "2009-12-31": "0.01260", "2009-09-30": "0.01250", "2009-06-30": "0.01290", "2009-03-31": "0.01260", "2008-12-31": "0.01290", "2008-09-30": "0.01310", "2008-06-30": "0.01120", "2008-03-31": "0.01500", "2007-12-31": "0.01300", "2007-09-30": "0.01350", "2007-06-30": "0.01280", "2007-03-31": "0.01310", "2006-12-31": "0.01110", "2006-09-30": "0.01010", "2006-06-30": "0.01310", "2006-03-31": "0.01160", "2005-12-31": "0.01010", "2005-09-30": "0.00880", "2005-06-30": "0.00860", "2005-03-31": "0.00860"}, "Inventory Turnover Ratio": {"2020-09-30": "", "2020-06-30": "", "2020-03-31": "", "2019-12-31": "", "2019-09-30": "", "2019-06-30": "", "2019-03-31": "", "2018-12-31": "", "2018-09-30": "", "2018-06-30": "", "2018-03-31": "", "2017-12-31": "", "2017-09-30": "", "2017-06-30": "", "2017-03-31": "", "2016-12-31": "", "2016-09-30": "", "2016-06-30": "", "2016-03-31": "", "2015-12-31": "", "2015-09-30": "", "2015-06-30": "", "2015-03-31": "", "2014-12-31": "", "2014-09-30": "", "2014-06-30": "", "2014-03-31": "", "2013-12-31": "", "2013-09-30": "", "2013-06-30": "", "2013-03-31": "", "2012-12-31": "", "2012-09-30": "", "2012-06-30": "", "2012-03-31": "", "2011-12-31": "", "2011-09-30": "", "2011-06-30": "", "2011-03-31": "", "2010-12-31": "", "2010-09-30": "", "2010-06-30": "", "2010-03-31": "", "2009-12-31": "", "2009-09-30": "", "2009-06-30": "", "2009-03-31": "", "2008-12-31": "", "2008-09-30": "", "2008-06-30": "", "2008-03-31": "", "2007-12-31": "", "2007-09-30": "", "2007-06-30": "", "2007-03-31": "", "2006-12-31": "", "2006-09-30": "", "2006-06-30": "", "2006-03-31": "", "2005-12-31": "", "2005-09-30": "", "2005-06-30": "", "2005-03-31": ""}, "Receiveable Turnover": {"2020-09-30": "", "2020-06-30": "", "2020-03-31": "", "2019-12-31": "", "2019-09-30": "", "2019-06-30": "", "2019-03-31": "", "2018-12-31": "", "2018-09-30": "", "2018-06-30": "", "2018-03-31": "", "2017-12-31": "", "2017-09-30": "", "2017-06-30": "", "2017-03-31": "", "2016-12-31": "", "2016-09-30": "", "2016-06-30": "", "2016-03-31": "", "2015-12-31": "", "2015-09-30": "", "2015-06-30": "", "2015-03-31": "", "2014-12-31": "", "2014-09-30": "", "2014-06-30": "", "2014-03-31": "", "2013-12-31": "", "2013-09-30": "", "2013-06-30": "", "2013-03-31": "", "2012-12-31": "", "2012-09-30": "", "2012-06-30": "", "2012-03-31": "", "2011-12-31": "", "2011-09-30": "", "2011-06-30": "", "2011-03-31": "", "2010-12-31": "", "2010-09-30": "", "2010-06-30": "", "2010-03-31": "", "2009-12-31": "", "2009-09-30": "", "2009-06-30": "", "2009-03-31": "", "2008-12-31": "", "2008-09-30": "", "2008-06-30": "", "2008-03-31": "", "2007-12-31": "", "2007-09-30": "", "2007-06-30": "", "2007-03-31": "", "2006-12-31": "", "2006-09-30": "", "2006-06-30": "", "2006-03-31": "", "2005-12-31": "", "2005-09-30": "", "2005-06-30": "", "2005-03-31": ""}, "Days Sales In Receivables": {"2020-09-30": "", "2020-06-30": "", "2020-03-31": "", "2019-12-31": "", "2019-09-30": "", "2019-06-30": "", "2019-03-31": "", "2018-12-31": "", "2018-09-30": "", "2018-06-30": "", "2018-03-31": "", "2017-12-31": "", "2017-09-30": "", "2017-06-30": "", "2017-03-31": "", "2016-12-31": "", "2016-09-30": "", "2016-06-30": "", "2016-03-31": "", "2015-12-31": "", "2015-09-30": "", "2015-06-30": "", "2015-03-31": "", "2014-12-31": "", "2014-09-30": "", "2014-06-30": "", "2014-03-31": "", "2013-12-31": "", "2013-09-30": "", "2013-06-30": "", "2013-03-31": "", "2012-12-31": "", "2012-09-30": "", "2012-06-30": "", "2012-03-31": "", "2011-12-31": "", "2011-09-30": "", "2011-06-30": "", "2011-03-31": "", "2010-12-31": "", "2010-09-30": "", "2010-06-30": "", "2010-03-31": "", "2009-12-31": "", "2009-09-30": "", "2009-06-30": "", "2009-03-31": "", "2008-12-31": "", "2008-09-30": "", "2008-06-30": "", "2008-03-31": "", "2007-12-31": "", "2007-09-30": "", "2007-06-30": "", "2007-03-31": "", "2006-12-31": "", "2006-09-30": "", "2006-06-30": "", "2006-03-31": "", "2005-12-31": "", "2005-09-30": "", "2005-06-30": "", "2005-03-31": ""}, "ROE - Return On Equity": {"2020-09-30": "3.39940", "2020-06-30": "3.83120", "2020-03-31": "-37.24650", "2019-12-31": "2.97350", "2019-09-30": "2.80900", "2019-06-30": "2.73380", "2019-03-31": "2.61000", "2018-12-31": "1.78220", "2018-09-30": "2.45290", "2018-06-30": "2.19540", "2018-03-31": "2.57760", "2017-12-31": "3.08420", "2017-09-30": "1.95870", "2017-06-30": "2.44110", "2017-03-31": "2.55440", "2016-12-31": "2.39420", "2016-09-30": "2.73660", "2016-06-30": "2.67850", "2016-03-31": "2.72820", "2015-12-31": "2.47620", "2015-09-30": "2.60540", "2015-06-30": "2.48190", "2015-03-31": "2.56140", "2014-12-31": "2.48840", "2014-09-30": "2.42440", "2014-06-30": "2.40370", "2014-03-31": "2.37750", "2013-12-31": "2.50010", "2013-09-30": "2.32080", "2013-06-30": "2.38500", "2013-03-31": "2.36870", "2012-12-31": "2.09060", "2012-09-30": "2.41240", "2012-06-30": "2.71310", "2012-03-31": "3.06330", "2011-12-31": "2.82510", "2011-09-30": "3.16900", "2011-06-30": "2.87710", "2011-03-31": "2.86890", "2010-12-31": "2.73640", "2010-09-30": "3.37040", "2010-06-30": "2.16730", "2010-03-31": "3.68270", "2009-12-31": "3.62380", "2009-09-30": "3.01720", "2009-06-30": "4.18690", "2009-03-31": "3.67740", "2008-12-31": "3.71100", "2008-09-30": "3.83820", "2008-06-30": "2.50480", "2008-03-31": "-8.17220", "2007-12-31": "2.25100", "2007-09-30": "-1.39590", "2007-06-30": "1.44520", "2007-03-31": "1.41800", "2006-12-31": "1.10530", "2006-09-30": "1.04090", "2006-06-30": "-2.99520", "2006-03-31": "1.55860", "2005-12-31": "-4.62710", "2005-09-30": "0.93590", "2005-06-30": "1.68670", "2005-03-31": "2.68000"}, "Return On Tangible Equity": {"2020-09-30": "3.39910", "2020-06-30": "3.83090", "2020-03-31": "-37.24360", "2019-12-31": "2.97350", "2019-09-30": "2.80890", "2019-06-30": "2.73380", "2019-03-31": "2.61000", "2018-12-31": "1.78210", "2018-09-30": "2.45290", "2018-06-30": "2.19530", "2018-03-31": "2.57760", "2017-12-31": "3.08410", "2017-09-30": "1.95860", "2017-06-30": "2.44100", "2017-03-31": "2.55440", "2016-12-31": "2.39420", "2016-09-30": "2.73650", "2016-06-30": "2.67840", "2016-03-31": "2.72820", "2015-12-31": "2.47610", "2015-09-30": "2.61150", "2015-06-30": "2.48750", "2015-03-31": "2.56710", "2014-12-31": "2.49390", "2014-09-30": "2.42970", "2014-06-30": "2.40890", "2014-03-31": "2.38280", "2013-12-31": "2.50580", "2013-09-30": "2.32620", "2013-06-30": "2.39040", "2013-03-31": "2.37390", "2012-12-31": "2.09510", "2012-09-30": "2.41780", "2012-06-30": "2.72010", "2012-03-31": "3.07120", "2011-12-31": "2.83320", "2011-09-30": "3.17760", "2011-06-30": "2.88460", "2011-03-31": "2.87600", "2010-12-31": "2.74520", "2010-09-30": "3.38100", "2010-06-30": "2.17430", "2010-03-31": "3.69450", "2009-12-31": "3.63580", "2009-09-30": "3.02690", "2009-06-30": "4.20510", "2009-03-31": "3.69550", "2008-12-31": "3.73230", "2008-09-30": "3.85940", "2008-06-30": "2.51770", "2008-03-31": "-8.22810", "2007-12-31": "2.26850", "2007-09-30": "-1.40910", "2007-06-30": "1.46000", "2007-03-31": "1.43280", "2006-12-31": "1.11710", "2006-09-30": "1.05200", "2006-06-30": "-3.02820", "2006-03-31": "1.57560", "2005-12-31": "-4.67770", "2005-09-30": "0.94600", "2005-06-30": "1.70360", "2005-03-31": "2.70750"}, "ROA - Return On Assets": {"2020-09-30": "1.16540", "2020-06-30": "1.27620", "2020-03-31": "-8.16680", "2019-12-31": "0.74160", "2019-09-30": "0.72950", "2019-06-30": "0.70440", "2019-03-31": "0.69410", "2018-12-31": "0.49020", "2018-09-30": "0.73950", "2018-06-30": "0.66130", "2018-03-31": "0.78560", "2017-12-31": "0.91830", "2017-09-30": "0.57460", "2017-06-30": "0.69290", "2017-03-31": "0.65600", "2016-12-31": "0.58180", "2016-09-30": "0.65100", "2016-06-30": "0.61550", "2016-03-31": "0.60780", "2015-12-31": "0.55820", "2015-09-30": "0.59400", "2015-06-30": "0.57170", "2015-03-31": "0.59110", "2014-12-31": "0.64520", "2014-09-30": "0.64430", "2014-06-30": "0.62230", "2014-03-31": "0.59550", "2013-12-31": "0.62990", "2013-09-30": "0.56620", "2013-06-30": "0.57190", "2013-03-31": "0.56660", "2012-12-31": "0.51210", "2012-09-30": "0.56890", "2012-06-30": "0.58000", "2012-03-31": "0.68030", "2011-12-31": "0.60050", "2011-09-30": "0.69780", "2011-06-30": "0.66480", "2011-03-31": "0.72460", "2010-12-31": "0.70890", "2010-09-30": "0.91080", "2010-06-30": "0.55610", "2010-03-31": "0.98020", "2009-12-31": "0.81620", "2009-09-30": "0.66840", "2009-06-30": "0.70470", "2009-03-31": "0.51030", "2008-12-31": "0.43840", "2008-09-30": "0.46440", "2008-06-30": "0.32410", "2008-03-31": "-1.00500", "2007-12-31": "0.24250", "2007-09-30": "-0.14970", "2007-06-30": "0.14290", "2007-03-31": "0.15160", "2006-12-31": "0.11640", "2006-09-30": "0.15010", "2006-06-30": "-0.55650", "2006-03-31": "0.22130", "2005-12-31": "-0.52310", "2005-09-30": "0.09680", "2005-06-30": "0.17080", "2005-03-31": "0.26600"}, "ROI - Return On Investment": {"2020-09-30": "1.17580", "2020-06-30": "1.28220", "2020-03-31": "-8.90400", "2019-12-31": "0.75000", "2019-09-30": "0.79830", "2019-06-30": "0.77310", "2019-03-31": "0.74580", "2018-12-31": "0.53900", "2018-09-30": "0.80450", "2018-06-30": "0.77370", "2018-03-31": "0.85150", "2017-12-31": "1.01850", "2017-09-30": "0.62400", "2017-06-30": "0.76770", "2017-03-31": "0.69140", "2016-12-31": "0.61970", "2016-09-30": "0.70180", "2016-06-30": "0.65340", "2016-03-31": "0.64450", "2015-12-31": "0.59010", "2015-09-30": "0.62800", "2015-06-30": "0.60320", "2015-03-31": "0.62210", "2014-12-31": "0.68240", "2014-09-30": "0.67790", "2014-06-30": "0.65750", "2014-03-31": "0.62430", "2013-12-31": "0.65750", "2013-09-30": "0.58650", "2013-06-30": "0.59820", "2013-03-31": "0.60380", "2012-12-31": "0.54030", "2012-09-30": "0.60480", "2012-06-30": "0.61860", "2012-03-31": "0.72770", "2011-12-31": "0.63080", "2011-09-30": "0.72050", "2011-06-30": "0.67840", "2011-03-31": "0.73960", "2010-12-31": "0.72760", "2010-09-30": "0.93180", "2010-06-30": "0.56800", "2010-03-31": "1.00000", "2009-12-31": "0.83830", "2009-09-30": "0.68200", "2009-06-30": "0.71900", "2009-03-31": "0.52410", "2008-12-31": "0.45270", "2008-09-30": "0.46810", "2008-06-30": "0.32690", "2008-03-31": "-1.02640", "2007-12-31": "0.24660", "2007-09-30": "-0.15080", "2007-06-30": "0.14350", "2007-03-31": "0.15230", "2006-12-31": "0.11700", "2006-09-30": "0.15120", "2006-06-30": "-0.56080", "2006-03-31": "0.22310", "2005-12-31": "-0.52890", "2005-09-30": "0.09790", "2005-06-30": "0.17220", "2005-03-31": "0.26770"}, "Book Value Per Share": {"2020-09-30": "5.65950", "2020-06-30": "5.56220", "2020-03-31": "5.38620", "2019-12-31": "7.48050", "2019-09-30": "7.53480", "2019-06-30": "7.55260", "2019-03-31": "7.55750", "2018-12-31": "7.59490", "2018-09-30": "7.90310", "2018-06-30": "8.04600", "2018-03-31": "8.12050", "2017-12-31": "8.19850", "2017-09-30": "8.20690", "2017-06-30": "8.26280", "2017-03-31": "8.19690", "2016-12-31": "8.15890", "2016-09-30": "8.17460", "2016-06-30": "7.94460", "2016-03-31": "7.71380", "2015-12-31": "8.00700", "2015-09-30": "8.24240", "2015-06-30": "8.49730", "2015-03-31": "8.66760", "2014-12-31": "8.65550", "2014-09-30": "8.82440", "2014-06-30": "8.91300", "2014-03-31": "8.75050", "2013-12-31": "8.60600", "2013-09-30": "8.40140", "2013-06-30": "8.73870", "2013-03-31": "9.11100", "2012-12-31": "9.26040", "2012-09-30": "9.07290", "2012-06-30": "7.72220", "2012-03-31": "7.76240", "2011-12-31": "7.01400", "2011-09-30": "7.42770", "2011-06-30": "7.75270", "2011-03-31": "8.12880", "2010-12-31": "8.02350", "2010-09-30": "8.17220", "2010-06-30": "7.95010", "2010-03-31": "8.01340", "2009-12-31": "7.74160", "2009-09-30": "7.91170", "2009-06-30": "7.41970", "2009-03-31": "6.56350", "2008-12-31": "5.72660", "2008-09-30": "6.31360", "2008-06-30": "7.07270", "2008-03-31": "6.93390", "2007-12-31": "7.54570", "2007-09-30": "7.92870", "2007-06-30": "8.49200", "2007-03-31": "8.60100", "2006-12-31": "8.40890", "2006-09-30": "8.58480", "2006-06-30": "8.29410", "2006-03-31": "8.32530", "2005-12-31": "8.25130", "2005-09-30": "8.20680", "2005-06-30": "8.76060", "2005-03-31": "8.53480"}, "Operating Cash Flow Per Share": {"2020-09-30": -0.0835, "2020-06-30": 0.0882, "2020-03-31": "0.02920", "2019-12-31": 0.1413, "2019-09-30": 0.1329, "2019-06-30": 0.1048, "2019-03-31": "0.08230", "2018-12-31": 0.1425, "2018-09-30": 0.1006, "2018-06-30": 0.0951, "2018-03-31": "0.01480", "2017-12-31": 0.1485, "2017-09-30": 0.0516, "2017-06-30": 0.1353, "2017-03-31": "0.11910", "2016-12-31": 0.2185, "2016-09-30": 0.1681, "2016-06-30": -0.0083, "2016-03-31": "0.10510", "2015-12-31": 0.3301, "2015-09-30": 0.0911, "2015-06-30": 0.1884, "2015-03-31": "0.13780", "2014-12-31": 0.2131, "2014-09-30": 0.1681, "2014-06-30": 0.1801, "2014-03-31": "0.13190", "2013-12-31": 0.1984, "2013-09-30": 0.2333, "2013-06-30": 0.1921, "2013-03-31": "0.19870", "2012-12-31": 0.2183, "2012-09-30": 0.201, "2012-06-30": 0.2263, "2012-03-31": "0.22440", "2011-12-31": 0.2911, "2011-09-30": 0.2451, "2011-06-30": 0.235, "2011-03-31": "0.20840", "2010-12-31": 0.209, "2010-09-30": 0.2362, "2010-06-30": 0.2139, "2010-03-31": "0.21560", "2009-12-31": 0.3634, "2009-09-30": 0.1857, "2009-06-30": 0.3175, "2009-03-31": "0.22890", "2008-12-31": 0.3777, "2008-09-30": 0.2096, "2008-06-30": 0.1032, "2008-03-31": "0.34600", "2007-12-31": 0.1961, "2007-09-30": 0.1251, "2007-06-30": 0.2521, "2007-03-31": "0.18730", "2006-12-31": 0.0607, "2006-09-30": 0.1307, "2006-06-30": 0.0738, "2006-03-31": "-0.04920", "2005-12-31": 0.1767, "2005-09-30": 0.4572, "2005-06-30": 0.4618, "2005-03-31": "0.57320"}, "Free Cash Flow Per Share": {"2020-09-30": 0.0889, "2020-06-30": 0.2045, "2020-03-31": "0.13130", "2019-12-31": 0.1914, "2019-09-30": 0.1699, "2019-06-30": 0.1624, "2019-03-31": "0.12150", "2018-12-31": 0.2051, "2018-09-30": 0.1614, "2018-06-30": 0.1853, "2018-03-31": "0.05610", "2017-12-31": 0.2043, "2017-09-30": 0.0643, "2017-06-30": 0.1829, "2017-03-31": "0.14460", "2016-12-31": 0.2436, "2016-09-30": 0.183, "2016-06-30": 0.0178, "2016-03-31": "0.12160", "2015-12-31": 0.3293, "2015-09-30": 0.0938, "2015-06-30": 0.1921, "2015-03-31": "0.13890", "2014-12-31": 0.2119, "2014-09-30": 0.1677, "2014-06-30": 0.1797, "2014-03-31": "0.13170", "2013-12-31": 0.1981, "2013-09-30": 0.233, "2013-06-30": 0.1918, "2013-03-31": "0.19860", "2012-12-31": 0.2182, "2012-09-30": 0.2007, "2012-06-30": 0.2258, "2012-03-31": "0.22410", "2011-12-31": 0.3233, "2011-09-30": 0.2423, "2011-06-30": 0.2339, "2011-03-31": "0.20660", "2010-12-31": 0.2083, "2010-09-30": 0.2361, "2010-06-30": 0.2139, "2010-03-31": "0.21480", "2009-12-31": 0.3628, "2009-09-30": 0.1856, "2009-06-30": 0.3165, "2009-03-31": "0.22790", "2008-12-31": 0.3773, "2008-09-30": 0.2095, "2008-06-30": 0.1078, "2008-03-31": "0.34090", "2007-12-31": 0.1907, "2007-09-30": 0.1251, "2007-06-30": 0.2521, "2007-03-31": "0.18730", "2006-12-31": 0.1795, "2006-09-30": 0.1308, "2006-06-30": 0.0753, "2006-03-31": "0.15060", "2005-12-31": 0.1767, "2005-09-30": 0.4572, "2005-06-30": 0.4618, "2005-03-31": "0.57320"}}, "revenue": {"MFA Financial Annual Revenue (Millions of US $)": {"2019": "$582", "2018": "$456", "2017": "$433", "2016": "$457", "2015": "$492", "2014": "$464", "2013": "$483", "2012": "$499", "2011": "$497", "2010": "$391", "2009": "$506", "2008": "$528", "2007": "$385", "2006": "$219", "2005": "$239"}, "MFA Financial Quarterly Revenue (Millions of US $)": {"2020-09-30": "$66", "2020-06-30": "$87", "2020-03-31": "$145", "2019-12-31": "$153", "2019-09-30": "$143", "2019-06-30": "$145", "2019-03-31": "$141", "2018-12-31": "$133", "2018-09-30": "$117", "2018-06-30": "$102", "2018-03-31": "$104", "2017-12-31": "$101", "2017-09-30": "$105", "2017-06-30": "$110", "2017-03-31": "$117", "2016-12-31": "$113", "2016-09-30": "$113", "2016-06-30": "$115", "2016-03-31": "$117", "2015-12-31": "$118", "2015-09-30": "$120", "2015-06-30": "$124", "2015-03-31": "$130", "2014-12-31": "$112", "2014-09-30": "$112", "2014-06-30": "$119", "2014-03-31": "$121", "2013-12-31": "$121", "2013-09-30": "$118", "2013-06-30": "$121", "2013-03-31": "$123", "2012-12-31": "$125", "2012-09-30": "$125", "2012-06-30": "$126", "2012-03-31": "$124", "2011-12-31": "$124", "2011-09-30": "$131", "2011-06-30": "$132", "2011-03-31": "$110", "2010-12-31": "$98", "2010-09-30": "$97", "2010-06-30": "$89", "2010-03-31": "$108", "2009-12-31": "$122", "2009-09-30": "$125", "2009-06-30": "$127", "2009-03-31": "$133", "2008-12-31": "$138", "2008-09-30": "$141", "2008-06-30": "$121", "2008-03-31": "$128", "2007-12-31": "$112", "2007-09-30": "$97", "2007-06-30": "$91", "2007-03-31": "$85", "2006-12-31": "$71", "2006-09-30": "$48", "2006-06-30": "$46", "2006-03-31": "$54", "2005-12-31": "$59", "2005-09-30": "$58", "2005-06-30": "$61", "2005-03-31": "$61"}}, "gross-profit": {"MFA Financial Annual Gross Profit (Millions of US $)": {"2019": "$582", "2018": "$456", "2017": "$433", "2016": "$457", "2015": "$492", "2014": "$464", "2013": "$483", "2012": "$499", "2011": "$497", "2010": "$391", "2009": "$506", "2008": "$528", "2007": "$385", "2006": "$219", "2005": "$239"}, "MFA Financial Quarterly Gross Profit (Millions of US $)": {"2020-09-30": "$66", "2020-06-30": "$87", "2020-03-31": "$145", "2019-12-31": "$153", "2019-09-30": "$143", "2019-06-30": "$145", "2019-03-31": "$141", "2018-12-31": "$133", "2018-09-30": "$117", "2018-06-30": "$102", "2018-03-31": "$104", "2017-12-31": "$101", "2017-09-30": "$105", "2017-06-30": "$110", "2017-03-31": "$117", "2016-12-31": "$113", "2016-09-30": "$113", "2016-06-30": "$115", "2016-03-31": "$117", "2015-12-31": "$118", "2015-09-30": "$120", "2015-06-30": "$124", "2015-03-31": "$130", "2014-12-31": "$112", "2014-09-30": "$112", "2014-06-30": "$119", "2014-03-31": "$121", "2013-12-31": "$121", "2013-09-30": "$118", "2013-06-30": "$121", "2013-03-31": "$123", "2012-12-31": "$125", "2012-09-30": "$125", "2012-06-30": "$126", "2012-03-31": "$124", "2011-12-31": "$124", "2011-09-30": "$131", "2011-06-30": "$132", "2011-03-31": "$110", "2010-12-31": "$98", "2010-09-30": "$97", "2010-06-30": "$89", "2010-03-31": "$108", "2009-12-31": "$122", "2009-09-30": "$125", "2009-06-30": "$127", "2009-03-31": "$133", "2008-12-31": "$138", "2008-09-30": "$141", "2008-06-30": "$121", "2008-03-31": "$128", "2007-12-31": "$112", "2007-09-30": "$97", "2007-06-30": "$91", "2007-03-31": "$85", "2006-12-31": "$71", "2006-09-30": "$48", "2006-06-30": "$46", "2006-03-31": "$54", "2005-12-31": "$59", "2005-09-30": "$58", "2005-06-30": "$61", "2005-03-31": "$61"}}, "operating-income": {"MFA Financial Annual Operating Income (Millions of US $)": {"2019": "$529", "2018": "$410", "2017": "$384", "2016": "$412", "2015": "$450", "2014": "$423", "2013": "$449", "2012": "$466", "2011": "$466", "2010": "$365", "2009": "$483", "2008": "$416", "2007": "$371", "2006": "$208", "2005": "$228"}, "MFA Financial Quarterly Operating Income (Millions of US $)": {"2020-09-30": "$39", "2020-06-30": "$23", "2020-03-31": "$116", "2019-12-31": "$171", "2019-09-30": "$119", "2019-06-30": "$122", "2019-03-31": "$118", "2018-12-31": "$121", "2018-09-30": "$106", "2018-06-30": "$89", "2018-03-31": "$93", "2017-12-31": "$92", "2017-09-30": "$90", "2017-06-30": "$97", "2017-03-31": "$105", "2016-12-31": "$101", "2016-09-30": "$102", "2016-06-30": "$103", "2016-03-31": "$106", "2015-12-31": "$108", "2015-09-30": "$110", "2015-06-30": "$113", "2015-03-31": "$120", "2014-12-31": "$101", "2014-09-30": "$102", "2014-06-30": "$109", "2014-03-31": "$111", "2013-12-31": "$113", "2013-09-30": "$110", "2013-06-30": "$112", "2013-03-31": "$114", "2012-12-31": "$117", "2012-09-30": "$116", "2012-06-30": "$117", "2012-03-31": "$115", "2011-12-31": "$117", "2011-09-30": "$122", "2011-06-30": "$124", "2011-03-31": "$102", "2010-12-31": "$91", "2010-09-30": "$91", "2010-06-30": "$82", "2010-03-31": "$101", "2009-12-31": "$116", "2009-09-30": "$119", "2009-06-30": "$121", "2009-03-31": "$127", "2008-12-31": "$41", "2008-09-30": "$136", "2008-06-30": "$115", "2008-03-31": "$124", "2007-12-31": "$108", "2007-09-30": "$93", "2007-06-30": "$88", "2007-03-31": "$82", "2006-12-31": "$69", "2006-09-30": "$45", "2006-06-30": "$44", "2006-03-31": "$51", "2005-12-31": "$57", "2005-09-30": "$55", "2005-06-30": "$58", "2005-03-31": "$58"}}, "ebitda": {"MFA Financial Annual EBITDA (Millions of US $)": {"2019": "$578", "2018": "$441", "2017": "$416", "2016": "$450", "2015": "$493", "2014": "$456", "2013": "$513", "2012": "$521", "2011": "$507", "2010": "$407", "2009": "$507", "2008": "$435", "2007": "$399", "2006": "$240", "2005": "$286"}, "MFA Financial Quarterly EBITDA (Millions of US $)": {"2020-09-30": "$40", "2020-06-30": "$44", "2020-03-31": "$135", "2019-12-31": "$187", "2019-09-30": "$131", "2019-06-30": "$134", "2019-03-31": "$126", "2018-12-31": "$129", "2018-09-30": "$116", "2018-06-30": "$97", "2018-03-31": "$99", "2017-12-31": "$98", "2017-09-30": "$99", "2017-06-30": "$105", "2017-03-31": "$113", "2016-12-31": "$110", "2016-09-30": "$112", "2016-06-30": "$134", "2016-03-31": "$92", "2015-12-31": "$117", "2015-09-30": "$122", "2015-06-30": "$125", "2015-03-31": "$129", "2014-12-31": "$108", "2014-09-30": "$111", "2014-06-30": "$116", "2014-03-31": "$121", "2013-12-31": "$127", "2013-09-30": "$127", "2013-06-30": "$129", "2013-03-31": "$130", "2012-12-31": "$132", "2012-09-30": "$133", "2012-06-30": "$131", "2012-03-31": "$126", "2011-12-31": "$129", "2011-09-30": "$134", "2011-06-30": "$133", "2011-03-31": "$110", "2010-12-31": "$127", "2010-09-30": "$90", "2010-06-30": "$89", "2010-03-31": "$101", "2009-12-31": "$132", "2009-09-30": "$120", "2009-06-30": "$124", "2009-03-31": "$131", "2008-12-31": "$45", "2008-09-30": "$140", "2008-06-30": "$121", "2008-03-31": "$129", "2007-12-31": "$113", "2007-09-30": "$100", "2007-06-30": "$96", "2007-03-31": "$90", "2006-12-31": "$78", "2006-09-30": "$52", "2006-06-30": "$52", "2006-03-31": "$59", "2005-12-31": "$70", "2005-09-30": "$73", "2005-06-30": "$74", "2005-03-31": "$70"}}, "net-income": {"MFA Financial Annual Net Income (Millions of US $)": {"2019": "$363", "2018": "$287", "2017": "$307", "2016": "$298", "2015": "$298", "2014": "$299", "2013": "$285", "2012": "$299", "2011": "$308", "2010": "$262", "2009": "$260", "2008": "$38", "2007": "$22", "2006": "$1", "2005": "$-1"}, "MFA Financial Quarterly Net Income (Millions of US $)": {"2020-09-30": "$79", "2020-06-30": "$88", "2020-03-31": "$-914", "2019-12-31": "$97", "2019-09-30": "$92", "2019-06-30": "$89", "2019-03-31": "$85", "2018-12-31": "$58", "2018-09-30": "$83", "2018-06-30": "$67", "2018-03-31": "$79", "2017-12-31": "$98", "2017-09-30": "$60", "2017-06-30": "$76", "2017-03-31": "$74", "2016-12-31": "$70", "2016-09-30": "$79", "2016-06-30": "$75", "2016-03-31": "$74", "2015-12-31": "$70", "2015-09-30": "$76", "2015-06-30": "$74", "2015-03-31": "$78", "2014-12-31": "$76", "2014-09-30": "$75", "2014-06-30": "$75", "2014-03-31": "$72", "2013-12-31": "$75", "2013-09-30": "$68", "2013-06-30": "$67", "2013-03-31": "$75", "2012-12-31": "$68", "2012-09-30": "$76", "2012-06-30": "$72", "2012-03-31": "$83", "2011-12-31": "$69", "2011-09-30": "$82", "2011-06-30": "$77", "2011-03-31": "$81", "2010-12-31": "$60", "2010-09-30": "$75", "2010-06-30": "$46", "2010-03-31": "$81", "2009-12-31": "$77", "2009-09-30": "$65", "2009-06-30": "$67", "2009-03-31": "$52", "2008-12-31": "$45", "2008-09-30": "$48", "2008-06-30": "$33", "2008-03-31": "$-88", "2007-12-31": "$19", "2007-09-30": "$-12", "2007-06-30": "$8", "2007-03-31": "$8", "2006-12-31": "$4", "2006-09-30": "$5", "2006-06-30": "$-22", "2006-03-31": "$13", "2005-12-31": "$-33", "2005-09-30": "$4", "2005-06-30": "$10", "2005-03-31": "$17"}}, "eps-earnings-per-share-diluted": {"MFA Financial Annual EPS": {"2019": "$0.79", "2018": "$0.68", "2017": "$0.79", "2016": "$0.80", "2015": "$0.80", "2014": "$0.81", "2013": "$0.78", "2012": "$0.83", "2011": "$0.90", "2010": "$0.93", "2009": "$1.06", "2008": "$0.21", "2007": "$0.24", "2006": "$0.01", "2005": "$-0.02"}, "MFA Financial Quarterly EPS": {"2020-09-30": "$0.17", "2020-06-30": "$0.19", "2020-03-31": "$-2.02", "2019-12-31": "$0.20", "2019-09-30": "$0.20", "2019-06-30": "$0.20", "2019-03-31": "$0.19", "2018-12-31": "$0.12", "2018-09-30": "$0.19", "2018-06-30": "$0.17", "2018-03-31": "$0.20", "2017-12-31": "$0.24", "2017-09-30": "$0.15", "2017-06-30": "$0.20", "2017-03-31": "$0.20", "2016-12-31": "$0.19", "2016-09-30": "$0.21", "2016-06-30": "$0.20", "2016-03-31": "$0.20", "2015-12-31": "$0.19", "2015-09-30": "$0.20", "2015-06-30": "$0.20", "2015-03-31": "$0.21", "2014-12-31": "$0.21", "2014-09-30": "$0.20", "2014-06-30": "$0.20", "2014-03-31": "$0.20", "2013-12-31": "$0.19", "2013-09-30": "$0.19", "2013-06-30": "$0.19", "2013-03-31": "$0.21", "2012-12-31": "$0.19", "2012-09-30": "$0.21", "2012-06-30": "$0.20", "2012-03-31": "$0.23", "2011-12-31": "$0.18", "2011-09-30": "$0.23", "2011-06-30": "$0.22", "2011-03-31": "$0.27", "2010-12-31": "$0.21", "2010-09-30": "$0.27", "2010-06-30": "$0.16", "2010-03-31": "$0.29", "2009-12-31": "$0.28", "2009-09-30": "$0.25", "2009-06-30": "$0.30", "2009-03-31": "$0.23", "2008-12-31": "$0.38", "2008-09-30": "$0.24", "2008-06-30": "$0.20", "2008-03-31": "$-0.61", "2007-12-31": "$0.21", "2007-09-30": "$-0.15", "2007-06-30": "$0.08", "2007-03-31": "$0.10", "2006-12-31": "$0.06", "2006-09-30": "$0.06", "2006-06-30": "$-0.27", "2006-03-31": "$0.16", "2005-12-31": "$-0.40", "2005-09-30": "$0.05", "2005-06-30": "$0.12", "2005-03-31": "$0.20"}}, "shares-outstanding": {"MFA Financial Annual Shares Outstanding (Millions of Shares)": {"2019": "468", "2018": "419", "2017": "388", "2016": "371", "2015": "372", "2014": "369", "2013": "362", "2012": "357", "2011": "341", "2010": "281", "2009": "246", "2008": "180", "2007": "91", "2006": "80", "2005": "82"}, "MFA Financial Quarterly Shares Outstanding (Millions of Shares)": {"2020-09-30": "494", "2020-06-30": "483", "2020-03-31": "453", "2019-12-31": "468", "2019-09-30": "480", "2019-06-30": "459", "2019-03-31": "450", "2018-12-31": "419", "2018-09-30": "429", "2018-06-30": "398", "2018-03-31": "398", "2017-12-31": "388", "2017-09-30": "397", "2017-06-30": "386", "2017-03-31": "373", "2016-12-31": "371", "2016-09-30": "373", "2016-06-30": "373", "2016-03-31": "371", "2015-12-31": "372", "2015-09-30": "372", "2015-06-30": "370", "2015-03-31": "372", "2014-12-31": "369", "2014-09-30": "370", "2014-06-30": "368", "2014-03-31": "366", "2013-12-31": "362", "2013-09-30": "364", "2013-06-30": "361", "2013-03-31": "358", "2012-12-31": "357", "2012-09-30": "357", "2012-06-30": "357", "2012-03-31": "356", "2011-12-31": "341", "2011-09-30": "356", "2011-06-30": "355", "2011-03-31": "298", "2010-12-31": "281", "2010-09-30": "281", "2010-06-30": "280", "2010-03-31": "280", "2009-12-31": "246", "2009-09-30": "260", "2009-06-30": "222", "2009-03-31": "222", "2008-12-31": "180", "2008-09-30": "200", "2008-06-30": "166", "2008-03-31": "145", "2007-12-31": "91", "2007-09-30": "86", "2007-06-30": "82", "2007-03-31": "81", "2006-12-31": "74", "2006-09-30": "79", "2006-06-30": "79", "2006-03-31": "80", "2005-12-31": "82", "2005-09-30": "82", "2005-06-30": "82", "2005-03-31": "82"}}, "total-assets": {"MFA Financial Annual Total Assets (Millions of US $)": {"2019": "$13,567", "2018": "$12,420", "2017": "$10,955", "2016": "$12,484", "2015": "$13,163", "2014": "$12,355", "2013": "$12,472", "2012": "$13,518", "2011": "$11,751", "2010": "$8,687", "2009": "$9,627", "2008": "$10,641", "2007": "$8,606", "2006": "$6,444", "2005": "$5,847"}, "MFA Financial Quarterly Total Assets (Millions of US $)": {"2020-09-30": "$7,483", "2020-06-30": "$7,567", "2020-03-31": "$11,130", "2019-12-31": "$13,567", "2019-09-30": "$13,105", "2019-06-30": "$13,208", "2019-03-31": "$12,802", "2018-12-31": "$12,420", "2018-09-30": "$11,782", "2018-06-30": "$10,645", "2018-03-31": "$10,615", "2017-12-31": "$10,955", "2017-09-30": "$11,103", "2017-06-30": "$11,537", "2017-03-31": "$11,900", "2016-12-31": "$12,484", "2016-09-30": "$12,751", "2016-06-30": "$12,828", "2016-03-31": "$12,844", "2015-12-31": "$13,163", "2015-09-30": "$13,384", "2015-06-30": "$13,655", "2015-03-31": "$13,902", "2014-12-31": "$12,355", "2014-09-30": "$12,243", "2014-06-30": "$12,651", "2014-03-31": "$12,793", "2013-12-31": "$12,472", "2013-09-30": "$12,599", "2013-06-30": "$13,197", "2013-03-31": "$13,653", "2012-12-31": "$13,518", "2012-09-30": "$13,735", "2012-06-30": "$12,892", "2012-03-31": "$12,452", "2011-12-31": "$11,751", "2011-09-30": "$11,995", "2011-06-30": "$11,927", "2011-03-31": "$11,436", "2010-12-31": "$8,687", "2010-09-30": "$8,478", "2010-06-30": "$8,684", "2010-03-31": "$8,435", "2009-12-31": "$9,627", "2009-09-30": "$9,999", "2009-06-30": "$9,806", "2009-03-31": "$10,518", "2008-12-31": "$10,641", "2008-09-30": "$10,779", "2008-06-30": "$10,809", "2008-03-31": "$8,552", "2007-12-31": "$8,606", "2007-09-30": "$7,140", "2007-06-30": "$7,123", "2007-03-31": "$6,496", "2006-12-31": "$6,444", "2006-09-30": "$4,714", "2006-06-30": "$3,536", "2006-03-31": "$4,671", "2005-12-31": "$5,847", "2005-09-30": "$6,509", "2005-06-30": "$7,128", "2005-03-31": "$7,085"}}, "cash-on-hand": {"MFA Financial Annual Cash on Hand (Millions of US $)": {"2019": "$135", "2018": "$89", "2017": "$464", "2016": "$319", "2015": "$237", "2014": "$250", "2013": "$603", "2012": "$406", "2011": "$410", "2010": "$387", "2009": "$721", "2008": "$432", "2007": "$239", "2006": "$47", "2005": "$64"}, "MFA Financial Quarterly Cash on Hand (Millions of US $)": {"2020-09-30": "$889", "2020-06-30": "$674", "2020-03-31": "$333", "2019-12-31": "$135", "2019-09-30": "$193", "2019-06-30": "$120", "2019-03-31": "$119", "2018-12-31": "$89", "2018-09-30": "$111", "2018-06-30": "$58", "2018-03-31": "$222", "2017-12-31": "$464", "2017-09-30": "$624", "2017-06-30": "$757", "2017-03-31": "$433", "2016-12-31": "$319", "2016-09-30": "$411", "2016-06-30": "$326", "2016-03-31": "$270", "2015-12-31": "$237", "2015-09-30": "$284", "2015-06-30": "$287", "2015-03-31": "$262", "2014-12-31": "$250", "2014-09-30": "$468", "2014-06-30": "$398", "2014-03-31": "$301", "2013-12-31": "$603", "2013-09-30": "$563", "2013-06-30": "$451", "2013-03-31": "$607", "2012-12-31": "$406", "2012-09-30": "$457", "2012-06-30": "$602", "2012-03-31": "$388", "2011-12-31": "$410", "2011-09-30": "$444", "2011-06-30": "$526", "2011-03-31": "$664", "2010-12-31": "$387", "2010-09-30": "$312", "2010-06-30": "$575", "2010-03-31": "$808", "2009-12-31": "$721", "2009-09-30": "$531", "2009-06-30": "$322", "2009-03-31": "$484", "2008-12-31": "$432", "2008-09-30": "$439", "2008-06-30": "$232", "2008-03-31": "$373", "2007-12-31": "$239", "2007-09-30": "$206", "2007-06-30": "$54", "2007-03-31": "$54", "2006-12-31": "$47", "2006-09-30": "$53", "2006-06-30": "$55", "2006-03-31": "$75", "2005-12-31": "$64", "2005-09-30": "$133", "2005-06-30": "$92", "2005-03-31": "$78"}}, "long-term-debt": {"MFA Financial Annual Long Term Debt (Millions of US $)": {"2019": "$9,140", "2018": "$7,879", "2017": "$6,615", "2016": "$8,687", "2015": "$9,484", "2014": "$8,478", "2013": "$8,806", "2012": "$9,499", "2011": "$8,689", "2010": "$6,213", "2009": "$7,205", "2008": "$9,048", "2007": "$7,535", "2006": "$5,732", "2005": "$5,122"}, "MFA Financial Quarterly Long Term Debt (Millions of US $)": {"2020-09-30": "$4,851", "2020-06-30": "$5,011", "2020-03-31": "$7,768", "2019-12-31": "$10,032", "2019-09-30": "$8,571", "2019-06-30": "$8,631", "2019-03-31": "$8,510", "2018-12-31": "$7,879", "2018-09-30": "$7,278", "2018-06-30": "$5,892", "2018-03-31": "$6,559", "2017-12-31": "$6,615", "2017-09-30": "$6,968", "2017-06-30": "$7,138", "2017-03-31": "$8,234", "2016-12-31": "$8,687", "2016-09-30": "$8,794", "2016-06-30": "$9,135", "2016-03-31": "$9,252", "2015-12-31": "$9,484", "2015-09-30": "$9,608", "2015-06-30": "$9,797", "2015-03-31": "$10,001", "2014-12-31": "$8,478", "2014-09-30": "$8,382", "2014-06-30": "$8,698", "2014-03-31": "$8,999", "2013-12-31": "$8,806", "2013-09-30": "$9,088", "2013-06-30": "$9,453", "2013-03-31": "$9,545", "2012-12-31": "$9,499", "2012-09-30": "$9,682", "2012-06-30": "$9,330", "2012-03-31": "$8,876", "2011-12-31": "$8,689", "2011-09-30": "$8,976", "2011-06-30": "$8,932", "2011-03-31": "$8,316", "2010-12-31": "$6,213", "2010-09-30": "$5,995", "2010-06-30": "$6,274", "2010-03-31": "$6,023", "2009-12-31": "$7,205", "2009-09-30": "$7,584", "2009-06-30": "$7,961", "2009-03-31": "$8,782", "2008-12-31": "$9,048", "2008-09-30": "$9,389", "2008-06-30": "$9,320", "2008-03-31": "$7,321", "2007-12-31": "$7,535", "2007-09-30": "$6,323", "2007-06-30": "$6,389", "2007-03-31": "$5,773", "2006-12-31": "$5,732", "2006-09-30": "$4,002", "2006-06-30": "$2,852", "2006-03-31": "$3,969", "2005-12-31": "$5,122", "2005-09-30": "$5,764", "2005-06-30": "$6,346", "2005-03-31": "$6,335"}}, "total-liabilities": {"MFA Financial Annual Total Liabilities (Millions of US $)": {"2019": "$10,183", "2018": "$9,004", "2017": "$7,693", "2016": "$9,450", "2015": "$10,195", "2014": "$9,151", "2013": "$9,330", "2012": "$10,207", "2011": "$9,253", "2010": "$6,437", "2009": "$7,459", "2008": "$9,384", "2007": "$7,679", "2006": "$5,765", "2005": "$5,186"}, "MFA Financial Quarterly Total Liabilities (Millions of US $)": {"2020-09-30": "$4,918", "2020-06-30": "$5,046", "2020-03-31": "$8,690", "2019-12-31": "$10,183", "2019-09-30": "$9,701", "2019-06-30": "$9,805", "2019-03-31": "$9,397", "2018-12-31": "$9,004", "2018-09-30": "$8,230", "2018-06-30": "$7,438", "2018-03-31": "$7,380", "2017-12-31": "$7,693", "2017-09-30": "$7,846", "2017-06-30": "$8,262", "2017-03-31": "$8,844", "2016-12-31": "$9,450", "2016-09-30": "$9,718", "2016-06-30": "$9,880", "2016-03-31": "$9,983", "2015-12-31": "$10,195", "2015-09-30": "$10,333", "2015-06-30": "$10,509", "2015-03-31": "$10,694", "2014-12-31": "$9,151", "2014-09-30": "$8,989", "2014-06-30": "$9,376", "2014-03-31": "$9,588", "2013-12-31": "$9,330", "2013-09-30": "$9,525", "2013-06-30": "$10,032", "2013-03-31": "$10,387", "2012-12-31": "$10,207", "2012-09-30": "$10,496", "2012-06-30": "$10,136", "2012-03-31": "$9,686", "2011-12-31": "$9,253", "2011-09-30": "$9,354", "2011-06-30": "$9,171", "2011-03-31": "$8,548", "2010-12-31": "$6,437", "2010-09-30": "$6,187", "2010-06-30": "$6,456", "2010-03-31": "$6,190", "2009-12-31": "$7,459", "2009-09-30": "$7,784", "2009-06-30": "$8,156", "2009-03-31": "$9,058", "2008-12-31": "$9,384", "2008-09-30": "$9,475", "2008-06-30": "$9,411", "2008-03-31": "$7,500", "2007-12-31": "$7,679", "2007-09-30": "$6,374", "2007-06-30": "$6,419", "2007-03-31": "$5,801", "2006-12-31": "$5,765", "2006-09-30": "$4,034", "2006-06-30": "$2,879", "2006-03-31": "$4,008", "2005-12-31": "$5,186", "2005-09-30": "$5,835", "2005-06-30": "$6,406", "2005-03-31": "$6,382"}}, "total-share-holder-equity": {"MFA Financial Annual Share Holder Equity (Millions of US $)": {"2019": "$3,384", "2018": "$3,416", "2017": "$3,262", "2016": "$3,034", "2015": "$2,967", "2014": "$3,203", "2013": "$3,142", "2012": "$3,311", "2011": "$2,498", "2010": "$2,250", "2009": "$2,168", "2008": "$1,257", "2007": "$927", "2006": "$679", "2005": "$661"}, "MFA Financial Quarterly Share Holder Equity (Millions of US $)": {"2020-09-30": "$2,566", "2020-06-30": "$2,521", "2020-03-31": "$2,441", "2019-12-31": "$3,384", "2019-09-30": "$3,403", "2019-06-30": "$3,403", "2019-03-31": "$3,405", "2018-12-31": "$3,416", "2018-09-30": "$3,552", "2018-06-30": "$3,207", "2018-03-31": "$3,235", "2017-12-31": "$3,262", "2017-09-30": "$3,258", "2017-06-30": "$3,275", "2017-03-31": "$3,056", "2016-12-31": "$3,034", "2016-09-30": "$3,033", "2016-06-30": "$2,948", "2016-03-31": "$2,862", "2015-12-31": "$2,967", "2015-09-30": "$3,052", "2015-06-30": "$3,146", "2015-03-31": "$3,208", "2014-12-31": "$3,203", "2014-09-30": "$3,254", "2014-06-30": "$3,275", "2014-03-31": "$3,205", "2013-12-31": "$3,142", "2013-09-30": "$3,074", "2013-06-30": "$3,165", "2013-03-31": "$3,266", "2012-12-31": "$3,311", "2012-09-30": "$3,239", "2012-06-30": "$2,756", "2012-03-31": "$2,765", "2011-12-31": "$2,498", "2011-09-30": "$2,641", "2011-06-30": "$2,756", "2011-03-31": "$2,888", "2010-12-31": "$2,250", "2010-09-30": "$2,291", "2010-06-30": "$2,228", "2010-03-31": "$2,245", "2009-12-31": "$2,168", "2009-09-30": "$2,215", "2009-06-30": "$1,651", "2009-03-31": "$1,460", "2008-12-31": "$1,257", "2008-09-30": "$1,304", "2008-06-30": "$1,399", "2008-03-31": "$1,052", "2007-12-31": "$927", "2007-09-30": "$766", "2007-06-30": "$704", "2007-03-31": "$695", "2006-12-31": "$679", "2006-09-30": "$680", "2006-06-30": "$657", "2006-03-31": "$663", "2005-12-31": "$661", "2005-09-30": "$673", "2005-06-30": "$722", "2005-03-31": "$703"}}, "profit-margins": {"current": "-118.04%"}, "gross margin": {"2020-09-30": "100.00%", "2020-06-30": "100.00%", "2020-03-31": "100.00%", "2019-12-31": "100.00%", "2019-09-30": "100.00%", "2019-06-30": "100.00%", "2019-03-31": "100.00%", "2018-12-31": "100.00%", "2018-09-30": "100.00%", "2018-06-30": "100.00%", "2018-03-31": "100.00%", "2017-12-31": "100.00%", "2017-09-30": "100.00%", "2017-06-30": "100.00%", "2017-03-31": "100.00%", "2016-12-31": "100.00%", "2016-09-30": "100.00%", "2016-06-30": "100.00%", "2016-03-31": "100.00%", "2015-12-31": "100.00%", "2015-09-30": "100.00%", "2015-06-30": "100.00%", "2015-03-31": "100.00%", "2014-12-31": "100.00%", "2014-09-30": "100.00%", "2014-06-30": "100.00%", "2014-03-31": "100.00%", "2013-12-31": "100.00%", "2013-09-30": "100.00%", "2013-06-30": "100.00%", "2013-03-31": "100.00%", "2012-12-31": "100.00%", "2012-09-30": "100.00%", "2012-06-30": "100.00%", "2012-03-31": "100.00%", "2011-12-31": "100.00%", "2011-09-30": "100.00%", "2011-06-30": "100.00%", "2011-03-31": "100.00%", "2010-12-31": "100.00%", "2010-09-30": "100.00%", "2010-06-30": "100.00%", "2010-03-31": "100.00%", "2009-12-31": "100.00%", "2009-09-30": "100.00%", "2009-06-30": "100.00%", "2009-03-31": "100.00%", "2008-12-31": "100.00%", "2008-09-30": "100.00%", "2008-06-30": "100.00%", "2008-03-31": "100.00%", "2007-12-31": "100.00%", "2007-09-30": "100.00%", "2007-06-30": "100.00%", "2007-03-31": "100.00%", "2006-12-31": "100.00%", "2006-09-30": "100.00%", "2006-06-30": "100.00%", "2006-03-31": "100.00%", "2005-12-31": "100.00%"}, "operating margin": {"2020-09-30": "77.38%", "2020-06-30": "81.25%", "2020-03-31": "90.10%", "2019-12-31": "91.07%", "2019-09-30": "85.41%", "2019-06-30": "87.13%", "2019-03-31": "88.03%", "2018-12-31": "89.69%", "2018-09-30": "89.62%", "2018-06-30": "88.35%", "2018-03-31": "88.57%", "2017-12-31": "88.68%", "2017-09-30": "88.31%", "2017-06-30": "89.40%", "2017-03-31": "89.74%", "2016-12-31": "89.96%", "2016-09-30": "90.50%", "2016-06-30": "90.85%", "2016-03-31": "91.23%", "2015-12-31": "91.67%", "2015-09-30": "91.36%", "2015-06-30": "91.21%", "2015-03-31": "91.33%", "2014-12-31": "91.16%", "2014-09-30": "91.97%", "2014-06-30": "92.48%", "2014-03-31": "92.72%", "2013-12-31": "92.96%", "2013-09-30": "93.02%", "2013-06-30": "92.91%", "2013-03-31": "92.99%", "2012-12-31": "93.00%", "2012-09-30": "93.19%", "2012-06-30": "93.27%", "2012-03-31": "93.54%", "2011-12-31": "93.56%", "2011-09-30": "93.21%", "2011-06-30": "93.36%", "2011-03-31": "92.89%", "2010-12-31": "93.11%", "2010-09-30": "93.75%", "2010-06-30": "94.14%", "2010-03-31": "94.81%", "2009-12-31": "95.27%", "2009-09-30": "78.01%", "2009-06-30": "78.85%", "2009-03-31": "78.61%", "2008-12-31": "78.79%", "2008-09-30": "96.22%", "2008-06-30": "96.07%", "2008-03-31": "96.50%", "2007-12-31": "96.36%", "2007-09-30": "96.51%", "2007-06-30": "96.27%", "2007-03-31": "96.00%", "2006-12-31": "95.43%", "2006-09-30": "95.17%", "2006-06-30": "95.39%", "2006-03-31": "95.26%", "2005-12-31": "95.40%"}, "ebitda margin": {"2020-09-30": "90.02%", "2020-06-30": "94.13%", "2020-03-31": "100.17%", "2019-12-31": "99.31%", "2019-09-30": "92.53%", "2019-06-30": "94.22%", "2019-03-31": "94.93%", "2018-12-31": "96.71%", "2018-09-30": "96.70%", "2018-06-30": "95.39%", "2018-03-31": "95.48%", "2017-12-31": "95.84%", "2017-09-30": "95.96%", "2017-06-30": "97.13%", "2017-03-31": "102.40%", "2016-12-31": "97.82%", "2016-09-30": "98.27%", "2016-06-30": "98.94%", "2016-03-31": "95.20%", "2015-12-31": "100.20%", "2015-09-30": "99.59%", "2015-06-30": "98.95%", "2015-03-31": "98.10%", "2014-12-31": "98.28%", "2014-09-30": "100.42%", "2014-06-30": "102.51%", "2014-03-31": "104.78%", "2013-12-31": "106.21%", "2013-09-30": "106.37%", "2013-06-30": "106.07%", "2013-03-31": "105.41%", "2012-12-31": "104.40%", "2012-09-30": "104.01%", "2012-06-30": "102.97%", "2012-03-31": "102.15%", "2011-12-31": "101.81%", "2011-09-30": "107.01%", "2011-06-30": "105.26%", "2011-03-31": "105.58%", "2010-12-31": "103.83%", "2010-09-30": "99.04%", "2010-06-30": "99.55%", "2010-03-31": "98.96%", "2009-12-31": "100.00%", "2009-09-30": "80.31%", "2009-06-30": "81.63%", "2009-03-31": "81.99%", "2008-12-31": "82.39%", "2008-09-30": "100.20%", "2008-06-30": "101.09%", "2008-03-31": "102.34%", "2007-12-31": "103.64%", "2007-09-30": "105.81%", "2007-06-30": "107.12%", "2007-03-31": "108.80%", "2006-12-31": "110.05%", "2006-09-30": "112.56%", "2006-06-30": "117.05%", "2006-03-31": "118.97%", "2005-12-31": "120.08%"}, "pre tax profit margin": {"2020-09-30": "-138.36%", "2020-06-30": "-116.48%", "2020-03-31": "-105.63%", "2019-12-31": "65.12%", "2019-09-30": "60.32%", "2019-06-30": "61.57%", "2019-03-31": "62.27%", "2018-12-31": "66.01%", "2018-09-30": "80.42%", "2018-06-30": "77.18%", "2018-03-31": "78.10%", "2017-12-31": "74.60%", "2017-09-30": "66.29%", "2017-06-30": "69.32%", "2017-03-31": "68.34%", "2016-12-31": "68.34%", "2016-09-30": "67.60%", "2016-06-30": "65.96%", "2016-03-31": "64.51%", "2015-12-31": "63.62%", "2015-09-30": "65.84%", "2015-06-30": "66.74%", "2015-03-31": "67.65%", "2014-12-31": "67.67%", "2014-09-30": "66.17%", "2014-06-30": "63.67%", "2014-03-31": "62.58%", "2013-12-31": "62.53%", "2013-09-30": "59.96%", "2013-06-30": "60.53%", "2013-03-31": "59.92%", "2012-12-31": "61.40%", "2012-09-30": "61.92%", "2012-06-30": "62.38%", "2012-03-31": "62.43%", "2011-12-31": "63.78%", "2011-09-30": "65.39%", "2011-06-30": "68.88%", "2011-03-31": "68.53%", "2010-12-31": "68.88%", "2010-09-30": "68.99%", "2010-06-30": "62.39%", "2010-03-31": "61.83%", "2009-12-31": "53.06%", "2009-09-30": "45.32%", "2009-06-30": "40.82%", "2009-03-31": "34.90%", "2008-12-31": "8.71%", "2008-09-30": "3.98%", "2008-06-30": "-8.95%", "2008-03-31": "-15.42%", "2007-12-31": "7.79%", "2007-09-30": "4.94%", "2007-06-30": "11.86%", "2007-03-31": "2.00%", "2006-12-31": "2.28%", "2006-09-30": "-16.43%", "2006-06-30": "-16.13%", "2006-03-31": "-1.29%", "2005-12-31": "2.51%"}, "net profit margin": {"2020-09-30": "-144.12%", "2020-06-30": "-120.64%", "2020-03-31": "-108.53%", "2019-12-31": "62.37%", "2019-09-30": "57.65%", "2019-06-30": "58.77%", "2019-03-31": "59.43%", "2018-12-31": "62.94%", "2018-09-30": "77.12%", "2018-06-30": "73.79%", "2018-03-31": "74.52%", "2017-12-31": "71.13%", "2017-09-30": "62.92%", "2017-06-30": "66.00%", "2017-03-31": "65.07%", "2016-12-31": "65.07%", "2016-09-30": "64.36%", "2016-06-30": "62.77%", "2016-03-31": "61.38%", "2015-12-31": "60.57%", "2015-09-30": "62.55%", "2015-06-30": "63.39%", "2015-03-31": "64.27%", "2014-12-31": "64.22%", "2014-09-30": "62.79%", "2014-06-30": "60.54%", "2014-03-31": "58.63%", "2013-12-31": "59.01%", "2013-09-30": "57.08%", "2013-06-30": "57.89%", "2013-03-31": "58.32%", "2012-12-31": "59.80%", "2012-09-30": "60.12%", "2012-06-30": "60.59%", "2012-03-31": "60.86%", "2011-12-31": "62.17%", "2011-09-30": "63.69%", "2011-06-30": "67.05%", "2011-03-31": "66.50%", "2010-12-31": "66.84%", "2010-09-30": "67.07%", "2010-06-30": "60.59%", "2010-03-31": "60.17%", "2009-12-31": "51.48%", "2009-09-30": "43.79%", "2009-06-30": "39.33%", "2009-03-31": "33.40%", "2008-12-31": "7.20%", "2008-09-30": "2.39%", "2008-06-30": "-10.48%", "2008-03-31": "-17.06%", "2007-12-31": "5.97%", "2007-09-30": "2.33%", "2007-06-30": "8.47%", "2007-03-31": "-2.00%", "2006-12-31": "0.00%", "2006-09-30": "-17.87%", "2006-06-30": "-17.51%", "2006-03-31": "-2.59%", "2005-12-31": "-0.84%"}, "pe ratio": {"current": "0.00", "2021-02-05": "0.00", "2020-09-30": "0.00", "2020-06-30": "0.00", "2020-03-31": "0.00", "2019-12-31": "8.14", "2019-09-30": "8.48", "2019-06-30": "8.17", "2019-03-31": "8.40", "2018-12-31": "7.40", "2018-09-30": "6.82", "2018-06-30": "7.21", "2018-03-31": "6.71", "2017-12-31": "6.88", "2017-09-30": "8.03", "2017-06-30": "7.04", "2017-03-31": "6.62", "2016-12-31": "6.09", "2016-09-30": "5.75", "2016-06-30": "5.44", "2016-03-31": "4.99", "2015-12-31": "4.60", "2015-09-30": "4.56", "2015-06-30": "4.81", "2015-03-31": "4.98", "2014-12-31": "5.00", "2014-09-30": "4.75", "2014-06-30": "4.95", "2014-03-31": "4.62", "2013-12-31": "4.05", "2013-09-30": "4.08", "2013-06-30": "4.29", "2013-03-31": "4.57", "2012-12-31": "3.49", "2012-09-30": "3.48", "2012-06-30": "2.85", "2012-03-31": "2.55", "2011-12-31": "2.19", "2011-09-30": "2.07", "2011-06-30": "2.21", "2011-03-31": "2.33", "2010-12-31": "2.27", "2010-09-30": "1.88", "2010-06-30": "1.81", "2010-03-31": "1.53", "2009-12-31": "1.61", "2009-09-30": "1.73", "2009-06-30": "1.46", "2009-03-31": "1.33", "2008-12-31": "29.40", "2008-09-30": "0.00", "2008-06-30": "0.00", "2008-03-31": "0.00", "2007-12-31": "7.60", "2007-09-30": "12.27", "2007-06-30": "3.77", "2007-03-31": "0.00", "2006-12-31": "0.00"}, "price sales": {"2021-02-05": "4.12", "2020-09-30": "2.73", "2020-06-30": "2.13", "2020-03-31": "1.18", "2019-12-31": "5.20", "2019-09-30": "4.91", "2019-06-30": "4.76", "2019-03-31": "4.93", "2018-12-31": "4.62", "2018-09-30": "5.20", "2018-06-30": "5.27", "2018-03-31": "4.96", "2017-12-31": "4.83", "2017-09-30": "5.01", "2017-06-30": "4.55", "2017-03-31": "4.20", "2016-12-31": "3.87", "2016-09-30": "3.65", "2016-06-30": "3.40", "2016-03-31": "3.05", "2015-12-31": "2.78", "2015-09-30": "2.82", "2015-06-30": "3.02", "2015-03-31": "3.16", "2014-12-31": "3.18", "2014-09-30": "2.95", "2014-06-30": "2.98", "2014-03-31": "2.72", "2013-12-31": "2.39", "2013-09-30": "2.36", "2013-06-30": "2.46", "2013-03-31": "2.62", "2012-12-31": "2.05", "2012-09-30": "2.02", "2012-06-30": "1.69", "2012-03-31": "1.53", "2011-12-31": "1.36", "2011-09-30": "1.33", "2011-06-30": "1.49", "2011-03-31": "1.54", "2010-12-31": "1.51", "2010-09-30": "1.21", "2010-06-30": "1.05", "2010-03-31": "0.88", "2009-12-31": "0.79", "2009-09-30": "0.71", "2009-06-30": "0.54", "2009-03-31": "0.42", "2008-12-31": "0.38", "2008-09-30": "0.33", "2008-06-30": "0.29", "2008-03-31": "0.25", "2007-12-31": "0.35", "2007-09-30": "0.32", "2007-06-30": "0.32", "2007-03-31": "0.39", "2006-12-31": "0.45"}, "price book": {"current": "0.70", "2021-02-05": "0.70", "2020-09-30": "0.46", "2020-06-30": "0.43", "2020-03-31": "0.28", "2019-12-31": "0.87", "2019-09-30": "0.81", "2019-06-30": "0.77", "2019-03-31": "0.76", "2018-12-31": "0.67", "2018-09-30": "0.69", "2018-06-30": "0.68", "2018-03-31": "0.65", "2017-12-31": "0.66", "2017-09-30": "0.71", "2017-06-30": "0.66", "2017-03-31": "0.63", "2016-12-31": "0.58", "2016-09-30": "0.56", "2016-06-30": "0.54", "2016-03-31": "0.51", "2015-12-31": "0.46", "2015-09-30": "0.45", "2015-06-30": "0.46", "2015-03-31": "0.47", "2014-12-31": "0.46", "2014-09-30": "0.43", "2014-06-30": "0.44", "2014-03-31": "0.41", "2013-12-31": "0.37", "2013-09-30": "0.38", "2013-06-30": "0.39", "2013-03-31": "0.40", "2012-12-31": "0.31", "2012-09-30": "0.31", "2012-06-30": "0.31", "2012-03-31": "0.29", "2011-12-31": "0.28", "2011-09-30": "0.26", "2011-06-30": "0.28", "2011-03-31": "0.26", "2010-12-31": "0.26", "2010-09-30": "0.23", "2010-06-30": "0.22", "2010-03-31": "0.21", "2009-12-31": "0.22", "2009-09-30": "0.22", "2009-06-30": "0.19", "2009-03-31": "0.18", "2008-12-31": "0.21", "2008-09-30": "0.19", "2008-06-30": "0.16", "2008-03-31": "0.16", "2007-12-31": "0.21", "2007-09-30": "0.17", "2007-06-30": "0.14", "2007-03-31": "0.15", "2006-12-31": "0.15", "2006-09-30": "0.14", "2006-06-30": "0.13", "2006-03-31": "0.12"}, "price fcf": {"2021-02-05": "", "2020-09-30": "$0.62", "2020-06-30": "$0.70", "2020-03-31": "$0.66", "2019-12-31": "$0.65", "2019-09-30": "$0.66", "2019-06-30": "$0.65", "2019-03-31": "$0.67", "2018-12-31": "$0.61", "2018-09-30": "$0.61", "2018-06-30": "$0.51", "2018-03-31": "$0.51", "2017-12-31": "$0.60", "2017-09-30": "$0.64", "2017-06-30": "$0.75", "2017-03-31": "$0.59", "2016-12-31": "$0.57", "2016-09-30": "$0.65", "2016-06-30": "$0.56", "2016-03-31": "$0.74", "2015-12-31": "$0.75", "2015-09-30": "$0.64", "2015-06-30": "$0.71", "2015-03-31": "$0.70", "2014-12-31": "$0.69", "2014-09-30": "$0.68", "2014-06-30": "$0.74", "2014-03-31": "$0.75", "2013-12-31": "$0.82", "2013-09-30": "$0.84", "2013-06-30": "$0.81", "2013-03-31": "$0.84", "2012-12-31": "$0.87", "2012-09-30": "$0.97", "2012-06-30": "$1.02", "2012-03-31": "$1.02", "2011-12-31": "$1.01", "2011-09-30": "$0.89", "2011-06-30": "$0.88", "2011-03-31": "$0.86", "2010-12-31": "$0.87", "2010-09-30": "$1.03", "2010-06-30": "$0.98", "2010-03-31": "$1.08", "2009-12-31": "$1.09", "2009-09-30": "$1.11", "2009-06-30": "$1.13", "2009-03-31": "$0.92", "2008-12-31": "$1.04", "2008-09-30": "$0.85", "2008-06-30": "$0.76", "2008-03-31": "$0.91", "2007-12-31": "$0.76", "2007-09-30": "$0.74", "2007-06-30": "$0.75", "2007-03-31": "$0.57", "2006-12-31": "$0.54"}, "net worth": {"value": "$1.8B"}, "current ratio": {"2020-09-30": "0.00", "2020-06-30": "0.00", "2020-03-31": "0.00", "2019-12-31": "0.00", "2019-09-30": "0.00", "2019-06-30": "0.00", "2019-03-31": "0.00", "2018-12-31": "0.00", "2018-09-30": "0.00", "2018-06-30": "0.00", "2018-03-31": "0.00", "2017-12-31": "0.00", "2017-09-30": "0.00", "2017-06-30": "0.00", "2017-03-31": "0.00", "2016-12-31": "0.00", "2016-09-30": "0.00", "2016-06-30": "0.00", "2016-03-31": "0.00", "2015-12-31": "0.00", "2015-09-30": "31.27", "2015-06-30": "10.16", "2015-03-31": "36.30", "2014-12-31": "25.68", "2014-09-30": "9.09", "2014-06-30": "4.35", "2014-03-31": "7.15", "2013-12-31": "16.57", "2013-09-30": "15.84", "2013-06-30": "18.51", "2013-03-31": "27.34", "2012-12-31": "15.17", "2012-09-30": "20.71", "2012-06-30": "30.96", "2012-03-31": "24.61", "2011-12-31": "23.82", "2011-09-30": "3.20", "2011-06-30": "24.27", "2011-03-31": "53.66", "2010-12-31": "24.20", "2010-09-30": "21.99", "2010-06-30": "44.20", "2010-03-31": "67.23", "2009-12-31": "30.23", "2009-09-30": "27.80", "2009-06-30": "17.48", "2009-03-31": "26.62", "2008-12-31": "16.11", "2008-09-30": "17.80", "2008-06-30": "10.93", "2008-03-31": "11.13", "2007-12-31": "11.18", "2007-09-30": "10.58", "2007-06-30": "3.15", "2007-03-31": "3.69", "2006-12-31": "3.06", "2006-09-30": "2.48", "2006-06-30": "2.61", "2006-03-31": "2.49", "2005-12-31": "1.48", "2005-09-30": "2.22", "2005-06-30": "2.02", "2005-03-31": "2.22"}, "quick ratio": {"2020-09-30": "0.00", "2020-06-30": "0.00", "2020-03-31": "0.00", "2019-12-31": "0.00", "2019-09-30": "0.00", "2019-06-30": "0.00", "2019-03-31": "0.00", "2018-12-31": "0.00", "2018-09-30": "0.00", "2018-06-30": "0.00", "2018-03-31": "0.00", "2017-12-31": "0.00", "2017-09-30": "0.00", "2017-06-30": "0.00", "2017-03-31": "0.00", "2016-12-31": "0.00", "2016-09-30": "0.00", "2016-06-30": "0.00", "2016-03-31": "0.00", "2015-12-31": "0.00", "2015-09-30": "0.00", "2015-06-30": "0.00", "2015-03-31": "0.00", "2014-12-31": "0.00", "2014-09-30": "0.00", "2014-06-30": "0.00", "2014-03-31": "0.00", "2013-12-31": "0.00", "2013-09-30": "0.00", "2013-06-30": "0.00", "2013-03-31": "0.00", "2012-12-31": "0.00", "2012-09-30": "0.00", "2012-06-30": "0.00", "2012-03-31": "0.00", "2011-12-31": "0.00", "2011-09-30": "0.00", "2011-06-30": "0.00", "2011-03-31": "0.00", "2010-12-31": "0.00", "2010-09-30": "0.00", "2010-06-30": "0.00", "2010-03-31": "0.00", "2009-12-31": "0.00", "2009-09-30": "0.00", "2009-06-30": "0.00", "2009-03-31": "0.00", "2008-12-31": "0.00", "2008-09-30": "0.00", "2008-06-30": "0.00", "2008-03-31": "0.00", "2007-12-31": "0.00", "2007-09-30": "0.00", "2007-06-30": "0.00", "2007-03-31": "0.00", "2006-12-31": "0.00", "2006-09-30": "0.00", "2006-06-30": "0.00", "2006-03-31": "0.00", "2005-12-31": "0.00", "2005-09-30": "0.00", "2005-06-30": "0.00", "2005-03-31": "0.00"}, "debt equity ratio": {"current": "1.89", "2020-09-30": "1.92", "2020-06-30": "2.00", "2020-03-31": "3.56", "2019-12-31": "3.01", "2019-09-30": "2.85", "2019-06-30": "2.88", "2019-03-31": "2.76", "2018-12-31": "2.64", "2018-09-30": "2.32", "2018-06-30": "2.32", "2018-03-31": "2.28", "2017-12-31": "2.36", "2017-09-30": "2.41", "2017-06-30": "2.52", "2017-03-31": "2.89", "2016-12-31": "3.12", "2016-09-30": "3.20", "2016-06-30": "3.35", "2016-03-31": "3.49", "2015-12-31": "3.44", "2015-09-30": "3.39", "2015-06-30": "3.34", "2015-03-31": "3.33", "2014-12-31": "2.86", "2014-09-30": "2.76", "2014-06-30": "2.86", "2014-03-31": "2.99", "2013-12-31": "2.97", "2013-09-30": "3.10", "2013-06-30": "3.17", "2013-03-31": "3.18", "2012-12-31": "3.08", "2012-09-30": "3.24", "2012-06-30": "3.68", "2012-03-31": "3.50", "2011-12-31": "3.70", "2011-09-30": "3.54", "2011-06-30": "3.33", "2011-03-31": "2.96", "2010-12-31": "2.86", "2010-09-30": "2.70", "2010-06-30": "2.90", "2010-03-31": "2.76", "2009-12-31": "3.44", "2009-09-30": "3.51", "2009-06-30": "4.94", "2009-03-31": "6.21", "2008-12-31": "7.47", "2008-09-30": "7.27", "2008-06-30": "6.73", "2008-03-31": "7.13", "2007-12-31": "8.28", "2007-09-30": "8.32", "2007-06-30": "9.11", "2007-03-31": "8.35", "2006-12-31": "8.50", "2006-09-30": "5.93", "2006-06-30": "4.38", "2006-03-31": "6.04", "2005-12-31": "7.84", "2005-09-30": "8.66", "2005-06-30": "8.88", "2005-03-31": "9.08"}, "return on equity": {"2020-09-30": "-23.83%", "2020-06-30": "-21.69%", "2020-03-31": "-20.14%", "2019-12-31": "10.68%", "2019-09-30": "9.51%", "2019-06-30": "9.15%", "2019-03-31": "8.63%", "2018-12-31": "8.56%", "2018-09-30": "9.87%", "2018-06-30": "9.38%", "2018-03-31": "9.61%", "2017-12-31": "9.59%", "2017-09-30": "8.87%", "2017-06-30": "9.65%", "2017-03-31": "9.87%", "2016-12-31": "10.04%", "2016-09-30": "10.09%", "2016-06-30": "9.98%", "2016-03-31": "9.78%", "2015-12-31": "9.63%", "2015-09-30": "9.64%", "2015-06-30": "9.46%", "2015-03-31": "9.40%", "2014-12-31": "9.21%", "2014-09-30": "9.23%", "2014-06-30": "9.14%", "2014-03-31": "8.96%", "2013-12-31": "9.01%", "2013-09-30": "8.68%", "2013-06-30": "8.81%", "2013-03-31": "9.26%", "2012-12-31": "9.91%", "2012-09-30": "10.66%", "2012-06-30": "11.48%", "2012-03-31": "11.67%", "2011-12-31": "11.46%", "2011-09-30": "11.39%", "2011-06-30": "11.51%", "2011-03-31": "10.85%", "2010-12-31": "11.63%", "2010-09-30": "12.49%", "2010-06-30": "12.15%", "2010-03-31": "14.01%", "2009-12-31": "13.93%", "2009-09-30": "13.91%", "2009-06-30": "14.95%", "2009-03-31": "13.14%", "2008-12-31": "3.03%", "2008-09-30": "1.03%", "2008-06-30": "-4.63%", "2008-03-31": "-8.47%", "2007-12-31": "2.98%", "2007-09-30": "1.13%", "2007-06-30": "3.63%", "2007-03-31": "-0.74%", "2006-12-31": "0.00%", "2006-09-30": "-5.56%", "2006-06-30": "-5.73%", "2006-03-31": "-0.88%", "2005-12-31": "-0.29%"}, "return on assets": {"2020-09-30": "-6.54%", "2020-06-30": "-5.62%", "2020-03-31": "-4.99%", "2019-12-31": "2.76%", "2019-09-30": "2.51%", "2019-06-30": "2.51%", "2019-03-31": "2.46%", "2018-12-31": "2.53%", "2018-09-30": "2.97%", "2018-06-30": "2.81%", "2018-03-31": "2.83%", "2017-12-31": "2.71%", "2017-09-30": "2.38%", "2017-06-30": "2.46%", "2017-03-31": "2.39%", "2016-12-31": "2.34%", "2016-09-30": "2.31%", "2016-06-30": "2.26%", "2016-03-31": "2.22%", "2015-12-31": "2.20%", "2015-09-30": "2.28%", "2015-06-30": "2.32%", "2015-03-31": "2.38%", "2014-12-31": "2.38%", "2014-09-30": "2.37%", "2014-06-30": "2.30%", "2014-03-31": "2.21%", "2013-12-31": "2.20%", "2013-09-30": "2.10%", "2013-06-30": "2.11%", "2013-03-31": "2.16%", "2012-12-31": "2.27%", "2012-09-30": "2.36%", "2012-06-30": "2.49%", "2012-03-31": "2.58%", "2011-12-31": "2.62%", "2011-09-30": "2.72%", "2011-06-30": "2.89%", "2011-03-31": "2.81%", "2010-12-31": "3.06%", "2010-09-30": "3.17%", "2010-06-30": "2.93%", "2010-03-31": "3.06%", "2009-12-31": "2.61%", "2009-09-30": "2.24%", "2009-06-30": "2.03%", "2009-03-31": "1.67%", "2008-12-31": "0.37%", "2008-09-30": "0.12%", "2008-06-30": "-0.55%", "2008-03-31": "-0.93%", "2007-12-31": "0.31%", "2007-09-30": "0.12%", "2007-06-30": "0.40%", "2007-03-31": "-0.09%", "2006-12-31": "0.00%", "2006-09-30": "-0.79%", "2006-06-30": "-0.74%", "2006-03-31": "-0.10%", "2005-12-31": "-0.03%"}, "return on investments": {"2020-09-30": "3.62%", "2020-06-30": "3.98%", "2020-03-31": "4.43%", "2019-12-31": "4.30%", "2019-09-30": "4.07%", "2019-06-30": "4.05%", "2019-03-31": "4.02%", "2018-12-31": "3.99%", "2018-09-30": "3.84%", "2018-06-30": "3.73%", "2018-03-31": "3.69%", "2017-12-31": "3.67%", "2017-09-30": "3.60%", "2017-06-30": "3.58%", "2017-03-31": "3.50%", "2016-12-31": "3.45%", "2016-09-30": "3.46%", "2016-06-30": "3.46%", "2016-03-31": "3.48%", "2015-12-31": "3.52%", "2015-09-30": "3.52%", "2015-06-30": "3.53%", "2015-03-31": "3.56%", "2014-12-31": "3.56%", "2014-09-30": "3.64%", "2014-06-30": "3.67%", "2014-03-31": "3.65%", "2013-12-31": "3.63%", "2013-09-30": "3.60%", "2013-06-30": "3.59%", "2013-03-31": "3.67%", "2012-12-31": "3.76%", "2012-09-30": "3.89%", "2012-06-30": "4.05%", "2012-03-31": "4.14%", "2011-12-31": "4.07%", "2011-09-30": "4.09%", "2011-06-30": "4.12%", "2011-03-31": "4.02%", "2010-12-31": "4.36%", "2010-09-30": "4.53%", "2010-06-30": "4.65%", "2010-03-31": "4.93%", "2009-12-31": "4.95%", "2009-09-30": "4.08%", "2009-06-30": "4.16%", "2009-03-31": "3.99%", "2008-12-31": "4.15%", "2008-09-30": "5.05%", "2008-06-30": "5.08%", "2008-03-31": "5.33%", "2007-12-31": "5.10%", "2007-09-30": "4.91%", "2007-06-30": "4.61%", "2007-03-31": "4.56%", "2006-12-31": "4.35%", "2006-09-30": "4.23%", "2006-06-30": "4.07%", "2006-03-31": "3.70%", "2005-12-31": "3.46%"}, "return on tangible equity": {"2020-09-30": "-23.83%", "2020-06-30": "-21.69%", "2020-03-31": "-20.14%", "2019-12-31": "10.68%", "2019-09-30": "9.51%", "2019-06-30": "9.15%", "2019-03-31": "8.63%", "2018-12-31": "8.56%", "2018-09-30": "9.87%", "2018-06-30": "9.38%", "2018-03-31": "9.61%", "2017-12-31": "9.59%", "2017-09-30": "8.87%", "2017-06-30": "9.65%", "2017-03-31": "9.87%", "2016-12-31": "10.04%", "2016-09-30": "10.09%", "2016-06-30": "9.98%", "2016-03-31": "9.79%", "2015-12-31": "9.65%", "2015-09-30": "9.67%", "2015-06-30": "9.48%", "2015-03-31": "9.42%", "2014-12-31": "9.23%", "2014-09-30": "9.25%", "2014-06-30": "9.16%", "2014-03-31": "8.98%", "2013-12-31": "9.04%", "2013-09-30": "8.70%", "2013-06-30": "8.83%", "2013-03-31": "9.28%", "2012-12-31": "9.93%", "2012-09-30": "10.69%", "2012-06-30": "11.51%", "2012-03-31": "11.70%", "2011-12-31": "11.49%", "2011-09-30": "11.42%", "2011-06-30": "11.54%", "2011-03-31": "10.88%", "2010-12-31": "11.66%", "2010-09-30": "12.53%", "2010-06-30": "12.19%", "2010-03-31": "14.06%", "2009-12-31": "13.99%", "2009-09-30": "13.98%", "2009-06-30": "15.03%", "2009-03-31": "13.21%", "2008-12-31": "3.05%", "2008-09-30": "1.03%", "2008-06-30": "-4.66%", "2008-03-31": "-8.54%", "2007-12-31": "3.00%", "2007-09-30": "1.14%", "2007-06-30": "3.67%", "2007-03-31": "-0.75%", "2006-12-31": "0.00%", "2006-09-30": "-5.62%", "2006-06-30": "-5.79%", "2006-03-31": "-0.89%", "2005-12-31": "-0.29%"}, "dividend yield history": {"last payout": "$0.30", "last yield": "7.56%"}}