{"ticker": "MGM", "price": {"title": "MGM Resorts Historical Annual Stock Price Data", "value": 35.3, "historical": {"2021": {"Average Stock Price": "31.2743", "Year Open": "29.7000", "Year High": "36.4700", "Year Low": "28.3600", "Year Close": "35.3000", "Annual % Change": "12.03%"}, "2020": {"Average Stock Price": "21.8496", "Year Open": "33.6600", "Year High": "34.5400", "Year Low": "7.1400", "Year Close": "31.5100", "Annual % Change": "-5.29%"}, "2019": {"Average Stock Price": "28.3491", "Year Open": "25.1900", "Year High": "33.5900", "Year Low": "23.8700", "Year Close": "33.2700", "Annual % Change": "37.14%"}, "2018": {"Average Stock Price": "30.5987", "Year Open": "33.5100", "Year High": "38.0300", "Year Low": "21.8400", "Year Close": "24.2600", "Annual % Change": "-27.34%"}, "2017": {"Average Stock Price": "30.7706", "Year Open": "29.4800", "Year High": "34.2700", "Year Low": "25.4300", "Year Close": "33.3900", "Annual % Change": "15.82%"}, "2016": {"Average Stock Price": "23.6467", "Year Open": "22.2500", "Year High": "29.9500", "Year Low": "16.5600", "Year Close": "28.8300", "Annual % Change": "26.89%"}, "2015": {"Average Stock Price": "20.8233", "Year Open": "21.0200", "Year High": "24.1400", "Year Low": "17.5700", "Year Close": "22.7200", "Annual % Change": "6.27%"}, "2014": {"Average Stock Price": "24.3158", "Year Open": "23.7200", "Year High": "28.3900", "Year Low": "18.0100", "Year Close": "21.3800", "Annual % Change": "-9.10%"}, "2013": {"Average Stock Price": "16.2300", "Year Open": "12.2700", "Year High": "23.5200", "Year Low": "11.9900", "Year Close": "23.5200", "Annual % Change": "102.06%"}, "2012": {"Average Stock Price": "11.5593", "Year Open": "11.1100", "Year High": "14.7400", "Year Low": "9.0000", "Year Close": "11.6400", "Annual % Change": "11.60%"}, "2011": {"Average Stock Price": "12.5639", "Year Open": "15.3800", "Year High": "16.7600", "Year Low": "8.2300", "Year Close": "10.4300", "Annual % Change": "-29.76%"}, "2010": {"Average Stock Price": "11.8936", "Year Open": "9.7300", "Year High": "16.6400", "Year Low": "9.0100", "Year Close": "14.8500", "Annual % Change": "62.83%"}, "2009": {"Average Stock Price": "8.2688", "Year Open": "15.4400", "Year High": "16.1000", "Year Low": "1.8900", "Year Close": "9.1200", "Annual % Change": "-33.72%"}, "2008": {"Average Stock Price": "39.5192", "Year Open": "81.6000", "Year High": "81.6000", "Year Low": "8.7900", "Year Close": "13.7600", "Annual % Change": "-83.62%"}, "2007": {"Average Stock Price": "78.4795", "Year Open": "57.5700", "Year High": "99.7500", "Year Low": "56.9000", "Year Close": "84.0200", "Annual % Change": "46.50%"}, "2006": {"Average Stock Price": "41.6195", "Year Open": "36.9300", "Year High": "57.8000", "Year Low": "34.6500", "Year Close": "57.3500", "Annual % Change": "56.39%"}, "2005": {"Average Stock Price": "39.1547", "Year Open": "35.8350", "Year High": "46.0000", "Year Low": "33.3500", "Year Close": "36.6700", "Annual % Change": "0.82%"}, "2004": {"Average Stock Price": "23.9029", "Year Open": "18.6100", "Year High": "36.5400", "Year Low": "18.6100", "Year Close": "36.3700", "Annual % Change": "93.41%"}, "2003": {"Average Stock Price": "16.1419", "Year Open": "17.1750", "Year High": "19.1900", "Year Low": "12.2400", "Year Close": "18.8050", "Annual % Change": "14.07%"}, "2002": {"Average Stock Price": "17.1917", "Year Open": "14.5250", "Year High": "20.9250", "Year Low": "14.2000", "Year Close": "16.4850", "Annual % Change": "14.20%"}, "2001": {"Average Stock Price": "13.7604", "Year Open": "13.5650", "Year High": "16.3650", "Year Low": "8.8800", "Year Close": "14.4350", "Annual % Change": "2.41%"}, "2000": {"Average Stock Price": "14.7499", "Year Open": "11.8125", "Year High": "19.0950", "Year Low": "9.5000", "Year Close": "14.0950", "Annual % Change": "12.07%"}, "1999": {"Average Stock Price": "10.9972", "Year Open": "6.9375", "Year High": "13.5950", "Year Low": "6.9375", "Year Close": "12.5775", "Annual % Change": "85.44%"}, "1998": {"Average Stock Price": "7.7719", "Year Open": "8.9850", "Year High": "9.7975", "Year Low": "5.7350", "Year Close": "6.7825", "Annual % Change": "-24.91%"}, "1997": {"Average Stock Price": "9.3688", "Year Open": "8.7500", "Year High": "11.2200", "Year Low": "8.0950", "Year Close": "9.0325", "Annual % Change": "3.58%"}, "1996": {"Average Stock Price": "9.6123", "Year Open": "5.6875", "Year High": "11.9688", "Year Low": "5.6875", "Year Close": "8.7200", "Annual % Change": "51.65%"}, "1995": {"Average Stock Price": "6.5922", "Year Open": "6.1575", "Year High": "8.0625", "Year Low": "5.7500", "Year Close": "5.7500", "Annual % Change": "-5.15%"}, "1994": {"Average Stock Price": "7.1345", "Year Open": "9.0625", "Year High": "9.8450", "Year Low": "5.8125", "Year Close": "6.0625", "Annual % Change": "-38.03%"}, "1993": {"Average Stock Price": "8.5304", "Year Open": "4.7825", "Year High": "12.2200", "Year Low": "4.7825", "Year Close": "9.7825", "Annual % Change": "104.55%"}, "1992": {"Average Stock Price": "3.6556", "Year Open": "2.8750", "Year High": "5.0950", "Year Low": "2.6875", "Year Close": "4.7825", "Annual % Change": "68.10%"}, "1991": {"Average Stock Price": "3.0770", "Year Open": "2.5325", "Year High": "3.8125", "Year Low": "2.5000", "Year Close": "2.8450", "Annual % Change": "16.72%"}}}, "market cap": {"value": "$17.69B"}, "income statement": {"Revenue": {"2019-12-31": "12899.67000", "2018-12-31": "11763.10000", "2017-12-31": "10797.48000", "2016-12-31": "9478.26900", "2015-12-31": "9190.06800", "2014-12-31": "10081.98000", "2013-12-31": "9809.66300", "2012-12-31": "9160.84400", "2011-12-31": "7849.31200", "2010-12-31": "6056.00100", "2009-12-31": "6010.58800", "2008-12-31": "7208.76700", "2007-12-31": "7691.63700", "2006-12-31": "7175.95600", "2005-12-31": "6128.84300"}, "Cost Of Goods Sold": {"2019-12-31": "7603.48900", "2018-12-31": "6918.87500", "2017-12-31": "6193.12200", "2016-12-31": "5521.22100", "2015-12-31": "5625.37600", "2014-12-31": "6368.69800", "2013-12-31": "6258.71600", "2012-12-31": "5921.28200", "2011-12-31": "5026.36100", "2010-12-31": "3794.31000", "2009-12-31": "3571.30500", "2008-12-31": "4034.37400", "2007-12-31": "4027.55800", "2006-12-31": "3715.05700", "2005-12-31": "3316.87000"}, "Gross Profit": {"2019-12-31": "5296.18300", "2018-12-31": "4844.22000", "2017-12-31": "4604.35600", "2016-12-31": "3957.04700", "2015-12-31": "3564.69200", "2014-12-31": "3713.28600", "2013-12-31": "3550.94700", "2012-12-31": "3239.56200", "2011-12-31": "2822.95100", "2010-12-31": "2261.69100", "2009-12-31": "2439.28300", "2008-12-31": "3174.39300", "2007-12-31": "3664.07900", "2006-12-31": "3460.89900", "2005-12-31": "2811.97300"}, "Research And Development Expenses": {"2019-12-31": "", "2018-12-31": "", "2017-12-31": "", "2016-12-31": "", "2015-12-31": "", "2014-12-31": "", "2013-12-31": "", "2012-12-31": "", "2011-12-31": "", "2010-12-31": "", "2009-12-31": "", "2008-12-31": "", "2007-12-31": "", "2006-12-31": "", "2005-12-31": ""}, "SG&A Expenses": {"2019-12-31": "2565.85900", "2018-12-31": "2183.84200", "2017-12-31": "1916.44700", "2016-12-31": "1691.23900", "2015-12-31": "1583.65500", "2014-12-31": "1557.56000", "2013-12-31": "1495.19500", "2012-12-31": "1474.78100", "2011-12-31": "1357.47600", "2010-12-31": "1253.04400", "2009-12-31": "1243.95700", "2008-12-31": "1388.22300", "2007-12-31": "1445.84500", "2006-12-31": "1330.77800", "2005-12-31": "1020.43900"}, "Other Operating Income Or Expenses": {"2019-12-31": "2514.54000", "2018-12-31": "-12.84900", "2017-12-31": "18.09700", "2016-12-31": "661.91700", "2015-12-31": "150.60500", "2014-12-31": "-16.42300", "2013-12-31": "-69.24600", "2012-12-31": "-715.73300", "2011-12-31": "3408.81700", "2010-12-31": "-1534.15500", "2009-12-31": "-1469.92900", "2008-12-31": "-1137.53700", "2007-12-31": "1346.03000", "2006-12-31": "258.78900", "2005-12-31": "99.09800"}, "Operating Expenses": {"2019-12-31": "8959.45700", "2018-12-31": "10293.61000", "2017-12-31": "9084.95200", "2016-12-31": "7400.07000", "2015-12-31": "9346.30000", "2014-12-31": "8758.44600", "2013-12-31": "8672.38300", "2012-12-31": "9039.49400", "2011-12-31": "3792.16600", "2010-12-31": "7214.93200", "2009-12-31": "6974.46400", "2008-12-31": "7338.37000", "2007-12-31": "4827.70700", "2006-12-31": "5417.70800", "2005-12-31": "4798.77800"}, "Operating Income": {"2019-12-31": "3940.21500", "2018-12-31": "1469.48500", "2017-12-31": "1712.52600", "2016-12-31": "2078.19800", "2015-12-31": "-156.23140", "2014-12-31": "1323.53800", "2013-12-31": "1137.28000", "2012-12-31": "121.34960", "2011-12-31": "4057.14600", "2010-12-31": "-1158.93100", "2009-12-31": "-963.87600", "2008-12-31": "-129.60300", "2007-12-31": "2863.93000", "2006-12-31": "1758.24800", "2005-12-31": "1330.06500"}, "Total Non-Operating Income/Expense": {"2019-12-31": "-1093.49000", "2018-12-31": "-835.48000", "2017-12-31": "-751.73700", "2016-12-31": "-820.61000", "2015-12-31": "-890.01100", "2014-12-31": "-912.65200", "2013-12-31": "-1075.09100", "2012-12-31": "-1855.56400", "2011-12-31": "-1225.51500", "2010-12-31": "-1057.09400", "2009-12-31": "-1048.71700", "2008-12-31": "-539.38500", "2007-12-31": "-705.50200", "2006-12-31": "-780.32200", "2005-12-31": "-662.98000"}, "Pre-Tax Income": {"2019-12-31": "2846.72500", "2018-12-31": "634.00600", "2017-12-31": "960.79000", "2016-12-31": "1257.58900", "2015-12-31": "-1046.24300", "2014-12-31": "410.88600", "2013-12-31": "62.19000", "2012-12-31": "-1734.21300", "2011-12-31": "2831.63100", "2010-12-31": "-2216.02500", "2009-12-31": "-2012.59300", "2008-12-31": "-668.98800", "2007-12-31": "2158.42800", "2006-12-31": "977.92600", "2005-12-31": "667.08500"}, "Income Taxes": {"2019-12-31": "632.34500", "2018-12-31": "50.11200", "2017-12-31": "-1127.39400", "2016-12-31": "21.74300", "2015-12-31": "-6.59400", "2014-12-31": "283.70800", "2013-12-31": "20.81600", "2012-12-31": "-117.30100", "2011-12-31": "-403.31300", "2010-12-31": "-778.62800", "2009-12-31": "-720.91100", "2008-12-31": "186.29800", "2007-12-31": "757.88300", "2006-12-31": "341.93000", "2005-12-31": "231.71900"}, "Income After Taxes": {"2019-12-31": "2214.38000", "2018-12-31": "583.89400", "2017-12-31": "2088.18400", "2016-12-31": "1235.84600", "2015-12-31": "-1039.64900", "2014-12-31": "127.17800", "2013-12-31": "41.37400", "2012-12-31": "-1616.91200", "2011-12-31": "3234.94400", "2010-12-31": "-1437.39700", "2009-12-31": "-1291.68200", "2008-12-31": "-855.28600", "2007-12-31": "1400.54500", "2006-12-31": "635.99600", "2005-12-31": "435.36600"}, "Other Income": {"2019-12-31": "", "2018-12-31": "", "2017-12-31": "", "2016-12-31": "", "2015-12-31": "", "2014-12-31": "", "2013-12-31": "", "2012-12-31": "", "2011-12-31": "", "2010-12-31": "", "2009-12-31": "", "2008-12-31": "", "2007-12-31": "", "2006-12-31": "", "2005-12-31": ""}, "Income From Continuous Operations": {"2019-12-31": "2214.38000", "2018-12-31": "583.89400", "2017-12-31": "2088.18400", "2016-12-31": "1235.84600", "2015-12-31": "-1039.64900", "2014-12-31": "127.17800", "2013-12-31": "41.37400", "2012-12-31": "-1616.91200", "2011-12-31": "3234.94400", "2010-12-31": "-1437.39700", "2009-12-31": "-1291.68200", "2008-12-31": "-855.28600", "2007-12-31": "1400.54500", "2006-12-31": "635.99600", "2005-12-31": "435.36600"}, "Income From Discontinued Operations": {"2019-12-31": "", "2018-12-31": "", "2017-12-31": "", "2016-12-31": "", "2015-12-31": "", "2014-12-31": "", "2013-12-31": "", "2012-12-31": "", "2011-12-31": "", "2010-12-31": "", "2009-12-31": "", "2008-12-31": "", "2007-12-31": "183.87400", "2006-12-31": "12.26800", "2005-12-31": "7.89000"}, "Net Income": {"2019-12-31": "2046.43300", "2018-12-31": "445.44600", "2017-12-31": "1933.68900", "2016-12-31": "1100.38000", "2015-12-31": "-447.72000", "2014-12-31": "-149.87300", "2013-12-31": "-171.73400", "2012-12-31": "-1767.69100", "2011-12-31": "3114.63700", "2010-12-31": "-1437.39700", "2009-12-31": "-1291.68200", "2008-12-31": "-855.28600", "2007-12-31": "1584.41900", "2006-12-31": "648.26400", "2005-12-31": "443.25600"}, "EBITDA": {"2019-12-31": "5283.83600", "2018-12-31": "2688.63100", "2017-12-31": "2739.00200", "2016-12-31": "2968.21800", "2015-12-31": "2177.92300", "2014-12-31": "2176.95300", "2013-12-31": "2021.78600", "2012-12-31": "1122.43600", "2011-12-31": "4968.09200", "2010-12-31": "-437.52470", "2009-12-31": "-223.75100", "2008-12-31": "659.25300", "2007-12-31": "3568.56200", "2006-12-31": "2409.07100", "2005-12-31": "1923.95800"}, "EBIT": {"2019-12-31": "3940.21500", "2018-12-31": "1469.48500", "2017-12-31": "1712.52600", "2016-12-31": "2078.19800", "2015-12-31": "-156.23140", "2014-12-31": "1323.53800", "2013-12-31": "1137.28000", "2012-12-31": "121.34960", "2011-12-31": "4057.14600", "2010-12-31": "-1158.93100", "2009-12-31": "-963.87600", "2008-12-31": "-129.60300", "2007-12-31": "2863.93000", "2006-12-31": "1758.24800", "2005-12-31": "1330.06500"}, "Basic Shares Outstanding": {"2019-12-31": "524.17300", "2018-12-31": "544.25300", "2017-12-31": "572.25300", "2016-12-31": "568.13400", "2015-12-31": "542.87300", "2014-12-31": "490.87500", "2013-12-31": "489.66100", "2012-12-31": "488.98800", "2011-12-31": "488.65200", "2010-12-31": "450.44900", "2009-12-31": "378.51300", "2008-12-31": "279.81500", "2007-12-31": "286.80900", "2006-12-31": "283.14000", "2005-12-31": "284.94300"}, "Shares Outstanding": {"2019-12-31": "527.64500", "2018-12-31": "549.53600", "2017-12-31": "578.79500", "2016-12-31": "573.31700", "2015-12-31": "542.87300", "2014-12-31": "490.87500", "2013-12-31": "489.66100", "2012-12-31": "488.98800", "2011-12-31": "560.89500", "2010-12-31": "450.44900", "2009-12-31": "378.51300", "2008-12-31": "279.81500", "2007-12-31": "298.28400", "2006-12-31": "291.74700", "2005-12-31": "296.33400"}, "Basic EPS": {"2019-12-31": "3.90000", "2018-12-31": "0.82000", "2017-12-31": "3.38000", "2016-12-31": "1.94000", "2015-12-31": "-0.82000", "2014-12-31": "-0.31000", "2013-12-31": "-0.35000", "2012-12-31": "-3.62000", "2011-12-31": "6.37000", "2010-12-31": "-3.19000", "2009-12-31": "-3.41000", "2008-12-31": "-3.06000", "2007-12-31": "5.52000", "2006-12-31": "2.29000", "2005-12-31": "1.56000"}, "EPS - Earnings Per Share": {"2019-12-31": "3.88000", "2018-12-31": "0.81000", "2017-12-31": "3.34000", "2016-12-31": "1.92000", "2015-12-31": "-0.82000", "2014-12-31": "-0.31000", "2013-12-31": "-0.35000", "2012-12-31": "-3.62000", "2011-12-31": "5.62000", "2010-12-31": "-3.19000", "2009-12-31": "-3.41000", "2008-12-31": "-3.06000", "2007-12-31": "5.31000", "2006-12-31": "2.22000", "2005-12-31": "1.50000"}}, "income statement, quarterly": {"Revenue": {"2020-09-30": "1125.92000", "2020-06-30": "289.80900", "2020-03-31": "2252.81700", "2019-12-31": "3185.13600", "2019-09-30": "3314.38200", "2019-06-30": "3223.24300", "2019-03-31": "3176.91100", "2018-12-31": "3052.86200", "2018-09-30": "3029.30200", "2018-06-30": "2858.69500", "2018-03-31": "2822.23700", "2017-12-31": "2597.60500", "2017-09-30": "2830.17500", "2017-06-30": "2652.13300", "2017-03-31": "2717.56600", "2016-12-31": "2483.96500", "2016-09-30": "2515.11500", "2016-06-30": "2269.50200", "2016-03-31": "2209.68600", "2015-12-31": "2191.87300", "2015-09-30": "2280.81600", "2015-06-30": "2385.13500", "2015-03-31": "2332.24400", "2014-12-31": "2385.54600", "2014-09-30": "2485.00700", "2014-06-30": "2581.03300", "2014-03-31": "2630.39800", "2013-12-31": "2513.21300", "2013-09-30": "2463.03700", "2013-06-30": "2481.26500", "2013-03-31": "2352.14800", "2012-12-31": "2294.51000", "2012-09-30": "2254.97800", "2012-06-30": "2323.76500", "2012-03-31": "2287.59000", "2011-12-31": "2296.88900", "2011-09-30": "2233.58700", "2011-06-30": "1805.98500", "2011-03-31": "1512.85100", "2010-12-31": "1484.16300", "2010-09-30": "1567.11700", "2010-06-30": "1547.32900", "2010-03-31": "1457.39200", "2009-12-31": "1484.41500", "2009-09-30": "1533.22300", "2009-06-30": "1494.15500", "2009-03-31": "1498.79500", "2008-12-31": "1643.88400", "2008-09-30": "1785.53100", "2008-06-30": "1895.71900", "2008-03-31": "1883.63300", "2007-12-31": "1928.71600", "2007-09-30": "1897.07000", "2007-06-30": "1936.41600", "2007-03-31": "1929.43500", "2006-12-31": "1846.03800", "2006-09-30": "1795.04200", "2006-06-30": "1760.50800", "2006-03-31": "1774.36800", "2005-12-31": "1400.50900", "2005-09-30": "1808.24300", "2005-06-30": "1715.95600", "2005-03-31": "1204.13500"}, "Cost Of Goods Sold": {"2020-09-30": "729.51700", "2020-06-30": "374.37000", "2020-03-31": "1438.16400", "2019-12-31": "1899.64400", "2019-09-30": "1936.65000", "2019-06-30": "1904.82000", "2019-03-31": "1862.37500", "2018-12-31": "1826.82500", "2018-09-30": "1787.42600", "2018-06-30": "1669.41400", "2018-03-31": "1635.21000", "2017-12-31": "1542.06400", "2017-09-30": "1598.07200", "2017-06-30": "1520.61600", "2017-03-31": "1532.37000", "2016-12-31": "1481.02000", "2016-09-30": "1425.51900", "2016-06-30": "1312.96900", "2016-03-31": "1301.71300", "2015-12-31": "1319.55900", "2015-09-30": "1397.90000", "2015-06-30": "1455.79700", "2015-03-31": "1452.12000", "2014-12-31": "1506.55300", "2014-09-30": "1593.05800", "2014-06-30": "1618.99200", "2014-03-31": "1650.09500", "2013-12-31": "1605.17600", "2013-09-30": "1580.07700", "2013-06-30": "1579.86900", "2013-03-31": "1493.59500", "2012-12-31": "1484.08100", "2012-09-30": "1462.55400", "2012-06-30": "1476.24800", "2012-03-31": "1498.40000", "2011-12-31": "1505.17600", "2011-09-30": "1442.62300", "2011-06-30": "1130.60800", "2011-03-31": "947.95400", "2010-12-31": "944.96700", "2010-09-30": "965.68210", "2010-06-30": "964.01300", "2010-03-31": "919.64790", "2009-12-31": "934.74470", "2009-09-30": "889.13800", "2009-06-30": "863.58200", "2009-03-31": "883.84000", "2008-12-31": "995.54300", "2008-09-30": "993.31600", "2008-06-30": "1024.49100", "2008-03-31": "1021.02400", "2007-12-31": "1026.85400", "2007-09-30": "1001.63600", "2007-06-30": "1006.59200", "2007-03-31": "992.47600", "2006-12-31": "898.60710", "2006-09-30": "965.40300", "2006-06-30": "919.14400", "2006-03-31": "931.90300", "2005-12-31": "736.93910", "2005-09-30": "1006.04900", "2005-06-30": "930.18900", "2005-03-31": "643.69300"}, "Gross Profit": {"2020-09-30": "396.40300", "2020-06-30": "-84.56100", "2020-03-31": "814.65300", "2019-12-31": "1285.49200", "2019-09-30": "1377.73200", "2019-06-30": "1318.42300", "2019-03-31": "1314.53600", "2018-12-31": "1226.03600", "2018-09-30": "1241.87600", "2018-06-30": "1189.28100", "2018-03-31": "1187.02700", "2017-12-31": "1055.54100", "2017-09-30": "1232.10300", "2017-06-30": "1131.51700", "2017-03-31": "1185.19600", "2016-12-31": "1002.94500", "2016-09-30": "1089.59600", "2016-06-30": "956.53280", "2016-03-31": "907.97310", "2015-12-31": "872.31410", "2015-09-30": "882.91600", "2015-06-30": "929.33810", "2015-03-31": "880.12390", "2014-12-31": "878.99340", "2014-09-30": "891.94910", "2014-06-30": "962.04090", "2014-03-31": "980.30300", "2013-12-31": "908.03750", "2013-09-30": "882.96020", "2013-06-30": "901.39600", "2013-03-31": "858.55310", "2012-12-31": "810.42980", "2012-09-30": "792.42410", "2012-06-30": "847.51710", "2012-03-31": "789.19010", "2011-12-31": "791.71340", "2011-09-30": "790.96390", "2011-06-30": "675.37700", "2011-03-31": "564.89690", "2010-12-31": "539.19570", "2010-09-30": "601.43490", "2010-06-30": "583.31600", "2010-03-31": "537.74400", "2009-12-31": "549.67000", "2009-09-30": "644.08500", "2009-06-30": "630.57310", "2009-03-31": "614.95500", "2008-12-31": "648.34120", "2008-09-30": "792.21500", "2008-06-30": "871.22790", "2008-03-31": "862.60910", "2007-12-31": "901.86190", "2007-09-30": "895.43400", "2007-06-30": "929.82400", "2007-03-31": "936.95910", "2006-12-31": "947.43090", "2006-09-30": "829.63900", "2006-06-30": "841.36410", "2006-03-31": "842.46510", "2005-12-31": "663.56950", "2005-09-30": "802.19400", "2005-06-30": "785.76700", "2005-03-31": "560.44200"}, "Research And Development Expenses": {"2020-09-30": "", "2020-06-30": "", "2020-03-31": "", "2019-12-31": "", "2019-09-30": "", "2019-06-30": "", "2019-03-31": "", "2018-12-31": "", "2018-09-30": "", "2018-06-30": "", "2018-03-31": "", "2017-12-31": "", "2017-09-30": "", "2017-06-30": "", "2017-03-31": "", "2016-12-31": "", "2016-09-30": "", "2016-06-30": "", "2016-03-31": "", "2015-12-31": "", "2015-09-30": "", "2015-06-30": "", "2015-03-31": "", "2014-12-31": "", "2014-09-30": "", "2014-06-30": "", "2014-03-31": "", "2013-12-31": "", "2013-09-30": "", "2013-06-30": "", "2013-03-31": "", "2012-12-31": "", "2012-09-30": "", "2012-06-30": "", "2012-03-31": "", "2011-12-31": "", "2011-09-30": "", "2011-06-30": "", "2011-03-31": "", "2010-12-31": "", "2010-09-30": "", "2010-06-30": "", "2010-03-31": "", "2009-12-31": "", "2009-09-30": "", "2009-06-30": "", "2009-03-31": "", "2008-12-31": "", "2008-09-30": "", "2008-06-30": "", "2008-03-31": "", "2007-12-31": "", "2007-09-30": "", "2007-06-30": "", "2007-03-31": "", "2006-12-31": "", "2006-09-30": "", "2006-06-30": "", "2006-03-31": "", "2005-12-31": "", "2005-09-30": "", "2005-06-30": "", "2005-03-31": ""}, "SG&A Expenses": {"2020-09-30": "613.73000", "2020-06-30": "616.14200", "2020-03-31": "718.11400", "2019-12-31": "676.05320", "2019-09-30": "602.77300", "2019-06-30": "632.48500", "2019-03-31": "654.54800", "2018-12-31": "563.04610", "2018-09-30": "561.50600", "2018-06-30": "541.89100", "2018-03-31": "517.39900", "2017-12-31": "530.20090", "2017-09-30": "490.52900", "2017-06-30": "433.79700", "2017-03-31": "461.92000", "2016-12-31": "448.50600", "2016-09-30": "459.73200", "2016-06-30": "403.21000", "2016-03-31": "379.79100", "2015-12-31": "397.30200", "2015-09-30": "414.51400", "2015-06-30": "393.31000", "2015-03-31": "378.52900", "2014-12-31": "393.99000", "2014-09-30": "409.05000", "2014-06-30": "381.92300", "2014-03-31": "372.59700", "2013-12-31": "380.94500", "2013-09-30": "397.03700", "2013-06-30": "366.68800", "2013-03-31": "350.52500", "2012-12-31": "395.11600", "2012-09-30": "382.09800", "2012-06-30": "352.01800", "2012-03-31": "345.54900", "2011-12-31": "362.25890", "2011-09-30": "347.57200", "2011-06-30": "341.59800", "2011-03-31": "306.04700", "2010-12-31": "314.58690", "2010-09-30": "323.17100", "2010-06-30": "314.35400", "2010-03-31": "300.93200", "2009-12-31": "319.03900", "2009-09-30": "322.69400", "2009-06-30": "316.62300", "2009-03-31": "285.60100", "2008-12-31": "333.67000", "2008-09-30": "351.29700", "2008-06-30": "350.43200", "2008-03-31": "352.82400", "2007-12-31": "349.16190", "2007-09-30": "377.67500", "2007-06-30": "373.37900", "2007-03-31": "345.62900", "2006-12-31": "435.01300", "2006-09-30": "313.73500", "2006-06-30": "295.26700", "2006-03-31": "286.76300", "2005-12-31": "233.08000", "2005-09-30": "320.84000", "2005-06-30": "281.36400", "2005-03-31": "185.15500"}, "Other Operating Income Or Expenses": {"2020-09-30": "16.50800", "2020-06-30": "-34.62000", "2020-03-31": "1472.59600", "2019-12-31": "2682.08800", "2019-09-30": "-214.56900", "2019-06-30": "20.33500", "2019-03-31": "26.68600", "2018-12-31": "-14.69800", "2018-09-30": "31.00500", "2018-06-30": "11.89300", "2018-03-31": "-41.04900", "2017-12-31": "-52.56900", "2017-09-30": "0.73000", "2017-06-30": "46.93200", "2017-03-31": "23.00400", "2016-12-31": "-40.95300", "2016-09-30": "292.62800", "2016-06-30": "422.63100", "2016-03-31": "-12.38900", "2015-12-31": "-4.09100", "2015-09-30": "33.71700", "2015-06-30": "21.05800", "2015-03-31": "99.92100", "2014-12-31": "-16.23600", "2014-09-30": "5.97600", "2014-06-30": "-22.58400", "2014-03-31": "16.42100", "2013-12-31": "21.44600", "2013-09-30": "-11.44400", "2013-06-30": "-84.95500", "2013-03-31": "5.70700", "2012-12-31": "-572.51500", "2012-09-30": "-44.51100", "2012-06-30": "-84.48100", "2012-03-31": "-14.22600", "2011-12-31": "-100.58500", "2011-09-30": "-81.29800", "2011-06-30": "3527.44800", "2011-03-31": "63.25200", "2010-12-31": "29.26690", "2010-09-30": "-325.30800", "2010-06-30": "-1153.01300", "2010-03-31": "-85.10100", "2009-12-31": "-549.89010", "2009-09-30": "-1114.15900", "2009-06-30": "-8.48300", "2009-03-31": "202.60300", "2008-12-31": "-1174.65500", "2008-09-30": "0.74100", "2008-06-30": "10.20600", "2008-03-31": "26.17100", "2007-12-31": "1126.27900", "2007-09-30": "117.63400", "2007-06-30": "80.03700", "2007-03-31": "22.08000", "2006-12-31": "163.77900", "2006-09-30": "59.77300", "2006-06-30": "29.34900", "2006-03-31": "5.88800", "2005-12-31": "25.36300", "2005-09-30": "20.22200", "2005-06-30": "25.19500", "2005-03-31": "28.31800"}, "Operating Expenses": {"2020-09-30": "1621.10200", "2020-06-30": "1324.33800", "2020-03-31": "1001.97200", "2019-12-31": "225.04740", "2019-09-30": "3076.00100", "2019-06-30": "2851.75800", "2019-03-31": "2806.65100", "2018-12-31": "2717.11100", "2018-09-30": "2618.39900", "2018-06-30": "2495.62000", "2018-03-31": "2462.48000", "2017-12-31": "2374.19100", "2017-09-30": "2337.47100", "2017-06-30": "2152.23500", "2017-03-31": "2221.05500", "2016-12-31": "2203.53100", "2016-09-30": "1802.36000", "2016-06-30": "1500.44700", "2016-03-31": "1893.73200", "2015-12-31": "3389.10700", "2015-09-30": "1983.43900", "2015-06-30": "2036.61400", "2015-03-31": "1937.14000", "2014-12-31": "2119.43300", "2014-09-30": "2198.51800", "2014-06-30": "2226.56900", "2014-03-31": "2213.92600", "2013-12-31": "2172.14900", "2013-09-30": "2200.24000", "2013-06-30": "2249.66300", "2013-03-31": "2050.33100", "2012-12-31": "2678.54300", "2012-09-30": "2117.57700", "2012-06-30": "2148.39000", "2012-03-31": "2094.98400", "2011-12-31": "2205.78200", "2011-09-30": "2121.01300", "2011-06-30": "-1877.77500", "2011-03-31": "1343.14600", "2010-12-31": "1376.95300", "2010-09-30": "1773.01800", "2010-06-30": "2596.14600", "2010-03-31": "1468.81500", "2009-12-31": "1971.07000", "2009-09-30": "2496.64200", "2009-06-30": "1363.05600", "2009-03-31": "1143.69600", "2008-12-31": "2690.11600", "2008-09-30": "1543.97400", "2008-06-30": "1561.93500", "2008-03-31": "1542.34500", "2007-12-31": "443.50490", "2007-09-30": "1432.45700", "2007-06-30": "1467.44300", "2007-03-31": "1484.30200", "2006-12-31": "1337.96200", "2006-09-30": "1375.64500", "2006-06-30": "1343.08600", "2006-03-31": "1361.01500", "2005-12-31": "1081.54800", "2005-09-30": "1468.24400", "2005-06-30": "1338.02700", "2005-03-31": "910.95900"}, "Operating Income": {"2020-09-30": "-495.18200", "2020-06-30": "-1034.52900", "2020-03-31": "1250.84500", "2019-12-31": "2960.08900", "2019-09-30": "238.38110", "2019-06-30": "371.48510", "2019-03-31": "370.26000", "2018-12-31": "335.75020", "2018-09-30": "410.90310", "2018-06-30": "363.07500", "2018-03-31": "359.75710", "2017-12-31": "223.41410", "2017-09-30": "492.70410", "2017-06-30": "499.89790", "2017-03-31": "496.51070", "2016-12-31": "280.43410", "2016-09-30": "712.75510", "2016-06-30": "769.05480", "2016-03-31": "315.95410", "2015-12-31": "-1197.23400", "2015-09-30": "297.37710", "2015-06-30": "348.52110", "2015-03-31": "395.10390", "2014-12-31": "266.11300", "2014-09-30": "286.48930", "2014-06-30": "354.46390", "2014-03-31": "416.47190", "2013-12-31": "341.06470", "2013-09-30": "262.79710", "2013-06-30": "231.60180", "2013-03-31": "301.81710", "2012-12-31": "-384.03270", "2012-09-30": "137.40110", "2012-06-30": "175.37500", "2012-03-31": "192.60600", "2011-12-31": "91.10740", "2011-09-30": "112.57370", "2011-06-30": "3683.76000", "2011-03-31": "169.70480", "2010-12-31": "107.21010", "2010-09-30": "-205.90110", "2010-06-30": "-1048.81700", "2010-03-31": "-11.42300", "2009-12-31": "-486.65500", "2009-09-30": "-963.41910", "2009-06-30": "131.09900", "2009-03-31": "355.09910", "2008-12-31": "-1046.23200", "2008-09-30": "241.55700", "2008-06-30": "333.78390", "2008-03-31": "341.28810", "2007-12-31": "1485.21100", "2007-09-30": "464.61290", "2007-06-30": "468.97290", "2007-03-31": "445.13310", "2006-12-31": "508.07580", "2006-09-30": "419.39700", "2006-06-30": "417.42210", "2006-03-31": "413.35310", "2005-12-31": "318.96070", "2005-09-30": "339.99910", "2005-06-30": "377.92900", "2005-03-31": "293.17600"}, "Total Non-Operating Income/Expense": {"2020-09-30": "-183.52300", "2020-06-30": "-172.19600", "2020-03-31": "-314.02200", "2019-12-31": "-337.76300", "2019-09-30": "-239.55300", "2019-06-30": "-283.58200", "2019-03-31": "-232.59200", "2018-12-31": "-237.25600", "2018-09-30": "-220.44700", "2018-06-30": "-198.94200", "2018-03-31": "-178.83500", "2017-12-31": "-182.32500", "2017-09-30": "-202.25000", "2017-06-30": "-185.36500", "2017-03-31": "-181.79700", "2016-12-31": "-174.59700", "2016-09-30": "-196.49000", "2016-06-30": "-246.07700", "2016-03-31": "-203.44600", "2015-12-31": "-206.28700", "2015-09-30": "-219.13500", "2015-06-30": "-225.82600", "2015-03-31": "-238.76300", "2014-12-31": "-225.47600", "2014-09-30": "-225.89900", "2014-06-30": "-228.24100", "2014-03-31": "-233.03600", "2013-12-31": "-323.91390", "2013-09-30": "-244.05400", "2013-06-30": "-258.31500", "2013-03-31": "-248.80800", "2012-12-31": "-895.00690", "2012-09-30": "-294.66000", "2012-06-30": "-297.11300", "2012-03-31": "-368.78400", "2011-12-31": "-301.28400", "2011-09-30": "-298.82900", "2011-06-30": "-311.24300", "2011-03-31": "-314.15900", "2010-12-31": "-292.24400", "2010-09-30": "-305.02600", "2010-06-30": "-314.15400", "2010-03-31": "-145.67000", "2009-12-31": "-232.67910", "2009-09-30": "-194.82900", "2009-06-30": "-441.48600", "2009-03-31": "-179.72300", "2008-12-31": "-86.65700", "2008-09-30": "-146.26800", "2008-06-30": "-150.47600", "2008-03-31": "-155.98400", "2007-12-31": "-151.86200", "2007-09-30": "-181.01400", "2007-06-30": "-183.43800", "2007-03-31": "-189.18800", "2006-12-31": "-197.31100", "2006-09-30": "-193.00400", "2006-06-30": "-193.26400", "2006-03-31": "-196.74300", "2005-12-31": "-184.07300", "2005-09-30": "-192.44400", "2005-06-30": "-168.21400", "2005-03-31": "-118.24900"}, "Pre-Tax Income": {"2020-09-30": "-678.70500", "2020-06-30": "-1206.72500", "2020-03-31": "936.82300", "2019-12-31": "2622.32600", "2019-09-30": "-1.17200", "2019-06-30": "87.90300", "2019-03-31": "137.66800", "2018-12-31": "98.49500", "2018-09-30": "190.45600", "2018-06-30": "164.13300", "2018-03-31": "180.92200", "2017-12-31": "41.08900", "2017-09-30": "290.45400", "2017-06-30": "314.53300", "2017-03-31": "314.71400", "2016-12-31": "105.83790", "2016-09-30": "516.26500", "2016-06-30": "522.97800", "2016-03-31": "112.50800", "2015-12-31": "-1403.52100", "2015-09-30": "78.24200", "2015-06-30": "122.69500", "2015-03-31": "156.34100", "2014-12-31": "40.63700", "2014-09-30": "60.59000", "2014-06-30": "126.22300", "2014-03-31": "183.43600", "2013-12-31": "17.15100", "2013-09-30": "18.74300", "2013-06-30": "-26.71300", "2013-03-31": "53.00900", "2012-12-31": "-1279.03800", "2012-09-30": "-157.25900", "2012-06-30": "-121.73800", "2012-03-31": "-176.17800", "2011-12-31": "-210.17690", "2011-09-30": "-186.25500", "2011-06-30": "3372.51700", "2011-03-31": "-144.45400", "2010-12-31": "-185.03400", "2010-09-30": "-510.92700", "2010-06-30": "-1362.97100", "2010-03-31": "-157.09300", "2009-12-31": "-719.33400", "2009-09-30": "-1158.24800", "2009-06-30": "-310.38700", "2009-03-31": "175.37600", "2008-12-31": "-1132.88900", "2008-09-30": "95.28900", "2008-06-30": "183.30800", "2008-03-31": "185.30400", "2007-12-31": "1333.34900", "2007-09-30": "283.59900", "2007-06-30": "285.53500", "2007-03-31": "255.94500", "2006-12-31": "310.76500", "2006-09-30": "226.39300", "2006-06-30": "224.15800", "2006-03-31": "216.61000", "2005-12-31": "134.88800", "2005-09-30": "147.55500", "2005-06-30": "209.71500", "2005-03-31": "174.92700"}, "Income Taxes": {"2020-09-30": "-76.73400", "2020-06-30": "-270.23800", "2020-03-31": "262.30400", "2019-12-31": "556.37600", "2019-09-30": "-7.27600", "2019-06-30": "11.73400", "2019-03-31": "71.51100", "2018-12-31": "92.73500", "2018-09-30": "19.04600", "2018-06-30": "23.71000", "2018-03-31": "-85.37900", "2017-12-31": "-1377.90400", "2017-09-30": "114.71000", "2017-06-30": "73.66000", "2017-03-31": "62.14000", "2016-12-31": "36.94800", "2016-09-30": "-44.99500", "2016-06-30": "8.48000", "2016-03-31": "21.31000", "2015-12-31": "69.97600", "2015-09-30": "-16.49300", "2015-06-30": "-3.77200", "2015-03-31": "-56.30500", "2014-12-31": "328.10900", "2014-09-30": "10.20800", "2014-06-30": "-51.94500", "2014-03-31": "-2.66400", "2013-12-31": "0.94800", "2013-09-30": "-14.42800", "2013-06-30": "3.86500", "2013-03-31": "30.43100", "2012-12-31": "-90.54100", "2012-09-30": "-2.58500", "2012-06-30": "-51.30400", "2012-03-31": "27.12900", "2011-12-31": "-190.87600", "2011-09-30": "-79.68000", "2011-06-30": "-78.17400", "2011-03-31": "-54.58300", "2010-12-31": "-45.84500", "2010-09-30": "-192.93600", "2010-06-30": "-479.49500", "2010-03-31": "-60.35200", "2009-12-31": "-285.41600", "2009-09-30": "-407.86000", "2009-06-30": "-97.81200", "2009-03-31": "70.17700", "2008-12-31": "15.12200", "2008-09-30": "34.01100", "2008-06-30": "70.20700", "2008-03-31": "66.95800", "2007-12-31": "462.57500", "2007-09-30": "99.73600", "2007-06-30": "102.63700", "2007-03-31": "92.93500", "2006-12-31": "111.63700", "2006-09-30": "72.62800", "2006-06-30": "80.81700", "2006-03-31": "76.84800", "2005-12-31": "44.97900", "2005-09-30": "54.34500", "2005-06-30": "68.54700", "2005-03-31": "63.84800"}, "Income After Taxes": {"2020-09-30": "-601.97100", "2020-06-30": "-936.48690", "2020-03-31": "674.51900", "2019-12-31": "2065.95000", "2019-09-30": "6.10400", "2019-06-30": "76.16900", "2019-03-31": "66.15700", "2018-12-31": "5.76000", "2018-09-30": "171.41000", "2018-06-30": "140.42300", "2018-03-31": "266.30100", "2017-12-31": "1418.99300", "2017-09-30": "175.74400", "2017-06-30": "240.87300", "2017-03-31": "252.57400", "2016-12-31": "68.88990", "2016-09-30": "561.26000", "2016-06-30": "514.49800", "2016-03-31": "91.19800", "2015-12-31": "-1473.49700", "2015-09-30": "94.73500", "2015-06-30": "126.46700", "2015-03-31": "212.64600", "2014-12-31": "-287.47200", "2014-09-30": "50.38200", "2014-06-30": "178.16800", "2014-03-31": "186.10000", "2013-12-31": "16.20300", "2013-09-30": "33.17100", "2013-06-30": "-30.57800", "2013-03-31": "22.57800", "2012-12-31": "-1188.49700", "2012-09-30": "-154.67400", "2012-06-30": "-70.43400", "2012-03-31": "-203.30700", "2011-12-31": "-19.30110", "2011-09-30": "-106.57500", "2011-06-30": "3450.69100", "2011-03-31": "-89.87100", "2010-12-31": "-139.18910", "2010-09-30": "-317.99100", "2010-06-30": "-883.47600", "2010-03-31": "-96.74100", "2009-12-31": "-433.91790", "2009-09-30": "-750.38810", "2009-06-30": "-212.57500", "2009-03-31": "105.19900", "2008-12-31": "-1148.01100", "2008-09-30": "61.27800", "2008-06-30": "113.10100", "2008-03-31": "118.34600", "2007-12-31": "870.77390", "2007-09-30": "183.86300", "2007-06-30": "182.89800", "2007-03-31": "163.01000", "2006-12-31": "199.12800", "2006-09-30": "153.76500", "2006-06-30": "143.34100", "2006-03-31": "139.76200", "2005-12-31": "89.90900", "2005-09-30": "93.21000", "2005-06-30": "141.16800", "2005-03-31": "111.07900"}, "Other Income": {"2020-09-30": "", "2020-06-30": "", "2020-03-31": "", "2019-12-31": "", "2019-09-30": "", "2019-06-30": "", "2019-03-31": "", "2018-12-31": "", "2018-09-30": "", "2018-06-30": "", "2018-03-31": "", "2017-12-31": "", "2017-09-30": "", "2017-06-30": "", "2017-03-31": "", "2016-12-31": "", "2016-09-30": "", "2016-06-30": "", "2016-03-31": "", "2015-12-31": "", "2015-09-30": "", "2015-06-30": "", "2015-03-31": "", "2014-12-31": "", "2014-09-30": "", "2014-06-30": "", "2014-03-31": "", "2013-12-31": "", "2013-09-30": "", "2013-06-30": "", "2013-03-31": "", "2012-12-31": "", "2012-09-30": "", "2012-06-30": "", "2012-03-31": "", "2011-12-31": "", "2011-09-30": "", "2011-06-30": "", "2011-03-31": "", "2010-12-31": "", "2010-09-30": "", "2010-06-30": "", "2010-03-31": "", "2009-12-31": "", "2009-09-30": "", "2009-06-30": "", "2009-03-31": "", "2008-12-31": "", "2008-09-30": "", "2008-06-30": "", "2008-03-31": "", "2007-12-31": "", "2007-09-30": "", "2007-06-30": "", "2007-03-31": "", "2006-12-31": "", "2006-09-30": "", "2006-06-30": "", "2006-03-31": "", "2005-12-31": "", "2005-09-30": "", "2005-06-30": "", "2005-03-31": ""}, "Income From Continuous Operations": {"2020-09-30": "-601.97100", "2020-06-30": "-936.48690", "2020-03-31": "674.51900", "2019-12-31": "2065.95000", "2019-09-30": "6.10400", "2019-06-30": "76.16900", "2019-03-31": "66.15700", "2018-12-31": "5.76000", "2018-09-30": "171.41000", "2018-06-30": "140.42300", "2018-03-31": "266.30100", "2017-12-31": "1418.99300", "2017-09-30": "175.74400", "2017-06-30": "240.87300", "2017-03-31": "252.57400", "2016-12-31": "68.88990", "2016-09-30": "561.26000", "2016-06-30": "514.49800", "2016-03-31": "91.19800", "2015-12-31": "-1473.49700", "2015-09-30": "94.73500", "2015-06-30": "126.46700", "2015-03-31": "212.64600", "2014-12-31": "-287.47200", "2014-09-30": "50.38200", "2014-06-30": "178.16800", "2014-03-31": "186.10000", "2013-12-31": "16.20300", "2013-09-30": "33.17100", "2013-06-30": "-30.57800", "2013-03-31": "22.57800", "2012-12-31": "-1188.49700", "2012-09-30": "-154.67400", "2012-06-30": "-70.43400", "2012-03-31": "-203.30700", "2011-12-31": "-19.30110", "2011-09-30": "-106.57500", "2011-06-30": "3450.69100", "2011-03-31": "-89.87100", "2010-12-31": "-139.18910", "2010-09-30": "-317.99100", "2010-06-30": "-883.47600", "2010-03-31": "-96.74100", "2009-12-31": "-433.91790", "2009-09-30": "-750.38810", "2009-06-30": "-212.57500", "2009-03-31": "105.19900", "2008-12-31": "-1148.01100", "2008-09-30": "61.27800", "2008-06-30": "113.10100", "2008-03-31": "118.34600", "2007-12-31": "870.77400", "2007-09-30": "183.86300", "2007-06-30": "182.89800", "2007-03-31": "163.01000", "2006-12-31": "199.12800", "2006-09-30": "153.76500", "2006-06-30": "143.34100", "2006-03-31": "139.76200", "2005-12-31": "89.90900", "2005-09-30": "93.21000", "2005-06-30": "141.16800", "2005-03-31": "111.07900"}, "Income From Discontinued Operations": {"2020-09-30": "", "2020-06-30": "", "2020-03-31": "", "2019-12-31": "", "2019-09-30": "", "2019-06-30": "", "2019-03-31": "", "2018-12-31": "", "2018-09-30": "", "2018-06-30": "", "2018-03-31": "", "2017-12-31": "", "2017-09-30": "", "2017-06-30": "", "2017-03-31": "", "2016-12-31": "", "2016-09-30": "", "2016-06-30": "", "2016-03-31": "", "2015-12-31": "", "2015-09-30": "", "2015-06-30": "", "2015-03-31": "", "2014-12-31": "", "2014-09-30": "", "2014-06-30": "", "2014-03-31": "", "2013-12-31": "", "2013-09-30": "", "2013-06-30": "", "2013-03-31": "", "2012-12-31": "", "2012-09-30": "", "2012-06-30": "", "2012-03-31": "", "2011-12-31": "", "2011-09-30": "", "2011-06-30": "", "2011-03-31": "", "2010-12-31": "", "2010-09-30": "", "2010-06-30": "", "2010-03-31": "", "2009-12-31": "", "2009-09-30": "", "2009-06-30": "", "2009-03-31": "", "2008-12-31": "", "2008-09-30": "", "2008-06-30": "", "2008-03-31": "", "2007-12-31": "1.43700", "2007-09-30": "", "2007-06-30": "177.27400", "2007-03-31": "5.16300", "2006-12-31": "2.44300", "2006-09-30": "2.49700", "2006-06-30": "3.05300", "2006-03-31": "4.27500", "2005-12-31": "", "2005-09-30": "", "2005-06-30": "", "2005-03-31": ""}, "Net Income": {"2020-09-30": "-534.73100", "2020-06-30": "-857.25700", "2020-03-31": "806.86900", "2019-12-31": "2008.86400", "2019-09-30": "-37.13300", "2019-06-30": "43.40500", "2019-03-31": "31.29700", "2018-12-31": "-38.66700", "2018-09-30": "142.87800", "2018-06-30": "117.79100", "2018-03-31": "223.44400", "2017-12-31": "1369.05000", "2017-09-30": "148.36300", "2017-06-30": "209.86400", "2017-03-31": "206.41200", "2016-12-31": "23.60900", "2016-09-30": "535.61900", "2016-06-30": "474.35300", "2016-03-31": "66.79900", "2015-12-31": "-781.45400", "2015-09-30": "66.42500", "2015-06-30": "97.45900", "2015-03-31": "169.85000", "2014-12-31": "-342.26300", "2014-09-30": "-20.27000", "2014-06-30": "110.00800", "2014-03-31": "102.65200", "2013-12-31": "-63.00900", "2013-09-30": "-22.31300", "2013-06-30": "-92.95800", "2013-03-31": "6.54600", "2012-12-31": "-1223.82700", "2012-09-30": "-181.15900", "2012-06-30": "-145.45200", "2012-03-31": "-217.25300", "2011-12-31": "-113.69130", "2011-09-30": "-123.78600", "2011-06-30": "3441.98500", "2011-03-31": "-89.87100", "2010-12-31": "-139.18900", "2010-09-30": "-317.99100", "2010-06-30": "-883.47600", "2010-03-31": "-96.74100", "2009-12-31": "-433.91800", "2009-09-30": "-750.38800", "2009-06-30": "-212.57500", "2009-03-31": "105.19900", "2008-12-31": "-1148.01100", "2008-09-30": "61.27800", "2008-06-30": "113.10100", "2008-03-31": "118.34600", "2007-12-31": "872.21090", "2007-09-30": "183.86300", "2007-06-30": "360.17200", "2007-03-31": "168.17300", "2006-12-31": "201.57100", "2006-09-30": "156.26200", "2006-06-30": "146.39400", "2006-03-31": "144.03700", "2005-12-31": "97.79900", "2005-09-30": "93.21000", "2005-06-30": "141.16800", "2005-03-31": "111.07900"}, "EBITDA": {"2020-09-30": "-191.80400", "2020-06-30": "-727.35510", "2020-03-31": "1577.07000", "2019-12-31": "3300.96000", "2019-09-30": "570.19410", "2019-06-30": "716.63510", "2019-03-31": "696.04700", "2018-12-31": "658.68120", "2018-09-30": "722.13210", "2018-06-30": "669.60500", "2018-03-31": "638.21310", "2017-12-31": "479.83610", "2017-09-30": "750.51810", "2017-06-30": "753.52490", "2017-03-31": "755.12380", "2016-12-31": "522.31810", "2016-09-30": "931.76710", "2016-06-30": "985.89480", "2016-03-31": "528.23810", "2015-12-31": "482.37240", "2015-09-30": "517.43410", "2015-06-30": "566.81810", "2015-03-31": "611.29790", "2014-12-31": "478.31010", "2014-09-30": "498.25430", "2014-06-30": "566.85990", "2014-03-31": "633.52890", "2013-12-31": "557.79270", "2013-09-30": "483.63010", "2013-06-30": "458.26280", "2013-03-31": "522.10110", "2012-12-31": "-139.89870", "2012-09-30": "382.51320", "2012-06-30": "427.55200", "2012-03-31": "452.26900", "2011-12-31": "352.35740", "2011-09-30": "385.22370", "2011-06-30": "3884.85100", "2011-03-31": "345.65990", "2010-12-31": "277.68210", "2010-09-30": "-22.59810", "2010-06-30": "-859.81700", "2010-03-31": "167.20800", "2009-12-31": "-304.61100", "2009-09-30": "-775.07600", "2009-06-30": "315.77900", "2009-03-31": "540.15710", "2008-12-31": "-851.56470", "2008-09-30": "443.16600", "2008-06-30": "531.39390", "2008-03-31": "536.25810", "2007-12-31": "1686.40500", "2007-09-30": "635.95290", "2007-06-30": "634.52590", "2007-03-31": "611.67800", "2006-12-31": "676.68280", "2006-09-30": "582.49400", "2006-06-30": "582.03310", "2006-03-31": "567.86110", "2005-12-31": "482.15270", "2005-09-30": "500.40120", "2005-06-30": "530.81200", "2005-03-31": "410.59200"}, "EBIT": {"2020-09-30": "-495.18200", "2020-06-30": "-1034.52900", "2020-03-31": "1250.84500", "2019-12-31": "2960.08900", "2019-09-30": "238.38110", "2019-06-30": "371.48510", "2019-03-31": "370.26000", "2018-12-31": "335.75020", "2018-09-30": "410.90310", "2018-06-30": "363.07500", "2018-03-31": "359.75710", "2017-12-31": "223.41360", "2017-09-30": "492.70410", "2017-06-30": "499.89790", "2017-03-31": "496.51070", "2016-12-31": "280.43420", "2016-09-30": "712.75510", "2016-06-30": "769.05480", "2016-03-31": "315.95410", "2015-12-31": "-1197.23400", "2015-09-30": "297.37710", "2015-06-30": "348.52110", "2015-03-31": "395.10390", "2014-12-31": "266.11300", "2014-09-30": "286.48930", "2014-06-30": "354.46390", "2014-03-31": "416.47190", "2013-12-31": "341.06420", "2013-09-30": "262.79710", "2013-06-30": "231.60180", "2013-03-31": "301.81710", "2012-12-31": "-384.03250", "2012-09-30": "137.40110", "2012-06-30": "175.37500", "2012-03-31": "192.60600", "2011-12-31": "91.10770", "2011-09-30": "112.57370", "2011-06-30": "3683.76000", "2011-03-31": "169.70480", "2010-12-31": "107.21040", "2010-09-30": "-205.90110", "2010-06-30": "-1048.81700", "2010-03-31": "-11.42300", "2009-12-31": "-486.65500", "2009-09-30": "-963.41910", "2009-06-30": "131.09900", "2009-03-31": "355.09910", "2008-12-31": "-1046.23200", "2008-09-30": "241.55700", "2008-06-30": "333.78390", "2008-03-31": "341.28810", "2007-12-31": "1485.21100", "2007-09-30": "464.61290", "2007-06-30": "468.97290", "2007-03-31": "445.13310", "2006-12-31": "508.07580", "2006-09-30": "419.39700", "2006-06-30": "417.42210", "2006-03-31": "413.35310", "2005-12-31": "318.96090", "2005-09-30": "339.99910", "2005-06-30": "377.92900", "2005-03-31": "293.17600"}, "Basic Shares Outstanding": {"2020-09-30": "493.51700", "2020-06-30": "493.45600", "2020-03-31": "495.41500", "2019-12-31": "524.17300", "2019-09-30": "518.98300", "2019-06-30": "532.36500", "2019-03-31": "534.21900", "2018-12-31": "544.25300", "2018-09-30": "535.13000", "2018-06-30": "548.43300", "2018-03-31": "564.83200", "2017-12-31": "572.25300", "2017-09-30": "573.52700", "2017-06-30": "574.93100", "2017-03-31": "574.40300", "2016-12-31": "568.13400", "2016-09-30": "568.12500", "2016-06-30": "565.45900", "2016-03-31": "565.05600", "2015-12-31": "542.87300", "2015-09-30": "563.28700", "2015-06-30": "551.35800", "2015-03-31": "491.42200", "2014-12-31": "490.87500", "2014-09-30": "490.91400", "2014-06-30": "490.78600", "2014-03-31": "490.54200", "2013-12-31": "489.66100", "2013-09-30": "489.67200", "2013-06-30": "489.48400", "2013-03-31": "489.29100", "2012-12-31": "488.98800", "2012-09-30": "488.94500", "2012-06-30": "488.93100", "2012-03-31": "488.86100", "2011-12-31": "488.65200", "2011-09-30": "488.63600", "2011-06-30": "488.60900", "2011-03-31": "488.53900", "2010-12-31": "450.44900", "2010-09-30": "441.32800", "2010-06-30": "441.29700", "2010-03-31": "441.24000", "2009-12-31": "378.51300", "2009-09-30": "441.21400", "2009-06-30": "352.45700", "2009-03-31": "276.55600", "2008-12-31": "279.81500", "2008-09-30": "276.41700", "2008-06-30": "277.46800", "2008-03-31": "288.94300", "2007-12-31": "286.80900", "2007-09-30": "284.73000", "2007-06-30": "283.84900", "2007-03-31": "284.02100", "2006-12-31": "283.14000", "2006-09-30": "281.83600", "2006-06-30": "284.28500", "2006-03-31": "284.20000", "2005-12-31": "284.94300", "2005-09-30": "286.75200", "2005-06-30": "285.54600", "2005-03-31": "282.51600"}, "Shares Outstanding": {"2020-09-30": "493.51700", "2020-06-30": "493.45600", "2020-03-31": "496.98400", "2019-12-31": "527.64500", "2019-09-30": "518.98300", "2019-06-30": "535.41700", "2019-03-31": "537.50600", "2018-12-31": "549.53600", "2018-09-30": "540.39600", "2018-06-30": "554.33900", "2018-03-31": "571.97000", "2017-12-31": "578.79500", "2017-09-30": "580.67600", "2017-06-30": "582.05600", "2017-03-31": "580.16500", "2016-12-31": "573.31700", "2016-09-30": "573.81200", "2016-06-30": "570.76200", "2016-03-31": "569.45500", "2015-12-31": "542.87300", "2015-09-30": "569.32000", "2015-06-30": "570.11400", "2015-03-31": "575.31200", "2014-12-31": "490.87500", "2014-09-30": "490.91400", "2014-06-30": "513.37100", "2014-03-31": "513.14400", "2013-12-31": "489.66100", "2013-09-30": "489.67200", "2013-06-30": "489.48400", "2013-03-31": "492.30500", "2012-12-31": "488.98800", "2012-09-30": "488.94500", "2012-06-30": "488.93100", "2012-03-31": "488.86100", "2011-12-31": "560.89500", "2011-09-30": "488.63600", "2011-06-30": "554.89000", "2011-03-31": "488.53900", "2010-12-31": "450.44900", "2010-09-30": "441.32800", "2010-06-30": "441.29700", "2010-03-31": "441.24000", "2009-12-31": "378.51300", "2009-09-30": "441.21400", "2009-06-30": "352.45700", "2009-03-31": "276.77000", "2008-12-31": "279.81500", "2008-09-30": "279.84600", "2008-06-30": "284.61500", "2008-03-31": "298.40000", "2007-12-31": "298.28400", "2007-09-30": "296.24800", "2007-06-30": "295.23200", "2007-03-31": "295.57700", "2006-12-31": "291.74700", "2006-09-30": "289.25800", "2006-06-30": "292.96200", "2006-03-31": "292.78300", "2005-12-31": "296.33400", "2005-09-30": "298.88500", "2005-06-30": "296.72500", "2005-03-31": "294.64600"}, "Basic EPS": {"2020-09-30": "-1.08000", "2020-06-30": "-1.67000", "2020-03-31": "1.64000", "2019-12-31": "3.85000", "2019-09-30": "-0.08000", "2019-06-30": "0.08000", "2019-03-31": "0.05000", "2018-12-31": "-0.04000", "2018-09-30": "0.26000", "2018-06-30": "0.21000", "2018-03-31": "0.39000", "2017-12-31": "2.40000", "2017-09-30": "0.26000", "2017-06-30": "0.36000", "2017-03-31": "0.36000", "2016-12-31": "0.04000", "2016-09-30": "0.94000", "2016-06-30": "0.84000", "2016-03-31": "0.12000", "2015-12-31": "-1.47000", "2015-09-30": "0.12000", "2015-06-30": "0.18000", "2015-03-31": "0.35000", "2014-12-31": "-0.70000", "2014-09-30": "-0.04000", "2014-06-30": "0.22000", "2014-03-31": "0.21000", "2013-12-31": "-0.12000", "2013-09-30": "-0.05000", "2013-06-30": "-0.19000", "2013-03-31": "0.01000", "2012-12-31": "-2.51000", "2012-09-30": "-0.37000", "2012-06-30": "-0.30000", "2012-03-31": "-0.44000", "2011-12-31": "-0.24000", "2011-09-30": "-0.25000", "2011-06-30": "7.04000", "2011-03-31": "-0.18000", "2010-12-31": "-0.25000", "2010-09-30": "-0.72000", "2010-06-30": "-2.00000", "2010-03-31": "-0.22000", "2009-12-31": "-1.49000", "2009-09-30": "-1.70000", "2009-06-30": "-0.60000", "2009-03-31": "0.38000", "2008-12-31": "-4.10000", "2008-09-30": "0.22000", "2008-06-30": "0.41000", "2008-03-31": "0.41000", "2007-12-31": "3.01000", "2007-09-30": "0.65000", "2007-06-30": "1.27000", "2007-03-31": "0.59000", "2006-12-31": "0.72000", "2006-09-30": "0.55000", "2006-06-30": "0.51000", "2006-03-31": "0.51000", "2005-12-31": "0.35000", "2005-09-30": "0.33000", "2005-06-30": "0.49000", "2005-03-31": "0.39000"}, "EPS - Earnings Per Share": {"2020-09-30": "-1.08000", "2020-06-30": "-1.67000", "2020-03-31": "1.64000", "2019-12-31": "3.83000", "2019-09-30": "-0.08000", "2019-06-30": "0.08000", "2019-03-31": "0.05000", "2018-12-31": "-0.04000", "2018-09-30": "0.26000", "2018-06-30": "0.21000", "2018-03-31": "0.38000", "2017-12-31": "2.36000", "2017-09-30": "0.26000", "2017-06-30": "0.36000", "2017-03-31": "0.36000", "2016-12-31": "0.04000", "2016-09-30": "0.93000", "2016-06-30": "0.83000", "2016-03-31": "0.12000", "2015-12-31": "-1.44000", "2015-09-30": "0.12000", "2015-06-30": "0.17000", "2015-03-31": "0.33000", "2014-12-31": "-0.69000", "2014-09-30": "-0.04000", "2014-06-30": "0.22000", "2014-03-31": "0.20000", "2013-12-31": "-0.12000", "2013-09-30": "-0.05000", "2013-06-30": "-0.19000", "2013-03-31": "0.01000", "2012-12-31": "-2.51000", "2012-09-30": "-0.37000", "2012-06-30": "-0.30000", "2012-03-31": "-0.44000", "2011-12-31": "-0.17000", "2011-09-30": "-0.25000", "2011-06-30": "6.22000", "2011-03-31": "-0.18000", "2010-12-31": "-0.25000", "2010-09-30": "-0.72000", "2010-06-30": "-2.00000", "2010-03-31": "-0.22000", "2009-12-31": "-1.49000", "2009-09-30": "-1.70000", "2009-06-30": "-0.60000", "2009-03-31": "0.38000", "2008-12-31": "-4.08000", "2008-09-30": "0.22000", "2008-06-30": "0.40000", "2008-03-31": "0.40000", "2007-12-31": "2.90000", "2007-09-30": "0.62000", "2007-06-30": "1.22000", "2007-03-31": "0.57000", "2006-12-31": "0.69000", "2006-09-30": "0.54000", "2006-06-30": "0.50000", "2006-03-31": "0.49000", "2005-12-31": "0.33000", "2005-09-30": "0.31000", "2005-06-30": "0.48000", "2005-03-31": "0.38000"}}, "balance sheet": {"Cash On Hand": {"2019-12-31": "2329.60400", "2018-12-31": "1526.76200", "2017-12-31": "1499.99500", "2016-12-31": "1446.58100", "2015-12-31": "1670.31200", "2014-12-31": "2283.71500", "2013-12-31": "1803.66900", "2012-12-31": "1543.50900", "2011-12-31": "1865.91300", "2010-12-31": "498.96400", "2009-12-31": "2056.20700", "2008-12-31": "295.64400", "2007-12-31": "416.12400", "2006-12-31": "452.94400", "2005-12-31": "377.93300"}, "Receivables": {"2019-12-31": "1374.88400", "2018-12-31": "685.63700", "2017-12-31": "584.82400", "2016-12-31": "542.92400", "2015-12-31": "496.55200", "2014-12-31": "488.02000", "2013-12-31": "488.21700", "2012-12-31": "443.67700", "2011-12-31": "491.73000", "2010-12-31": "497.87600", "2009-12-31": "753.02900", "2008-12-31": "368.10100", "2007-12-31": "412.93300", "2006-12-31": "381.54000", "2005-12-31": "352.67300"}, "Inventory": {"2019-12-31": "102.88800", "2018-12-31": "110.83100", "2017-12-31": "102.29200", "2016-12-31": "97.73300", "2015-12-31": "104.20000", "2014-12-31": "104.01100", "2013-12-31": "107.90700", "2012-12-31": "107.57700", "2011-12-31": "112.73500", "2010-12-31": "96.39200", "2009-12-31": "101.80900", "2008-12-31": "111.50500", "2007-12-31": "126.94100", "2006-12-31": "118.45900", "2005-12-31": "111.82500"}, "Pre-Paid Expenses": {"2019-12-31": "200.31700", "2018-12-31": "203.54800", "2017-12-31": "189.24400", "2016-12-31": "142.34900", "2015-12-31": "137.68500", "2014-12-31": "151.41400", "2013-12-31": "238.65700", "2012-12-31": "232.89800", "2011-12-31": "251.28200", "2010-12-31": "252.32100", "2009-12-31": "103.96900", "2008-12-31": "155.65200", "2007-12-31": "106.36400", "2006-12-31": "124.41400", "2005-12-31": "110.63400"}, "Other Current Assets": {"2019-12-31": "", "2018-12-31": "", "2017-12-31": "", "2016-12-31": "", "2015-12-31": "", "2014-12-31": "", "2013-12-31": "", "2012-12-31": "", "2011-12-31": "", "2010-12-31": "", "2009-12-31": "", "2008-12-31": "538.97500", "2007-12-31": "", "2006-12-31": "369.34800", "2005-12-31": ""}, "Total Current Assets": {"2019-12-31": "4007.69300", "2018-12-31": "2526.77800", "2017-12-31": "2376.35500", "2016-12-31": "2229.58700", "2015-12-31": "2408.74900", "2014-12-31": "3027.16000", "2013-12-31": "2719.43900", "2012-12-31": "2507.09200", "2011-12-31": "2812.72000", "2010-12-31": "1455.64500", "2009-12-31": "3053.50100", "2008-12-31": "1533.03000", "2007-12-31": "1125.81500", "2006-12-31": "1514.75100", "2005-12-31": "1018.58300"}, "Property, Plant, And Equipment": {"2019-12-31": "18285.96000", "2018-12-31": "20729.89000", "2017-12-31": "19635.46000", "2016-12-31": "18425.02000", "2015-12-31": "15371.79000", "2014-12-31": "14441.54000", "2013-12-31": "14055.21000", "2012-12-31": "14194.65000", "2011-12-31": "14866.64000", "2010-12-31": "14554.35000", "2009-12-31": "15069.95000", "2008-12-31": "16289.15000", "2007-12-31": "16870.90000", "2006-12-31": "17241.86000", "2005-12-31": "16541.65000"}, "Long-Term Investments": {"2019-12-31": "822.36600", "2018-12-31": "732.86700", "2017-12-31": "1033.29700", "2016-12-31": "1220.44300", "2015-12-31": "1491.49700", "2014-12-31": "1559.03400", "2013-12-31": "1469.26100", "2012-12-31": "1444.54700", "2011-12-31": "1635.57200", "2010-12-31": "1923.15500", "2009-12-31": "3611.79900", "2008-12-31": "4642.86500", "2007-12-31": "2482.72700", "2006-12-31": "1092.25700", "2005-12-31": "931.15400"}, "Goodwill And Intangible Assets": {"2019-12-31": "5911.06800", "2018-12-31": "5765.85500", "2017-12-31": "5684.49100", "2016-12-31": "5904.82500", "2015-12-31": "5595.54800", "2014-12-31": "7261.96600", "2013-12-31": "7409.30300", "2012-12-31": "7640.68000", "2011-12-31": "7944.72600", "2010-12-31": "419.96000", "2009-12-31": "430.60600", "2008-12-31": "433.56200", "2007-12-31": "1625.02000", "2006-12-31": "1667.94700", "2005-12-31": "1692.04000"}, "Other Long-Term Assets": {"2019-12-31": "456.79300", "2018-12-31": "455.31800", "2017-12-31": "430.44000", "2016-12-31": "393.42300", "2015-12-31": "347.58900", "2014-12-31": "304.21200", "2013-12-31": "431.39500", "2012-12-31": "497.76700", "2011-12-31": "506.61400", "2010-12-31": "598.73800", "2009-12-31": "352.35200", "2008-12-31": "376.10500", "2007-12-31": "623.22600", "2006-12-31": "440.99000", "2005-12-31": "515.99200"}, "Total Long-Term Assets": {"2019-12-31": "29868.66000", "2018-12-31": "27683.93000", "2017-12-31": "26783.69000", "2016-12-31": "25943.72000", "2015-12-31": "22806.43000", "2014-12-31": "23566.76000", "2013-12-31": "23365.17000", "2012-12-31": "23777.65000", "2011-12-31": "24953.55000", "2010-12-31": "17496.20000", "2009-12-31": "19464.71000", "2008-12-31": "21741.69000", "2007-12-31": "21601.87000", "2006-12-31": "20631.49000", "2005-12-31": "19680.84000"}, "Total Assets": {"2019-12-31": "33876.36000", "2018-12-31": "30210.71000", "2017-12-31": "29160.04000", "2016-12-31": "28173.30000", "2015-12-31": "25215.18000", "2014-12-31": "26593.91000", "2013-12-31": "26084.61000", "2012-12-31": "26284.74000", "2011-12-31": "27766.28000", "2010-12-31": "18951.85000", "2009-12-31": "22518.21000", "2008-12-31": "23274.72000", "2007-12-31": "22727.69000", "2006-12-31": "22146.24000", "2005-12-31": "20699.42000"}, "Total Current Liabilities": {"2019-12-31": "3191.42300", "2018-12-31": "2948.88200", "2017-12-31": "3138.29700", "2016-12-31": "2293.42100", "2015-12-31": "2237.95100", "2014-12-31": "3407.92500", "2013-12-31": "2215.32800", "2012-12-31": "1925.67100", "2011-12-31": "1744.76400", "2010-12-31": "1246.22100", "2009-12-31": "2383.60100", "2008-12-31": "3002.57600", "2007-12-31": "1724.68700", "2006-12-31": "1648.10000", "2005-12-31": "1534.56800"}, "Long Term Debt": {"2019-12-31": "11168.90000", "2018-12-31": "15088.00000", "2017-12-31": "12751.05000", "2016-12-31": "12979.22000", "2015-12-31": "12368.31000", "2014-12-31": "12805.29000", "2013-12-31": "13447.23000", "2012-12-31": "13589.28000", "2011-12-31": "13470.17000", "2010-12-31": "12047.70000", "2009-12-31": "12976.04000", "2008-12-31": "12416.55000", "2007-12-31": "11175.23000", "2006-12-31": "12994.87000", "2005-12-31": "12355.43000"}, "Other Non-Current Liabilities": {"2019-12-31": "363.58800", "2018-12-31": "259.24000", "2017-12-31": "284.41600", "2016-12-31": "325.98100", "2015-12-31": "157.66300", "2014-12-31": "130.57000", "2013-12-31": "141.59000", "2012-12-31": "179.87900", "2011-12-31": "167.02700", "2010-12-31": "199.24800", "2009-12-31": "256.83700", "2008-12-31": "440.02900", "2007-12-31": "350.40700", "2006-12-31": "212.56300", "2005-12-31": "195.97600"}, "Total Long Term Liabilities": {"2019-12-31": "18022.01000", "2018-12-31": "16792.03000", "2017-12-31": "14410.62000", "2016-12-31": "15910.57000", "2015-12-31": "15212.80000", "2014-12-31": "15557.72000", "2013-12-31": "16008.79000", "2012-12-31": "16243.05000", "2011-12-31": "16139.29000", "2010-12-31": "14773.46000", "2009-12-31": "16264.18000", "2008-12-31": "16297.78000", "2007-12-31": "14942.30000", "2006-12-31": "16648.59000", "2005-12-31": "15929.78000"}, "Total Liabilities": {"2019-12-31": "21213.44000", "2018-12-31": "19740.91000", "2017-12-31": "17548.92000", "2016-12-31": "18203.99000", "2015-12-31": "17450.75000", "2014-12-31": "18965.64000", "2013-12-31": "18224.12000", "2012-12-31": "18168.72000", "2011-12-31": "17884.05000", "2010-12-31": "16019.69000", "2009-12-31": "18647.78000", "2008-12-31": "19300.36000", "2007-12-31": "16666.98000", "2006-12-31": "18296.69000", "2005-12-31": "17464.35000"}, "Common Stock Net": {"2019-12-31": "5.03100", "2018-12-31": "5.27500", "2017-12-31": "5.66300", "2016-12-31": "5.74100", "2015-12-31": "5.64800", "2014-12-31": "4.91300", "2013-12-31": "4.90400", "2012-12-31": "4.89200", "2011-12-31": "4.88800", "2010-12-31": "4.88500", "2009-12-31": "4.41200", "2008-12-31": "3.69300", "2007-12-31": "3.68400", "2006-12-31": "3.62900", "2005-12-31": "3.57300"}, "Retained Earnings (Accumulated Deficit)": {"2019-12-31": "4201.33700", "2018-12-31": "2423.47900", "2017-12-31": "2217.29900", "2016-12-31": "545.81100", "2015-12-31": "-555.62900", "2014-12-31": "-107.90900", "2013-12-31": "41.96400", "2012-12-31": "213.69800", "2011-12-31": "1981.38900", "2010-12-31": "-1133.24800", "2009-12-31": "370.53200", "2008-12-31": "3365.12200", "2007-12-31": "4220.40800", "2006-12-31": "2635.98900", "2005-12-31": "1987.72500"}, "Comprehensive Income": {"2019-12-31": "-10.20200", "2018-12-31": "-8.55600", "2017-12-31": "-3.61000", "2016-12-31": "15.05300", "2015-12-31": "14.02200", "2014-12-31": "12.99100", "2013-12-31": "12.50300", "2012-12-31": "14.30300", "2011-12-31": "5.97800", "2010-12-31": "-0.30100", "2009-12-31": "-1.93700", "2008-12-31": "-56.90100", "2007-12-31": "0.55600", "2006-12-31": "0.41500", "2005-12-31": "-0.80100"}, "Other Share Holders Equity": {"2019-12-31": "", "2018-12-31": "", "2017-12-31": "", "2016-12-31": "", "2015-12-31": "", "2014-12-31": "", "2013-12-31": "", "2012-12-31": "", "2011-12-31": "", "2010-12-31": "", "2009-12-31": "", "2008-12-31": "", "2007-12-31": "", "2006-12-31": "", "2005-12-31": ""}, "Share Holder Equity": {"2019-12-31": "12662.92000", "2018-12-31": "10469.79000", "2017-12-31": "11611.12000", "2016-12-31": "9969.31200", "2015-12-31": "7764.42700", "2014-12-31": "7628.27400", "2013-12-31": "7860.49500", "2012-12-31": "8116.01600", "2011-12-31": "9882.22200", "2010-12-31": "2932.16200", "2009-12-31": "3870.43200", "2008-12-31": "3974.36100", "2007-12-31": "6060.70300", "2006-12-31": "3849.54900", "2005-12-31": "3235.07200"}, "Total Liabilities And Share Holders Equity": {"2019-12-31": "33876.36000", "2018-12-31": "30210.71000", "2017-12-31": "29160.04000", "2016-12-31": "28173.30000", "2015-12-31": "25215.18000", "2014-12-31": "26593.91000", "2013-12-31": "26084.61000", "2012-12-31": "26284.74000", "2011-12-31": "27766.28000", "2010-12-31": "18951.85000", "2009-12-31": "22518.21000", "2008-12-31": "23274.72000", "2007-12-31": "22727.69000", "2006-12-31": "22146.24000", "2005-12-31": "20699.42000"}}, "balance sheet, quarterly": {"Cash On Hand": {"2020-09-30": "4593.87200", "2020-06-30": "4835.50500", "2020-03-31": "6016.41700", "2019-12-31": "2329.60400", "2019-09-30": "1233.56900", "2019-06-30": "1160.59100", "2019-03-31": "1223.40400", "2018-12-31": "1526.76200", "2018-09-30": "1302.67700", "2018-06-30": "1272.87200", "2018-03-31": "1525.40200", "2017-12-31": "1499.99500", "2017-09-30": "1986.68800", "2017-06-30": "1757.06200", "2017-03-31": "1395.44400", "2016-12-31": "1446.58100", "2016-09-30": "1446.15800", "2016-06-30": "2503.25500", "2016-03-31": "1664.90500", "2015-12-31": "1670.31200", "2015-09-30": "1807.79500", "2015-06-30": "2542.54500", "2015-03-31": "2195.53500", "2014-12-31": "2283.71500", "2014-09-30": "1313.42700", "2014-06-30": "1365.13700", "2014-03-31": "1114.73600", "2013-12-31": "1803.66900", "2013-09-30": "1375.40300", "2013-06-30": "1278.67300", "2013-03-31": "1480.63700", "2012-12-31": "1543.50900", "2012-09-30": "2443.15900", "2012-06-30": "1731.92100", "2012-03-31": "1634.89200", "2011-12-31": "1865.91300", "2011-09-30": "1815.12500", "2011-06-30": "921.55300", "2011-03-31": "431.27500", "2010-12-31": "498.96400", "2010-09-30": "552.75700", "2010-06-30": "1013.20800", "2010-03-31": "440.58700", "2009-12-31": "2056.20700", "2009-09-30": "896.99000", "2009-06-30": "411.35600", "2009-03-31": "1365.58100", "2008-12-31": "295.64400", "2008-09-30": "250.08700", "2008-06-30": "279.99500", "2008-03-31": "327.74500", "2007-12-31": "416.12400", "2007-09-30": "311.60500", "2007-06-30": "294.60900", "2007-03-31": "313.96700", "2006-12-31": "452.94400", "2006-09-30": "343.71600", "2006-06-30": "294.99200", "2006-03-31": "297.03400", "2005-12-31": "377.93300", "2005-09-30": "265.44200", "2005-06-30": "306.49500", "2005-03-31": "395.74600"}, "Receivables": {"2020-09-30": "1249.79000", "2020-06-30": "1204.57200", "2020-03-31": "1234.28500", "2019-12-31": "1374.88400", "2019-09-30": "1309.22200", "2019-06-30": "583.76600", "2019-03-31": "621.13800", "2018-12-31": "685.63700", "2018-09-30": "566.19800", "2018-06-30": "520.47400", "2018-03-31": "547.24400", "2017-12-31": "584.82400", "2017-09-30": "515.42300", "2017-06-30": "476.48800", "2017-03-31": "493.76500", "2016-12-31": "542.92400", "2016-09-30": "492.90400", "2016-06-30": "455.09700", "2016-03-31": "461.89900", "2015-12-31": "496.55200", "2015-09-30": "486.89600", "2015-06-30": "480.90700", "2015-03-31": "469.47600", "2014-12-31": "488.02000", "2014-09-30": "433.85300", "2014-06-30": "473.92200", "2014-03-31": "492.53500", "2013-12-31": "488.21700", "2013-09-30": "411.07700", "2013-06-30": "440.32600", "2013-03-31": "475.58100", "2012-12-31": "443.67700", "2012-09-30": "412.39000", "2012-06-30": "478.58800", "2012-03-31": "477.48400", "2011-12-31": "491.73000", "2011-09-30": "463.40700", "2011-06-30": "370.07500", "2011-03-31": "491.42500", "2010-12-31": "497.87600", "2010-09-30": "504.38700", "2010-06-30": "557.50500", "2010-03-31": "1096.09300", "2009-12-31": "753.02900", "2009-09-30": "476.18800", "2009-06-30": "422.22900", "2009-03-31": "449.46800", "2008-12-31": "368.10100", "2008-09-30": "374.02200", "2008-06-30": "367.88500", "2008-03-31": "390.45200", "2007-12-31": "412.93300", "2007-09-30": "429.34900", "2007-06-30": "333.29500", "2007-03-31": "373.39100", "2006-12-31": "381.54000", "2006-09-30": "343.49100", "2006-06-30": "312.93200", "2006-03-31": "314.14800", "2005-12-31": "352.67300", "2005-09-30": "298.65700", "2005-06-30": "301.91900", "2005-03-31": "218.36000"}, "Inventory": {"2020-09-30": "97.31600", "2020-06-30": "106.79100", "2020-03-31": "106.32700", "2019-12-31": "102.88800", "2019-09-30": "104.20600", "2019-06-30": "106.70700", "2019-03-31": "111.30200", "2018-12-31": "110.83100", "2018-09-30": "104.43800", "2018-06-30": "109.13000", "2018-03-31": "107.30900", "2017-12-31": "102.29200", "2017-09-30": "101.24200", "2017-06-30": "103.11900", "2017-03-31": "100.50200", "2016-12-31": "97.73300", "2016-09-30": "97.40000", "2016-06-30": "97.80000", "2016-03-31": "97.58400", "2015-12-31": "104.20000", "2015-09-30": "100.53300", "2015-06-30": "106.91400", "2015-03-31": "103.28600", "2014-12-31": "104.01100", "2014-09-30": "99.27400", "2014-06-30": "102.52400", "2014-03-31": "101.55300", "2013-12-31": "107.90700", "2013-09-30": "98.33000", "2013-06-30": "101.11000", "2013-03-31": "105.04700", "2012-12-31": "107.57700", "2012-09-30": "107.77200", "2012-06-30": "113.31600", "2012-03-31": "110.67400", "2011-12-31": "112.73500", "2011-09-30": "104.27900", "2011-06-30": "105.31800", "2011-03-31": "95.09700", "2010-12-31": "96.39200", "2010-09-30": "93.47900", "2010-06-30": "96.80500", "2010-03-31": "96.36700", "2009-12-31": "101.80900", "2009-09-30": "98.12100", "2009-06-30": "100.40100", "2009-03-31": "102.82800", "2008-12-31": "111.50500", "2008-09-30": "125.42300", "2008-06-30": "125.78100", "2008-03-31": "124.19000", "2007-12-31": "126.94100", "2007-09-30": "124.56200", "2007-06-30": "125.48500", "2007-03-31": "124.50000", "2006-12-31": "118.45900", "2006-09-30": "117.33500", "2006-06-30": "118.14400", "2006-03-31": "117.45100", "2005-12-31": "111.82500", "2005-09-30": "106.25700", "2005-06-30": "114.45100", "2005-03-31": "70.55300"}, "Pre-Paid Expenses": {"2020-09-30": "245.30300", "2020-06-30": "223.90000", "2020-03-31": "240.90000", "2019-12-31": "200.31700", "2019-09-30": "233.74900", "2019-06-30": "188.97000", "2019-03-31": "251.29100", "2018-12-31": "203.54800", "2018-09-30": "234.71100", "2018-06-30": "180.64000", "2018-03-31": "212.75800", "2017-12-31": "189.24400", "2017-09-30": "191.18300", "2017-06-30": "148.46200", "2017-03-31": "183.00700", "2016-12-31": "142.34900", "2016-09-30": "177.88600", "2016-06-30": "137.63500", "2016-03-31": "177.25600", "2015-12-31": "137.68500", "2015-09-30": "187.05000", "2015-06-30": "136.65600", "2015-03-31": "188.31000", "2014-12-31": "151.41400", "2014-09-30": "144.50300", "2014-06-30": "224.73200", "2014-03-31": "261.80600", "2013-12-31": "238.65700", "2013-09-30": "272.80900", "2013-06-30": "248.61500", "2013-03-31": "258.78400", "2012-12-31": "232.89800", "2012-09-30": "243.66500", "2012-06-30": "231.45800", "2012-03-31": "270.69200", "2011-12-31": "251.28200", "2011-09-30": "259.53800", "2011-06-30": "245.29000", "2011-03-31": "264.04700", "2010-12-31": "252.32100", "2010-09-30": "115.49700", "2010-06-30": "89.53700", "2010-03-31": "118.57900", "2009-12-31": "103.96900", "2009-09-30": "107.16900", "2009-06-30": "82.85800", "2009-03-31": "119.56300", "2008-12-31": "155.65200", "2008-09-30": "117.33300", "2008-06-30": "95.72300", "2008-03-31": "135.26900", "2007-12-31": "106.36400", "2007-09-30": "148.80100", "2007-06-30": "103.56400", "2007-03-31": "133.62000", "2006-12-31": "124.41400", "2006-09-30": "134.29800", "2006-06-30": "114.91800", "2006-03-31": "116.38200", "2005-12-31": "110.63400", "2005-09-30": "129.77500", "2005-06-30": "203.45500", "2005-03-31": "85.29900"}, "Other Current Assets": {"2020-09-30": "", "2020-06-30": "", "2020-03-31": "", "2019-12-31": "", "2019-09-30": "", "2019-06-30": "", "2019-03-31": "", "2018-12-31": "", "2018-09-30": "", "2018-06-30": "", "2018-03-31": "", "2017-12-31": "", "2017-09-30": "", "2017-06-30": "", "2017-03-31": "", "2016-12-31": "", "2016-09-30": "", "2016-06-30": "", "2016-03-31": "", "2015-12-31": "", "2015-09-30": "", "2015-06-30": "", "2015-03-31": "", "2014-12-31": "", "2014-09-30": "", "2014-06-30": "", "2014-03-31": "", "2013-12-31": "", "2013-09-30": "", "2013-06-30": "", "2013-03-31": "", "2012-12-31": "", "2012-09-30": "", "2012-06-30": "", "2012-03-31": "", "2011-12-31": "", "2011-09-30": "", "2011-06-30": "", "2011-03-31": "", "2010-12-31": "", "2010-09-30": "", "2010-06-30": "", "2010-03-31": "", "2009-12-31": "", "2009-09-30": "", "2009-06-30": "", "2009-03-31": "", "2008-12-31": "538.97500", "2008-09-30": "", "2008-06-30": "", "2008-03-31": "54.43500", "2007-12-31": "", "2007-09-30": "55.07700", "2007-06-30": "55.06800", "2007-03-31": "418.93600", "2006-12-31": "369.34800", "2006-09-30": "", "2006-06-30": "", "2006-03-31": "", "2005-12-31": "", "2005-09-30": "", "2005-06-30": "", "2005-03-31": ""}, "Total Current Assets": {"2020-09-30": "6186.28100", "2020-06-30": "6370.76800", "2020-03-31": "7597.92900", "2019-12-31": "4007.69300", "2019-09-30": "2880.74600", "2019-06-30": "2040.03400", "2019-03-31": "2207.13500", "2018-12-31": "2526.77800", "2018-09-30": "2208.02400", "2018-06-30": "2083.11600", "2018-03-31": "2392.71300", "2017-12-31": "2376.35500", "2017-09-30": "2794.53600", "2017-06-30": "2485.13100", "2017-03-31": "2172.71800", "2016-12-31": "2229.58700", "2016-09-30": "2214.34800", "2016-06-30": "3193.78700", "2016-03-31": "2401.64400", "2015-12-31": "2408.74900", "2015-09-30": "2582.27400", "2015-06-30": "3267.02200", "2015-03-31": "2956.60700", "2014-12-31": "3027.16000", "2014-09-30": "1991.05700", "2014-06-30": "2166.31500", "2014-03-31": "1970.63000", "2013-12-31": "2719.43900", "2013-09-30": "2284.01500", "2013-06-30": "2210.24000", "2013-03-31": "2439.24500", "2012-12-31": "2507.09200", "2012-09-30": "3347.81700", "2012-06-30": "2677.41700", "2012-03-31": "2593.67700", "2011-12-31": "2812.72000", "2011-09-30": "2721.80700", "2011-06-30": "1793.28000", "2011-03-31": "1366.41100", "2010-12-31": "1455.64500", "2010-09-30": "1288.80100", "2010-06-30": "1791.95600", "2010-03-31": "1780.75000", "2009-12-31": "3053.50100", "2009-09-30": "1624.46500", "2009-06-30": "1075.32000", "2009-03-31": "2090.86400", "2008-12-31": "1533.03000", "2008-09-30": "913.21200", "2008-06-30": "941.82100", "2008-03-31": "1088.55500", "2007-12-31": "1125.81500", "2007-09-30": "1134.49900", "2007-06-30": "981.93000", "2007-03-31": "1434.81900", "2006-12-31": "1514.75100", "2006-09-30": "1002.53300", "2006-06-30": "905.86100", "2006-03-31": "911.26900", "2005-12-31": "1018.58300", "2005-09-30": "858.66500", "2005-06-30": "1042.19800", "2005-03-31": "809.62800"}, "Property, Plant, And Equipment": {"2020-09-30": "14792.38000", "2020-06-30": "14977.41000", "2020-03-31": "15172.96000", "2019-12-31": "18285.96000", "2019-09-30": "20603.98000", "2019-06-30": "21054.34000", "2019-03-31": "21196.44000", "2018-12-31": "20729.89000", "2018-09-30": "20733.38000", "2018-06-30": "19863.08000", "2018-03-31": "19711.83000", "2017-12-31": "19635.46000", "2017-09-30": "19134.75000", "2017-06-30": "18896.91000", "2017-03-31": "18619.67000", "2016-12-31": "18425.02000", "2016-09-30": "17948.04000", "2016-06-30": "16102.86000", "2016-03-31": "15692.73000", "2015-12-31": "15371.79000", "2015-09-30": "15014.64000", "2015-06-30": "14791.56000", "2015-03-31": "14561.95000", "2014-12-31": "14441.54000", "2014-09-30": "14253.70000", "2014-06-30": "14113.72000", "2014-03-31": "14034.08000", "2013-12-31": "14055.21000", "2013-09-30": "13969.29000", "2013-06-30": "14042.31000", "2013-03-31": "14117.78000", "2012-12-31": "14194.65000", "2012-09-30": "14765.35000", "2012-06-30": "14783.18000", "2012-03-31": "14786.82000", "2011-12-31": "14866.64000", "2011-09-30": "14868.39000", "2011-06-30": "15017.91000", "2011-03-31": "14426.62000", "2010-12-31": "14554.35000", "2010-09-30": "14697.19000", "2010-06-30": "14814.59000", "2010-03-31": "14955.55000", "2009-12-31": "15069.95000", "2009-09-30": "15751.06000", "2009-06-30": "15924.68000", "2009-03-31": "16067.87000", "2008-12-31": "16289.15000", "2008-09-30": "16889.96000", "2008-06-30": "16924.34000", "2008-03-31": "16845.32000", "2007-12-31": "16870.90000", "2007-09-30": "19302.53000", "2007-06-30": "18755.67000", "2007-03-31": "17630.76000", "2006-12-31": "17241.86000", "2006-09-30": "17227.81000", "2006-06-30": "16801.65000", "2006-03-31": "16584.52000", "2005-12-31": "16541.65000", "2005-09-30": "16396.27000", "2005-06-30": "16538.10000", "2005-03-31": "8909.72100"}, "Long-Term Investments": {"2020-09-30": "1473.95500", "2020-06-30": "1468.49500", "2020-03-31": "1596.17000", "2019-12-31": "822.36600", "2019-09-30": "758.99200", "2019-06-30": "746.73300", "2019-03-31": "730.99600", "2018-12-31": "732.86700", "2018-09-30": "666.21000", "2018-06-30": "882.94000", "2018-03-31": "1050.79500", "2017-12-31": "1033.29700", "2017-09-30": "1007.58400", "2017-06-30": "980.88500", "2017-03-31": "1252.43200", "2016-12-31": "1220.44300", "2016-09-30": "1196.54300", "2016-06-30": "1364.16300", "2016-03-31": "1478.50100", "2015-12-31": "1491.49700", "2015-09-30": "1536.53100", "2015-06-30": "1491.05200", "2015-03-31": "1661.44400", "2014-12-31": "1559.03400", "2014-09-30": "1555.35300", "2014-06-30": "1420.92400", "2014-03-31": "1416.66400", "2013-12-31": "1469.26100", "2013-09-30": "1416.46200", "2013-06-30": "1408.13900", "2013-03-31": "1435.13600", "2012-12-31": "1444.54700", "2012-09-30": "1488.66200", "2012-06-30": "1498.86400", "2012-03-31": "1589.91500", "2011-12-31": "1635.57200", "2011-09-30": "1659.71900", "2011-06-30": "1690.13600", "2011-03-31": "1941.78600", "2010-12-31": "1923.15500", "2010-09-30": "2115.76000", "2010-06-30": "2118.49800", "2010-03-31": "3492.02100", "2009-12-31": "3611.79900", "2009-09-30": "3544.42500", "2009-06-30": "4600.37500", "2009-03-31": "4689.12000", "2008-12-31": "4642.86500", "2008-09-30": "2536.19300", "2008-06-30": "2504.52900", "2008-03-31": "2487.36300", "2007-12-31": "2482.72700", "2007-09-30": "1107.17900", "2007-06-30": "1124.83600", "2007-03-31": "1086.18900", "2006-12-31": "1092.25700", "2006-09-30": "1082.66400", "2006-06-30": "1053.47400", "2006-03-31": "964.80000", "2005-12-31": "931.15400", "2005-09-30": "911.85200", "2005-06-30": "886.30100", "2005-03-31": "856.24100"}, "Goodwill And Intangible Assets": {"2020-09-30": "5789.31800", "2020-06-30": "5838.43100", "2020-03-31": "5887.44500", "2019-12-31": "5911.06800", "2019-09-30": "5942.96700", "2019-06-30": "6003.58800", "2019-03-31": "6048.40200", "2018-12-31": "5765.85500", "2018-09-30": "5813.97200", "2018-06-30": "5577.80400", "2018-03-31": "5619.95500", "2017-12-31": "5684.49100", "2017-09-30": "5731.57500", "2017-06-30": "5779.81800", "2017-03-31": "5847.78400", "2016-12-31": "5904.82500", "2016-09-30": "5952.68400", "2016-06-30": "5501.59600", "2016-03-31": "5546.45100", "2015-12-31": "5595.54800", "2015-09-30": "7111.65600", "2015-06-30": "7154.79200", "2015-03-31": "7207.33300", "2014-12-31": "7261.96600", "2014-09-30": "7225.23500", "2014-06-30": "7295.29700", "2014-03-31": "7348.03800", "2013-12-31": "7409.30300", "2013-09-30": "7449.17300", "2013-06-30": "7509.63100", "2013-03-31": "7564.74600", "2012-12-31": "7640.68000", "2012-09-30": "7714.45600", "2012-06-30": "7789.54800", "2012-03-31": "7862.63600", "2011-12-31": "7944.72600", "2011-09-30": "8026.04000", "2011-06-30": "8116.62100", "2011-03-31": "428.97900", "2010-12-31": "419.96000", "2010-09-30": "429.34800", "2010-06-30": "429.54500", "2010-03-31": "429.88600", "2009-12-31": "430.60600", "2009-09-30": "431.32900", "2009-06-30": "432.05200", "2009-03-31": "432.79400", "2008-12-31": "433.56200", "2008-09-30": "1622.63300", "2008-06-30": "1623.42400", "2008-03-31": "1621.90900", "2007-12-31": "1625.02000", "2007-09-30": "1630.14400", "2007-06-30": "1631.40200", "2007-03-31": "1634.15500", "2006-12-31": "1667.94700", "2006-09-30": "1682.23300", "2006-06-30": "1684.81200", "2006-03-31": "1688.77400", "2005-12-31": "1692.04000", "2005-09-30": "1695.07800", "2005-06-30": "1664.86700", "2005-03-31": "232.90200"}, "Other Long-Term Assets": {"2020-09-30": "432.31300", "2020-06-30": "436.57520", "2020-03-31": "438.74900", "2019-12-31": "456.79300", "2019-09-30": "331.19800", "2019-06-30": "304.20600", "2019-03-31": "322.03800", "2018-12-31": "455.31800", "2018-09-30": "551.92800", "2018-06-30": "570.22200", "2018-03-31": "522.97800", "2017-12-31": "430.44000", "2017-09-30": "433.44700", "2017-06-30": "400.18500", "2017-03-31": "410.49200", "2016-12-31": "393.42300", "2016-09-30": "393.66600", "2016-06-30": "386.65300", "2016-03-31": "377.96300", "2015-12-31": "347.58900", "2015-09-30": "435.16300", "2015-06-30": "445.16300", "2015-03-31": "411.11200", "2014-12-31": "304.21200", "2014-09-30": "423.13800", "2014-06-30": "576.04500", "2014-03-31": "581.30200", "2013-12-31": "431.39500", "2013-09-30": "539.89200", "2013-06-30": "551.81800", "2013-03-31": "500.96900", "2012-12-31": "497.76700", "2012-09-30": "515.07700", "2012-06-30": "514.00200", "2012-03-31": "557.98000", "2011-12-31": "506.61400", "2011-09-30": "577.06300", "2011-06-30": "598.24800", "2011-03-31": "596.55100", "2010-12-31": "598.73800", "2010-09-30": "605.27100", "2010-06-30": "832.95400", "2010-03-31": "351.70000", "2009-12-31": "352.35200", "2009-09-30": "375.24600", "2009-06-30": "377.49900", "2009-03-31": "560.99700", "2008-12-31": "376.10500", "2008-09-30": "1428.73500", "2008-06-30": "1136.99500", "2008-03-31": "852.73200", "2007-12-31": "623.22600", "2007-09-30": "654.53800", "2007-06-30": "659.33600", "2007-03-31": "527.33000", "2006-12-31": "440.99000", "2006-09-30": "521.24400", "2006-06-30": "509.97900", "2006-03-31": "589.57300", "2005-12-31": "515.99200", "2005-09-30": "488.09900", "2005-06-30": "375.14500", "2005-03-31": "322.80600"}, "Total Long-Term Assets": {"2020-09-30": "30818.50000", "2020-06-30": "31100.52000", "2020-03-31": "31520.98000", "2019-12-31": "29868.66000", "2019-09-30": "28288.13000", "2019-06-30": "28773.68000", "2019-03-31": "28939.79000", "2018-12-31": "27683.93000", "2018-09-30": "27765.49000", "2018-06-30": "26894.04000", "2018-03-31": "26905.56000", "2017-12-31": "26783.69000", "2017-09-30": "26307.35000", "2017-06-30": "26057.80000", "2017-03-31": "26130.38000", "2016-12-31": "25943.72000", "2016-09-30": "25490.94000", "2016-06-30": "23355.27000", "2016-03-31": "23095.65000", "2015-12-31": "22806.43000", "2015-09-30": "24097.99000", "2015-06-30": "23882.56000", "2015-03-31": "23841.84000", "2014-12-31": "23566.76000", "2014-09-30": "23457.43000", "2014-06-30": "23405.99000", "2014-03-31": "23380.08000", "2013-12-31": "23365.17000", "2013-09-30": "23374.82000", "2013-06-30": "23511.90000", "2013-03-31": "23618.63000", "2012-12-31": "23777.65000", "2012-09-30": "24483.54000", "2012-06-30": "24585.59000", "2012-03-31": "24797.35000", "2011-12-31": "24953.55000", "2011-09-30": "25131.21000", "2011-06-30": "25422.91000", "2011-03-31": "17393.94000", "2010-12-31": "17496.20000", "2010-09-30": "17847.57000", "2010-06-30": "18195.59000", "2010-03-31": "19229.15000", "2009-12-31": "19464.71000", "2009-09-30": "20102.05000", "2009-06-30": "21334.61000", "2009-03-31": "21750.79000", "2008-12-31": "21741.69000", "2008-09-30": "22477.52000", "2008-06-30": "22189.29000", "2008-03-31": "21807.32000", "2007-12-31": "21601.87000", "2007-09-30": "23172.71000", "2007-06-30": "22516.24000", "2007-03-31": "21122.95000", "2006-12-31": "20631.49000", "2006-09-30": "20642.07000", "2006-06-30": "20165.80000", "2006-03-31": "19932.84000", "2005-12-31": "19680.84000", "2005-09-30": "19491.30000", "2005-06-30": "19464.42000", "2005-03-31": "10321.67000"}, "Total Assets": {"2020-09-30": "37004.77000", "2020-06-30": "37471.29000", "2020-03-31": "39118.91000", "2019-12-31": "33876.36000", "2019-09-30": "31168.87000", "2019-06-30": "30813.71000", "2019-03-31": "31146.92000", "2018-12-31": "30210.71000", "2018-09-30": "29973.52000", "2018-06-30": "28977.16000", "2018-03-31": "29298.27000", "2017-12-31": "29160.04000", "2017-09-30": "29101.89000", "2017-06-30": "28542.93000", "2017-03-31": "28303.09000", "2016-12-31": "28173.30000", "2016-09-30": "27705.29000", "2016-06-30": "26549.05000", "2016-03-31": "25497.29000", "2015-12-31": "25215.18000", "2015-09-30": "26680.27000", "2015-06-30": "27149.59000", "2015-03-31": "26798.45000", "2014-12-31": "26593.91000", "2014-09-30": "25448.49000", "2014-06-30": "25572.30000", "2014-03-31": "25350.71000", "2013-12-31": "26084.61000", "2013-09-30": "25658.84000", "2013-06-30": "25722.14000", "2013-03-31": "26057.87000", "2012-12-31": "26284.74000", "2012-09-30": "27831.36000", "2012-06-30": "27263.01000", "2012-03-31": "27391.03000", "2011-12-31": "27766.28000", "2011-09-30": "27853.02000", "2011-06-30": "27216.19000", "2011-03-31": "18760.35000", "2010-12-31": "18951.85000", "2010-09-30": "19136.37000", "2010-06-30": "19987.55000", "2010-03-31": "21009.90000", "2009-12-31": "22518.21000", "2009-09-30": "21726.52000", "2009-06-30": "22409.93000", "2009-03-31": "23841.65000", "2008-12-31": "23274.72000", "2008-09-30": "23390.73000", "2008-06-30": "23131.11000", "2008-03-31": "22895.88000", "2007-12-31": "22727.69000", "2007-09-30": "24307.21000", "2007-06-30": "23498.17000", "2007-03-31": "22557.77000", "2006-12-31": "22146.24000", "2006-09-30": "21644.60000", "2006-06-30": "21071.66000", "2006-03-31": "20844.11000", "2005-12-31": "20699.42000", "2005-09-30": "20349.96000", "2005-06-30": "20506.62000", "2005-03-31": "11131.30000"}, "Total Current Liabilities": {"2020-09-30": "2766.78400", "2020-06-30": "2575.12800", "2020-03-31": "2626.24700", "2019-12-31": "3191.42300", "2019-09-30": "3293.24400", "2019-06-30": "2786.53900", "2019-03-31": "2812.67800", "2018-12-31": "2948.88200", "2018-09-30": "2977.59000", "2018-06-30": "3064.79300", "2018-03-31": "3586.88800", "2017-12-31": "3138.29700", "2017-09-30": "2735.76000", "2017-06-30": "2679.56800", "2017-03-31": "2124.76400", "2016-12-31": "2293.42100", "2016-09-30": "2130.63500", "2016-06-30": "1917.77900", "2016-03-31": "2088.31100", "2015-12-31": "2237.95100", "2015-09-30": "1952.85500", "2015-06-30": "2790.79500", "2015-03-31": "1895.76100", "2014-12-31": "3407.92500", "2014-09-30": "3369.31400", "2014-06-30": "2560.31600", "2014-03-31": "2159.56400", "2013-12-31": "2215.32800", "2013-09-30": "2161.47000", "2013-06-30": "2098.14600", "2013-03-31": "1870.98800", "2012-12-31": "1925.67100", "2012-09-30": "2025.85400", "2012-06-30": "1929.38400", "2012-03-31": "1892.38700", "2011-12-31": "1744.76400", "2011-09-30": "2015.34700", "2011-06-30": "1585.02500", "2011-03-31": "1172.44000", "2010-12-31": "1246.22100", "2010-09-30": "1318.95700", "2010-06-30": "1194.98700", "2010-03-31": "1165.83000", "2009-12-31": "2383.60100", "2009-09-30": "1157.12900", "2009-06-30": "1231.96100", "2009-03-31": "16015.13000", "2008-12-31": "3002.57600", "2008-09-30": "1172.50500", "2008-06-30": "1287.26100", "2008-03-31": "1267.92300", "2007-12-31": "1724.68700", "2007-09-30": "1705.74500", "2007-06-30": "1825.81200", "2007-03-31": "1634.95200", "2006-12-31": "1648.10000", "2006-09-30": "1554.15600", "2006-06-30": "1456.51800", "2006-03-31": "1394.44700", "2005-12-31": "1534.56800", "2005-09-30": "1268.49500", "2005-06-30": "1513.26600", "2005-03-31": "808.28600"}, "Long Term Debt": {"2020-09-30": "11414.73000", "2020-06-30": "11339.56000", "2020-03-31": "11743.35000", "2019-12-31": "11168.90000", "2019-09-30": "14943.87000", "2019-06-30": "14661.70000", "2019-03-31": "14730.83000", "2018-12-31": "15088.00000", "2018-09-30": "14663.97000", "2018-06-30": "13513.34000", "2018-03-31": "12742.86000", "2017-12-31": "12751.05000", "2017-09-30": "13026.93000", "2017-06-30": "12725.27000", "2017-03-31": "13099.19000", "2016-12-31": "12979.22000", "2016-09-30": "12786.42000", "2016-06-30": "12364.92000", "2016-03-31": "12686.38000", "2015-12-31": "12368.31000", "2015-09-30": "12821.04000", "2015-06-30": "12495.21000", "2015-03-31": "14551.81000", "2014-12-31": "12805.29000", "2014-09-30": "11723.66000", "2014-06-30": "12606.52000", "2014-03-31": "12930.73000", "2013-12-31": "13447.23000", "2013-09-30": "13034.52000", "2013-06-30": "13111.96000", "2013-03-31": "13690.70000", "2012-12-31": "13589.28000", "2012-09-30": "13825.45000", "2012-06-30": "13225.32000", "2012-03-31": "13359.95000", "2011-12-31": "13470.17000", "2011-09-30": "13099.07000", "2011-06-30": "12630.29000", "2011-03-31": "12081.11000", "2010-12-31": "12047.70000", "2010-09-30": "12623.85000", "2010-06-30": "13046.64000", "2010-03-31": "12694.67000", "2009-12-31": "12976.04000", "2009-09-30": "12910.32000", "2009-06-30": "12364.84000", "2009-03-31": "3.99000", "2008-12-31": "12416.55000", "2008-09-30": "13288.31000", "2008-06-30": "13010.81000", "2008-03-31": "12777.21000", "2007-12-31": "11175.23000", "2007-09-30": "14131.38000", "2007-06-30": "13560.79000", "2007-03-31": "13240.32000", "2006-12-31": "12994.87000", "2006-09-30": "12955.82000", "2006-06-30": "12604.14000", "2006-03-31": "12504.75000", "2005-12-31": "12355.43000", "2005-09-30": "12271.36000", "2005-06-30": "12268.88000", "2005-03-31": "5334.65000"}, "Other Non-Current Liabilities": {"2020-09-30": "518.05700", "2020-06-30": "529.54200", "2020-03-31": "564.60800", "2019-12-31": "363.58800", "2019-09-30": "250.36800", "2019-06-30": "228.45100", "2019-03-31": "208.32900", "2018-12-31": "259.24000", "2018-09-30": "251.39900", "2018-06-30": "245.72000", "2018-03-31": "282.87900", "2017-12-31": "284.41600", "2017-09-30": "286.26200", "2017-06-30": "289.63000", "2017-03-31": "340.90600", "2016-12-31": "325.98100", "2016-09-30": "320.70700", "2016-06-30": "141.90600", "2016-03-31": "163.39200", "2015-12-31": "157.66300", "2015-09-30": "165.35800", "2015-06-30": "156.11700", "2015-03-31": "150.69100", "2014-12-31": "130.57000", "2014-09-30": "117.71000", "2014-06-30": "106.94100", "2014-03-31": "132.24900", "2013-12-31": "141.59000", "2013-09-30": "157.61300", "2013-06-30": "149.86400", "2013-03-31": "140.75000", "2012-12-31": "179.87900", "2012-09-30": "186.72500", "2012-06-30": "182.25800", "2012-03-31": "176.02800", "2011-12-31": "167.02700", "2011-09-30": "193.57800", "2011-06-30": "219.48400", "2011-03-31": "215.76400", "2010-12-31": "199.24800", "2010-09-30": "252.20900", "2010-06-30": "243.29300", "2010-03-31": "253.24500", "2009-12-31": "256.83700", "2009-09-30": "221.70700", "2009-06-30": "186.74100", "2009-03-31": "391.60600", "2008-12-31": "440.02900", "2008-09-30": "365.26700", "2008-06-30": "371.51800", "2008-03-31": "348.90300", "2007-12-31": "350.40700", "2007-09-30": "514.56700", "2007-06-30": "421.40300", "2007-03-31": "372.64800", "2006-12-31": "212.56300", "2006-09-30": "215.61700", "2006-06-30": "200.23600", "2006-03-31": "213.11000", "2005-12-31": "195.97600", "2005-09-30": "188.19400", "2005-06-30": "183.30600", "2005-03-31": "163.26900"}, "Total Long Term Liabilities": {"2020-09-30": "22535.33000", "2020-06-30": "22547.38000", "2020-03-31": "23160.65000", "2019-12-31": "18022.01000", "2019-09-30": "17355.01000", "2019-06-30": "17072.46000", "2019-03-31": "17116.38000", "2018-12-31": "16792.03000", "2018-09-30": "16249.75000", "2018-06-30": "15072.43000", "2018-03-31": "14311.01000", "2017-12-31": "14410.62000", "2017-09-30": "16041.39000", "2017-06-30": "15632.37000", "2017-03-31": "16037.61000", "2016-12-31": "15910.57000", "2016-09-30": "15657.19000", "2016-06-30": "15104.39000", "2016-03-31": "15543.97000", "2015-12-31": "15212.80000", "2015-09-30": "15487.69000", "2015-06-30": "15181.96000", "2015-03-31": "17249.65000", "2014-12-31": "15557.72000", "2014-09-30": "14180.54000", "2014-06-30": "15070.46000", "2014-03-31": "15368.30000", "2013-12-31": "16008.79000", "2013-09-30": "15670.19000", "2013-06-30": "15766.83000", "2013-03-31": "16307.83000", "2012-12-31": "16243.05000", "2012-09-30": "16540.00000", "2012-06-30": "15921.42000", "2012-03-31": "16007.41000", "2011-12-31": "16139.29000", "2011-09-30": "15896.07000", "2011-06-30": "15585.89000", "2011-03-31": "14668.75000", "2010-12-31": "14773.46000", "2010-09-30": "15277.04000", "2010-06-30": "15943.40000", "2010-03-31": "16063.33000", "2009-12-31": "16264.18000", "2009-09-30": "16274.25000", "2009-06-30": "16133.03000", "2009-03-31": "3736.35500", "2008-12-31": "16297.78000", "2008-09-30": "17073.76000", "2008-06-30": "16757.54000", "2008-03-31": "16532.24000", "2007-12-31": "14942.30000", "2007-09-30": "18019.71000", "2007-06-30": "17341.26000", "2007-03-31": "16991.22000", "2006-12-31": "16648.59000", "2006-09-30": "16549.03000", "2006-06-30": "16149.75000", "2006-03-31": "16063.89000", "2005-12-31": "15929.78000", "2005-09-30": "15836.29000", "2005-06-30": "15817.33000", "2005-03-31": "7300.21600"}, "Total Liabilities": {"2020-09-30": "25302.11000", "2020-06-30": "25122.51000", "2020-03-31": "25786.90000", "2019-12-31": "21213.44000", "2019-09-30": "20648.26000", "2019-06-30": "19858.99000", "2019-03-31": "19929.06000", "2018-12-31": "19740.91000", "2018-09-30": "19227.34000", "2018-06-30": "18137.22000", "2018-03-31": "17897.90000", "2017-12-31": "17548.92000", "2017-09-30": "18777.15000", "2017-06-30": "18311.93000", "2017-03-31": "18162.37000", "2016-12-31": "18203.99000", "2016-09-30": "17787.83000", "2016-06-30": "17022.17000", "2016-03-31": "17632.28000", "2015-12-31": "17450.75000", "2015-09-30": "17440.54000", "2015-06-30": "17972.76000", "2015-03-31": "19145.41000", "2014-12-31": "18965.64000", "2014-09-30": "17549.85000", "2014-06-30": "17630.78000", "2014-03-31": "17527.86000", "2013-12-31": "18224.12000", "2013-09-30": "17831.67000", "2013-06-30": "17864.97000", "2013-03-31": "18178.82000", "2012-12-31": "18168.72000", "2012-09-30": "18565.86000", "2012-06-30": "17850.80000", "2012-03-31": "17899.79000", "2011-12-31": "17884.05000", "2011-09-30": "17911.42000", "2011-06-30": "17170.92000", "2011-03-31": "15841.19000", "2010-12-31": "16019.69000", "2010-09-30": "16596.00000", "2010-06-30": "17138.39000", "2010-03-31": "17229.16000", "2009-12-31": "18647.78000", "2009-09-30": "17431.38000", "2009-06-30": "17364.99000", "2009-03-31": "19751.48000", "2008-12-31": "19300.36000", "2008-09-30": "18246.27000", "2008-06-30": "18044.79000", "2008-03-31": "17800.16000", "2007-12-31": "16666.98000", "2007-09-30": "19725.46000", "2007-06-30": "19167.08000", "2007-03-31": "18626.17000", "2006-12-31": "18296.69000", "2006-09-30": "18103.19000", "2006-06-30": "17606.27000", "2006-03-31": "17458.34000", "2005-12-31": "17464.35000", "2005-09-30": "17104.79000", "2005-06-30": "17330.60000", "2005-03-31": "8108.50200"}, "Common Stock Net": {"2020-09-30": "4.93300", "2020-06-30": "4.93300", "2020-03-31": "4.93200", "2019-12-31": "5.03100", "2019-09-30": "5.13900", "2019-06-30": "5.26300", "2019-03-31": "5.37200", "2018-12-31": "5.27500", "2018-09-30": "5.31900", "2018-06-30": "5.37900", "2018-03-31": "5.56800", "2017-12-31": "5.66300", "2017-09-30": "5.65500", "2017-06-30": "5.75000", "2017-03-31": "5.74500", "2016-12-31": "5.74100", "2016-09-30": "5.72800", "2016-06-30": "5.65600", "2016-03-31": "5.65100", "2015-12-31": "5.64800", "2015-09-30": "5.63200", "2015-06-30": "5.63100", "2015-03-31": "4.91300", "2014-12-31": "4.91300", "2014-09-30": "4.90900", "2014-06-30": "4.90700", "2014-03-31": "4.90600", "2013-12-31": "4.90400", "2013-09-30": "4.89800", "2013-06-30": "4.89600", "2013-03-31": "4.89400", "2012-12-31": "4.89200", "2012-09-30": "4.89000", "2012-06-30": "4.88900", "2012-03-31": "4.88900", "2011-12-31": "4.88800", "2011-09-30": "4.88600", "2011-06-30": "4.88600", "2011-03-31": "4.88600", "2010-12-31": "4.88500", "2010-09-30": "4.41300", "2010-06-30": "4.41300", "2010-03-31": "4.41300", "2009-12-31": "4.41200", "2009-09-30": "4.41200", "2009-06-30": "4.41000", "2009-03-31": "3.69300", "2008-12-31": "3.69300", "2008-09-30": "3.69300", "2008-06-30": "3.69100", "2008-03-31": "3.68900", "2007-12-31": "3.68400", "2007-09-30": "3.67100", "2007-06-30": "3.65700", "2007-03-31": "3.65000", "2006-12-31": "3.62900", "2006-09-30": "3.59600", "2006-06-30": "3.59200", "2006-03-31": "3.58200", "2005-12-31": "3.57300", "2005-09-30": "3.56300", "2005-06-30": "3.53900", "2005-03-31": "1.76600"}, "Retained Earnings (Accumulated Deficit)": {"2020-09-30": "3539.84800", "2020-06-30": "4075.81200", "2020-03-31": "4934.30200", "2019-12-31": "4201.33700", "2019-09-30": "2255.88500", "2019-06-30": "2359.96600", "2019-03-31": "2384.97700", "2018-12-31": "2423.47900", "2018-09-30": "2510.10300", "2018-06-30": "2431.18600", "2018-03-31": "2372.74400", "2017-12-31": "2217.29900", "2017-09-30": "922.65700", "2017-06-30": "836.84000", "2017-03-31": "689.47600", "2016-12-31": "545.81100", "2016-09-30": "521.14200", "2016-06-30": "-14.47700", "2016-03-31": "-488.83000", "2015-12-31": "-555.62900", "2015-09-30": "225.82500", "2015-06-30": "159.40000", "2015-03-31": "61.94100", "2014-12-31": "-107.90900", "2014-09-30": "234.35400", "2014-06-30": "270.79600", "2014-03-31": "165.25200", "2013-12-31": "41.96400", "2013-09-30": "95.42700", "2013-06-30": "127.28600", "2013-03-31": "220.24400", "2012-12-31": "213.69800", "2012-09-30": "1437.52500", "2012-06-30": "1618.68400", "2012-03-31": "1764.13600", "2011-12-31": "1981.38900", "2011-09-30": "2161.46300", "2011-06-30": "2285.24900", "2011-03-31": "-1156.73600", "2010-12-31": "-1133.24800", "2010-09-30": "-927.67600", "2010-06-30": "-609.68500", "2010-03-31": "273.79100", "2009-12-31": "370.53200", "2009-09-30": "804.45000", "2009-06-30": "1554.83800", "2009-03-31": "3470.32100", "2008-12-31": "3365.12200", "2008-09-30": "4513.13300", "2008-06-30": "4451.85500", "2008-03-31": "4338.75400", "2007-12-31": "4220.40800", "2007-09-30": "3348.19700", "2007-06-30": "3164.33400", "2007-03-31": "2804.16200", "2006-12-31": "2635.98900", "2006-09-30": "2434.41800", "2006-06-30": "2278.15600", "2006-03-31": "2131.76200", "2005-12-31": "1987.72500", "2005-09-30": "1889.92600", "2005-06-30": "1796.71600", "2005-03-31": "1657.31400"}, "Comprehensive Income": {"2020-09-30": "-39.37000", "2020-06-30": "-39.03000", "2020-03-31": "-39.77400", "2019-12-31": "-10.20200", "2019-09-30": "-46.84100", "2019-06-30": "-26.33000", "2019-03-31": "-24.60800", "2018-12-31": "-8.55600", "2018-09-30": "6.23400", "2018-06-30": "-3.23700", "2018-03-31": "-7.48000", "2017-12-31": "-3.61000", "2017-09-30": "-9.84000", "2017-06-30": "-9.14800", "2017-03-31": "7.21700", "2016-12-31": "15.05300", "2016-09-30": "12.80100", "2016-06-30": "10.80900", "2016-03-31": "11.62200", "2015-12-31": "14.02200", "2015-09-30": "14.44700", "2015-06-30": "13.89100", "2015-03-31": "13.58000", "2014-12-31": "12.99100", "2014-09-30": "8.38800", "2014-06-30": "15.23500", "2014-03-31": "12.23600", "2013-12-31": "12.50300", "2013-09-30": "11.61900", "2013-06-30": "11.30800", "2013-03-31": "7.98200", "2012-12-31": "14.30300", "2012-09-30": "12.53300", "2012-06-30": "11.04600", "2012-03-31": "6.83700", "2011-12-31": "5.97800", "2011-09-30": "-3.27600", "2011-06-30": "-1.52000", "2011-03-31": "2.26100", "2010-12-31": "-0.30100", "2010-09-30": "-1.61900", "2010-06-30": "-2.77000", "2010-03-31": "-2.00700", "2009-12-31": "-1.93700", "2009-09-30": "-1.60200", "2009-06-30": "-1.64700", "2009-03-31": "-55.14500", "2008-12-31": "-56.90100", "2008-09-30": "-26.51700", "2008-06-30": "-9.74900", "2008-03-31": "-2.66600", "2007-12-31": "0.55600", "2007-09-30": "1.11500", "2007-06-30": "0.91800", "2007-03-31": "0.43300", "2006-12-31": "0.41500", "2006-09-30": "-0.02700", "2006-06-30": "-0.31300", "2006-03-31": "-0.70100", "2005-12-31": "-0.80100", "2005-09-30": "-1.20700", "2005-06-30": "-1.31400", "2005-03-31": "-0.87600"}, "Other Share Holders Equity": {"2020-09-30": "", "2020-06-30": "", "2020-03-31": "", "2019-12-31": "", "2019-09-30": "", "2019-06-30": "", "2019-03-31": "", "2018-12-31": "", "2018-09-30": "", "2018-06-30": "", "2018-03-31": "", "2017-12-31": "", "2017-09-30": "", "2017-06-30": "", "2017-03-31": "", "2016-12-31": "", "2016-09-30": "", "2016-06-30": "", "2016-03-31": "", "2015-12-31": "", "2015-09-30": "", "2015-06-30": "", "2015-03-31": "", "2014-12-31": "", "2014-09-30": "", "2014-06-30": "", "2014-03-31": "", "2013-12-31": "", "2013-09-30": "", "2013-06-30": "", "2013-03-31": "", "2012-12-31": "", "2012-09-30": "", "2012-06-30": "", "2012-03-31": "", "2011-12-31": "", "2011-09-30": "", "2011-06-30": "", "2011-03-31": "", "2010-12-31": "", "2010-09-30": "", "2010-06-30": "", "2010-03-31": "", "2009-12-31": "", "2009-09-30": "", "2009-06-30": "", "2009-03-31": "", "2008-12-31": "", "2008-09-30": "", "2008-06-30": "", "2008-03-31": "", "2007-12-31": "", "2007-09-30": "", "2007-06-30": "", "2007-03-31": "", "2006-12-31": "", "2006-09-30": "", "2006-06-30": "", "2006-03-31": "", "2005-12-31": "", "2005-09-30": "", "2005-06-30": "", "2005-03-31": ""}, "Share Holder Equity": {"2020-09-30": "11702.66000", "2020-06-30": "12348.78000", "2020-03-31": "13332.00000", "2019-12-31": "12662.92000", "2019-09-30": "10520.62000", "2019-06-30": "10954.72000", "2019-03-31": "11217.87000", "2018-12-31": "10469.79000", "2018-09-30": "10746.18000", "2018-06-30": "10839.94000", "2018-03-31": "11400.37000", "2017-12-31": "11611.12000", "2017-09-30": "10324.74000", "2017-06-30": "10231.00000", "2017-03-31": "10140.72000", "2016-12-31": "9969.31200", "2016-09-30": "9917.45900", "2016-06-30": "9526.88300", "2016-03-31": "7865.01000", "2015-12-31": "7764.42700", "2015-09-30": "9239.72200", "2015-06-30": "9176.83000", "2015-03-31": "7653.03500", "2014-12-31": "7628.27400", "2014-09-30": "7898.63600", "2014-06-30": "7941.52800", "2014-03-31": "7822.84600", "2013-12-31": "7860.49500", "2013-09-30": "7827.17100", "2013-06-30": "7857.16600", "2013-03-31": "7879.05300", "2012-12-31": "8116.01600", "2012-09-30": "9265.50300", "2012-06-30": "9412.20700", "2012-03-31": "9491.23500", "2011-12-31": "9882.22200", "2011-09-30": "9941.60600", "2011-06-30": "10045.27000", "2011-03-31": "2919.16200", "2010-12-31": "2932.16200", "2010-09-30": "2540.37100", "2010-06-30": "2849.15800", "2010-03-31": "3780.73800", "2009-12-31": "3870.43200", "2009-09-30": "4295.14300", "2009-06-30": "5044.93000", "2009-03-31": "4090.16600", "2008-12-31": "3974.36100", "2008-09-30": "5144.46000", "2008-06-30": "5086.31500", "2008-03-31": "5095.71800", "2007-12-31": "6060.70300", "2007-09-30": "4581.75200", "2007-06-30": "4331.09400", "2007-03-31": "3931.59800", "2006-12-31": "3849.54900", "2006-09-30": "3541.41100", "2006-06-30": "3465.39300", "2006-03-31": "3385.77400", "2005-12-31": "3235.07200", "2005-09-30": "3245.17700", "2005-06-30": "3176.01400", "2005-03-31": "3022.79600"}, "Total Liabilities And Share Holders Equity": {"2020-09-30": "37004.77000", "2020-06-30": "37471.29000", "2020-03-31": "39118.91000", "2019-12-31": "33876.36000", "2019-09-30": "31168.87000", "2019-06-30": "30813.71000", "2019-03-31": "31146.92000", "2018-12-31": "30210.71000", "2018-09-30": "29973.52000", "2018-06-30": "28977.16000", "2018-03-31": "29298.27000", "2017-12-31": "29160.04000", "2017-09-30": "29101.89000", "2017-06-30": "28542.93000", "2017-03-31": "28303.09000", "2016-12-31": "28173.30000", "2016-09-30": "27705.29000", "2016-06-30": "26549.05000", "2016-03-31": "25497.29000", "2015-12-31": "25215.18000", "2015-09-30": "26680.27000", "2015-06-30": "27149.59000", "2015-03-31": "26798.45000", "2014-12-31": "26593.91000", "2014-09-30": "25448.49000", "2014-06-30": "25572.30000", "2014-03-31": "25350.71000", "2013-12-31": "26084.61000", "2013-09-30": "25658.84000", "2013-06-30": "25722.14000", "2013-03-31": "26057.87000", "2012-12-31": "26284.74000", "2012-09-30": "27831.36000", "2012-06-30": "27263.01000", "2012-03-31": "27391.03000", "2011-12-31": "27766.28000", "2011-09-30": "27853.02000", "2011-06-30": "27216.19000", "2011-03-31": "18760.35000", "2010-12-31": "18951.85000", "2010-09-30": "19136.37000", "2010-06-30": "19987.55000", "2010-03-31": "21009.90000", "2009-12-31": "22518.21000", "2009-09-30": "21726.52000", "2009-06-30": "22409.93000", "2009-03-31": "23841.65000", "2008-12-31": "23274.72000", "2008-09-30": "23390.73000", "2008-06-30": "23131.11000", "2008-03-31": "22895.88000", "2007-12-31": "22727.69000", "2007-09-30": "24307.21000", "2007-06-30": "23498.17000", "2007-03-31": "22557.77000", "2006-12-31": "22146.24000", "2006-09-30": "21644.60000", "2006-06-30": "21071.66000", "2006-03-31": "20844.11000", "2005-12-31": "20699.42000", "2005-09-30": "20349.96000", "2005-06-30": "20506.62000", "2005-03-31": "11131.30000"}}, "cash flow statement": {"Net Income/Loss": {"2019-12-31": "2214.38000", "2018-12-31": "583.89400", "2017-12-31": "2088.18400", "2016-12-31": "1235.84600", "2015-12-31": "-1039.64900", "2014-12-31": "127.17800", "2013-12-31": "41.37400", "2012-12-31": "-1616.91200", "2011-12-31": "3234.94400", "2010-12-31": "-1437.39700", "2009-12-31": "-1291.68200", "2008-12-31": "-855.28600", "2007-12-31": "1584.41900", "2006-12-31": "648.26400", "2005-12-31": "443.25600"}, "Total Depreciation And Amortization - Cash Flow": {"2019-12-31": "1343.62100", "2018-12-31": "1219.14600", "2017-12-31": "1026.47600", "2016-12-31": "890.02000", "2015-12-31": "2334.15400", "2014-12-31": "853.41500", "2013-12-31": "884.50600", "2012-12-31": "1001.08600", "2011-12-31": "910.94600", "2010-12-31": "721.40600", "2009-12-31": "740.12500", "2008-12-31": "788.85600", "2007-12-31": "704.63200", "2006-12-31": "650.82300", "2005-12-31": "593.89300"}, "Other Non-Cash Items": {"2019-12-31": "-1466.03100", "2018-12-31": "84.44600", "2017-12-31": "-1178.75500", "2016-12-31": "-816.01500", "2015-12-31": "-16.79000", "2014-12-31": "497.24000", "2013-12-31": "381.62100", "2012-12-31": "1409.10100", "2011-12-31": "-3545.04100", "2010-12-31": "1033.45100", "2009-12-31": "1595.23700", "2008-12-31": "1341.03400", "2007-12-31": "-1388.28800", "2006-12-31": "123.38700", "2005-12-31": "182.43200"}, "Total Non-Cash Items": {"2019-12-31": "-122.40990", "2018-12-31": "1303.59200", "2017-12-31": "-152.27900", "2016-12-31": "74.00500", "2015-12-31": "2317.36400", "2014-12-31": "1350.65500", "2013-12-31": "1266.12700", "2012-12-31": "2410.18700", "2011-12-31": "-2634.09500", "2010-12-31": "1754.85700", "2009-12-31": "2335.36200", "2008-12-31": "2129.89000", "2007-12-31": "-683.65610", "2006-12-31": "774.21000", "2005-12-31": "776.32500"}, "Change In Accounts Receivable": {"2019-12-31": "-726.61000", "2018-12-31": "-149.55400", "2017-12-31": "-17.97200", "2016-12-31": "-31.86600", "2015-12-31": "-62.72000", "2014-12-31": "-32.43500", "2013-12-31": "-59.84200", "2012-12-31": "1.26000", "2011-12-31": "-155.04300", "2010-12-31": "-17.37600", "2009-12-31": "-121.08800", "2008-12-31": "20.50000", "2007-12-31": "-88.62800", "2006-12-31": "-112.04800", "2005-12-31": "-114.43400"}, "Change In Inventories": {"2019-12-31": "6.52200", "2018-12-31": "-7.86000", "2017-12-31": "-4.65600", "2016-12-31": "10.80600", "2015-12-31": "-2.64900", "2014-12-31": "3.16700", "2013-12-31": "-0.33600", "2012-12-31": "5.18300", "2011-12-31": "-8.03900", "2010-12-31": "5.41800", "2009-12-31": "6.57100", "2008-12-31": "12.36600", "2007-12-31": "-8.51100", "2006-12-31": "-10.43100", "2005-12-31": "-7.01700"}, "Change In Accounts Payable": {"2019-12-31": "", "2018-12-31": "", "2017-12-31": "", "2016-12-31": "", "2015-12-31": "", "2014-12-31": "", "2013-12-31": "", "2012-12-31": "", "2011-12-31": "", "2010-12-31": "", "2009-12-31": "", "2008-12-31": "", "2007-12-31": "", "2006-12-31": "", "2005-12-31": ""}, "Change In Assets/Liabilities": {"2019-12-31": "-28.34200", "2018-12-31": "-43.16100", "2017-12-31": "-75.92000", "2016-12-31": "-41.94800", "2015-12-31": "-62.25200", "2014-12-31": "0.54500", "2013-12-31": "-66.96600", "2012-12-31": "-47.65900", "2011-12-31": "20.78600", "2010-12-31": "-10.68200", "2009-12-31": "-43.88500", "2008-12-31": "-19.70200", "2007-12-31": "-157.80500", "2006-12-31": "-49.67300", "2005-12-31": "-6.11900"}, "Total Change In Assets/Liabilities": {"2019-12-31": "-281.56900", "2018-12-31": "-164.94700", "2017-12-31": "270.50600", "2016-12-31": "224.12100", "2015-12-31": "-272.63600", "2014-12-31": "-347.16300", "2013-12-31": "2.94700", "2012-12-31": "116.07600", "2011-12-31": "74.27700", "2010-12-31": "186.55400", "2009-12-31": "-455.76600", "2008-12-31": "-521.57200", "2007-12-31": "93.65300", "2006-12-31": "-190.52200", "2005-12-31": "-44.10800"}, "Cash Flow From Operating Activities": {"2019-12-31": "1810.40100", "2018-12-31": "1722.53900", "2017-12-31": "2206.41100", "2016-12-31": "1533.97200", "2015-12-31": "1005.07900", "2014-12-31": "1130.67000", "2013-12-31": "1310.44800", "2012-12-31": "909.35100", "2011-12-31": "675.12600", "2010-12-31": "504.01400", "2009-12-31": "587.91400", "2008-12-31": "753.03200", "2007-12-31": "994.41600", "2006-12-31": "1231.95200", "2005-12-31": "1182.79600"}, "Net Change In Property, Plant, And Equipment": {"2019-12-31": "-736.42800", "2018-12-31": "-1461.23100", "2017-12-31": "-1863.36400", "2016-12-31": "-2258.52900", "2015-12-31": "-1458.78700", "2014-12-31": "-864.39000", "2013-12-31": "-544.09400", "2012-12-31": "-422.33700", "2011-12-31": "-300.89600", "2010-12-31": "-129.89000", "2009-12-31": "-114.55900", "2008-12-31": "-695.78600", "2007-12-31": "-2869.83800", "2006-12-31": "-1747.42000", "2005-12-31": "-711.31800"}, "Net Change In Intangible Assets": {"2019-12-31": "", "2018-12-31": "", "2017-12-31": "", "2016-12-31": "", "2015-12-31": "", "2014-12-31": "-85.00000", "2013-12-31": "-21.60000", "2012-12-31": "", "2011-12-31": "", "2010-12-31": "", "2009-12-31": "", "2008-12-31": "", "2007-12-31": "", "2006-12-31": "", "2005-12-31": ""}, "Net Acquisitions/Divestitures": {"2019-12-31": "116.65200", "2018-12-31": "-870.91810", "2017-12-31": "", "2016-12-31": "-559.44300", "2015-12-31": "92.20700", "2014-12-31": "", "2013-12-31": "", "2012-12-31": "", "2011-12-31": "407.04600", "2010-12-31": "", "2009-12-31": "746.26600", "2008-12-31": "", "2007-12-31": "578.87300", "2006-12-31": "", "2005-12-31": "-4420.99000"}, "Net Change In Short-term Investments": {"2019-12-31": "", "2018-12-31": "", "2017-12-31": "", "2016-12-31": "", "2015-12-31": "", "2014-12-31": "", "2013-12-31": "", "2012-12-31": "", "2011-12-31": "", "2010-12-31": "0.00000", "2009-12-31": "", "2008-12-31": "", "2007-12-31": "", "2006-12-31": "", "2005-12-31": ""}, "Net Change In Long-Term Investments": {"2019-12-31": "-81.87700", "2018-12-31": "-56.29500", "2017-12-31": "-16.72700", "2016-12-31": "11.36700", "2015-12-31": "373.93800", "2014-12-31": "-585.87300", "2013-12-31": "4.09300", "2012-12-31": "-24.33100", "2011-12-31": "-129.03100", "2010-12-31": "-702.99900", "2009-12-31": "-963.68500", "2008-12-31": "-1279.46200", "2007-12-31": "-191.42000", "2006-12-31": "-103.28800", "2005-12-31": "-183.00000"}, "Net Change In Investments - Total": {"2019-12-31": "-81.87700", "2018-12-31": "-56.29500", "2017-12-31": "-16.72700", "2016-12-31": "11.36700", "2015-12-31": "373.93800", "2014-12-31": "-585.87300", "2013-12-31": "4.09300", "2012-12-31": "-24.33100", "2011-12-31": "-129.03100", "2010-12-31": "-702.99900", "2009-12-31": "-963.68500", "2008-12-31": "-1279.46200", "2007-12-31": "-191.42000", "2006-12-31": "-103.28800", "2005-12-31": "-183.00000"}, "Investing Activities - Other": {"2019-12-31": "4221.08700", "2018-12-31": "305.42300", "2017-12-31": "299.49900", "2016-12-31": "530.40100", "2015-12-31": "197.58400", "2014-12-31": "11.11300", "2013-12-31": "1.46400", "2012-12-31": "0.25100", "2011-12-31": "1.56900", "2010-12-31": "246.81000", "2009-12-31": "1.72300", "2008-12-31": "-6.19200", "2007-12-31": "2691.68600", "2006-12-31": "208.28100", "2005-12-31": "12.49100"}, "Cash Flow From Investing Activities": {"2019-12-31": "3519.43400", "2018-12-31": "-2083.02100", "2017-12-31": "-1580.59200", "2016-12-31": "-2276.20400", "2015-12-31": "-795.05800", "2014-12-31": "-1524.15000", "2013-12-31": "-560.13700", "2012-12-31": "-446.41700", "2011-12-31": "-21.31200", "2010-12-31": "-586.07900", "2009-12-31": "-330.25500", "2008-12-31": "-1981.44000", "2007-12-31": "209.30100", "2006-12-31": "-1642.42700", "2005-12-31": "-5302.81700"}, "Net Long-Term Debt": {"2019-12-31": "-514.16700", "2018-12-31": "997.73500", "2017-12-31": "-152.66900", "2016-12-31": "-791.65140", "2015-12-31": "-875.50390", "2014-12-31": "741.85010", "2013-12-31": "-112.26200", "2012-12-31": "-2193.24500", "2011-12-31": "1024.32700", "2010-12-31": "13.36910", "2009-12-31": "1574.33600", "2008-12-31": "-370.65630", "2007-12-31": "-1402.23300", "2006-12-31": "-94.50000", "2005-12-31": "3871.16400"}, "Net Current Debt": {"2019-12-31": "-3634.04900", "2018-12-31": "1242.25900", "2017-12-31": "15.00100", "2016-12-31": "491.03200", "2015-12-31": "977.27500", "2014-12-31": "-28.00000", "2013-12-31": "-28.00000", "2012-12-31": "1779.26200", "2011-12-31": "-305.88000", "2010-12-31": "-1886.07900", "2009-12-31": "-1027.19300", "2008-12-31": "2760.45000", "2007-12-31": "-402.30000", "2006-12-31": "756.85000", "2005-12-31": "325.00000"}, "Debt Issuance/Retirement Net - Total": {"2019-12-31": "-4148.21600", "2018-12-31": "2239.99400", "2017-12-31": "-137.66800", "2016-12-31": "-300.61940", "2015-12-31": "101.77110", "2014-12-31": "713.85010", "2013-12-31": "-140.26200", "2012-12-31": "-413.98320", "2011-12-31": "718.44670", "2010-12-31": "-1872.71000", "2009-12-31": "547.14290", "2008-12-31": "2389.79400", "2007-12-31": "-1804.53300", "2006-12-31": "662.35000", "2005-12-31": "4196.16400"}, "Net Common Equity Issued/Repurchased": {"2019-12-31": "218.47190", "2018-12-31": "-1283.33300", "2017-12-31": "60.04800", "2016-12-31": "1107.50000", "2015-12-31": "", "2014-12-31": "", "2013-12-31": "", "2012-12-31": "", "2011-12-31": "", "2010-12-31": "588.45600", "2009-12-31": "1104.41800", "2008-12-31": "-1240.85600", "2007-12-31": "463.78500", "2006-12-31": "-157.77900", "2005-12-31": "-71.55500"}, "Net Total Equity Issued/Repurchased": {"2019-12-31": "218.47190", "2018-12-31": "-1283.33300", "2017-12-31": "60.04800", "2016-12-31": "1107.50000", "2015-12-31": "", "2014-12-31": "", "2013-12-31": "", "2012-12-31": "", "2011-12-31": "", "2010-12-31": "588.45600", "2009-12-31": "1104.41800", "2008-12-31": "-1240.85600", "2007-12-31": "463.78500", "2006-12-31": "-157.77900", "2005-12-31": "-71.55500"}, "Total Common And Preferred Stock Dividends Paid": {"2019-12-31": "-271.28800", "2018-12-31": "-260.59200", "2017-12-31": "-252.01400", "2016-12-31": "", "2015-12-31": "", "2014-12-31": "", "2013-12-31": "", "2012-12-31": "", "2011-12-31": "", "2010-12-31": "", "2009-12-31": "", "2008-12-31": "", "2007-12-31": "", "2006-12-31": "", "2005-12-31": ""}, "Financial Activities - Other": {"2019-12-31": "-328.56200", "2018-12-31": "-306.83500", "2017-12-31": "-239.14400", "2016-12-31": "-287.45900", "2015-12-31": "-359.65000", "2014-12-31": "-405.77300", "2013-12-31": "-349.44600", "2012-12-31": "-372.97600", "2011-12-31": "-6.52500", "2010-12-31": "-190.92400", "2009-12-31": "-162.81100", "2008-12-31": "-26.85600", "2007-12-31": "100.21100", "2006-12-31": "5.45300", "2005-12-31": "-61.78300"}, "Cash Flow From Financial Activities": {"2019-12-31": "-4529.59400", "2018-12-31": "389.23400", "2017-12-31": "-568.77800", "2016-12-31": "519.42200", "2015-12-31": "-257.87900", "2014-12-31": "308.07700", "2013-12-31": "-489.70800", "2012-12-31": "-786.95900", "2011-12-31": "711.92200", "2010-12-31": "-1475.17800", "2009-12-31": "1488.75000", "2008-12-31": "1122.08200", "2007-12-31": "-1240.53700", "2006-12-31": "510.02400", "2005-12-31": "4062.82600"}, "Net Cash Flow": {"2019-12-31": "802.84200", "2018-12-31": "26.76700", "2017-12-31": "53.41400", "2016-12-31": "-223.73100", "2015-12-31": "-43.40300", "2014-12-31": "-89.95400", "2013-12-31": "260.16000", "2012-12-31": "-322.40400", "2011-12-31": "1366.94900", "2010-12-31": "-1557.24300", "2009-12-31": "1760.56300", "2008-12-31": "-120.48000", "2007-12-31": "-36.82000", "2006-12-31": "75.01100", "2005-12-31": "-57.19500"}, "Stock-Based Compensation": {"2019-12-31": "88.83800", "2018-12-31": "70.17700", "2017-12-31": "62.49400", "2016-12-31": "55.48700", "2015-12-31": "42.87200", "2014-12-31": "37.26400", "2013-12-31": "32.33200", "2012-12-31": "39.56000", "2011-12-31": "39.70700", "2010-12-31": "34.98800", "2009-12-31": "36.57100", "2008-12-31": "36.27700", "2007-12-31": "45.67800", "2006-12-31": "73.62600", "2005-12-31": "7.32300"}, "Common Stock Dividends Paid": {"2019-12-31": "-271.28800", "2018-12-31": "-260.59200", "2017-12-31": "-252.01400", "2016-12-31": "0.00000", "2015-12-31": "0.00000", "2014-12-31": "", "2013-12-31": "", "2012-12-31": "", "2011-12-31": "", "2010-12-31": "", "2009-12-31": "", "2008-12-31": "", "2007-12-31": "", "2006-12-31": "", "2005-12-31": ""}}, "cash flow statement, quarterly": {"Net Income/Loss": {"2020-09-30": -601.971, "2020-06-30": -936.487, "2020-03-31": "674.51900", "2019-12-31": 2065.95, "2019-09-30": 6.104, "2019-06-30": 76.169, "2019-03-31": "66.15700", "2018-12-31": 5.76, "2018-09-30": 171.41, "2018-06-30": 140.423, "2018-03-31": "266.30100", "2017-12-31": 1418.993, "2017-09-30": 175.744, "2017-06-30": 240.873, "2017-03-31": "252.57400", "2016-12-31": 68.89, "2016-09-30": 561.26, "2016-06-30": 514.498, "2016-03-31": "91.19800", "2015-12-31": -1473.497, "2015-09-30": 94.735, "2015-06-30": 126.467, "2015-03-31": "212.64600", "2014-12-31": -287.472, "2014-09-30": 50.382, "2014-06-30": 178.168, "2014-03-31": "186.10000", "2013-12-31": 22.407, "2013-09-30": 26.967, "2013-06-30": -30.578, "2013-03-31": "22.57800", "2012-12-31": -1188.497, "2012-09-30": -154.674, "2012-06-30": -70.434, "2012-03-31": "-203.30700", "2011-12-31": -19.301, "2011-09-30": -106.575, "2011-06-30": 3450.691, "2011-03-31": "-89.87100", "2010-12-31": -139.189, "2010-09-30": -317.991, "2010-06-30": -883.476, "2010-03-31": "-96.74100", "2009-12-31": -433.918, "2009-09-30": -750.388, "2009-06-30": -212.575, "2009-03-31": "105.19900", "2008-12-31": -1148.011, "2008-09-30": 61.278, "2008-06-30": 113.101, "2008-03-31": "118.34600", "2007-12-31": 872.211, "2007-09-30": 183.863, "2007-06-30": 360.172, "2007-03-31": "168.17300", "2006-12-31": 201.571, "2006-09-30": 156.262, "2006-06-30": 146.394, "2006-03-31": "144.03700", "2005-12-31": 97.799, "2005-09-30": 93.21, "2005-06-30": 141.168, "2005-03-31": "111.07900"}, "Total Depreciation And Amortization - Cash Flow": {"2020-09-30": 303.378, "2020-06-30": 307.174, "2020-03-31": "326.22500", "2019-12-31": 340.871, "2019-09-30": 331.813, "2019-06-30": 345.15, "2019-03-31": "325.78700", "2018-12-31": 322.931, "2018-09-30": 311.229, "2018-06-30": 306.53, "2018-03-31": "278.45600", "2017-12-31": 256.422, "2017-09-30": 257.814, "2017-06-30": 253.627, "2017-03-31": "258.61300", "2016-12-31": 241.884, "2016-09-30": 219.012, "2016-06-30": 216.84, "2016-03-31": "212.28400", "2015-12-31": 1679.606, "2015-09-30": 220.057, "2015-06-30": 218.297, "2015-03-31": "216.19400", "2014-12-31": 212.197, "2014-09-30": 211.765, "2014-06-30": 212.396, "2014-03-31": "217.05700", "2013-12-31": 216.728, "2013-09-30": 220.833, "2013-06-30": 226.661, "2013-03-31": "220.28400", "2012-12-31": 244.134, "2012-09-30": 245.112, "2012-06-30": 252.177, "2012-03-31": "259.66300", "2011-12-31": 261.25, "2011-09-30": 272.65, "2011-06-30": 201.091, "2011-03-31": "175.95500", "2010-12-31": 170.472, "2010-09-30": 183.303, "2010-06-30": 189, "2010-03-31": "178.63100", "2009-12-31": 182.044, "2009-09-30": 188.343, "2009-06-30": 184.68, "2009-03-31": "185.05800", "2008-12-31": 194.667, "2008-09-30": 201.609, "2008-06-30": 197.61, "2008-03-31": "194.97000", "2007-12-31": 201.194, "2007-09-30": 171.34, "2007-06-30": 165.553, "2007-03-31": "166.54500", "2006-12-31": 168.607, "2006-09-30": 163.097, "2006-06-30": 164.611, "2006-03-31": "154.50800", "2005-12-31": 163.192, "2005-09-30": 160.402, "2005-06-30": 152.883, "2005-03-31": "117.41600"}, "Other Non-Cash Items": {"2020-09-30": 30.943, "2020-06-30": 39.098, "2020-03-31": "-912.27300", "2019-12-31": -1934.243, "2019-09-30": 260.137, "2019-06-30": 96.552, "2019-03-31": "111.52300", "2018-12-31": 145.542, "2018-09-30": -20.192, "2018-06-30": 31.559, "2018-03-31": "-72.46300", "2017-12-31": -1306.007, "2017-09-30": 113.552, "2017-06-30": 21.027, "2017-03-31": "-7.32700", "2016-12-31": 23.114, "2016-09-30": -466.699, "2016-06-30": -415.635, "2016-03-31": "43.20500", "2015-12-31": 141.522, "2015-09-30": -27.407, "2015-06-30": 1.181, "2015-03-31": "-132.08600", "2014-12-31": 376.938, "2014-09-30": 36.651, "2014-06-30": 68.524, "2014-03-31": "15.12700", "2013-12-31": 90.424, "2013-09-30": 42.022, "2013-06-30": 144.8, "2013-03-31": "104.37500", "2012-12-31": 1097.771, "2012-09-30": 86.978, "2012-06-30": 131.037, "2012-03-31": "93.31500", "2011-12-31": -7.984, "2011-09-30": 51.807, "2011-06-30": -3556.129, "2011-03-31": "-32.73500", "2010-12-31": 39.513, "2010-09-30": 134.656, "2010-06-30": 778.71, "2010-03-31": "80.57200", "2009-12-31": 559.76, "2009-09-30": 772.537, "2009-06-30": 507.075, "2009-03-31": "-244.13500", "2008-12-31": 1270.877, "2008-09-30": 18.81, "2008-06-30": 21.38, "2008-03-31": "29.96700", "2007-12-31": -1090.667, "2007-09-30": -32.767, "2007-06-30": -283.964, "2007-03-31": "19.11000", "2006-12-31": 49.273, "2006-09-30": 17.619, "2006-06-30": 46.308, "2006-03-31": "10.18700", "2005-12-31": 4.159, "2005-09-30": 118.076, "2005-06-30": 0.454, "2005-03-31": "59.74300"}, "Total Non-Cash Items": {"2020-09-30": 334.3212, "2020-06-30": 346.2719, "2020-03-31": "-586.04800", "2019-12-31": -1593.3719, "2019-09-30": 591.95, "2019-06-30": 441.702, "2019-03-31": "437.31000", "2018-12-31": 468.473, "2018-09-30": 291.037, "2018-06-30": 338.089, "2018-03-31": "205.99300", "2017-12-31": -1049.585, "2017-09-30": 371.366, "2017-06-30": 274.654, "2017-03-31": "251.28600", "2016-12-31": 264.998, "2016-09-30": -247.687, "2016-06-30": -198.795, "2016-03-31": "255.48900", "2015-12-31": 1821.128, "2015-09-30": 192.65, "2015-06-30": 219.478, "2015-03-31": "84.10800", "2014-12-31": 589.1349, "2014-09-30": 248.4161, "2014-06-30": 280.92, "2014-03-31": "232.18400", "2013-12-31": 307.152, "2013-09-30": 262.855, "2013-06-30": 371.461, "2013-03-31": "324.65900", "2012-12-31": 1341.905, "2012-09-30": 332.09, "2012-06-30": 383.214, "2012-03-31": "352.97800", "2011-12-31": 253.266, "2011-09-30": 324.457, "2011-06-30": -3355.038, "2011-03-31": "143.22000", "2010-12-31": 209.985, "2010-09-30": 317.959, "2010-06-30": 967.71, "2010-03-31": "259.20300", "2009-12-31": 741.804, "2009-09-30": 960.88, "2009-06-30": 691.755, "2009-03-31": "-59.07700", "2008-12-31": 1465.5441, "2008-09-30": 220.4189, "2008-06-30": 218.99, "2008-03-31": "224.93700", "2007-12-31": -889.4731, "2007-09-30": 138.573, "2007-06-30": -118.411, "2007-03-31": "185.65500", "2006-12-31": 217.8799, "2006-09-30": 180.7161, "2006-06-30": 210.919, "2006-03-31": "164.69500", "2005-12-31": 167.351, "2005-09-30": 278.478, "2005-06-30": 153.337, "2005-03-31": "177.15900"}, "Change In Accounts Receivable": {"2020-09-30": -55.716, "2020-06-30": 111.884, "2020-03-31": "136.22500", "2019-12-31": -70.824, "2019-09-30": -735.866, "2019-06-30": 31.119, "2019-03-31": "48.96100", "2018-12-31": -117.763, "2018-09-30": -57.948, "2018-06-30": -1.231, "2018-03-31": "27.38800", "2017-12-31": -31.923, "2017-09-30": -49.52, "2017-06-30": 27.122, "2017-03-31": "36.34900", "2016-12-31": -56.606, "2016-09-30": -12.647, "2016-06-30": 14.64, "2016-03-31": "22.74700", "2015-12-31": -17.469, "2015-09-30": -15.134, "2015-06-30": -23.767, "2015-03-31": "-6.35000", "2014-12-31": -54.113, "2014-09-30": 31.642, "2014-06-30": 4.222, "2014-03-31": "-14.18600", "2013-12-31": -75.172, "2013-09-30": 29.033, "2013-06-30": 32.227, "2013-03-31": "-45.93000", "2012-12-31": -31.267, "2012-09-30": 50.922, "2012-06-30": -13.152, "2012-03-31": "-5.24300", "2011-12-31": -47.91, "2011-09-30": -100.125, "2011-06-30": -2.522, "2011-03-31": "-4.48600", "2010-12-31": -4.798, "2010-09-30": 2.738, "2010-06-30": -36.503, "2010-03-31": "21.18700", "2009-12-31": -70.213, "2009-09-30": -32.178, "2009-06-30": -3.805, "2009-03-31": "-14.89200", "2008-12-31": -24.018, "2008-09-30": 36.887, "2008-06-30": -8.141, "2008-03-31": "15.77200", "2007-12-31": -62.179, "2007-09-30": -36.714, "2007-06-30": 31.093, "2007-03-31": "-20.82800", "2006-12-31": -35.188, "2006-09-30": -47.917, "2006-06-30": -35.83, "2006-03-31": "6.88700", "2005-12-31": -104.27, "2005-09-30": -2.672, "2005-06-30": 16.097, "2005-03-31": "-23.58900"}, "Change In Inventories": {"2020-09-30": 9.476, "2020-06-30": -0.462, "2020-03-31": "-3.32200", "2019-12-31": -1.212, "2019-09-30": 2.621, "2019-06-30": 4.69, "2019-03-31": "0.42300", "2018-12-31": -6.403, "2018-09-30": 5.471, "2018-06-30": -1.814, "2018-03-31": "-5.11400", "2017-12-31": -1.058, "2017-09-30": 1.871, "2017-06-30": -2.673, "2017-03-31": "-2.79600", "2016-12-31": -0.329, "2016-09-30": 4.751, "2016-06-30": -0.218, "2016-03-31": "6.60200", "2015-12-31": -3.704, "2015-09-30": 3.952, "2015-06-30": -3.628, "2015-03-31": "0.73100", "2014-12-31": -5.341, "2014-09-30": 3.117, "2014-06-30": -0.958, "2014-03-31": "6.34900", "2013-12-31": -9.574, "2013-09-30": 2.782, "2013-06-30": 3.947, "2013-03-31": "2.50900", "2012-12-31": 0.202, "2012-09-30": 5.549, "2012-06-30": -2.629, "2012-03-31": "2.06100", "2011-12-31": -8.433, "2011-09-30": 1.035, "2011-06-30": -1.935, "2011-03-31": "1.29400", "2010-12-31": -2.912, "2010-09-30": 3.326, "2010-06-30": -0.438, "2010-03-31": "5.44200", "2009-12-31": -3.688, "2009-09-30": 2.28, "2009-06-30": 2.427, "2009-03-31": "5.55200", "2008-12-31": 10.848, "2008-09-30": 0.358, "2008-06-30": -0.813, "2008-03-31": "1.97300", "2007-12-31": -1.774, "2007-09-30": 0.868, "2007-06-30": -0.79, "2007-03-31": "-6.81500", "2006-12-31": -4.319, "2006-09-30": 0.808, "2006-06-30": -1.293, "2006-03-31": "-5.62700", "2005-12-31": -5.621, "2005-09-30": 3.757, "2005-06-30": -4.934, "2005-03-31": "-0.21900"}, "Change In Accounts Payable": {"2020-09-30": 0, "2020-06-30": 0, "2020-03-31": "", "2019-12-31": 0, "2019-09-30": 0, "2019-06-30": 0, "2019-03-31": "", "2018-12-31": 0, "2018-09-30": 0, "2018-06-30": 0, "2018-03-31": "", "2017-12-31": 0, "2017-09-30": 0, "2017-06-30": 0, "2017-03-31": "", "2016-12-31": 0, "2016-09-30": 0, "2016-06-30": 0, "2016-03-31": "", "2015-12-31": 0, "2015-09-30": 0, "2015-06-30": 0, "2015-03-31": "", "2014-12-31": 0, "2014-09-30": 0, "2014-06-30": 0, "2014-03-31": "", "2013-12-31": 0, "2013-09-30": 0, "2013-06-30": 0, "2013-03-31": "", "2012-12-31": 0, "2012-09-30": 0, "2012-06-30": 0, "2012-03-31": "", "2011-12-31": 0, "2011-09-30": 0, "2011-06-30": 0, "2011-03-31": "", "2010-12-31": 0, "2010-09-30": 0, "2010-06-30": 0, "2010-03-31": "", "2009-12-31": 0, "2009-09-30": 0, "2009-06-30": 0, "2009-03-31": "", "2008-12-31": 0, "2008-09-30": 0, "2008-06-30": 0, "2008-03-31": "", "2007-12-31": 0, "2007-09-30": 0, "2007-06-30": 0, "2007-03-31": "", "2006-12-31": 0, "2006-09-30": 0, "2006-06-30": 0, "2006-03-31": "", "2005-12-31": 0, "2005-09-30": 0, "2005-06-30": 0, "2005-03-31": ""}, "Change In Assets/Liabilities": {"2020-09-30": -37.335, "2020-06-30": 1.71, "2020-03-31": "-49.08000", "2019-12-31": 27.939, "2019-09-30": -57.5, "2019-06-30": 54.253, "2019-03-31": "-53.03400", "2018-12-31": 14.925, "2018-09-30": -45.714, "2018-06-30": 19.149, "2018-03-31": "-31.52100", "2017-12-31": -9.731, "2017-09-30": -46.588, "2017-06-30": 38.621, "2017-03-31": "-58.22200", "2016-12-31": 11.588, "2016-09-30": -28.715, "2016-06-30": 39.694, "2016-03-31": "-64.51500", "2015-12-31": -20.69, "2015-09-30": -31.599, "2015-06-30": 34.975, "2015-03-31": "-44.93800", "2014-12-31": 1.948, "2014-09-30": 7.263, "2014-06-30": 28.788, "2014-03-31": "-37.45400", "2013-12-31": 29.287, "2013-09-30": -41.792, "2013-06-30": -8.959, "2013-03-31": "-45.50200", "2012-12-31": -8.27, "2012-09-30": -29.487, "2012-06-30": 29.78, "2012-03-31": "-39.68200", "2011-12-31": 1.045, "2011-09-30": -1.514, "2011-06-30": 37.279, "2011-03-31": "-16.02400", "2010-12-31": 0.513, "2010-09-30": -30.135, "2010-06-30": 17.171, "2010-03-31": "1.76900", "2009-12-31": -4.074, "2009-09-30": -38.499, "2009-06-30": 46.456, "2009-03-31": "-47.76800", "2008-12-31": 17.156, "2008-09-30": -27.105, "2008-06-30": 24.872, "2008-03-31": "-34.62500", "2007-12-31": 6.427, "2007-09-30": -137.45, "2007-06-30": -4.328, "2007-03-31": "-22.45400", "2006-12-31": 30.398, "2006-09-30": -40.027, "2006-06-30": -20.698, "2006-03-31": "-19.34600", "2005-12-31": 27.16, "2005-09-30": -30.387, "2005-06-30": 12.217, "2005-03-31": "-15.10900"}, "Total Change In Assets/Liabilities": {"2020-09-30": 103.547, "2020-06-30": -72.35, "2020-03-31": "-511.40800", "2019-12-31": -18.285, "2019-09-30": -209.779, "2019-06-30": 50.18, "2019-03-31": "-103.68500", "2018-12-31": -147.16, "2018-09-30": -160.132, "2018-06-30": 36.975, "2018-03-31": "105.37000", "2017-12-31": 325.094, "2017-09-30": 25.673, "2017-06-30": 18.164, "2017-03-31": "-98.42500", "2016-12-31": 151.079, "2016-09-30": 121.786, "2016-06-30": 73.347, "2016-03-31": "-122.09100", "2015-12-31": -80.332, "2015-09-30": 3.126, "2015-06-30": -74.324, "2015-03-31": "-121.10600", "2014-12-31": -193.807, "2014-09-30": -79.608, "2014-06-30": 53.741, "2014-03-31": "-127.48900", "2013-12-31": -114.868, "2013-09-30": 75.873, "2013-06-30": 194.523, "2013-03-31": "-152.58100", "2012-12-31": -131.319, "2012-09-30": 197.59, "2012-06-30": -92.218, "2012-03-31": "142.02300", "2011-12-31": -39.879, "2011-09-30": -33.765, "2011-06-30": 177.292, "2011-03-31": "-29.37100", "2010-12-31": 52.82, "2010-09-30": 30.586, "2010-06-30": 310.519, "2010-03-31": "-207.37100", "2009-12-31": -238.288, "2009-09-30": -80.205, "2009-06-30": -225.414, "2009-03-31": "88.14100", "2008-12-31": -65.221, "2008-09-30": -37.39, "2008-06-30": 48.644, "2008-03-31": "-467.60500", "2007-12-31": 314.29, "2007-09-30": -303.096, "2007-06-30": 180.027, "2007-03-31": "-97.56800", "2006-12-31": 94.486, "2006-09-30": -37.014, "2006-06-30": -55.612, "2006-03-31": "-192.38200", "2005-12-31": 117.594, "2005-09-30": -194.085, "2005-06-30": 155.358, "2005-03-31": "-122.97500"}, "Cash Flow From Operating Activities": {"2020-09-30": -164.103, "2020-06-30": -662.565, "2020-03-31": "-422.93700", "2019-12-31": 454.293, "2019-09-30": 388.275, "2019-06-30": 568.051, "2019-03-31": "399.78200", "2018-12-31": 327.073, "2018-09-30": 302.315, "2018-06-30": 515.487, "2018-03-31": "577.66400", "2017-12-31": 694.502, "2017-09-30": 572.783, "2017-06-30": 533.691, "2017-03-31": "405.43500", "2016-12-31": 484.967, "2016-09-30": 435.359, "2016-06-30": 389.05, "2016-03-31": "224.59600", "2015-12-31": 267.299, "2015-09-30": 290.511, "2015-06-30": 271.621, "2015-03-31": "175.64800", "2014-12-31": 107.856, "2014-09-30": 219.19, "2014-06-30": 512.829, "2014-03-31": "290.79500", "2013-12-31": 214.691, "2013-09-30": 365.695, "2013-06-30": 535.406, "2013-03-31": "194.65600", "2012-12-31": 22.089, "2012-09-30": 375.006, "2012-06-30": 220.562, "2012-03-31": "291.69400", "2011-12-31": 194.086, "2011-09-30": 184.117, "2011-06-30": 272.945, "2011-03-31": "23.97800", "2010-12-31": 123.616, "2010-09-30": 30.554, "2010-06-30": 394.753, "2010-03-31": "-44.90900", "2009-12-31": 69.598, "2009-09-30": 130.287, "2009-06-30": 253.766, "2009-03-31": "134.26300", "2008-12-31": 252.312, "2008-09-30": 244.307, "2008-06-30": 380.735, "2008-03-31": "-124.32200", "2007-12-31": 297.028, "2007-09-30": 19.34, "2007-06-30": 421.788, "2007-03-31": "256.26000", "2006-12-31": 455.656, "2006-09-30": 358.245, "2006-06-30": 278.296, "2006-03-31": "139.75500", "2005-12-31": 384.628, "2005-09-30": 179.243, "2005-06-30": 451.762, "2005-03-31": "167.16300"}, "Net Change In Property, Plant, And Equipment": {"2020-09-30": -37.122, "2020-06-30": -67.081, "2020-03-31": "-72.93500", "2019-12-31": 280.103, "2019-09-30": -695.486, "2019-06-30": -138.134, "2019-03-31": "-182.91100", "2018-12-31": -237.882, "2018-09-30": -362.028, "2018-06-30": -442.922, "2018-03-31": "-418.39900", "2017-12-31": -464.457, "2017-09-30": -526.59, "2017-06-30": -416.422, "2017-03-31": "-455.89500", "2016-12-31": -671.511, "2016-09-30": -618.106, "2016-06-30": -541.64, "2016-03-31": "-427.27200", "2015-12-31": -478.349, "2015-09-30": -406.453, "2015-06-30": -281.82, "2015-03-31": "-292.16500", "2014-12-31": -247.468, "2014-09-30": -247.086, "2014-06-30": -177.22, "2014-03-31": "-192.61600", "2013-12-31": -165.067, "2013-09-30": -136.472, "2013-06-30": -145.375, "2013-03-31": "-97.18000", "2012-12-31": -105.816, "2012-09-30": -100.387, "2012-06-30": -102.397, "2012-03-31": "-113.73700", "2011-12-31": -124.572, "2011-09-30": -91.146, "2011-06-30": -50.719, "2011-03-31": "-34.45900", "2010-12-31": -8.025, "2010-09-30": -42.869, "2010-06-30": -25.054, "2010-03-31": "-53.94200", "2009-12-31": -13.942, "2009-09-30": -7.256, "2009-06-30": -34.854, "2009-03-31": "-58.50700", "2008-12-31": -22.324, "2008-09-30": -194.354, "2008-06-30": -229.765, "2008-03-31": "-249.34300", "2007-12-31": -402.261, "2007-09-30": -692.052, "2007-06-30": -1209.932, "2007-03-31": "-565.59300", "2006-12-31": -522.275, "2006-09-30": -534.111, "2006-06-30": -369.974, "2006-03-31": "-321.06000", "2005-12-31": -290.69, "2005-09-30": -189.04, "2005-06-30": -124.093, "2005-03-31": "-107.49500"}, "Net Change In Intangible Assets": {"2020-09-30": 0, "2020-06-30": 0, "2020-03-31": "", "2019-12-31": 0, "2019-09-30": 0, "2019-06-30": 0, "2019-03-31": "", "2018-12-31": 0, "2018-09-30": 0, "2018-06-30": 0, "2018-03-31": "", "2017-12-31": 0, "2017-09-30": 0, "2017-06-30": 0, "2017-03-31": "", "2016-12-31": 0, "2016-09-30": 0, "2016-06-30": 0, "2016-03-31": "", "2015-12-31": 0, "2015-09-30": 0, "2015-06-30": 0, "2015-03-31": "", "2014-12-31": -85, "2014-09-30": 0, "2014-06-30": 0, "2014-03-31": "", "2013-12-31": -21.6, "2013-09-30": 0, "2013-06-30": 0, "2013-03-31": "", "2012-12-31": 0, "2012-09-30": 0, "2012-06-30": 0, "2012-03-31": "", "2011-12-31": 0, "2011-09-30": 0, "2011-06-30": 0, "2011-03-31": "", "2010-12-31": 0, "2010-09-30": 0, "2010-06-30": 0, "2010-03-31": "", "2009-12-31": 0, "2009-09-30": 0, "2009-06-30": 0, "2009-03-31": "", "2008-12-31": 0, "2008-09-30": 0, "2008-06-30": 0, "2008-03-31": "", "2007-12-31": 0, "2007-09-30": 0, "2007-06-30": 0, "2007-03-31": "", "2006-12-31": 0, "2006-09-30": 0, "2006-06-30": 0, "2006-03-31": "", "2005-12-31": 0, "2005-09-30": 0, "2005-06-30": 0, "2005-03-31": ""}, "Net Acquisitions/Divestitures": {"2020-09-30": 0, "2020-06-30": 0, "2020-03-31": "", "2019-12-31": 116.652, "2019-09-30": 535.681, "2019-06-30": 0, "2019-03-31": "-535.68100", "2018-12-31": 0, "2018-09-30": -870.9181, "2018-06-30": 0, "2018-03-31": "", "2017-12-31": 0, "2017-09-30": 0, "2017-06-30": 0, "2017-03-31": "", "2016-12-31": -8.468, "2016-09-30": -550.975, "2016-06-30": 0, "2016-03-31": "", "2015-12-31": 92.207, "2015-09-30": 0, "2015-06-30": 0, "2015-03-31": "", "2014-12-31": 0, "2014-09-30": 0, "2014-06-30": 0, "2014-03-31": "", "2013-12-31": 0, "2013-09-30": 0, "2013-06-30": 0, "2013-03-31": "", "2012-12-31": 0, "2012-09-30": 0, "2012-06-30": 0, "2012-03-31": "", "2011-12-31": 0, "2011-09-30": 0, "2011-06-30": 407.046, "2011-03-31": "", "2010-12-31": 0, "2010-09-30": 0, "2010-06-30": 0, "2010-03-31": "", "2009-12-31": 0, "2009-09-30": 0, "2009-06-30": 156.679, "2009-03-31": "589.58700", "2008-12-31": 0, "2008-09-30": 0, "2008-06-30": 0, "2008-03-31": "", "2007-12-31": 0, "2007-09-30": 0, "2007-06-30": 578.873, "2007-03-31": "", "2006-12-31": 0, "2006-09-30": 0, "2006-06-30": 0, "2006-03-31": "", "2005-12-31": 6.095, "2005-09-30": 0, "2005-06-30": -4427.085, "2005-03-31": ""}, "Net Change In Short-term Investments": {"2020-09-30": 0, "2020-06-30": 0, "2020-03-31": "", "2019-12-31": 0, "2019-09-30": 0, "2019-06-30": 0, "2019-03-31": "", "2018-12-31": 0, "2018-09-30": 0, "2018-06-30": 0, "2018-03-31": "", "2017-12-31": 0, "2017-09-30": 0, "2017-06-30": 0, "2017-03-31": "", "2016-12-31": 0, "2016-09-30": 0, "2016-06-30": 0, "2016-03-31": "", "2015-12-31": 0, "2015-09-30": 0, "2015-06-30": 0, "2015-03-31": "", "2014-12-31": 0, "2014-09-30": 0, "2014-06-30": 0, "2014-03-31": "", "2013-12-31": 0, "2013-09-30": 0, "2013-06-30": 0, "2013-03-31": "", "2012-12-31": 0, "2012-09-30": 0, "2012-06-30": 0, "2012-03-31": "", "2011-12-31": 0, "2011-09-30": 0, "2011-06-30": 0, "2011-03-31": "", "2010-12-31": 0, "2010-09-30": 0, "2010-06-30": 0, "2010-03-31": "", "2009-12-31": 0, "2009-09-30": 0, "2009-06-30": 0, "2009-03-31": "", "2008-12-31": 0, "2008-09-30": 0, "2008-06-30": 0, "2008-03-31": "", "2007-12-31": 0, "2007-09-30": 0, "2007-06-30": 0, "2007-03-31": "", "2006-12-31": 0, "2006-09-30": 0, "2006-06-30": 0, "2006-03-31": "", "2005-12-31": 0, "2005-09-30": 0, "2005-06-30": 0, "2005-03-31": ""}, "Net Change In Long-Term Investments": {"2020-09-30": -32.766, "2020-06-30": -17.695, "2020-03-31": "-20.64900", "2019-12-31": -0.606, "2019-09-30": -0.602, "2019-06-30": -71.111, "2019-03-31": "-9.55800", "2018-12-31": -53.792, "2018-09-30": 0, "2018-06-30": 0, "2018-03-31": "-2.50300", "2017-12-31": -10.806, "2017-09-30": -1.148, "2017-06-30": -1.273, "2017-03-31": "-3.50000", "2016-12-31": -2.078, "2016-09-30": 15, "2016-06-30": 0, "2016-03-31": "-1.55500", "2015-12-31": -1.538, "2015-09-30": 182.36, "2015-06-30": -216.805, "2015-03-31": "409.92100", "2014-12-31": -602.594, "2014-09-30": 52.37, "2014-06-30": -12.473, "2014-03-31": "-23.17600", "2013-12-31": -2.002, "2013-09-30": 5.559, "2013-06-30": 6.962, "2013-03-31": "-6.42600", "2012-12-31": -17.319, "2012-09-30": 2.985, "2012-06-30": -12.403, "2012-03-31": "2.40600", "2011-12-31": -21.214, "2011-09-30": -5.038, "2011-06-30": -26.09, "2011-03-31": "-76.68900", "2010-12-31": -294.999, "2010-09-30": -106, "2010-06-30": -40, "2010-03-31": "-262.00000", "2009-12-31": -41.618, "2009-09-30": -164.336, "2009-06-30": -374.141, "2009-03-31": "-383.59000", "2008-12-31": -398.326, "2008-09-30": -323.447, "2008-06-30": -330.505, "2008-03-31": "-227.18400", "2007-12-31": -191.42, "2007-09-30": 10.211, "2007-06-30": -10.211, "2007-03-31": "", "2006-12-31": -17.288, "2006-09-30": -23.345, "2006-06-30": -30.655, "2006-03-31": "-32.00000", "2005-12-31": -6, "2005-09-30": 0, "2005-06-30": -177, "2005-03-31": ""}, "Net Change In Investments - Total": {"2020-09-30": -32.766, "2020-06-30": -17.695, "2020-03-31": "-20.64900", "2019-12-31": -0.606, "2019-09-30": -0.602, "2019-06-30": -71.111, "2019-03-31": "-9.55800", "2018-12-31": -53.792, "2018-09-30": 0, "2018-06-30": 0, "2018-03-31": "-2.50300", "2017-12-31": -10.806, "2017-09-30": -1.148, "2017-06-30": -1.273, "2017-03-31": "-3.50000", "2016-12-31": -2.078, "2016-09-30": 15, "2016-06-30": 0, "2016-03-31": "-1.55500", "2015-12-31": -1.538, "2015-09-30": 182.36, "2015-06-30": -216.805, "2015-03-31": "409.92100", "2014-12-31": -602.594, "2014-09-30": 52.37, "2014-06-30": -12.473, "2014-03-31": "-23.17600", "2013-12-31": -2.002, "2013-09-30": 5.559, "2013-06-30": 6.962, "2013-03-31": "-6.42600", "2012-12-31": -17.319, "2012-09-30": 2.985, "2012-06-30": -12.403, "2012-03-31": "2.40600", "2011-12-31": -21.214, "2011-09-30": -5.038, "2011-06-30": -26.09, "2011-03-31": "-76.68900", "2010-12-31": -294.999, "2010-09-30": -106, "2010-06-30": -40, "2010-03-31": "-262.00000", "2009-12-31": -41.618, "2009-09-30": -164.336, "2009-06-30": -374.141, "2009-03-31": "-383.59000", "2008-12-31": -398.326, "2008-09-30": -323.447, "2008-06-30": -330.505, "2008-03-31": "-227.18400", "2007-12-31": -191.42, "2007-09-30": 10.211, "2007-06-30": -10.211, "2007-03-31": "", "2006-12-31": -17.288, "2006-09-30": -23.345, "2006-06-30": -30.655, "2006-03-31": "-32.00000", "2005-12-31": -6, "2005-09-30": 0, "2005-06-30": -177, "2005-03-31": ""}, "Investing Activities - Other": {"2020-09-30": 0.327, "2020-06-30": 63.21, "2020-03-31": "2456.26500", "2019-12-31": 4152.538, "2019-09-30": 8.719, "2019-06-30": 58.491, "2019-03-31": "1.33900", "2018-12-31": 7.345, "2018-09-30": 113.687, "2018-06-30": 195.866, "2018-03-31": "-11.47500", "2017-12-31": 21.285, "2017-09-30": -6.098, "2017-06-30": 290.866, "2017-03-31": "-6.55400", "2016-12-31": -4.378, "2016-09-30": -3.462, "2016-06-30": 539.438, "2016-03-31": "-1.19700", "2015-12-31": -5.325, "2015-09-30": -1.081, "2015-06-30": 204.949, "2015-03-31": "-0.95900", "2014-12-31": 1.965, "2014-09-30": 5.823, "2014-06-30": 1.602, "2014-03-31": "1.72300", "2013-12-31": -0.116, "2013-09-30": -0.226, "2013-06-30": 1.816, "2013-03-31": "-0.01000", "2012-12-31": 0.125, "2012-09-30": -1.052, "2012-06-30": -0.212, "2012-03-31": "1.39000", "2011-12-31": -1.403, "2011-09-30": 0.915, "2011-06-30": 1.446, "2011-03-31": "0.61100", "2010-12-31": 137.867, "2010-09-30": 94.133, "2010-06-30": 15.102, "2010-03-31": "-0.29200", "2009-12-31": -0.409, "2009-09-30": -0.398, "2009-06-30": 103.795, "2009-03-31": "-101.26500", "2008-12-31": -23.648, "2008-09-30": -3.619, "2008-06-30": 18.212, "2008-03-31": "2.86300", "2007-12-31": 2761.298, "2007-09-30": 52.523, "2007-06-30": -144.17, "2007-03-31": "22.03500", "2006-12-31": 112.326, "2006-09-30": -9.583, "2006-06-30": 108.364, "2006-03-31": "-2.82600", "2005-12-31": 48.128, "2005-09-30": 13.753, "2005-06-30": -8.618, "2005-03-31": "-40.77200"}, "Cash Flow From Investing Activities": {"2020-09-30": -69.561, "2020-06-30": -21.566, "2020-03-31": "2362.68100", "2019-12-31": 4548.687, "2019-09-30": -151.688, "2019-06-30": -150.754, "2019-03-31": "-726.81100", "2018-12-31": -284.329, "2018-09-30": -1119.259, "2018-06-30": -247.056, "2018-03-31": "-432.37700", "2017-12-31": -453.978, "2017-09-30": -533.836, "2017-06-30": -126.829, "2017-03-31": "-465.94900", "2016-12-31": -686.435, "2016-09-30": -1157.543, "2016-06-30": -2.202, "2016-03-31": "-430.02400", "2015-12-31": -393.005, "2015-09-30": -225.174, "2015-06-30": -293.676, "2015-03-31": "116.79700", "2014-12-31": -933.097, "2014-09-30": -188.893, "2014-06-30": -188.091, "2014-03-31": "-214.06900", "2013-12-31": -188.785, "2013-09-30": -131.139, "2013-06-30": -136.597, "2013-03-31": "-103.61600", "2012-12-31": -123.01, "2012-09-30": -98.454, "2012-06-30": -115.012, "2012-03-31": "-109.94100", "2011-12-31": -147.189, "2011-09-30": -95.269, "2011-06-30": 331.683, "2011-03-31": "-110.53700", "2010-12-31": -165.157, "2010-09-30": -54.736, "2010-06-30": -49.952, "2010-03-31": "-316.23400", "2009-12-31": -55.969, "2009-09-30": -171.99, "2009-06-30": -148.521, "2009-03-31": "46.22500", "2008-12-31": -444.298, "2008-09-30": -521.42, "2008-06-30": -542.058, "2008-03-31": "-473.66400", "2007-12-31": 2167.617, "2007-09-30": -629.318, "2007-06-30": -785.44, "2007-03-31": "-543.55800", "2006-12-31": -427.237, "2006-09-30": -567.039, "2006-06-30": -292.265, "2006-03-31": "-355.88600", "2005-12-31": -242.467, "2005-09-30": -175.287, "2005-06-30": -4736.796, "2005-03-31": "-148.26700"}, "Net Long-Term Debt": {"2020-09-30": -1071.198, "2020-06-30": 2049.927, "2020-03-31": "457.90100", "2019-12-31": -293.182, "2019-09-30": -1711.059, "2019-06-30": 1590.074, "2019-03-31": "-100.00000", "2018-12-31": 0, "2018-09-30": 0, "2018-06-30": 1000, "2018-03-31": "-2.26500", "2017-12-31": 0, "2017-09-30": -152.669, "2017-06-30": 0, "2017-03-31": "", "2016-12-31": 0, "2016-09-30": -2188.1784, "2016-06-30": 1156.188, "2016-03-31": "240.33900", "2015-12-31": -1701.875, "2015-09-30": -879.3749, "2015-06-30": -4.879, "2015-03-31": "1710.62500", "2014-12-31": -468.6249, "2014-09-30": -4.375, "2014-06-30": -4.375, "2014-03-31": "1219.22500", "2013-12-31": 500, "2013-09-30": -150.0281, "2013-06-30": 2227.7661, "2013-03-31": "-2690.00000", "2012-12-31": -2674.4669, "2012-09-30": 915.3498, "2012-06-30": -450, "2012-03-31": "15.87210", "2011-12-31": -128.68, "2011-09-30": -31.23, "2011-06-30": 1380.379, "2011-03-31": "-196.14200", "2010-12-31": -1608.1569, "2010-09-30": -645.839, "2010-06-30": 2175.834, "2010-03-31": "91.53100", "2009-12-31": -313.477, "2009-09-30": 355.188, "2009-06-30": -2854.267, "2009-03-31": "4386.89200", "2008-12-31": -1643.9933, "2008-09-30": -236.221, "2008-06-30": 410, "2008-03-31": "1099.55800", "2007-12-31": -2000.0001, "2007-09-30": -442.2329, "2007-06-30": 290, "2007-03-31": "750.00000", "2006-12-31": -244.5, "2006-09-30": -200, "2006-06-30": 550, "2006-03-31": "-200.00000", "2005-12-31": 900, "2005-09-30": 73.335, "2005-06-30": 3592.661, "2005-03-31": "-694.83200"}, "Net Current Debt": {"2020-09-30": 1141.5, "2020-06-30": -2430.934, "2020-03-31": "1289.43400", "2019-12-31": -3634.049, "2019-09-30": 1979.956, "2019-06-30": -1690.189, "2019-03-31": "-289.76700", "2018-12-31": 464.158, "2018-09-30": 1138.975, "2018-06-30": -740.909, "2018-03-31": "380.03500", "2017-12-31": -603.733, "2017-09-30": 413.882, "2017-06-30": 97.372, "2017-03-31": "107.48000", "2016-12-31": 192.584, "2016-09-30": 2015.134, "2016-06-30": -1716.686, "2016-03-31": "", "2015-12-31": 1694.875, "2015-09-30": 328.908, "2015-06-30": 272.118, "2015-03-31": "-1318.62600", "2014-12-31": 1712.375, "2014-09-30": -2.625, "2014-06-30": -2.625, "2014-03-31": "-1735.12500", "2013-12-31": -87, "2013-09-30": 73, "2013-06-30": -2807, "2013-03-31": "2793.00000", "2012-12-31": 1985.188, "2012-09-30": -463.826, "2012-06-30": 450, "2012-03-31": "-192.10000", "2011-12-31": 133, "2011-09-30": 839.226, "2011-06-30": -1493.778, "2011-03-31": "215.67200", "2010-12-31": 1016.728, "2010-09-30": 210, "2010-06-30": -1837.63, "2010-03-31": "-1275.17700", "2009-12-31": 1457.807, "2009-09-30": 186.119, "2009-06-30": 818.881, "2009-03-31": "-3490.00000", "2008-12-31": 1909.5, "2008-09-30": 516.7, "2008-06-30": -172.3, "2008-03-31": "506.55000", "2007-12-31": -959.1, "2007-09-30": 1017, "2007-06-30": 37.5, "2007-03-31": "-497.70000", "2006-12-31": 290.1, "2006-09-30": 557.05, "2006-06-30": -445.3, "2006-03-31": "355.00000", "2005-12-31": -810, "2005-09-30": -65, "2005-06-30": 650, "2005-03-31": "550.00000"}, "Debt Issuance/Retirement Net - Total": {"2020-09-30": 70.302, "2020-06-30": -381.007, "2020-03-31": "1747.33500", "2019-12-31": -3927.231, "2019-09-30": 268.8971, "2019-06-30": -100.1151, "2019-03-31": "-389.76700", "2018-12-31": 464.158, "2018-09-30": 1138.975, "2018-06-30": 259.091, "2018-03-31": "377.77000", "2017-12-31": -603.733, "2017-09-30": 261.213, "2017-06-30": 97.372, "2017-03-31": "107.48000", "2016-12-31": 192.584, "2016-09-30": -173.0443, "2016-06-30": -560.4981, "2016-03-31": "240.33900", "2015-12-31": -7, "2015-09-30": -550.4668, "2015-06-30": 267.2389, "2015-03-31": "391.99900", "2014-12-31": 1243.75, "2014-09-30": -7, "2014-06-30": -6.9999, "2014-03-31": "-515.90000", "2013-12-31": 413, "2013-09-30": -77.0281, "2013-06-30": -579.2339, "2013-03-31": "103.00000", "2012-12-31": -689.2791, "2012-09-30": 451.5238, "2012-06-30": 0, "2012-03-31": "-176.22790", "2011-12-31": 4.3199, "2011-09-30": 807.9957, "2011-06-30": -113.3989, "2011-03-31": "19.53000", "2010-12-31": -591.429, "2010-09-30": -435.8389, "2010-06-30": 338.2039, "2010-03-31": "-1183.64600", "2009-12-31": 1144.3299, "2009-09-30": 541.307, "2009-06-30": -2035.3861, "2009-03-31": "896.89210", "2008-12-31": 265.507, "2008-09-30": 280.479, "2008-06-30": 237.7, "2008-03-31": "1606.10800", "2007-12-31": -2959.1, "2007-09-30": 574.767, "2007-06-30": 327.5, "2007-03-31": "252.30000", "2006-12-31": 45.6, "2006-09-30": 357.05, "2006-06-30": 104.7, "2006-03-31": "155.00000", "2005-12-31": 90, "2005-09-30": 8.335, "2005-06-30": 4242.661, "2005-03-31": "-144.83200"}, "Net Common Equity Issued/Repurchased": {"2020-09-30": 0, "2020-06-30": 0.088, "2020-03-31": "170.89600", "2019-12-31": 157.9249, "2019-09-30": -270.919, "2019-06-30": -216.925, "2019-03-31": "548.39100", "2018-12-31": -149.999, "2018-09-30": -176.07, "2018-06-30": -594.864, "2018-03-31": "-362.40000", "2017-12-31": -17.137, "2017-09-30": 77.185, "2017-06-30": 0, "2017-03-31": "", "2016-12-31": 0, "2016-09-30": -100, "2016-06-30": 1207.5, "2016-03-31": "", "2015-12-31": 0, "2015-09-30": 0, "2015-06-30": 0, "2015-03-31": "", "2014-12-31": 0, "2014-09-30": 0, "2014-06-30": 0, "2014-03-31": "", "2013-12-31": 0, "2013-09-30": 0, "2013-06-30": 0, "2013-03-31": "", "2012-12-31": 0, "2012-09-30": 0, "2012-06-30": 0, "2012-03-31": "", "2011-12-31": 0, "2011-09-30": 0, "2011-06-30": 0, "2011-03-31": "", "2010-12-31": 588.456, "2010-09-30": 0, "2010-06-30": 0, "2010-03-31": "", "2009-12-31": 0.681, "2009-09-30": -0.632, "2009-06-30": 1103.737, "2009-03-31": "0.63200", "2008-12-31": -14.009, "2008-09-30": 2.679, "2008-06-30": -128.755, "2008-03-31": "-1100.77100", "2007-12-31": 562.345, "2007-09-30": 23.128, "2007-06-30": 16.465, "2007-03-31": "-138.15300", "2006-12-31": 55.711, "2006-09-30": -100.518, "2006-06-30": -87.665, "2006-03-31": "-25.30700", "2005-12-31": -119.137, "2005-09-30": -49.972, "2005-06-30": 10.177, "2005-03-31": "87.37700"}, "Net Total Equity Issued/Repurchased": {"2020-09-30": 0, "2020-06-30": 0.088, "2020-03-31": "170.89600", "2019-12-31": 157.9249, "2019-09-30": -270.919, "2019-06-30": -216.925, "2019-03-31": "548.39100", "2018-12-31": -149.999, "2018-09-30": -176.07, "2018-06-30": -594.864, "2018-03-31": "-362.40000", "2017-12-31": -17.137, "2017-09-30": 77.185, "2017-06-30": 0, "2017-03-31": "", "2016-12-31": 0, "2016-09-30": -100, "2016-06-30": 1207.5, "2016-03-31": "", "2015-12-31": 0, "2015-09-30": 0, "2015-06-30": 0, "2015-03-31": "", "2014-12-31": 0, "2014-09-30": 0, "2014-06-30": 0, "2014-03-31": "", "2013-12-31": 0, "2013-09-30": 0, "2013-06-30": 0, "2013-03-31": "", "2012-12-31": 0, "2012-09-30": 0, "2012-06-30": 0, "2012-03-31": "", "2011-12-31": 0, "2011-09-30": 0, "2011-06-30": 0, "2011-03-31": "", "2010-12-31": 588.456, "2010-09-30": 0, "2010-06-30": 0, "2010-03-31": "", "2009-12-31": 0.681, "2009-09-30": -0.632, "2009-06-30": 1103.737, "2009-03-31": "0.63200", "2008-12-31": -14.009, "2008-09-30": 2.679, "2008-06-30": -128.755, "2008-03-31": "-1100.77100", "2007-12-31": 562.345, "2007-09-30": 23.128, "2007-06-30": 16.465, "2007-03-31": "-138.15300", "2006-12-31": 55.711, "2006-09-30": -100.518, "2006-06-30": -87.665, "2006-03-31": "-25.30700", "2005-12-31": -119.137, "2005-09-30": -49.972, "2005-06-30": 10.177, "2005-03-31": "87.37700"}, "Total Common And Preferred Stock Dividends Paid": {"2020-09-30": -1.233, "2020-06-30": -1.233, "2020-03-31": "-73.90400", "2019-12-31": -66.125, "2019-09-30": -66.948, "2019-06-30": -68.416, "2019-03-31": "-69.79900", "2018-12-31": -63.297, "2018-09-30": -63.961, "2018-06-30": -65.335, "2018-03-31": "-67.99900", "2017-12-31": -62.288, "2017-09-30": -63.297, "2017-06-30": -63.247, "2017-03-31": "-63.18200", "2016-12-31": 0, "2016-09-30": 0, "2016-06-30": 0, "2016-03-31": "", "2015-12-31": 0, "2015-09-30": 0, "2015-06-30": 0, "2015-03-31": "", "2014-12-31": 0, "2014-09-30": 0, "2014-06-30": 0, "2014-03-31": "", "2013-12-31": 0, "2013-09-30": 0, "2013-06-30": 0, "2013-03-31": "", "2012-12-31": 0, "2012-09-30": 0, "2012-06-30": 0, "2012-03-31": "", "2011-12-31": 0, "2011-09-30": 0, "2011-06-30": 0, "2011-03-31": "", "2010-12-31": 0, "2010-09-30": 0, "2010-06-30": 0, "2010-03-31": "", "2009-12-31": 0, "2009-09-30": 0, "2009-06-30": 0, "2009-03-31": "", "2008-12-31": 0, "2008-09-30": 0, "2008-06-30": 0, "2008-03-31": "", "2007-12-31": 0, "2007-09-30": 0, "2007-06-30": 0, "2007-03-31": "", "2006-12-31": 0, "2006-09-30": 0, "2006-06-30": 0, "2006-03-31": "", "2005-12-31": 0, "2005-09-30": 0, "2005-06-30": 0, "2005-03-31": ""}, "Financial Activities - Other": {"2020-09-30": -77.054, "2020-06-30": -114.778, "2020-03-31": "-99.57400", "2019-12-31": -74.277, "2019-09-30": -93.137, "2019-06-30": -97.174, "2019-03-31": "-63.97400", "2018-12-31": -69.025, "2018-09-30": -53.396, "2018-06-30": -119.993, "2018-03-31": "-64.42100", "2017-12-31": -43.64, "2017-09-30": -84.136, "2017-06-30": -77.536, "2017-03-31": "-33.83200", "2016-12-31": 9.126, "2016-09-30": -61.888, "2016-06-30": -195.32, "2016-03-31": "-39.37700", "2015-12-31": -12.868, "2015-09-30": -41.403, "2015-06-30": -102.603, "2015-03-31": "-202.77600", "2014-12-31": -16.594, "2014-09-30": -72.559, "2014-06-30": -67.832, "2014-03-31": "-248.78800", "2013-12-31": -10.826, "2013-09-30": -60.856, "2013-06-30": -22.242, "2013-03-31": "-255.52200", "2012-12-31": -109.978, "2012-09-30": -17.112, "2012-06-30": -9.192, "2012-03-31": "-236.69400", "2011-12-31": -1.975, "2011-09-30": -3.186, "2011-06-30": -0.704, "2011-03-31": "-0.66000", "2010-12-31": -9.279, "2010-09-30": -0.43, "2010-06-30": -110.384, "2010-03-31": "-70.83100", "2009-12-31": 0.577, "2009-09-30": -13.338, "2009-06-30": -127.821, "2009-03-31": "-22.22900", "2008-12-31": 0.199, "2008-09-30": -35.953, "2008-06-30": 1.922, "2008-03-31": "6.97600", "2007-12-31": 33.472, "2007-09-30": 29.201, "2007-06-30": 5.195, "2007-03-31": "32.34300", "2006-12-31": 4.036, "2006-09-30": 0.986, "2006-06-30": -5.108, "2006-03-31": "5.53900", "2005-12-31": -0.533, "2005-09-30": -3.372, "2005-06-30": -57.055, "2005-03-31": "-0.82300"}, "Cash Flow From Financial Activities": {"2020-09-30": -7.985, "2020-06-30": -496.93, "2020-03-31": "1744.75300", "2019-12-31": -3909.708, "2019-09-30": -162.107, "2019-06-30": -482.63, "2019-03-31": "24.85100", "2018-12-31": 181.837, "2018-09-30": 845.548, "2018-06-30": -521.101, "2018-03-31": "-117.05000", "2017-12-31": -726.798, "2017-09-30": 190.965, "2017-06-30": -43.411, "2017-03-31": "10.46600", "2016-12-31": 201.71, "2016-09-30": -334.932, "2016-06-30": 451.682, "2016-03-31": "200.96200", "2015-12-31": -19.868, "2015-09-30": -591.87, "2015-06-30": 164.636, "2015-03-31": "189.22300", "2014-12-31": 1227.156, "2014-09-30": -79.559, "2014-06-30": -74.832, "2014-03-31": "-764.68800", "2013-12-31": 402.174, "2013-09-30": -137.884, "2013-06-30": -601.476, "2013-03-31": "-152.52200", "2012-12-31": -799.257, "2012-09-30": 434.412, "2012-06-30": -9.192, "2012-03-31": "-412.92200", "2011-12-31": 2.345, "2011-09-30": 804.81, "2011-06-30": -114.103, "2011-03-31": "18.87000", "2010-12-31": -12.252, "2010-09-30": -436.269, "2010-06-30": 227.82, "2010-03-31": "-1254.47700", "2009-12-31": 1145.588, "2009-09-30": 527.337, "2009-06-30": -1059.47, "2009-03-31": "875.29500", "2008-12-31": 251.697, "2008-09-30": 247.205, "2008-06-30": 110.867, "2008-03-31": "512.31300", "2007-12-31": -2363.283, "2007-09-30": 627.096, "2007-06-30": 349.16, "2007-03-31": "146.49000", "2006-12-31": 105.347, "2006-09-30": 257.518, "2006-06-30": 11.927, "2006-03-31": "135.23200", "2005-12-31": -29.67, "2005-09-30": -45.009, "2005-06-30": 4195.783, "2005-03-31": "-58.27800"}, "Net Cash Flow": {"2020-09-30": -241.633, "2020-06-30": -1180.912, "2020-03-31": "3686.81300", "2019-12-31": 1096.035, "2019-09-30": 72.978, "2019-06-30": -62.813, "2019-03-31": "-303.35800", "2018-12-31": 224.085, "2018-09-30": 29.805, "2018-06-30": -252.53, "2018-03-31": "25.40700", "2017-12-31": -486.693, "2017-09-30": 229.626, "2017-06-30": 361.618, "2017-03-31": "-51.13700", "2016-12-31": 0.423, "2016-09-30": -1057.097, "2016-06-30": 838.35, "2016-03-31": "-5.40700", "2015-12-31": -137.483, "2015-09-30": -534.545, "2015-06-30": 146.805, "2015-03-31": "481.82000", "2014-12-31": 400.288, "2014-09-30": -51.71, "2014-06-30": 250.401, "2014-03-31": "-688.93300", "2013-12-31": 428.266, "2013-09-30": 96.73, "2013-06-30": -201.964, "2013-03-31": "-62.87200", "2012-12-31": -899.65, "2012-09-30": 711.238, "2012-06-30": 97.029, "2012-03-31": "-231.02100", "2011-12-31": 50.788, "2011-09-30": 893.572, "2011-06-30": 490.278, "2011-03-31": "-67.68900", "2010-12-31": -53.793, "2010-09-30": -460.451, "2010-06-30": 572.621, "2010-03-31": "-1615.62000", "2009-12-31": 1159.217, "2009-09-30": 485.634, "2009-06-30": -954.225, "2009-03-31": "1069.93700", "2008-12-31": 45.557, "2008-09-30": -33.642, "2008-06-30": -47.75, "2008-03-31": "-84.64500", "2007-12-31": 104.519, "2007-09-30": 13.961, "2007-06-30": -16.323, "2007-03-31": "-138.97700", "2006-12-31": 109.228, "2006-09-30": 48.724, "2006-06-30": -2.042, "2006-03-31": "-80.89900", "2005-12-31": 112.491, "2005-09-30": -41.053, "2005-06-30": -89.251, "2005-03-31": "-39.38200"}, "Stock-Based Compensation": {"2020-09-30": 21.948, "2020-06-30": 18.835, "2020-03-31": "36.89800", "2019-12-31": 24.32, "2019-09-30": 15.32, "2019-06-30": 17.062, "2019-03-31": "32.13600", "2018-12-31": 19.167, "2018-09-30": 17.099, "2018-06-30": 17.801, "2018-03-31": "16.11000", "2017-12-31": 16.188, "2017-09-30": 15.341, "2017-06-30": 15.005, "2017-03-31": "15.96000", "2016-12-31": 16.61, "2016-09-30": 13.954, "2016-06-30": 12.875, "2016-03-31": "12.04800", "2015-12-31": 12.248, "2015-09-30": 9.688, "2015-06-30": 10.26, "2015-03-31": "10.67600", "2014-12-31": 10.713, "2014-09-30": 9.951, "2014-06-30": 8.405, "2014-03-31": "8.19500", "2013-12-31": 8.398, "2013-09-30": 7.379, "2013-06-30": 7.932, "2013-03-31": "8.62300", "2012-12-31": 9.428, "2012-09-30": 9.336, "2012-06-30": 10.192, "2012-03-31": "10.60400", "2011-12-31": 11.046, "2011-09-30": 10.055, "2011-06-30": 9.396, "2011-03-31": "9.21000", "2010-12-31": 8.832, "2010-09-30": 8.599, "2010-06-30": 8.002, "2010-03-31": "9.55500", "2009-12-31": 9.495, "2009-09-30": 9.32, "2009-06-30": 9.022, "2009-03-31": "8.73400", "2008-12-31": 6.612, "2008-09-30": 8.87, "2008-06-30": 9.592, "2008-03-31": "11.20300", "2007-12-31": 11.191, "2007-09-30": 10.712, "2007-06-30": 9.948, "2007-03-31": "13.82700", "2006-12-31": 15.345, "2006-09-30": 17.463, "2006-06-30": 17.413, "2006-03-31": "23.40500", "2005-12-31": 1.884, "2005-09-30": 1.64, "2005-06-30": 1.899, "2005-03-31": "1.90000"}, "Common Stock Dividends Paid": {"2020-09-30": -1.233, "2020-06-30": -1.233, "2020-03-31": "-73.90400", "2019-12-31": -66.125, "2019-09-30": -66.948, "2019-06-30": -68.416, "2019-03-31": "-69.79900", "2018-12-31": -63.297, "2018-09-30": -63.961, "2018-06-30": -65.335, "2018-03-31": "-67.99900", "2017-12-31": -62.288, "2017-09-30": -63.297, "2017-06-30": -63.247, "2017-03-31": "-63.18200", "2016-12-31": 0, "2016-09-30": 0, "2016-06-30": 0, "2016-03-31": "0.00000", "2015-12-31": 0, "2015-09-30": 0, "2015-06-30": 0, "2015-03-31": "", "2014-12-31": 0, "2014-09-30": 0, "2014-06-30": 0, "2014-03-31": "", "2013-12-31": 0, "2013-09-30": 0, "2013-06-30": 0, "2013-03-31": "", "2012-12-31": 0, "2012-09-30": 0, "2012-06-30": 0, "2012-03-31": "", "2011-12-31": 0, "2011-09-30": 0, "2011-06-30": 0, "2011-03-31": "", "2010-12-31": 0, "2010-09-30": 0, "2010-06-30": 0, "2010-03-31": "", "2009-12-31": 0, "2009-09-30": 0, "2009-06-30": 0, "2009-03-31": "", "2008-12-31": 0, "2008-09-30": 0, "2008-06-30": 0, "2008-03-31": "", "2007-12-31": 0, "2007-09-30": 0, "2007-06-30": 0, "2007-03-31": "", "2006-12-31": 0, "2006-09-30": 0, "2006-06-30": 0, "2006-03-31": "", "2005-12-31": 0, "2005-09-30": 0, "2005-06-30": 0, "2005-03-31": ""}}, "financial ratios": {"Current Ratio": {"2019-12-31": "1.25580", "2018-12-31": "0.85690", "2017-12-31": "0.75720", "2016-12-31": "0.97220", "2015-12-31": "1.07630", "2014-12-31": "0.88830", "2013-12-31": "1.22760", "2012-12-31": "1.30190", "2011-12-31": "1.61210", "2010-12-31": "1.16800", "2009-12-31": "1.28100", "2008-12-31": "0.51060", "2007-12-31": "0.65280", "2006-12-31": "0.91910", "2005-12-31": "0.66380"}, "Long-term Debt / Capital": {"2019-12-31": "0.46870", "2018-12-31": "0.59030", "2017-12-31": "0.52340", "2016-12-31": "0.56560", "2015-12-31": "0.61430", "2014-12-31": "0.62670", "2013-12-31": "0.63110", "2012-12-31": "0.62610", "2011-12-31": "0.57680", "2010-12-31": "0.80430", "2009-12-31": "0.77030", "2008-12-31": "0.75750", "2007-12-31": "0.64840", "2006-12-31": "0.77150", "2005-12-31": "0.79250"}, "Debt/Equity Ratio": {"2019-12-31": "0.88200", "2018-12-31": "1.44520", "2017-12-31": "1.11180", "2016-12-31": "1.30280", "2015-12-31": "1.63520", "2014-12-31": "1.84190", "2013-12-31": "1.71070", "2012-12-31": "1.67440", "2011-12-31": "1.36310", "2010-12-31": "4.10880", "2009-12-31": "3.63160", "2008-12-31": "3.38780", "2007-12-31": "1.84390", "2006-12-31": "3.37570", "2005-12-31": "3.81920"}, "Gross Margin": {"2019-12-31": "41.05670", "2018-12-31": "41.18150", "2017-12-31": "42.64290", "2016-12-31": "41.74860", "2015-12-31": "38.78850", "2014-12-31": "36.83090", "2013-12-31": "36.19850", "2012-12-31": "35.36310", "2011-12-31": "35.96430", "2010-12-31": "37.34630", "2009-12-31": "40.58310", "2008-12-31": "44.03520", "2007-12-31": "47.63720", "2006-12-31": "48.22910", "2005-12-31": "45.88100"}, "Operating Margin": {"2019-12-31": "30.54510", "2018-12-31": "12.49230", "2017-12-31": "15.86040", "2016-12-31": "21.92590", "2015-12-31": "-1.70000", "2014-12-31": "13.12780", "2013-12-31": "11.59350", "2012-12-31": "1.32470", "2011-12-31": "51.68790", "2010-12-31": "-19.13690", "2009-12-31": "-16.03630", "2008-12-31": "-1.79790", "2007-12-31": "37.23430", "2006-12-31": "24.50190", "2005-12-31": "21.70170"}, "EBIT Margin": {"2019-12-31": "30.54510", "2018-12-31": "12.49230", "2017-12-31": "15.86040", "2016-12-31": "21.92590", "2015-12-31": "-1.70000", "2014-12-31": "13.12780", "2013-12-31": "11.59350", "2012-12-31": "1.32470", "2011-12-31": "51.68790", "2010-12-31": "-19.13690", "2009-12-31": "-16.03630", "2008-12-31": "-1.79790", "2007-12-31": "37.23430", "2006-12-31": "24.50190", "2005-12-31": "21.70170"}, "EBITDA Margin": {"2019-12-31": "40.96100", "2018-12-31": "22.85650", "2017-12-31": "25.36710", "2016-12-31": "31.31600", "2015-12-31": "23.69870", "2014-12-31": "21.59250", "2013-12-31": "20.61020", "2012-12-31": "12.25250", "2011-12-31": "63.29330", "2010-12-31": "-7.22460", "2009-12-31": "-3.72260", "2008-12-31": "9.14520", "2007-12-31": "46.39540", "2006-12-31": "33.57140", "2005-12-31": "31.39190"}, "Pre-Tax Profit Margin": {"2019-12-31": "22.06820", "2018-12-31": "5.38980", "2017-12-31": "8.89830", "2016-12-31": "13.26810", "2015-12-31": "-11.38450", "2014-12-31": "4.07540", "2013-12-31": "0.63400", "2012-12-31": "-18.93070", "2011-12-31": "36.07490", "2010-12-31": "-36.59220", "2009-12-31": "-33.48410", "2008-12-31": "-9.28020", "2007-12-31": "28.06200", "2006-12-31": "13.62780", "2005-12-31": "10.88440"}, "Net Profit Margin": {"2019-12-31": "15.86420", "2018-12-31": "3.78680", "2017-12-31": "17.90870", "2016-12-31": "11.60950", "2015-12-31": "-4.87180", "2014-12-31": "-1.48650", "2013-12-31": "-1.75070", "2012-12-31": "-19.29620", "2011-12-31": "39.68040", "2010-12-31": "-23.73510", "2009-12-31": "-21.49010", "2008-12-31": "-11.86450", "2007-12-31": "20.59920", "2006-12-31": "9.03380", "2005-12-31": "7.23230"}, "Asset Turnover": {"2019-12-31": "0.38080", "2018-12-31": "0.38940", "2017-12-31": "0.37030", "2016-12-31": "0.33640", "2015-12-31": "0.36450", "2014-12-31": "0.37910", "2013-12-31": "0.37610", "2012-12-31": "0.34850", "2011-12-31": "0.28270", "2010-12-31": "0.31950", "2009-12-31": "0.26690", "2008-12-31": "0.30970", "2007-12-31": "0.33840", "2006-12-31": "0.32400", "2005-12-31": "0.29610"}, "Inventory Turnover Ratio": {"2019-12-31": "73.90060", "2018-12-31": "62.42730", "2017-12-31": "60.54360", "2016-12-31": "56.49290", "2015-12-31": "53.98630", "2014-12-31": "61.23100", "2013-12-31": "58.00100", "2012-12-31": "55.04230", "2011-12-31": "44.58560", "2010-12-31": "39.36330", "2009-12-31": "35.07850", "2008-12-31": "36.18110", "2007-12-31": "31.72780", "2006-12-31": "31.36150", "2005-12-31": "29.66130"}, "Receiveable Turnover": {"2019-12-31": "9.38240", "2018-12-31": "17.15650", "2017-12-31": "18.46280", "2016-12-31": "17.45780", "2015-12-31": "18.50780", "2014-12-31": "20.65900", "2013-12-31": "20.09280", "2012-12-31": "20.64760", "2011-12-31": "15.96270", "2010-12-31": "12.16370", "2009-12-31": "7.98190", "2008-12-31": "19.58370", "2007-12-31": "18.62680", "2006-12-31": "18.80790", "2005-12-31": "17.37830"}, "Days Sales In Receivables": {"2019-12-31": "38.90280", "2018-12-31": "21.27480", "2017-12-31": "19.76950", "2016-12-31": "20.90750", "2015-12-31": "19.72150", "2014-12-31": "17.66790", "2013-12-31": "18.16570", "2012-12-31": "17.67760", "2011-12-31": "22.86590", "2010-12-31": "30.00740", "2009-12-31": "45.72860", "2008-12-31": "18.63800", "2007-12-31": "19.59540", "2006-12-31": "19.40680", "2005-12-31": "21.00330"}, "ROE - Return On Equity": {"2019-12-31": "17.48710", "2018-12-31": "5.57690", "2017-12-31": "17.98430", "2016-12-31": "12.39650", "2015-12-31": "-13.38990", "2014-12-31": "1.66720", "2013-12-31": "0.52640", "2012-12-31": "-19.92250", "2011-12-31": "32.73500", "2010-12-31": "-49.02180", "2009-12-31": "-33.37310", "2008-12-31": "-21.52010", "2007-12-31": "23.10860", "2006-12-31": "16.52130", "2005-12-31": "13.45770"}, "Return On Tangible Equity": {"2019-12-31": "32.79660", "2018-12-31": "12.41290", "2017-12-31": "35.23390", "2016-12-31": "30.40600", "2015-12-31": "-47.93490", "2014-12-31": "34.71890", "2013-12-31": "9.16990", "2012-12-31": "-340.16200", "2011-12-31": "166.96530", "2010-12-31": "-57.21670", "2009-12-31": "-37.55080", "2008-12-31": "-24.15520", "2007-12-31": "31.57450", "2006-12-31": "29.15270", "2005-12-31": "28.21500"}, "ROA - Return On Assets": {"2019-12-31": "6.53670", "2018-12-31": "1.93270", "2017-12-31": "7.16110", "2016-12-31": "4.38660", "2015-12-31": "-4.12310", "2014-12-31": "0.47820", "2013-12-31": "0.15860", "2012-12-31": "-6.15150", "2011-12-31": "11.65060", "2010-12-31": "-7.58450", "2009-12-31": "-5.73620", "2008-12-31": "-3.67470", "2007-12-31": "6.16230", "2006-12-31": "2.87180", "2005-12-31": "2.10330"}, "ROI - Return On Investment": {"2019-12-31": "9.29170", "2018-12-31": "2.28460", "2017-12-31": "8.57140", "2016-12-31": "5.38530", "2015-12-31": "-5.16400", "2014-12-31": "0.62240", "2013-12-31": "0.19420", "2012-12-31": "-7.44940", "2011-12-31": "13.85270", "2010-12-31": "-9.59550", "2009-12-31": "-7.66740", "2008-12-31": "-5.21810", "2007-12-31": "8.12570", "2006-12-31": "3.77570", "2005-12-31": "2.79250"}, "Book Value Per Share": {"2019-12-31": "25.16740", "2018-12-31": "19.84870", "2017-12-31": "20.50440", "2016-12-31": "17.36440", "2015-12-31": "13.74630", "2014-12-31": "15.52700", "2013-12-31": "16.03000", "2012-12-31": "16.58920", "2011-12-31": "20.21590", "2010-12-31": "6.00220", "2009-12-31": "8.77210", "2008-12-31": "14.37350", "2007-12-31": "20.63090", "2006-12-31": "13.55910", "2005-12-31": "11.34830"}, "Operating Cash Flow Per Share": {"2019-12-31": 0.2966, "2018-12-31": -0.6776, "2017-12-31": 1.1365, "2016-12-31": 0.8242, "2015-12-31": -0.452, "2014-12-31": -0.3728, "2013-12-31": 0.8165, "2012-12-31": 0.656, "2011-12-31": 0.0848, "2010-12-31": -0.4343, "2009-12-31": -1.138, "2008-12-31": -0.6426, "2007-12-31": -0.8889, "2006-12-31": 0.2313, "2005-12-31": 3.9914}, "Free Cash Flow Per Share": {"2019-12-31": 1.5599, "2018-12-31": -0.1172, "2017-12-31": 1.8565, "2016-12-31": -0.428, "2015-12-31": -1.3783, "2014-12-31": -1.0226, "2013-12-31": 0.5691, "2012-12-31": 0.3288, "2011-12-31": -0.1634, "2010-12-31": -0.42, "2009-12-31": 1.046, "2008-12-31": 6.492, "2007-12-31": -4.5206, "2006-12-31": -3.3578, "2005-12-31": 1.591}}, "financial ratios, quarterly": {"Current Ratio": {"2020-09-30": "2.23590", "2020-06-30": "2.47400", "2020-03-31": "2.89310", "2019-12-31": "1.25580", "2019-09-30": "0.87470", "2019-06-30": "0.73210", "2019-03-31": "0.78470", "2018-12-31": "0.85690", "2018-09-30": "0.74150", "2018-06-30": "0.67970", "2018-03-31": "0.66710", "2017-12-31": "0.75720", "2017-09-30": "1.02150", "2017-06-30": "0.92740", "2017-03-31": "1.02260", "2016-12-31": "0.97220", "2016-09-30": "1.03930", "2016-06-30": "1.66540", "2016-03-31": "1.15000", "2015-12-31": "1.07630", "2015-09-30": "1.32230", "2015-06-30": "1.17060", "2015-03-31": "1.55960", "2014-12-31": "0.88830", "2014-09-30": "0.59090", "2014-06-30": "0.84610", "2014-03-31": "0.91250", "2013-12-31": "1.22760", "2013-09-30": "1.05670", "2013-06-30": "1.05340", "2013-03-31": "1.30370", "2012-12-31": "1.30190", "2012-09-30": "1.65250", "2012-06-30": "1.38770", "2012-03-31": "1.37060", "2011-12-31": "1.61210", "2011-09-30": "1.35050", "2011-06-30": "1.13140", "2011-03-31": "1.16540", "2010-12-31": "1.16800", "2010-09-30": "0.97710", "2010-06-30": "1.49960", "2010-03-31": "1.52750", "2009-12-31": "1.28100", "2009-09-30": "1.40390", "2009-06-30": "0.87290", "2009-03-31": "0.13060", "2008-12-31": "0.51060", "2008-09-30": "0.77890", "2008-06-30": "0.73160", "2008-03-31": "0.85850", "2007-12-31": "0.65280", "2007-09-30": "0.66510", "2007-06-30": "0.53780", "2007-03-31": "0.87760", "2006-12-31": "0.91910", "2006-09-30": "0.64510", "2006-06-30": "0.62190", "2006-03-31": "0.65350", "2005-12-31": "0.66380", "2005-09-30": "0.67690", "2005-06-30": "0.68870", "2005-03-31": "1.00170"}, "Long-term Debt / Capital": {"2020-09-30": "0.49380", "2020-06-30": "0.47870", "2020-03-31": "0.46830", "2019-12-31": "0.46870", "2019-09-30": "0.58690", "2019-06-30": "0.57240", "2019-03-31": "0.56770", "2018-12-31": "0.59030", "2018-09-30": "0.57710", "2018-06-30": "0.55490", "2018-03-31": "0.52780", "2017-12-31": "0.52340", "2017-09-30": "0.55790", "2017-06-30": "0.55430", "2017-03-31": "0.56370", "2016-12-31": "0.56560", "2016-09-30": "0.56320", "2016-06-30": "0.56480", "2016-03-31": "0.61730", "2015-12-31": "0.61430", "2015-09-30": "0.58120", "2015-06-30": "0.57660", "2015-03-31": "0.65530", "2014-12-31": "0.62670", "2014-09-30": "0.59750", "2014-06-30": "0.61350", "2014-03-31": "0.62310", "2013-12-31": "0.63110", "2013-09-30": "0.62480", "2013-06-30": "0.62530", "2013-03-31": "0.63470", "2012-12-31": "0.62610", "2012-09-30": "0.59870", "2012-06-30": "0.58420", "2012-03-31": "0.58470", "2011-12-31": "0.57680", "2011-09-30": "0.56850", "2011-06-30": "0.55700", "2011-03-31": "0.80540", "2010-12-31": "0.80430", "2010-09-30": "0.83250", "2010-06-30": "0.82080", "2010-03-31": "0.77050", "2009-12-31": "0.77030", "2009-09-30": "0.75040", "2009-06-30": "0.71020", "2009-03-31": "0.00100", "2008-12-31": "0.75750", "2008-09-30": "0.72090", "2008-06-30": "0.71890", "2008-03-31": "0.71490", "2007-12-31": "0.64840", "2007-09-30": "0.75520", "2007-06-30": "0.75790", "2007-03-31": "0.77100", "2006-12-31": "0.77150", "2006-09-30": "0.78530", "2006-06-30": "0.78440", "2006-03-31": "0.78690", "2005-12-31": "0.79250", "2005-09-30": "0.79090", "2005-06-30": "0.79440", "2005-03-31": "0.63830"}, "Debt/Equity Ratio": {"2020-09-30": "0.97540", "2020-06-30": "0.91830", "2020-03-31": "0.88080", "2019-12-31": "0.88200", "2019-09-30": "1.42040", "2019-06-30": "1.33840", "2019-03-31": "1.31340", "2018-12-31": "1.44520", "2018-09-30": "1.36460", "2018-06-30": "1.24660", "2018-03-31": "1.16510", "2017-12-31": "1.11180", "2017-09-30": "1.30690", "2017-06-30": "1.29000", "2017-03-31": "1.29170", "2016-12-31": "1.30280", "2016-09-30": "1.28930", "2016-06-30": "1.29790", "2016-03-31": "1.64390", "2015-12-31": "1.63520", "2015-09-30": "1.38760", "2015-06-30": "1.45700", "2015-03-31": "1.90140", "2014-12-31": "1.84190", "2014-09-30": "1.63510", "2014-06-30": "1.62740", "2014-03-31": "1.65290", "2013-12-31": "1.71070", "2013-09-30": "1.66530", "2013-06-30": "1.66880", "2013-03-31": "1.73760", "2012-12-31": "1.67440", "2012-09-30": "1.49210", "2012-06-30": "1.42020", "2012-03-31": "1.40760", "2011-12-31": "1.36310", "2011-09-30": "1.35300", "2011-06-30": "1.27730", "2011-03-31": "4.13860", "2010-12-31": "4.10880", "2010-09-30": "4.96930", "2010-06-30": "4.57910", "2010-03-31": "3.35770", "2009-12-31": "3.63160", "2009-09-30": "3.00580", "2009-06-30": "2.45090", "2009-03-31": "3.51100", "2008-12-31": "3.38780", "2008-09-30": "2.58300", "2008-06-30": "2.55800", "2008-03-31": "2.50740", "2007-12-31": "1.84390", "2007-09-30": "3.08430", "2007-06-30": "3.13100", "2007-03-31": "3.36770", "2006-12-31": "3.37570", "2006-09-30": "3.65840", "2006-06-30": "3.63710", "2006-03-31": "3.69330", "2005-12-31": "3.81920", "2005-09-30": "3.78140", "2005-06-30": "3.86300", "2005-03-31": "1.76480"}, "Gross Margin": {"2020-09-30": "35.20700", "2020-06-30": "-29.17820", "2020-03-31": "36.16150", "2019-12-31": "40.35910", "2019-09-30": "41.56830", "2019-06-30": "40.90360", "2019-03-31": "41.37780", "2018-12-31": "40.16020", "2018-09-30": "40.99550", "2018-06-30": "41.60220", "2018-03-31": "42.05980", "2017-12-31": "40.63510", "2017-09-30": "43.53450", "2017-06-30": "42.66440", "2017-03-31": "43.61240", "2016-12-31": "40.37680", "2016-09-30": "43.32190", "2016-06-30": "42.14730", "2016-03-31": "41.09060", "2015-12-31": "39.79770", "2015-09-30": "38.71050", "2015-06-30": "38.96380", "2015-03-31": "37.73720", "2014-12-31": "36.84660", "2014-09-30": "35.89320", "2014-06-30": "37.27350", "2014-03-31": "37.26820", "2013-12-31": "36.13060", "2013-09-30": "35.84840", "2013-06-30": "36.32810", "2013-03-31": "36.50080", "2012-12-31": "35.32020", "2012-09-30": "35.14140", "2012-06-30": "36.47170", "2012-03-31": "34.49880", "2011-12-31": "34.46890", "2011-09-30": "35.41230", "2011-06-30": "37.39660", "2011-03-31": "37.33990", "2010-12-31": "36.33000", "2010-09-30": "38.37840", "2010-06-30": "37.69830", "2010-03-31": "36.89770", "2009-12-31": "37.02940", "2009-09-30": "42.00860", "2009-06-30": "42.20270", "2009-03-31": "41.03000", "2008-12-31": "39.43960", "2008-09-30": "44.36860", "2008-06-30": "45.95770", "2008-03-31": "45.79500", "2007-12-31": "46.75970", "2007-09-30": "47.20090", "2007-06-30": "48.01780", "2007-03-31": "48.56130", "2006-12-31": "51.32240", "2006-09-30": "46.21840", "2006-06-30": "47.79100", "2006-03-31": "47.47970", "2005-12-31": "47.38060", "2005-09-30": "44.36320", "2005-06-30": "45.79180", "2005-03-31": "46.54310"}, "Operating Margin": {"2020-09-30": "-43.98020", "2020-06-30": "-356.96930", "2020-03-31": "55.52360", "2019-12-31": "92.93450", "2019-09-30": "7.19230", "2019-06-30": "11.52520", "2019-03-31": "11.65470", "2018-12-31": "10.99790", "2018-09-30": "13.56430", "2018-06-30": "12.70070", "2018-03-31": "12.74720", "2017-12-31": "8.60080", "2017-09-30": "17.40900", "2017-06-30": "18.84890", "2017-03-31": "18.27040", "2016-12-31": "11.28980", "2016-09-30": "28.33890", "2016-06-30": "33.88650", "2016-03-31": "14.29860", "2015-12-31": "-54.62150", "2015-09-30": "13.03820", "2015-06-30": "14.61220", "2015-03-31": "16.94090", "2014-12-31": "11.15520", "2014-09-30": "11.52870", "2014-06-30": "13.73340", "2014-03-31": "15.83300", "2013-12-31": "13.57090", "2013-09-30": "10.66960", "2013-06-30": "9.33400", "2013-03-31": "12.83160", "2012-12-31": "-16.73700", "2012-09-30": "6.09320", "2012-06-30": "7.54700", "2012-03-31": "8.41960", "2011-12-31": "3.96660", "2011-09-30": "5.04000", "2011-06-30": "203.97510", "2011-03-31": "11.21760", "2010-12-31": "7.22360", "2010-09-30": "-13.13890", "2010-06-30": "-67.78240", "2010-03-31": "-0.78380", "2009-12-31": "-32.78430", "2009-09-30": "-62.83620", "2009-06-30": "8.77410", "2009-03-31": "23.69230", "2008-12-31": "-63.64390", "2008-09-30": "13.52860", "2008-06-30": "17.60730", "2008-03-31": "18.11860", "2007-12-31": "77.00520", "2007-09-30": "24.49110", "2007-06-30": "24.21860", "2007-03-31": "23.07060", "2006-12-31": "27.52250", "2006-09-30": "23.36420", "2006-06-30": "23.71030", "2006-03-31": "23.29580", "2005-12-31": "22.77460", "2005-09-30": "18.80270", "2005-06-30": "22.02440", "2005-03-31": "24.34740"}, "EBIT Margin": {"2020-09-30": "-43.98020", "2020-06-30": "-356.96930", "2020-03-31": "55.52360", "2019-12-31": "92.93450", "2019-09-30": "7.19230", "2019-06-30": "11.52520", "2019-03-31": "11.65470", "2018-12-31": "10.99790", "2018-09-30": "13.56430", "2018-06-30": "12.70070", "2018-03-31": "12.74720", "2017-12-31": "8.60080", "2017-09-30": "17.40900", "2017-06-30": "18.84890", "2017-03-31": "18.27040", "2016-12-31": "11.28980", "2016-09-30": "28.33890", "2016-06-30": "33.88650", "2016-03-31": "14.29860", "2015-12-31": "-54.62150", "2015-09-30": "13.03820", "2015-06-30": "14.61220", "2015-03-31": "16.94090", "2014-12-31": "11.15520", "2014-09-30": "11.52870", "2014-06-30": "13.73340", "2014-03-31": "15.83300", "2013-12-31": "13.57080", "2013-09-30": "10.66960", "2013-06-30": "9.33400", "2013-03-31": "12.83160", "2012-12-31": "-16.73700", "2012-09-30": "6.09320", "2012-06-30": "7.54700", "2012-03-31": "8.41960", "2011-12-31": "3.96660", "2011-09-30": "5.04000", "2011-06-30": "203.97510", "2011-03-31": "11.21760", "2010-12-31": "7.22360", "2010-09-30": "-13.13890", "2010-06-30": "-67.78240", "2010-03-31": "-0.78380", "2009-12-31": "-32.78430", "2009-09-30": "-62.83620", "2009-06-30": "8.77410", "2009-03-31": "23.69230", "2008-12-31": "-63.64390", "2008-09-30": "13.52860", "2008-06-30": "17.60730", "2008-03-31": "18.11860", "2007-12-31": "77.00520", "2007-09-30": "24.49110", "2007-06-30": "24.21860", "2007-03-31": "23.07060", "2006-12-31": "27.52250", "2006-09-30": "23.36420", "2006-06-30": "23.71030", "2006-03-31": "23.29580", "2005-12-31": "22.77470", "2005-09-30": "18.80270", "2005-06-30": "22.02440", "2005-03-31": "24.34740"}, "EBITDA Margin": {"2020-09-30": "", "2020-06-30": "", "2020-03-31": "", "2019-12-31": "", "2019-09-30": "", "2019-06-30": "", "2019-03-31": "", "2018-12-31": "", "2018-09-30": "", "2018-06-30": "", "2018-03-31": "", "2017-12-31": "", "2017-09-30": "", "2017-06-30": "", "2017-03-31": "", "2016-12-31": "", "2016-09-30": "", "2016-06-30": "", "2016-03-31": "", "2015-12-31": "", "2015-09-30": "", "2015-06-30": "", "2015-03-31": "", "2014-12-31": "", "2014-09-30": "", "2014-06-30": "", "2014-03-31": "", "2013-12-31": "", "2013-09-30": "", "2013-06-30": "", "2013-03-31": "", "2012-12-31": "", "2012-09-30": "", "2012-06-30": "", "2012-03-31": "", "2011-12-31": "", "2011-09-30": "", "2011-06-30": "", "2011-03-31": "", "2010-12-31": "", "2010-09-30": "", "2010-06-30": "", "2010-03-31": "", "2009-12-31": "", "2009-09-30": "", "2009-06-30": "", "2009-03-31": "", "2008-12-31": "", "2008-09-30": "", "2008-06-30": "", "2008-03-31": "", "2007-12-31": "", "2007-09-30": "", "2007-06-30": "", "2007-03-31": "", "2006-12-31": "", "2006-09-30": "", "2006-06-30": "", "2006-03-31": "", "2005-12-31": "", "2005-09-30": "", "2005-06-30": "", "2005-03-31": ""}, "Pre-Tax Profit Margin": {"2020-09-30": "-60.28000", "2020-06-30": "-416.38630", "2020-03-31": "41.58450", "2019-12-31": "82.33010", "2019-09-30": "-0.03540", "2019-06-30": "2.72720", "2019-03-31": "4.33340", "2018-12-31": "3.22630", "2018-09-30": "6.28710", "2018-06-30": "5.74150", "2018-03-31": "6.41060", "2017-12-31": "1.58180", "2017-09-30": "10.26280", "2017-06-30": "11.85960", "2017-03-31": "11.58070", "2016-12-31": "4.26080", "2016-09-30": "20.52650", "2016-06-30": "23.04370", "2016-03-31": "5.09160", "2015-12-31": "-64.03290", "2015-09-30": "3.43040", "2015-06-30": "5.14420", "2015-03-31": "6.70350", "2014-12-31": "1.70350", "2014-09-30": "2.43820", "2014-06-30": "4.89040", "2014-03-31": "6.97370", "2013-12-31": "0.68240", "2013-09-30": "0.76100", "2013-06-30": "-1.07660", "2013-03-31": "2.25360", "2012-12-31": "-55.74340", "2012-09-30": "-6.97390", "2012-06-30": "-5.23880", "2012-03-31": "-7.70150", "2011-12-31": "-9.15050", "2011-09-30": "-8.33880", "2011-06-30": "186.74110", "2011-03-31": "-9.54850", "2010-12-31": "-12.46720", "2010-09-30": "-32.60300", "2010-06-30": "-88.08540", "2010-03-31": "-10.77910", "2009-12-31": "-48.45910", "2009-09-30": "-75.54340", "2009-06-30": "-20.77340", "2009-03-31": "11.70110", "2008-12-31": "-68.91540", "2008-09-30": "5.33670", "2008-06-30": "9.66960", "2008-03-31": "9.83760", "2007-12-31": "69.13140", "2007-09-30": "14.94930", "2007-06-30": "14.74550", "2007-03-31": "13.26530", "2006-12-31": "16.83420", "2006-09-30": "12.61210", "2006-06-30": "12.73260", "2006-03-31": "12.20770", "2005-12-31": "9.63140", "2005-09-30": "8.16010", "2005-06-30": "12.22150", "2005-03-31": "14.52720"}, "Net Profit Margin": {"2020-09-30": "-47.49280", "2020-06-30": "-295.80070", "2020-03-31": "35.81600", "2019-12-31": "63.07000", "2019-09-30": "-1.12040", "2019-06-30": "1.34660", "2019-03-31": "0.98510", "2018-12-31": "-1.26660", "2018-09-30": "4.71650", "2018-06-30": "4.12040", "2018-03-31": "7.91730", "2017-12-31": "52.70430", "2017-09-30": "5.24220", "2017-06-30": "7.91300", "2017-03-31": "7.59550", "2016-12-31": "0.95050", "2016-09-30": "21.29600", "2016-06-30": "20.90120", "2016-03-31": "3.02300", "2015-12-31": "-35.65230", "2015-09-30": "2.91230", "2015-06-30": "4.08610", "2015-03-31": "7.28270", "2014-12-31": "-14.34740", "2014-09-30": "-0.81570", "2014-06-30": "4.26220", "2014-03-31": "3.90250", "2013-12-31": "-2.50710", "2013-09-30": "-0.90590", "2013-06-30": "-3.74640", "2013-03-31": "0.27830", "2012-12-31": "-53.33720", "2012-09-30": "-8.03370", "2012-06-30": "-6.25930", "2012-03-31": "-9.49700", "2011-12-31": "-4.94980", "2011-09-30": "-5.54200", "2011-06-30": "190.58770", "2011-03-31": "-5.94050", "2010-12-31": "-9.37830", "2010-09-30": "-20.29150", "2010-06-30": "-57.09680", "2010-03-31": "-6.63800", "2009-12-31": "-29.23160", "2009-09-30": "-48.94190", "2009-06-30": "-14.22710", "2009-03-31": "7.01890", "2008-12-31": "-69.83530", "2008-09-30": "3.43190", "2008-06-30": "5.96610", "2008-03-31": "6.28290", "2007-12-31": "45.22240", "2007-09-30": "9.69190", "2007-06-30": "18.59990", "2007-03-31": "8.71620", "2006-12-31": "10.91910", "2006-09-30": "8.70520", "2006-06-30": "8.31540", "2006-03-31": "8.11770", "2005-12-31": "6.98310", "2005-09-30": "5.15470", "2005-06-30": "8.22680", "2005-03-31": "9.22480"}, "Asset Turnover": {"2020-09-30": "0.03040", "2020-06-30": "0.00770", "2020-03-31": "0.05760", "2019-12-31": "0.09400", "2019-09-30": "0.10630", "2019-06-30": "0.10460", "2019-03-31": "0.10200", "2018-12-31": "0.10110", "2018-09-30": "0.10110", "2018-06-30": "0.09870", "2018-03-31": "0.09630", "2017-12-31": "0.08910", "2017-09-30": "0.09730", "2017-06-30": "0.09290", "2017-03-31": "0.09600", "2016-12-31": "0.08820", "2016-09-30": "0.09080", "2016-06-30": "0.08550", "2016-03-31": "0.08670", "2015-12-31": "0.08690", "2015-09-30": "0.08550", "2015-06-30": "0.08790", "2015-03-31": "0.08700", "2014-12-31": "0.08970", "2014-09-30": "0.09760", "2014-06-30": "0.10090", "2014-03-31": "0.10380", "2013-12-31": "0.09630", "2013-09-30": "0.09600", "2013-06-30": "0.09650", "2013-03-31": "0.09030", "2012-12-31": "0.08730", "2012-09-30": "0.08100", "2012-06-30": "0.08520", "2012-03-31": "0.08350", "2011-12-31": "0.08270", "2011-09-30": "0.08020", "2011-06-30": "0.06640", "2011-03-31": "0.08060", "2010-12-31": "0.07830", "2010-09-30": "0.08190", "2010-06-30": "0.07740", "2010-03-31": "0.06940", "2009-12-31": "0.06590", "2009-09-30": "0.07060", "2009-06-30": "0.06670", "2009-03-31": "0.06290", "2008-12-31": "0.07060", "2008-09-30": "0.07630", "2008-06-30": "0.08200", "2008-03-31": "0.08230", "2007-12-31": "0.08490", "2007-09-30": "0.07800", "2007-06-30": "0.08240", "2007-03-31": "0.08550", "2006-12-31": "0.08340", "2006-09-30": "0.08290", "2006-06-30": "0.08350", "2006-03-31": "0.08510", "2005-12-31": "0.06770", "2005-09-30": "0.08890", "2005-06-30": "0.08370", "2005-03-31": "0.10820"}, "Inventory Turnover Ratio": {"2020-09-30": "7.49640", "2020-06-30": "3.50560", "2020-03-31": "13.52590", "2019-12-31": "18.46320", "2019-09-30": "18.58480", "2019-06-30": "17.85090", "2019-03-31": "16.73260", "2018-12-31": "16.48300", "2018-09-30": "17.11470", "2018-06-30": "15.29750", "2018-03-31": "15.23830", "2017-12-31": "15.07510", "2017-09-30": "15.78470", "2017-06-30": "14.74620", "2017-03-31": "15.24720", "2016-12-31": "15.15370", "2016-09-30": "14.63570", "2016-06-30": "13.42500", "2016-03-31": "13.33940", "2015-12-31": "12.66370", "2015-09-30": "13.90490", "2015-06-30": "13.61650", "2015-03-31": "14.05920", "2014-12-31": "14.48460", "2014-09-30": "16.04710", "2014-06-30": "15.79140", "2014-03-31": "16.24860", "2013-12-31": "14.87560", "2013-09-30": "16.06910", "2013-06-30": "15.62530", "2013-03-31": "14.21840", "2012-12-31": "13.79550", "2012-09-30": "13.57080", "2012-06-30": "13.02770", "2012-03-31": "13.53890", "2011-12-31": "13.35150", "2011-09-30": "13.83430", "2011-06-30": "10.73520", "2011-03-31": "9.96830", "2010-12-31": "9.80340", "2010-09-30": "10.33050", "2010-06-30": "9.95830", "2010-03-31": "9.54320", "2009-12-31": "9.18140", "2009-09-30": "9.06160", "2009-06-30": "8.60130", "2009-03-31": "8.59530", "2008-12-31": "8.92820", "2008-09-30": "7.91970", "2008-06-30": "8.14500", "2008-03-31": "8.22150", "2007-12-31": "8.08920", "2007-09-30": "8.04130", "2007-06-30": "8.02160", "2007-03-31": "7.97170", "2006-12-31": "7.58580", "2006-09-30": "8.22780", "2006-06-30": "7.77990", "2006-03-31": "7.93440", "2005-12-31": "6.59010", "2005-09-30": "9.46810", "2005-06-30": "8.12740", "2005-03-31": "9.12350"}, "Receiveable Turnover": {"2020-09-30": "0.90090", "2020-06-30": "0.24060", "2020-03-31": "1.82520", "2019-12-31": "2.31670", "2019-09-30": "2.53160", "2019-06-30": "5.52150", "2019-03-31": "5.11470", "2018-12-31": "4.45260", "2018-09-30": "5.35030", "2018-06-30": "5.49250", "2018-03-31": "5.15720", "2017-12-31": "4.44170", "2017-09-30": "5.49100", "2017-06-30": "5.56600", "2017-03-31": "5.50380", "2016-12-31": "4.57520", "2016-09-30": "5.10260", "2016-06-30": "4.98690", "2016-03-31": "4.78390", "2015-12-31": "4.41420", "2015-09-30": "4.68440", "2015-06-30": "4.95970", "2015-03-31": "4.96780", "2014-12-31": "4.88820", "2014-09-30": "5.72780", "2014-06-30": "5.44610", "2014-03-31": "5.34050", "2013-12-31": "5.14770", "2013-09-30": "5.99170", "2013-06-30": "5.63510", "2013-03-31": "4.94580", "2012-12-31": "5.17160", "2012-09-30": "5.46810", "2012-06-30": "4.85550", "2012-03-31": "4.79090", "2011-12-31": "4.67100", "2011-09-30": "4.81990", "2011-06-30": "4.88010", "2011-03-31": "3.07850", "2010-12-31": "2.98100", "2010-09-30": "3.10700", "2010-06-30": "2.77550", "2010-03-31": "1.32960", "2009-12-31": "1.97130", "2009-09-30": "3.21980", "2009-06-30": "3.53870", "2009-03-31": "3.33460", "2008-12-31": "4.46590", "2008-09-30": "4.77390", "2008-06-30": "5.15300", "2008-03-31": "4.82420", "2007-12-31": "4.67080", "2007-09-30": "4.41850", "2007-06-30": "5.80990", "2007-03-31": "5.16730", "2006-12-31": "4.83840", "2006-09-30": "5.22590", "2006-06-30": "5.62580", "2006-03-31": "5.64820", "2005-12-31": "3.97110", "2005-09-30": "6.05460", "2005-06-30": "5.68350", "2005-03-31": "5.51440"}, "Days Sales In Receivables": {"2020-09-30": "99.90150", "2020-06-30": "374.07910", "2020-03-31": "49.30970", "2019-12-31": "38.84910", "2019-09-30": "35.55110", "2019-06-30": "16.30000", "2019-03-31": "17.59650", "2018-12-31": "20.21300", "2018-09-30": "16.82160", "2018-06-30": "16.38600", "2018-03-31": "17.45140", "2017-12-31": "20.26260", "2017-09-30": "16.39050", "2017-06-30": "16.16960", "2017-03-31": "16.35250", "2016-12-31": "19.67140", "2016-09-30": "17.63790", "2016-06-30": "18.04750", "2016-03-31": "18.81300", "2015-12-31": "20.38880", "2015-09-30": "19.21270", "2015-06-30": "18.14640", "2015-03-31": "18.11680", "2014-12-31": "18.41160", "2014-09-30": "15.71290", "2014-06-30": "16.52560", "2014-03-31": "16.85230", "2013-12-31": "17.48340", "2013-09-30": "15.02090", "2013-06-30": "15.97140", "2013-03-31": "18.19710", "2012-12-31": "17.40280", "2012-09-30": "16.45920", "2012-06-30": "18.53580", "2012-03-31": "18.78550", "2011-12-31": "19.26770", "2011-09-30": "18.67250", "2011-06-30": "18.44240", "2011-03-31": "29.23500", "2010-12-31": "30.19130", "2010-09-30": "28.96710", "2010-06-30": "32.42710", "2010-03-31": "67.68830", "2009-12-31": "45.65610", "2009-09-30": "27.95220", "2009-06-30": "25.43280", "2009-03-31": "26.98980", "2008-12-31": "20.15290", "2008-09-30": "18.85260", "2008-06-30": "17.46550", "2008-03-31": "18.65580", "2007-12-31": "19.26880", "2007-09-30": "20.36900", "2007-06-30": "15.49080", "2007-03-31": "17.41710", "2006-12-31": "18.60120", "2006-09-30": "17.22200", "2006-06-30": "15.99760", "2006-03-31": "15.93430", "2005-12-31": "22.66360", "2005-09-30": "14.86480", "2005-06-30": "15.83530", "2005-03-31": "16.32080"}, "ROE - Return On Equity": {"2020-09-30": "-5.14390", "2020-06-30": "-7.58360", "2020-03-31": "5.05940", "2019-12-31": "16.31500", "2019-09-30": "0.05800", "2019-06-30": "0.69530", "2019-03-31": "0.58970", "2018-12-31": "0.05500", "2018-09-30": "1.59510", "2018-06-30": "1.29540", "2018-03-31": "2.33590", "2017-12-31": "12.22100", "2017-09-30": "1.70220", "2017-06-30": "2.35430", "2017-03-31": "2.49070", "2016-12-31": "0.69100", "2016-09-30": "5.65930", "2016-06-30": "5.40050", "2016-03-31": "1.15950", "2015-12-31": "-18.97750", "2015-09-30": "1.02530", "2015-06-30": "1.37810", "2015-03-31": "2.77860", "2014-12-31": "-3.76850", "2014-09-30": "0.63790", "2014-06-30": "2.24350", "2014-03-31": "2.37890", "2013-12-31": "0.20610", "2013-09-30": "0.42380", "2013-06-30": "-0.38920", "2013-03-31": "0.28660", "2012-12-31": "-14.64390", "2012-09-30": "-1.66940", "2012-06-30": "-0.74830", "2012-03-31": "-2.14210", "2011-12-31": "-0.19530", "2011-09-30": "-1.07200", "2011-06-30": "34.35140", "2011-03-31": "-3.07870", "2010-12-31": "-4.74700", "2010-09-30": "-12.51750", "2010-06-30": "-31.00830", "2010-03-31": "-2.55880", "2009-12-31": "-11.21110", "2009-09-30": "-17.47060", "2009-06-30": "-4.21360", "2009-03-31": "2.57200", "2008-12-31": "-28.88540", "2008-09-30": "1.19110", "2008-06-30": "2.22360", "2008-03-31": "2.32250", "2007-12-31": "14.36750", "2007-09-30": "4.01290", "2007-06-30": "4.22290", "2007-03-31": "4.14620", "2006-12-31": "5.17280", "2006-09-30": "4.34190", "2006-06-30": "4.13640", "2006-03-31": "4.12790", "2005-12-31": "2.77920", "2005-09-30": "2.87230", "2005-06-30": "4.44480", "2005-03-31": "3.67470"}, "Return On Tangible Equity": {"2020-09-30": "-10.17990", "2020-06-30": "-14.38460", "2020-03-31": "9.06060", "2019-12-31": "30.59830", "2019-09-30": "0.13330", "2019-06-30": "1.53840", "2019-03-31": "1.27980", "2018-12-31": "0.12250", "2018-09-30": "3.47530", "2018-06-30": "2.66860", "2018-03-31": "4.60700", "2017-12-31": "23.94270", "2017-09-30": "3.82620", "2017-06-30": "5.41140", "2017-03-31": "5.88350", "2016-12-31": "1.69490", "2016-09-30": "14.15620", "2016-06-30": "12.78160", "2016-03-31": "3.93340", "2015-12-31": "-67.93830", "2015-09-30": "4.45170", "2015-06-30": "6.25440", "2015-03-31": "47.71030", "2014-12-31": "-78.47830", "2014-09-30": "7.48170", "2014-06-30": "27.57040", "2014-03-31": "39.19480", "2013-12-31": "3.59120", "2013-09-30": "8.77550", "2013-06-30": "-8.79860", "2013-03-31": "7.18340", "2012-12-31": "-250.03310", "2012-09-30": "-9.97220", "2012-06-30": "-4.34070", "2012-03-31": "-12.48360", "2011-12-31": "-0.99620", "2011-09-30": "-5.56360", "2011-06-30": "178.91720", "2011-03-31": "-3.60900", "2010-12-31": "-5.54050", "2010-09-30": "-15.06340", "2010-06-30": "-36.51310", "2010-03-31": "-2.88710", "2009-12-31": "-12.61450", "2009-09-30": "-19.42090", "2009-06-30": "-4.60830", "2009-03-31": "2.87640", "2008-12-31": "-32.42240", "2008-09-30": "1.73990", "2008-06-30": "3.26610", "2008-03-31": "3.40680", "2007-12-31": "19.63110", "2007-09-30": "6.22920", "2007-06-30": "6.77480", "2007-03-31": "7.09530", "2006-12-31": "9.12760", "2006-09-30": "8.27060", "2006-06-30": "8.05020", "2006-03-31": "8.23580", "2005-12-31": "5.82680", "2005-09-30": "6.01320", "2005-06-30": "9.34180", "2005-03-31": "3.98150"}, "ROA - Return On Assets": {"2020-09-30": "-1.62670", "2020-06-30": "-2.49920", "2020-03-31": "1.72430", "2019-12-31": "6.09850", "2019-09-30": "0.01960", "2019-06-30": "0.24720", "2019-03-31": "0.21240", "2018-12-31": "0.01910", "2018-09-30": "0.57190", "2018-06-30": "0.48460", "2018-03-31": "0.90890", "2017-12-31": "4.86620", "2017-09-30": "0.60390", "2017-06-30": "0.84390", "2017-03-31": "0.89240", "2016-12-31": "0.24450", "2016-09-30": "2.02580", "2016-06-30": "1.93790", "2016-03-31": "0.35770", "2015-12-31": "-5.84370", "2015-09-30": "0.35510", "2015-06-30": "0.46580", "2015-03-31": "0.79350", "2014-12-31": "-1.08100", "2014-09-30": "0.19800", "2014-06-30": "0.69670", "2014-03-31": "0.73410", "2013-12-31": "0.06210", "2013-09-30": "0.12930", "2013-06-30": "-0.11890", "2013-03-31": "0.08660", "2012-12-31": "-4.52160", "2012-09-30": "-0.55580", "2012-06-30": "-0.25840", "2012-03-31": "-0.74220", "2011-12-31": "-0.06950", "2011-09-30": "-0.38260", "2011-06-30": "12.67880", "2011-03-31": "-0.47900", "2010-12-31": "-0.73440", "2010-09-30": "-1.66170", "2010-06-30": "-4.42010", "2010-03-31": "-0.46050", "2009-12-31": "-1.92700", "2009-09-30": "-3.45380", "2009-06-30": "-0.94860", "2009-03-31": "0.44120", "2008-12-31": "-4.93240", "2008-09-30": "0.26200", "2008-06-30": "0.48900", "2008-03-31": "0.51690", "2007-12-31": "3.83130", "2007-09-30": "0.75640", "2007-06-30": "0.77830", "2007-03-31": "0.72260", "2006-12-31": "0.89920", "2006-09-30": "0.71040", "2006-06-30": "0.68030", "2006-03-31": "0.67050", "2005-12-31": "0.43440", "2005-09-30": "0.45800", "2005-06-30": "0.68840", "2005-03-31": "0.99790"}, "ROI - Return On Investment": {"2020-09-30": "-2.60400", "2020-06-30": "-3.95340", "2020-03-31": "2.69000", "2019-12-31": "8.66890", "2019-09-30": "0.02400", "2019-06-30": "0.29730", "2019-03-31": "0.25500", "2018-12-31": "0.02250", "2018-09-30": "0.67460", "2018-06-30": "0.57660", "2018-03-31": "1.10300", "2017-12-31": "5.82460", "2017-09-30": "0.75260", "2017-06-30": "1.04930", "2017-03-31": "1.08680", "2016-12-31": "0.30020", "2016-09-30": "2.47210", "2016-06-30": "2.35020", "2016-03-31": "0.44380", "2015-12-31": "-7.31890", "2015-09-30": "0.42940", "2015-06-30": "0.58350", "2015-03-31": "0.95770", "2014-12-31": "-1.40690", "2014-09-30": "0.25680", "2014-06-30": "0.86710", "2014-03-31": "0.89670", "2013-12-31": "0.07600", "2013-09-30": "0.15900", "2013-06-30": "-0.14580", "2013-03-31": "0.10470", "2012-12-31": "-5.47560", "2012-09-30": "-0.66980", "2012-06-30": "-0.31110", "2012-03-31": "-0.88970", "2011-12-31": "-0.08270", "2011-09-30": "-0.46260", "2011-06-30": "15.21770", "2011-03-31": "-0.59910", "2010-12-31": "-0.92920", "2010-09-30": "-2.09700", "2010-06-30": "-5.55790", "2010-03-31": "-0.58720", "2009-12-31": "-2.57570", "2009-09-30": "-4.36130", "2009-06-30": "-1.22100", "2009-03-31": "2.56950", "2008-12-31": "-7.00390", "2008-09-30": "0.33240", "2008-06-30": "0.62500", "2008-03-31": "0.66220", "2007-12-31": "5.05210", "2007-09-30": "0.98250", "2007-06-30": "1.02220", "2007-03-31": "0.94930", "2006-12-31": "1.18220", "2006-09-30": "0.93210", "2006-06-30": "0.89200", "2006-03-31": "0.87950", "2005-12-31": "0.57670", "2005-09-30": "0.60070", "2005-06-30": "0.91400", "2005-03-31": "1.32910"}, "Book Value Per Share": {"2020-09-30": "23.72290", "2020-06-30": "25.03400", "2020-03-31": "27.03410", "2019-12-31": "25.16740", "2019-09-30": "20.47160", "2019-06-30": "20.81330", "2019-03-31": "20.88380", "2018-12-31": "19.84870", "2018-09-30": "20.20200", "2018-06-30": "20.15360", "2018-03-31": "20.47590", "2017-12-31": "20.50440", "2017-09-30": "18.25790", "2017-06-30": "17.79280", "2017-03-31": "17.65240", "2016-12-31": "17.36440", "2016-09-30": "17.31300", "2016-06-30": "16.84350", "2016-03-31": "13.91680", "2015-12-31": "13.74630", "2015-09-30": "16.40540", "2015-06-30": "16.29730", "2015-03-31": "15.57600", "2014-12-31": "15.52700", "2014-09-30": "16.09040", "2014-06-30": "16.18370", "2014-03-31": "15.94520", "2013-12-31": "16.03000", "2013-09-30": "15.97990", "2013-06-30": "16.04820", "2013-03-31": "16.10010", "2012-12-31": "16.58920", "2012-09-30": "18.94960", "2012-06-30": "19.25020", "2012-03-31": "19.41280", "2011-12-31": "20.21590", "2011-09-30": "20.34530", "2011-06-30": "20.55820", "2011-03-31": "5.97480", "2010-12-31": "6.00220", "2010-09-30": "5.75600", "2010-06-30": "6.45610", "2010-03-31": "8.56810", "2009-12-31": "8.77210", "2009-09-30": "9.73590", "2009-06-30": "11.43960", "2009-03-31": "14.78960", "2008-12-31": "14.37350", "2008-09-30": "18.60570", "2008-06-30": "18.40650", "2008-03-31": "18.28250", "2007-12-31": "20.63090", "2007-09-30": "16.04040", "2007-06-30": "15.23730", "2007-03-31": "13.86670", "2006-12-31": "13.55910", "2006-09-30": "12.62170", "2006-06-30": "12.23440", "2006-03-31": "11.88020", "2005-12-31": "11.34830", "2005-09-30": "11.28270", "2005-06-30": "11.05570", "2005-03-31": "10.53950"}, "Operating Cash Flow Per Share": {"2020-09-30": -0.3322, "2020-06-30": -1.3488, "2020-03-31": "-0.85100", "2019-12-31": 0.8181, "2019-09-30": 0.8054, "2019-06-30": 1.0638, "2019-03-31": "0.74380", "2018-12-31": 0.5522, "2018-09-30": 0.6103, "2018-06-30": 0.962, "2018-03-31": "1.01000", "2017-12-31": 1.2084, "2017-09-30": 0.9902, "2017-06-30": 0.9147, "2017-03-31": "0.69880", "2016-12-31": 0.8475, "2016-09-30": 0.753, "2016-06-30": 0.6807, "2016-03-31": "0.39440", "2015-12-31": 0.5555, "2015-09-30": 0.5114, "2015-06-30": 0.4792, "2015-03-31": "0.30530", "2014-12-31": 0.2199, "2014-09-30": 0.5181, "2014-06-30": 0.9987, "2014-03-31": "0.56670", "2013-12-31": 0.4385, "2013-09-30": 0.7462, "2013-06-30": 1.0961, "2013-03-31": "0.39540", "2012-12-31": 0.0451, "2012-09-30": 0.7669, "2012-06-30": 0.451, "2012-03-31": "0.59670", "2011-12-31": 0.2192, "2011-09-30": 0.4494, "2011-06-30": 0.486, "2011-03-31": "0.04910", "2010-12-31": 0.257, "2010-09-30": 0.0691, "2010-06-30": 0.8946, "2010-03-31": "-0.10180", "2009-12-31": 0.3784, "2009-09-30": 0.0739, "2009-06-30": 0.6158, "2009-03-31": "0.48510", "2008-12-31": 0.9019, "2008-09-30": 0.8884, "2008-06-30": 1.3175, "2008-03-31": "-0.41660", "2007-12-31": 0.9797, "2007-09-30": 0.0574, "2007-06-30": 1.4297, "2007-03-31": "0.86700", "2006-12-31": 1.5389, "2006-09-30": 1.2568, "2006-06-30": 0.9497, "2006-03-31": "0.47730", "2005-12-31": 1.3209, "2005-09-30": 0.5846, "2005-06-30": 1.5186, "2005-03-31": "0.56730"}, "Free Cash Flow Per Share": {"2020-09-30": -0.4075, "2020-06-30": -1.4857, "2020-03-31": "-0.99780", "2019-12-31": 1.3811, "2019-09-30": -0.5537, "2019-06-30": 0.8045, "2019-03-31": "0.40350", "2018-12-31": 0.157, "2018-09-30": -0.0997, "2018-06-30": 0.1397, "2018-03-31": "0.27850", "2017-12-31": 0.3981, "2017-09-30": 0.0798, "2017-06-30": 0.2018, "2017-03-31": "-0.08700", "2016-12-31": -0.3262, "2016-09-30": -0.3152, "2016-06-30": -0.2665, "2016-03-31": "-0.35590", "2015-12-31": -0.4096, "2015-09-30": -0.2039, "2015-06-30": -0.0198, "2015-03-31": "-0.20250", "2014-12-31": -0.2843, "2014-09-30": -0.0182, "2014-06-30": 0.6537, "2014-03-31": "0.19130", "2013-12-31": 0.1014, "2013-09-30": 0.4677, "2013-06-30": 0.798, "2013-03-31": "0.19800", "2012-12-31": -0.1713, "2012-09-30": 0.5616, "2012-06-30": 0.2417, "2012-03-31": "0.36400", "2011-12-31": 0.0436, "2011-09-30": 0.242, "2011-06-30": 0.4031, "2011-03-31": "-0.02150", "2010-12-31": 0.2448, "2010-09-30": -0.028, "2010-06-30": 0.8378, "2010-03-31": "-0.22400", "2009-12-31": 0.3039, "2009-09-30": 0.1107, "2009-06-30": 0.5623, "2009-03-31": "0.27370", "2008-12-31": 0.8219, "2008-09-30": 0.1651, "2008-06-30": 0.4698, "2008-03-31": "-1.25220", "2007-12-31": -0.312, "2007-09-30": -2.2581, "2007-06-30": -2.6708, "2007-03-31": "-1.04650", "2006-12-31": -0.2151, "2006-09-30": -0.6199, "2006-06-30": -0.3126, "2006-03-31": "-0.61920", "2005-12-31": 0.3278, "2005-09-30": -0.0422, "2005-06-30": 1.1029, "2005-03-31": "0.20250"}}, "revenue": {"MGM Resorts Annual Revenue (Millions of US $)": {"2019": "$12,900", "2018": "$11,763", "2017": "$10,797", "2016": "$9,478", "2015": "$9,190", "2014": "$10,082", "2013": "$9,810", "2012": "$9,161", "2011": "$7,849", "2010": "$6,056", "2009": "$6,011", "2008": "$7,209", "2007": "$7,692", "2006": "$7,176", "2005": "$6,129"}, "MGM Resorts Quarterly Revenue (Millions of US $)": {"2020-09-30": "$1,126", "2020-06-30": "$290", "2020-03-31": "$2,253", "2019-12-31": "$3,185", "2019-09-30": "$3,314", "2019-06-30": "$3,223", "2019-03-31": "$3,177", "2018-12-31": "$3,053", "2018-09-30": "$3,029", "2018-06-30": "$2,859", "2018-03-31": "$2,822", "2017-12-31": "$2,598", "2017-09-30": "$2,830", "2017-06-30": "$2,652", "2017-03-31": "$2,718", "2016-12-31": "$2,484", "2016-09-30": "$2,515", "2016-06-30": "$2,270", "2016-03-31": "$2,210", "2015-12-31": "$2,192", "2015-09-30": "$2,281", "2015-06-30": "$2,385", "2015-03-31": "$2,332", "2014-12-31": "$2,386", "2014-09-30": "$2,485", "2014-06-30": "$2,581", "2014-03-31": "$2,630", "2013-12-31": "$2,513", "2013-09-30": "$2,463", "2013-06-30": "$2,481", "2013-03-31": "$2,352", "2012-12-31": "$2,295", "2012-09-30": "$2,255", "2012-06-30": "$2,324", "2012-03-31": "$2,288", "2011-12-31": "$2,297", "2011-09-30": "$2,234", "2011-06-30": "$1,806", "2011-03-31": "$1,513", "2010-12-31": "$1,484", "2010-09-30": "$1,567", "2010-06-30": "$1,547", "2010-03-31": "$1,457", "2009-12-31": "$1,484", "2009-09-30": "$1,533", "2009-06-30": "$1,494", "2009-03-31": "$1,499", "2008-12-31": "$1,644", "2008-09-30": "$1,786", "2008-06-30": "$1,896", "2008-03-31": "$1,884", "2007-12-31": "$1,929", "2007-09-30": "$1,897", "2007-06-30": "$1,936", "2007-03-31": "$1,929", "2006-12-31": "$1,846", "2006-09-30": "$1,795", "2006-06-30": "$1,761", "2006-03-31": "$1,774", "2005-12-31": "$1,401", "2005-09-30": "$1,808", "2005-06-30": "$1,716", "2005-03-31": "$1,204"}}, "gross-profit": {"MGM Resorts Annual Gross Profit (Millions of US $)": {"2019": "$5,296", "2018": "$4,844", "2017": "$4,604", "2016": "$3,957", "2015": "$3,565", "2014": "$3,713", "2013": "$3,551", "2012": "$3,240", "2011": "$2,823", "2010": "$2,262", "2009": "$2,439", "2008": "$3,174", "2007": "$3,664", "2006": "$3,461", "2005": "$2,812"}, "MGM Resorts Quarterly Gross Profit (Millions of US $)": {"2020-09-30": "$396", "2020-06-30": "$-85", "2020-03-31": "$815", "2019-12-31": "$1,285", "2019-09-30": "$1,378", "2019-06-30": "$1,318", "2019-03-31": "$1,315", "2018-12-31": "$1,226", "2018-09-30": "$1,242", "2018-06-30": "$1,189", "2018-03-31": "$1,187", "2017-12-31": "$1,056", "2017-09-30": "$1,232", "2017-06-30": "$1,132", "2017-03-31": "$1,185", "2016-12-31": "$1,003", "2016-09-30": "$1,090", "2016-06-30": "$957", "2016-03-31": "$908", "2015-12-31": "$872", "2015-09-30": "$883", "2015-06-30": "$929", "2015-03-31": "$880", "2014-12-31": "$879", "2014-09-30": "$892", "2014-06-30": "$962", "2014-03-31": "$980", "2013-12-31": "$908", "2013-09-30": "$883", "2013-06-30": "$901", "2013-03-31": "$859", "2012-12-31": "$810", "2012-09-30": "$792", "2012-06-30": "$848", "2012-03-31": "$789", "2011-12-31": "$792", "2011-09-30": "$791", "2011-06-30": "$675", "2011-03-31": "$565", "2010-12-31": "$539", "2010-09-30": "$601", "2010-06-30": "$583", "2010-03-31": "$538", "2009-12-31": "$550", "2009-09-30": "$644", "2009-06-30": "$631", "2009-03-31": "$615", "2008-12-31": "$648", "2008-09-30": "$792", "2008-06-30": "$871", "2008-03-31": "$863", "2007-12-31": "$902", "2007-09-30": "$895", "2007-06-30": "$930", "2007-03-31": "$937", "2006-12-31": "$947", "2006-09-30": "$830", "2006-06-30": "$841", "2006-03-31": "$842", "2005-12-31": "$664", "2005-09-30": "$802", "2005-06-30": "$786", "2005-03-31": "$560"}}, "operating-income": {"MGM Resorts Annual Operating Income (Millions of US $)": {"2019": "$3,940", "2018": "$1,469", "2017": "$1,713", "2016": "$2,078", "2015": "$-156", "2014": "$1,324", "2013": "$1,137", "2012": "$121", "2011": "$4,057", "2010": "$-1,159", "2009": "$-964", "2008": "$-130", "2007": "$2,864", "2006": "$1,758", "2005": "$1,330"}, "MGM Resorts Quarterly Operating Income (Millions of US $)": {"2020-09-30": "$-495", "2020-06-30": "$-1,035", "2020-03-31": "$1,251", "2019-12-31": "$2,960", "2019-09-30": "$238", "2019-06-30": "$371", "2019-03-31": "$370", "2018-12-31": "$336", "2018-09-30": "$411", "2018-06-30": "$363", "2018-03-31": "$360", "2017-12-31": "$223", "2017-09-30": "$493", "2017-06-30": "$500", "2017-03-31": "$497", "2016-12-31": "$280", "2016-09-30": "$713", "2016-06-30": "$769", "2016-03-31": "$316", "2015-12-31": "$-1,197", "2015-09-30": "$297", "2015-06-30": "$349", "2015-03-31": "$395", "2014-12-31": "$266", "2014-09-30": "$286", "2014-06-30": "$354", "2014-03-31": "$416", "2013-12-31": "$341", "2013-09-30": "$263", "2013-06-30": "$232", "2013-03-31": "$302", "2012-12-31": "$-384", "2012-09-30": "$137", "2012-06-30": "$175", "2012-03-31": "$193", "2011-12-31": "$91", "2011-09-30": "$113", "2011-06-30": "$3,684", "2011-03-31": "$170", "2010-12-31": "$107", "2010-09-30": "$-206", "2010-06-30": "$-1,049", "2010-03-31": "$-11", "2009-12-31": "$-487", "2009-09-30": "$-963", "2009-06-30": "$131", "2009-03-31": "$355", "2008-12-31": "$-1,046", "2008-09-30": "$242", "2008-06-30": "$334", "2008-03-31": "$341", "2007-12-31": "$1,485", "2007-09-30": "$465", "2007-06-30": "$469", "2007-03-31": "$445", "2006-12-31": "$508", "2006-09-30": "$419", "2006-06-30": "$417", "2006-03-31": "$413", "2005-12-31": "$319", "2005-09-30": "$340", "2005-06-30": "$378", "2005-03-31": "$293"}}, "ebitda": {"MGM Resorts Annual EBITDA (Millions of US $)": {"2019": "$5,284", "2018": "$2,689", "2017": "$2,739", "2016": "$2,968", "2015": "$2,178", "2014": "$2,177", "2013": "$2,022", "2012": "$1,122", "2011": "$4,968", "2010": "$-438", "2009": "$-224", "2008": "$659", "2007": "$3,569", "2006": "$2,409", "2005": "$1,924"}, "MGM Resorts Quarterly EBITDA (Millions of US $)": {"2020-09-30": "$-192", "2020-06-30": "$-727", "2020-03-31": "$1,577", "2019-12-31": "$3,301", "2019-09-30": "$570", "2019-06-30": "$717", "2019-03-31": "$696", "2018-12-31": "$659", "2018-09-30": "$722", "2018-06-30": "$670", "2018-03-31": "$638", "2017-12-31": "$480", "2017-09-30": "$751", "2017-06-30": "$754", "2017-03-31": "$755", "2016-12-31": "$522", "2016-09-30": "$932", "2016-06-30": "$986", "2016-03-31": "$528", "2015-12-31": "$482", "2015-09-30": "$517", "2015-06-30": "$567", "2015-03-31": "$611", "2014-12-31": "$478", "2014-09-30": "$498", "2014-06-30": "$567", "2014-03-31": "$634", "2013-12-31": "$558", "2013-09-30": "$484", "2013-06-30": "$458", "2013-03-31": "$522", "2012-12-31": "$-140", "2012-09-30": "$383", "2012-06-30": "$428", "2012-03-31": "$452", "2011-12-31": "$352", "2011-09-30": "$385", "2011-06-30": "$3,885", "2011-03-31": "$346", "2010-12-31": "$278", "2010-09-30": "$-23", "2010-06-30": "$-860", "2010-03-31": "$167", "2009-12-31": "$-305", "2009-09-30": "$-775", "2009-06-30": "$316", "2009-03-31": "$540", "2008-12-31": "$-852", "2008-09-30": "$443", "2008-06-30": "$531", "2008-03-31": "$536", "2007-12-31": "$1,686", "2007-09-30": "$636", "2007-06-30": "$635", "2007-03-31": "$612", "2006-12-31": "$677", "2006-09-30": "$582", "2006-06-30": "$582", "2006-03-31": "$568", "2005-12-31": "$482", "2005-09-30": "$500", "2005-06-30": "$531", "2005-03-31": "$411"}}, "net-income": {"MGM Resorts Annual Net Income (Millions of US $)": {"2019": "$2,046", "2018": "$445", "2017": "$1,934", "2016": "$1,100", "2015": "$-448", "2014": "$-150", "2013": "$-172", "2012": "$-1,768", "2011": "$3,115", "2010": "$-1,437", "2009": "$-1,292", "2008": "$-855", "2007": "$1,584", "2006": "$648", "2005": "$443"}, "MGM Resorts Quarterly Net Income (Millions of US $)": {"2020-09-30": "$-535", "2020-06-30": "$-857", "2020-03-31": "$807", "2019-12-31": "$2,009", "2019-09-30": "$-37", "2019-06-30": "$43", "2019-03-31": "$31", "2018-12-31": "$-39", "2018-09-30": "$143", "2018-06-30": "$118", "2018-03-31": "$223", "2017-12-31": "$1,369", "2017-09-30": "$148", "2017-06-30": "$210", "2017-03-31": "$206", "2016-12-31": "$24", "2016-09-30": "$536", "2016-06-30": "$474", "2016-03-31": "$67", "2015-12-31": "$-781", "2015-09-30": "$66", "2015-06-30": "$97", "2015-03-31": "$170", "2014-12-31": "$-342", "2014-09-30": "$-20", "2014-06-30": "$110", "2014-03-31": "$103", "2013-12-31": "$-63", "2013-09-30": "$-22", "2013-06-30": "$-93", "2013-03-31": "$7", "2012-12-31": "$-1,224", "2012-09-30": "$-181", "2012-06-30": "$-145", "2012-03-31": "$-217", "2011-12-31": "$-114", "2011-09-30": "$-124", "2011-06-30": "$3,442", "2011-03-31": "$-90", "2010-12-31": "$-139", "2010-09-30": "$-318", "2010-06-30": "$-883", "2010-03-31": "$-97", "2009-12-31": "$-434", "2009-09-30": "$-750", "2009-06-30": "$-213", "2009-03-31": "$105", "2008-12-31": "$-1,148", "2008-09-30": "$61", "2008-06-30": "$113", "2008-03-31": "$118", "2007-12-31": "$872", "2007-09-30": "$184", "2007-06-30": "$360", "2007-03-31": "$168", "2006-12-31": "$202", "2006-09-30": "$156", "2006-06-30": "$146", "2006-03-31": "$144", "2005-12-31": "$98", "2005-09-30": "$93", "2005-06-30": "$141", "2005-03-31": "$111"}}, "eps-earnings-per-share-diluted": {"MGM Resorts Annual EPS": {"2019": "$3.88", "2018": "$0.81", "2017": "$3.34", "2016": "$1.92", "2015": "$-0.82", "2014": "$-0.31", "2013": "$-0.35", "2012": "$-3.62", "2011": "$5.62", "2010": "$-3.19", "2009": "$-3.41", "2008": "$-3.06", "2007": "$5.31", "2006": "$2.22", "2005": "$1.50"}, "MGM Resorts Quarterly EPS": {"2020-09-30": "$-1.08", "2020-06-30": "$-1.67", "2020-03-31": "$1.64", "2019-12-31": "$3.83", "2019-09-30": "$-0.08", "2019-06-30": "$0.08", "2019-03-31": "$0.05", "2018-12-31": "$-0.04", "2018-09-30": "$0.26", "2018-06-30": "$0.21", "2018-03-31": "$0.38", "2017-12-31": "$2.36", "2017-09-30": "$0.26", "2017-06-30": "$0.36", "2017-03-31": "$0.36", "2016-12-31": "$0.04", "2016-09-30": "$0.93", "2016-06-30": "$0.83", "2016-03-31": "$0.12", "2015-12-31": "$-1.44", "2015-09-30": "$0.12", "2015-06-30": "$0.17", "2015-03-31": "$0.33", "2014-12-31": "$-0.69", "2014-09-30": "$-0.04", "2014-06-30": "$0.22", "2014-03-31": "$0.20", "2013-12-31": "$-0.12", "2013-09-30": "$-0.05", "2013-06-30": "$-0.19", "2013-03-31": "$0.01", "2012-12-31": "$-2.51", "2012-09-30": "$-0.37", "2012-06-30": "$-0.30", "2012-03-31": "$-0.44", "2011-12-31": "$-0.17", "2011-09-30": "$-0.25", "2011-06-30": "$6.22", "2011-03-31": "$-0.18", "2010-12-31": "$-0.25", "2010-09-30": "$-0.72", "2010-06-30": "$-2.00", "2010-03-31": "$-0.22", "2009-12-31": "$-1.49", "2009-09-30": "$-1.70", "2009-06-30": "$-0.60", "2009-03-31": "$0.38", "2008-12-31": "$-4.08", "2008-09-30": "$0.22", "2008-06-30": "$0.40", "2008-03-31": "$0.40", "2007-12-31": "$2.90", "2007-09-30": "$0.62", "2007-06-30": "$1.22", "2007-03-31": "$0.57", "2006-12-31": "$0.69", "2006-09-30": "$0.54", "2006-06-30": "$0.50", "2006-03-31": "$0.49", "2005-12-31": "$0.33", "2005-09-30": "$0.31", "2005-06-30": "$0.48", "2005-03-31": "$0.38"}}, "shares-outstanding": {"MGM Resorts Annual Shares Outstanding (Millions of Shares)": {"2019": "528", "2018": "550", "2017": "579", "2016": "573", "2015": "543", "2014": "491", "2013": "490", "2012": "489", "2011": "561", "2010": "450", "2009": "379", "2008": "280", "2007": "298", "2006": "292", "2005": "296"}, "MGM Resorts Quarterly Shares Outstanding (Millions of Shares)": {"2020-09-30": "494", "2020-06-30": "493", "2020-03-31": "497", "2019-12-31": "528", "2019-09-30": "519", "2019-06-30": "535", "2019-03-31": "538", "2018-12-31": "550", "2018-09-30": "540", "2018-06-30": "554", "2018-03-31": "572", "2017-12-31": "579", "2017-09-30": "581", "2017-06-30": "582", "2017-03-31": "580", "2016-12-31": "573", "2016-09-30": "574", "2016-06-30": "571", "2016-03-31": "569", "2015-12-31": "543", "2015-09-30": "569", "2015-06-30": "570", "2015-03-31": "575", "2014-12-31": "491", "2014-09-30": "491", "2014-06-30": "513", "2014-03-31": "513", "2013-12-31": "490", "2013-09-30": "490", "2013-06-30": "489", "2013-03-31": "492", "2012-12-31": "489", "2012-09-30": "489", "2012-06-30": "489", "2012-03-31": "489", "2011-12-31": "561", "2011-09-30": "489", "2011-06-30": "555", "2011-03-31": "489", "2010-12-31": "450", "2010-09-30": "441", "2010-06-30": "441", "2010-03-31": "441", "2009-12-31": "379", "2009-09-30": "441", "2009-06-30": "352", "2009-03-31": "277", "2008-12-31": "280", "2008-09-30": "280", "2008-06-30": "285", "2008-03-31": "298", "2007-12-31": "298", "2007-09-30": "296", "2007-06-30": "295", "2007-03-31": "296", "2006-12-31": "292", "2006-09-30": "289", "2006-06-30": "293", "2006-03-31": "293", "2005-12-31": "296", "2005-09-30": "299", "2005-06-30": "297", "2005-03-31": "295"}}, "total-assets": {"MGM Resorts Annual Total Assets (Millions of US $)": {"2019": "$33,876", "2018": "$30,211", "2017": "$29,160", "2016": "$28,173", "2015": "$25,215", "2014": "$26,594", "2013": "$26,085", "2012": "$26,285", "2011": "$27,766", "2010": "$18,952", "2009": "$22,518", "2008": "$23,275", "2007": "$22,728", "2006": "$22,146", "2005": "$20,699"}, "MGM Resorts Quarterly Total Assets (Millions of US $)": {"2020-09-30": "$37,005", "2020-06-30": "$37,471", "2020-03-31": "$39,119", "2019-12-31": "$33,876", "2019-09-30": "$31,169", "2019-06-30": "$30,814", "2019-03-31": "$31,147", "2018-12-31": "$30,211", "2018-09-30": "$29,974", "2018-06-30": "$28,977", "2018-03-31": "$29,298", "2017-12-31": "$29,160", "2017-09-30": "$29,102", "2017-06-30": "$28,543", "2017-03-31": "$28,303", "2016-12-31": "$28,173", "2016-09-30": "$27,705", "2016-06-30": "$26,549", "2016-03-31": "$25,497", "2015-12-31": "$25,215", "2015-09-30": "$26,680", "2015-06-30": "$27,150", "2015-03-31": "$26,798", "2014-12-31": "$26,594", "2014-09-30": "$25,448", "2014-06-30": "$25,572", "2014-03-31": "$25,351", "2013-12-31": "$26,085", "2013-09-30": "$25,659", "2013-06-30": "$25,722", "2013-03-31": "$26,058", "2012-12-31": "$26,285", "2012-09-30": "$27,831", "2012-06-30": "$27,263", "2012-03-31": "$27,391", "2011-12-31": "$27,766", "2011-09-30": "$27,853", "2011-06-30": "$27,216", "2011-03-31": "$18,760", "2010-12-31": "$18,952", "2010-09-30": "$19,136", "2010-06-30": "$19,988", "2010-03-31": "$21,010", "2009-12-31": "$22,518", "2009-09-30": "$21,727", "2009-06-30": "$22,410", "2009-03-31": "$23,842", "2008-12-31": "$23,275", "2008-09-30": "$23,391", "2008-06-30": "$23,131", "2008-03-31": "$22,896", "2007-12-31": "$22,728", "2007-09-30": "$24,307", "2007-06-30": "$23,498", "2007-03-31": "$22,558", "2006-12-31": "$22,146", "2006-09-30": "$21,645", "2006-06-30": "$21,072", "2006-03-31": "$20,844", "2005-12-31": "$20,699", "2005-09-30": "$20,350", "2005-06-30": "$20,507", "2005-03-31": "$11,131"}}, "cash-on-hand": {"MGM Resorts Annual Cash on Hand (Millions of US $)": {"2019": "$2,330", "2018": "$1,527", "2017": "$1,500", "2016": "$1,447", "2015": "$1,670", "2014": "$2,284", "2013": "$1,804", "2012": "$1,544", "2011": "$1,866", "2010": "$499", "2009": "$2,056", "2008": "$296", "2007": "$416", "2006": "$453", "2005": "$378"}, "MGM Resorts Quarterly Cash on Hand (Millions of US $)": {"2020-09-30": "$4,594", "2020-06-30": "$4,836", "2020-03-31": "$6,016", "2019-12-31": "$2,330", "2019-09-30": "$1,234", "2019-06-30": "$1,161", "2019-03-31": "$1,223", "2018-12-31": "$1,527", "2018-09-30": "$1,303", "2018-06-30": "$1,273", "2018-03-31": "$1,525", "2017-12-31": "$1,500", "2017-09-30": "$1,987", "2017-06-30": "$1,757", "2017-03-31": "$1,395", "2016-12-31": "$1,447", "2016-09-30": "$1,446", "2016-06-30": "$2,503", "2016-03-31": "$1,665", "2015-12-31": "$1,670", "2015-09-30": "$1,808", "2015-06-30": "$2,543", "2015-03-31": "$2,196", "2014-12-31": "$2,284", "2014-09-30": "$1,313", "2014-06-30": "$1,365", "2014-03-31": "$1,115", "2013-12-31": "$1,804", "2013-09-30": "$1,375", "2013-06-30": "$1,279", "2013-03-31": "$1,481", "2012-12-31": "$1,544", "2012-09-30": "$2,443", "2012-06-30": "$1,732", "2012-03-31": "$1,635", "2011-12-31": "$1,866", "2011-09-30": "$1,815", "2011-06-30": "$922", "2011-03-31": "$431", "2010-12-31": "$499", "2010-09-30": "$553", "2010-06-30": "$1,013", "2010-03-31": "$441", "2009-12-31": "$2,056", "2009-09-30": "$897", "2009-06-30": "$411", "2009-03-31": "$1,366", "2008-12-31": "$296", "2008-09-30": "$250", "2008-06-30": "$280", "2008-03-31": "$328", "2007-12-31": "$416", "2007-09-30": "$312", "2007-06-30": "$295", "2007-03-31": "$314", "2006-12-31": "$453", "2006-09-30": "$344", "2006-06-30": "$295", "2006-03-31": "$297", "2005-12-31": "$378", "2005-09-30": "$265", "2005-06-30": "$306", "2005-03-31": "$396"}}, "long-term-debt": {"MGM Resorts Annual Long Term Debt (Millions of US $)": {"2019": "$11,169", "2018": "$15,088", "2017": "$12,751", "2016": "$12,979", "2015": "$12,368", "2014": "$12,805", "2013": "$13,447", "2012": "$13,589", "2011": "$13,470", "2010": "$12,048", "2009": "$12,976", "2008": "$12,417", "2007": "$11,175", "2006": "$12,995", "2005": "$12,355"}, "MGM Resorts Quarterly Long Term Debt (Millions of US $)": {"2020-09-30": "$11,415", "2020-06-30": "$11,340", "2020-03-31": "$11,743", "2019-12-31": "$11,169", "2019-09-30": "$14,944", "2019-06-30": "$14,662", "2019-03-31": "$14,731", "2018-12-31": "$15,088", "2018-09-30": "$14,664", "2018-06-30": "$13,513", "2018-03-31": "$12,743", "2017-12-31": "$12,751", "2017-09-30": "$13,027", "2017-06-30": "$12,725", "2017-03-31": "$13,099", "2016-12-31": "$12,979", "2016-09-30": "$12,786", "2016-06-30": "$12,365", "2016-03-31": "$12,686", "2015-12-31": "$12,368", "2015-09-30": "$12,821", "2015-06-30": "$12,495", "2015-03-31": "$14,552", "2014-12-31": "$12,805", "2014-09-30": "$11,724", "2014-06-30": "$12,607", "2014-03-31": "$12,931", "2013-12-31": "$13,447", "2013-09-30": "$13,035", "2013-06-30": "$13,112", "2013-03-31": "$13,691", "2012-12-31": "$13,589", "2012-09-30": "$13,825", "2012-06-30": "$13,225", "2012-03-31": "$13,360", "2011-12-31": "$13,470", "2011-09-30": "$13,099", "2011-06-30": "$12,630", "2011-03-31": "$12,081", "2010-12-31": "$12,048", "2010-09-30": "$12,624", "2010-06-30": "$13,047", "2010-03-31": "$12,695", "2009-12-31": "$12,976", "2009-09-30": "$12,910", "2009-06-30": "$12,365", "2009-03-31": "$4", "2008-12-31": "$12,417", "2008-09-30": "$13,288", "2008-06-30": "$13,011", "2008-03-31": "$12,777", "2007-12-31": "$11,175", "2007-09-30": "$14,131", "2007-06-30": "$13,561", "2007-03-31": "$13,240", "2006-12-31": "$12,995", "2006-09-30": "$12,956", "2006-06-30": "$12,604", "2006-03-31": "$12,505", "2005-12-31": "$12,355", "2005-09-30": "$12,271", "2005-06-30": "$12,269", "2005-03-31": "$5,335"}}, "total-liabilities": {"MGM Resorts Annual Total Liabilities (Millions of US $)": {"2019": "$21,213", "2018": "$19,741", "2017": "$17,549", "2016": "$18,204", "2015": "$17,451", "2014": "$18,966", "2013": "$18,224", "2012": "$18,169", "2011": "$17,884", "2010": "$16,020", "2009": "$18,648", "2008": "$19,300", "2007": "$16,667", "2006": "$18,297", "2005": "$17,464"}, "MGM Resorts Quarterly Total Liabilities (Millions of US $)": {"2020-09-30": "$25,302", "2020-06-30": "$25,123", "2020-03-31": "$25,787", "2019-12-31": "$21,213", "2019-09-30": "$20,648", "2019-06-30": "$19,859", "2019-03-31": "$19,929", "2018-12-31": "$19,741", "2018-09-30": "$19,227", "2018-06-30": "$18,137", "2018-03-31": "$17,898", "2017-12-31": "$17,549", "2017-09-30": "$18,777", "2017-06-30": "$18,312", "2017-03-31": "$18,162", "2016-12-31": "$18,204", "2016-09-30": "$17,788", "2016-06-30": "$17,022", "2016-03-31": "$17,632", "2015-12-31": "$17,451", "2015-09-30": "$17,441", "2015-06-30": "$17,973", "2015-03-31": "$19,145", "2014-12-31": "$18,966", "2014-09-30": "$17,550", "2014-06-30": "$17,631", "2014-03-31": "$17,528", "2013-12-31": "$18,224", "2013-09-30": "$17,832", "2013-06-30": "$17,865", "2013-03-31": "$18,179", "2012-12-31": "$18,169", "2012-09-30": "$18,566", "2012-06-30": "$17,851", "2012-03-31": "$17,900", "2011-12-31": "$17,884", "2011-09-30": "$17,911", "2011-06-30": "$17,171", "2011-03-31": "$15,841", "2010-12-31": "$16,020", "2010-09-30": "$16,596", "2010-06-30": "$17,138", "2010-03-31": "$17,229", "2009-12-31": "$18,648", "2009-09-30": "$17,431", "2009-06-30": "$17,365", "2009-03-31": "$19,751", "2008-12-31": "$19,300", "2008-09-30": "$18,246", "2008-06-30": "$18,045", "2008-03-31": "$17,800", "2007-12-31": "$16,667", "2007-09-30": "$19,725", "2007-06-30": "$19,167", "2007-03-31": "$18,626", "2006-12-31": "$18,297", "2006-09-30": "$18,103", "2006-06-30": "$17,606", "2006-03-31": "$17,458", "2005-12-31": "$17,464", "2005-09-30": "$17,105", "2005-06-30": "$17,331", "2005-03-31": "$8,109"}}, "total-share-holder-equity": {"MGM Resorts Annual Share Holder Equity (Millions of US $)": {"2019": "$12,663", "2018": "$10,470", "2017": "$11,611", "2016": "$9,969", "2015": "$7,764", "2014": "$7,628", "2013": "$7,860", "2012": "$8,116", "2011": "$9,882", "2010": "$2,932", "2009": "$3,870", "2008": "$3,974", "2007": "$6,061", "2006": "$3,850", "2005": "$3,235"}, "MGM Resorts Quarterly Share Holder Equity (Millions of US $)": {"2020-09-30": "$11,703", "2020-06-30": "$12,349", "2020-03-31": "$13,332", "2019-12-31": "$12,663", "2019-09-30": "$10,521", "2019-06-30": "$10,955", "2019-03-31": "$11,218", "2018-12-31": "$10,470", "2018-09-30": "$10,746", "2018-06-30": "$10,840", "2018-03-31": "$11,400", "2017-12-31": "$11,611", "2017-09-30": "$10,325", "2017-06-30": "$10,231", "2017-03-31": "$10,141", "2016-12-31": "$9,969", "2016-09-30": "$9,917", "2016-06-30": "$9,527", "2016-03-31": "$7,865", "2015-12-31": "$7,764", "2015-09-30": "$9,240", "2015-06-30": "$9,177", "2015-03-31": "$7,653", "2014-12-31": "$7,628", "2014-09-30": "$7,899", "2014-06-30": "$7,942", "2014-03-31": "$7,823", "2013-12-31": "$7,860", "2013-09-30": "$7,827", "2013-06-30": "$7,857", "2013-03-31": "$7,879", "2012-12-31": "$8,116", "2012-09-30": "$9,266", "2012-06-30": "$9,412", "2012-03-31": "$9,491", "2011-12-31": "$9,882", "2011-09-30": "$9,942", "2011-06-30": "$10,045", "2011-03-31": "$2,919", "2010-12-31": "$2,932", "2010-09-30": "$2,540", "2010-06-30": "$2,849", "2010-03-31": "$3,781", "2009-12-31": "$3,870", "2009-09-30": "$4,295", "2009-06-30": "$5,045", "2009-03-31": "$4,090", "2008-12-31": "$3,974", "2008-09-30": "$5,144", "2008-06-30": "$5,086", "2008-03-31": "$5,096", "2007-12-31": "$6,061", "2007-09-30": "$4,582", "2007-06-30": "$4,331", "2007-03-31": "$3,932", "2006-12-31": "$3,850", "2006-09-30": "$3,541", "2006-06-30": "$3,465", "2006-03-31": "$3,386", "2005-12-31": "$3,235", "2005-09-30": "$3,245", "2005-06-30": "$3,176", "2005-03-31": "$3,023"}}, "profit-margins": {"current": "20.81%"}, "gross margin": {"2020-09-30": "35.18%", "2020-06-30": "37.52%", "2020-03-31": "40.05%", "2019-12-31": "41.06%", "2019-09-30": "41.02%", "2019-06-30": "40.87%", "2019-03-31": "41.03%", "2018-12-31": "41.18%", "2018-09-30": "41.33%", "2018-06-30": "41.98%", "2018-03-31": "42.26%", "2017-12-31": "42.65%", "2017-09-30": "42.61%", "2017-06-30": "42.53%", "2017-03-31": "42.41%", "2016-12-31": "41.76%", "2016-09-30": "41.66%", "2016-06-30": "40.43%", "2016-03-31": "39.61%", "2015-12-31": "38.78%", "2015-09-30": "38.05%", "2015-06-30": "37.34%", "2015-03-31": "36.93%", "2014-12-31": "36.83%", "2014-09-30": "36.65%", "2014-06-30": "36.64%", "2014-03-31": "36.40%", "2013-12-31": "36.20%", "2013-09-30": "36.00%", "2013-06-30": "35.83%", "2013-03-31": "35.87%", "2012-12-31": "35.35%", "2012-09-30": "35.15%", "2012-06-30": "35.22%", "2012-03-31": "35.33%", "2011-12-31": "35.96%", "2011-09-30": "36.52%", "2011-06-30": "37.36%", "2011-03-31": "37.44%", "2010-12-31": "37.34%", "2010-09-30": "37.52%", "2010-06-30": "38.45%", "2010-03-31": "39.59%", "2009-12-31": "40.60%", "2009-09-30": "41.13%", "2009-06-30": "41.82%", "2009-03-31": "42.87%", "2008-12-31": "44.02%", "2008-09-30": "45.74%", "2008-06-30": "46.42%", "2008-03-31": "46.95%", "2007-12-31": "47.64%", "2007-09-30": "48.75%", "2007-06-30": "48.55%", "2007-03-31": "48.49%", "2006-12-31": "48.22%", "2006-09-30": "47.20%", "2006-06-30": "46.69%", "2006-03-31": "46.19%", "2005-12-31": "45.88%"}, "operating margin": {"2020-09-30": "39.12%", "2020-06-30": "37.76%", "2020-03-31": "40.25%", "2019-12-31": "30.54%", "2019-09-30": "10.30%", "2019-06-30": "11.92%", "2019-03-31": "12.21%", "2018-12-31": "12.50%", "2018-09-30": "12.00%", "2018-06-30": "12.95%", "2018-03-31": "14.46%", "2017-12-31": "15.86%", "2017-09-30": "16.57%", "2017-06-30": "19.19%", "2017-03-31": "22.62%", "2016-12-31": "21.92%", "2016-09-30": "6.54%", "2016-06-30": "2.07%", "2016-03-31": "-2.59%", "2015-12-31": "-1.70%", "2015-09-30": "13.93%", "2015-06-30": "13.52%", "2015-03-31": "13.30%", "2014-12-31": "13.11%", "2014-09-30": "13.68%", "2014-06-30": "13.49%", "2014-03-31": "12.41%", "2013-12-31": "11.60%", "2013-09-30": "4.31%", "2013-06-30": "3.06%", "2013-03-31": "2.49%", "2012-12-31": "1.32%", "2012-09-30": "6.50%", "2012-06-30": "6.26%", "2012-03-31": "47.32%", "2011-12-31": "51.69%", "2011-09-30": "57.89%", "2011-06-30": "58.95%", "2011-03-31": "-16.00%", "2010-12-31": "-19.14%", "2010-09-30": "-28.95%", "2010-06-30": "-41.69%", "2010-03-31": "-22.29%", "2009-12-31": "-16.04%", "2009-09-30": "-24.68%", "2009-06-30": "-4.95%", "2009-03-31": "-1.68%", "2008-12-31": "-1.79%", "2008-09-30": "32.05%", "2008-06-30": "34.51%", "2008-03-31": "36.10%", "2007-12-31": "37.24%", "2007-09-30": "24.80%", "2007-06-30": "24.53%", "2007-03-31": "24.40%", "2006-12-31": "24.48%", "2006-09-30": "23.30%", "2006-06-30": "22.08%", "2006-03-31": "21.65%", "2005-12-31": "21.70%"}, "ebitda margin": {"2020-09-30": "57.76%", "2020-06-30": "52.21%", "2020-03-31": "51.48%", "2019-12-31": "40.96%", "2019-09-30": "20.69%", "2019-06-30": "22.38%", "2019-03-31": "22.67%", "2018-12-31": "22.86%", "2018-09-30": "22.20%", "2018-06-30": "22.86%", "2018-03-31": "24.06%", "2017-12-31": "25.38%", "2017-09-30": "26.04%", "2017-06-30": "28.58%", "2017-03-31": "31.99%", "2016-12-31": "31.31%", "2016-09-30": "31.87%", "2016-06-30": "28.07%", "2016-03-31": "23.09%", "2015-12-31": "23.69%", "2015-09-30": "23.16%", "2015-06-30": "22.47%", "2015-03-31": "22.02%", "2014-12-31": "21.59%", "2014-09-30": "22.11%", "2014-06-30": "22.02%", "2014-03-31": "21.16%", "2013-12-31": "20.61%", "2013-09-30": "13.80%", "2013-06-30": "13.03%", "2013-03-31": "12.93%", "2012-12-31": "12.26%", "2012-09-30": "17.62%", "2012-06-30": "17.69%", "2012-03-31": "58.83%", "2011-12-31": "63.29%", "2011-09-30": "69.55%", "2011-06-30": "70.42%", "2011-03-31": "-4.24%", "2010-12-31": "-7.23%", "2010-09-30": "-16.86%", "2010-06-30": "-29.45%", "2010-03-31": "-10.00%", "2009-12-31": "-3.73%", "2009-09-30": "-12.50%", "2009-06-30": "6.96%", "2009-03-31": "9.70%", "2008-12-31": "9.13%", "2008-09-30": "42.64%", "2008-06-30": "44.56%", "2008-03-31": "45.68%", "2007-12-31": "46.40%", "2007-09-30": "33.65%", "2007-06-30": "33.39%", "2007-03-31": "33.46%", "2006-12-31": "33.57%", "2006-09-30": "32.89%", "2006-06-30": "31.61%", "2006-03-31": "31.06%", "2005-12-31": "31.39%"}, "pre tax profit margin": {"2020-09-30": "24.41%", "2020-06-30": "26.00%", "2020-03-31": "30.45%", "2019-12-31": "22.07%", "2019-09-30": "2.53%", "2019-06-30": "4.12%", "2019-03-31": "4.87%", "2018-12-31": "5.38%", "2018-09-30": "5.09%", "2018-06-30": "6.09%", "2018-03-31": "7.59%", "2017-12-31": "8.90%", "2017-09-30": "9.60%", "2017-06-30": "12.07%", "2017-03-31": "14.62%", "2016-12-31": "13.27%", "2016-09-30": "-2.74%", "2016-06-30": "-7.71%", "2016-03-31": "-12.02%", "2015-12-31": "-11.39%", "2015-09-30": "4.24%", "2015-06-30": "3.97%", "2015-03-31": "3.92%", "2014-12-31": "4.08%", "2014-09-30": "3.79%", "2014-06-30": "3.39%", "2014-03-31": "1.90%", "2013-12-31": "0.63%", "2013-09-30": "-12.87%", "2013-06-30": "-15.03%", "2013-03-31": "-16.31%", "2012-12-31": "-18.93%", "2012-09-30": "-7.26%", "2012-06-30": "-7.59%", "2012-03-31": "32.48%", "2011-12-31": "36.09%", "2011-09-30": "40.61%", "2011-06-30": "39.76%", "2011-03-31": "-36.05%", "2010-12-31": "-36.60%", "2010-09-30": "-45.42%", "2010-06-30": "-56.42%", "2010-03-31": "-39.28%", "2009-12-31": "-33.48%", "2009-09-30": "-39.32%", "2009-06-30": "-18.26%", "2009-03-31": "-9.96%", "2008-12-31": "-9.29%", "2008-09-30": "23.96%", "2008-06-30": "26.10%", "2008-03-31": "27.31%", "2007-12-31": "28.07%", "2007-09-30": "14.94%", "2007-06-30": "14.38%", "2007-03-31": "13.87%", "2006-12-31": "13.63%", "2006-09-30": "11.92%", "2006-06-30": "10.74%", "2006-03-31": "10.60%", "2005-12-31": "10.90%"}, "net profit margin": {"2020-09-30": "20.78%", "2020-06-30": "21.26%", "2020-03-31": "23.57%", "2019-12-31": "15.86%", "2019-09-30": "-0.02%", "2019-06-30": "1.43%", "2019-03-31": "2.09%", "2018-12-31": "3.78%", "2018-09-30": "16.39%", "2018-06-30": "16.73%", "2018-03-31": "17.89%", "2017-12-31": "17.90%", "2017-09-30": "5.50%", "2017-06-30": "9.41%", "2017-03-31": "12.42%", "2016-12-31": "11.62%", "2016-09-30": "3.22%", "2016-06-30": "-1.94%", "2016-03-31": "-6.08%", "2015-12-31": "-4.87%", "2015-09-30": "-0.10%", "2015-06-30": "-0.99%", "2015-03-31": "-0.84%", "2014-12-31": "-1.48%", "2014-09-30": "1.27%", "2014-06-30": "1.26%", "2014-03-31": "-0.74%", "2013-12-31": "-1.74%", "2013-09-30": "-13.89%", "2013-06-30": "-15.89%", "2013-03-31": "-16.72%", "2012-12-31": "-19.29%", "2012-09-30": "-7.17%", "2012-06-30": "-6.56%", "2012-03-31": "34.63%", "2011-12-31": "39.67%", "2011-09-30": "43.90%", "2011-06-30": "45.45%", "2011-03-31": "-23.40%", "2010-12-31": "-23.73%", "2010-09-30": "-28.60%", "2010-06-30": "-35.94%", "2010-03-31": "-25.03%", "2009-12-31": "-21.50%", "2009-09-30": "-32.51%", "2009-06-30": "-18.61%", "2009-03-31": "-12.73%", "2008-12-31": "-11.87%", "2008-09-30": "15.53%", "2008-06-30": "16.92%", "2008-03-31": "20.06%", "2007-12-31": "20.60%", "2007-09-30": "12.01%", "2007-06-30": "11.80%", "2007-03-31": "9.17%", "2006-12-31": "9.03%", "2006-09-30": "8.08%", "2006-06-30": "7.13%", "2006-03-31": "7.11%", "2005-12-31": "7.23%"}, "pe ratio": {"current": "0.00", "2021-02-11": "12.61", "2020-09-30": "7.77", "2020-06-30": "4.42", "2020-03-31": "2.13", "2019-12-31": "8.33", "2019-09-30": "0.00", "2019-06-30": "85.09", "2019-03-31": "54.56", "2018-12-31": "29.89", "2018-09-30": "8.27", "2018-06-30": "8.56", "2018-03-31": "9.84", "2017-12-31": "9.40", "2017-09-30": "30.49", "2017-06-30": "17.61", "2017-03-31": "12.03", "2016-12-31": "14.17", "2016-09-30": "49.15", "2016-06-30": "0.00", "2016-03-31": "0.00", "2015-12-31": "0.00", "2015-09-30": "0.00", "2015-06-30": "0.00", "2015-03-31": "0.00", "2014-12-31": "0.00", "2014-09-30": "71.68", "2014-06-30": "92.30", "2014-03-31": "0.00", "2013-12-31": "0.00", "2013-09-30": "0.00", "2013-06-30": "0.00", "2013-03-31": "0.00", "2012-12-31": "0.00", "2012-09-30": "0.00", "2012-06-30": "0.00", "2012-03-31": "2.43", "2011-12-31": "1.77", "2011-09-30": "1.59", "2011-06-30": "2.48", "2011-03-31": "0.00", "2010-12-31": "0.00", "2010-09-30": "0.00", "2010-06-30": "0.00", "2010-03-31": "0.00", "2009-12-31": "0.00", "2009-09-30": "0.00", "2009-06-30": "0.00", "2009-03-31": "0.00", "2008-12-31": "0.00", "2008-09-30": "6.95", "2008-06-30": "7.49", "2008-03-31": "10.90", "2007-12-31": "15.08", "2007-09-30": "27.24", "2007-06-30": "25.78", "2007-03-31": "28.53", "2006-12-31": "24.39"}, "price sales": {"2021-02-11": "2.63", "2020-09-30": "1.62", "2020-06-30": "0.96", "2020-03-31": "0.51", "2019-12-31": "1.35", "2019-09-30": "1.15", "2019-06-30": "1.22", "2019-03-31": "1.13", "2018-12-31": "1.11", "2018-09-30": "1.34", "2018-06-30": "1.44", "2018-03-31": "1.78", "2017-12-31": "1.72", "2017-09-30": "1.69", "2017-06-30": "1.66", "2017-03-31": "1.49", "2016-12-31": "1.64", "2016-09-30": "1.51", "2016-06-30": "1.34", "2016-03-31": "1.26", "2015-12-31": "1.32", "2015-09-30": "1.02", "2015-06-30": "0.95", "2015-03-31": "1.04", "2014-12-31": "1.01", "2014-09-30": "1.06", "2014-06-30": "1.23", "2014-03-31": "1.20", "2013-12-31": "1.11", "2013-09-30": "0.99", "2013-06-30": "0.73", "2013-03-31": "0.66", "2012-12-31": "0.59", "2012-09-30": "0.56", "2012-06-30": "0.58", "2012-03-31": "0.77", "2011-12-31": "0.66", "2011-09-30": "0.62", "2011-06-30": "0.94", "2011-03-31": "0.92", "2010-12-31": "1.03", "2010-09-30": "0.75", "2010-06-30": "0.64", "2010-03-31": "0.76", "2009-12-31": "0.50", "2009-09-30": "0.60", "2009-06-30": "0.28", "2009-03-31": "0.09", "2008-12-31": "0.51", "2008-09-30": "1.04", "2008-06-30": "1.24", "2008-03-31": "2.16", "2007-12-31": "3.06", "2007-09-30": "3.27", "2007-06-30": "3.04", "2007-03-31": "2.62", "2006-12-31": "2.20"}, "price book": {"current": "1.51", "2021-02-11": "1.49", "2020-09-30": "0.92", "2020-06-30": "0.67", "2020-03-31": "0.44", "2019-12-31": "1.31", "2019-09-30": "1.34", "2019-06-30": "1.35", "2019-03-31": "1.20", "2018-12-31": "1.19", "2018-09-30": "1.34", "2018-06-30": "1.39", "2018-03-31": "1.64", "2017-12-31": "1.56", "2017-09-30": "1.70", "2017-06-30": "1.67", "2017-03-31": "1.47", "2016-12-31": "1.57", "2016-09-30": "1.42", "2016-06-30": "1.27", "2016-03-31": "1.45", "2015-12-31": "1.56", "2015-09-30": "1.06", "2015-06-30": "1.06", "2015-03-31": "1.27", "2014-12-31": "1.30", "2014-09-30": "1.34", "2014-06-30": "1.54", "2014-03-31": "1.53", "2013-12-31": "1.39", "2013-09-30": "1.21", "2013-06-30": "0.87", "2013-03-31": "0.77", "2012-12-31": "0.66", "2012-09-30": "0.54", "2012-06-30": "0.55", "2012-03-31": "0.66", "2011-12-31": "0.49", "2011-09-30": "0.43", "2011-06-30": "0.61", "2011-03-31": "2.08", "2010-12-31": "2.34", "2010-09-30": "1.85", "2010-06-30": "1.41", "2010-03-31": "1.32", "2009-12-31": "0.98", "2009-09-30": "1.17", "2009-06-30": "0.53", "2009-03-31": "0.15", "2008-12-31": "0.90", "2008-09-30": "1.45", "2008-06-30": "1.74", "2008-03-31": "3.03", "2007-12-31": "3.84", "2007-09-30": "5.26", "2007-06-30": "5.11", "2007-03-31": "4.73", "2006-12-31": "3.99", "2006-09-30": "2.95", "2006-06-30": "3.15", "2006-03-31": "3.42"}, "price fcf": {"2021-02-11": "", "2020-09-30": "$-1.51", "2020-06-30": "$-1.66", "2020-03-31": "$0.63", "2019-12-31": "$2.04", "2019-09-30": "$0.81", "2019-06-30": "$1.27", "2019-03-31": "$0.60", "2018-12-31": "$0.48", "2018-09-30": "$0.72", "2018-06-30": "$0.90", "2018-03-31": "$0.96", "2017-12-31": "$0.59", "2017-09-30": "$-0.13", "2017-06-30": "$-0.53", "2017-03-31": "$-0.99", "2016-12-31": "$-1.26", "2016-09-30": "$-1.35", "2016-06-30": "$-1.24", "2016-03-31": "$-0.99", "2015-12-31": "$-0.84", "2015-09-30": "$-0.71", "2015-06-30": "$-0.52", "2015-03-31": "$0.15", "2014-12-31": "$0.54", "2014-09-30": "$0.93", "2014-06-30": "$1.41", "2014-03-31": "$1.56", "2013-12-31": "$1.57", "2013-09-30": "$1.29", "2013-06-30": "$1.39", "2013-03-31": "$0.83", "2012-12-31": "$1.00", "2012-09-30": "$1.21", "2012-06-30": "$0.89", "2012-03-31": "$1.05", "2011-12-31": "$0.67", "2011-09-30": "$0.87", "2011-06-30": "$0.60", "2011-03-31": "$1.03", "2010-12-31": "$0.83", "2010-09-30": "$0.89", "2010-06-30": "$1.03", "2010-03-31": "$0.75", "2009-12-31": "$1.25", "2009-09-30": "$1.77", "2009-06-30": "$1.82", "2009-03-31": "$1.73", "2008-12-31": "$0.20", "2008-09-30": "$-0.93", "2008-06-30": "$-3.35", "2008-03-31": "$-6.49", "2007-12-31": "$-6.29", "2007-09-30": "$-6.19", "2007-06-30": "$-4.55", "2007-03-31": "$-2.19", "2006-12-31": "$-1.77"}, "net worth": {"value": "$17.69B"}, "current ratio": {"current": "2.24", "2020-09-30": "2.24", "2020-06-30": "2.47", "2020-03-31": "2.89", "2019-12-31": "1.26", "2019-09-30": "0.88", "2019-06-30": "0.73", "2019-03-31": "0.79", "2018-12-31": "0.86", "2018-09-30": "0.74", "2018-06-30": "0.68", "2018-03-31": "0.67", "2017-12-31": "0.76", "2017-09-30": "1.02", "2017-06-30": "0.93", "2017-03-31": "1.02", "2016-12-31": "0.97", "2016-09-30": "1.04", "2016-06-30": "1.67", "2016-03-31": "1.15", "2015-12-31": "1.08", "2015-09-30": "1.32", "2015-06-30": "1.17", "2015-03-31": "1.56", "2014-12-31": "0.89", "2014-09-30": "0.59", "2014-06-30": "0.85", "2014-03-31": "0.91", "2013-12-31": "1.23", "2013-09-30": "1.06", "2013-06-30": "1.05", "2013-03-31": "1.30", "2012-12-31": "1.30", "2012-09-30": "1.65", "2012-06-30": "1.39", "2012-03-31": "1.37", "2011-12-31": "1.61", "2011-09-30": "1.35", "2011-06-30": "1.13", "2011-03-31": "1.17", "2010-12-31": "1.17", "2010-09-30": "0.98", "2010-06-30": "1.50", "2010-03-31": "1.53", "2009-12-31": "1.28", "2009-09-30": "1.40", "2009-06-30": "0.87", "2009-03-31": "0.13", "2008-12-31": "0.51", "2008-09-30": "0.78", "2008-06-30": "0.73", "2008-03-31": "0.86", "2007-12-31": "0.65", "2007-09-30": "0.67", "2007-06-30": "0.54", "2007-03-31": "0.88", "2006-12-31": "0.92", "2006-09-30": "0.65", "2006-06-30": "0.62", "2006-03-31": "0.65", "2005-12-31": "0.66", "2005-09-30": "0.68", "2005-06-30": "0.69", "2005-03-31": "1.00"}, "quick ratio": {"2020-09-30": "2.20", "2020-06-30": "2.43", "2020-03-31": "2.85", "2019-12-31": "1.22", "2019-09-30": "0.84", "2019-06-30": "0.69", "2019-03-31": "0.75", "2018-12-31": "0.82", "2018-09-30": "0.71", "2018-06-30": "0.64", "2018-03-31": "0.64", "2017-12-31": "0.73", "2017-09-30": "0.98", "2017-06-30": "0.89", "2017-03-31": "0.98", "2016-12-31": "0.93", "2016-09-30": "0.99", "2016-06-30": "1.61", "2016-03-31": "1.10", "2015-12-31": "1.03", "2015-09-30": "1.27", "2015-06-30": "1.13", "2015-03-31": "1.51", "2014-12-31": "0.86", "2014-09-30": "0.56", "2014-06-30": "0.81", "2014-03-31": "0.87", "2013-12-31": "1.18", "2013-09-30": "1.01", "2013-06-30": "1.01", "2013-03-31": "1.25", "2012-12-31": "1.25", "2012-09-30": "1.60", "2012-06-30": "1.33", "2012-03-31": "1.31", "2011-12-31": "1.55", "2011-09-30": "1.30", "2011-06-30": "1.07", "2011-03-31": "1.08", "2010-12-31": "1.09", "2010-09-30": "0.91", "2010-06-30": "1.42", "2010-03-31": "1.45", "2009-12-31": "1.24", "2009-09-30": "1.32", "2009-06-30": "0.79", "2009-03-31": "0.12", "2008-12-31": "0.47", "2008-09-30": "0.67", "2008-06-30": "0.63", "2008-03-31": "0.76", "2007-12-31": "0.58", "2007-09-30": "0.59", "2007-06-30": "0.47", "2007-03-31": "0.80", "2006-12-31": "0.85", "2006-09-30": "0.57", "2006-06-30": "0.54", "2006-03-31": "0.57", "2005-12-31": "0.59", "2005-09-30": "0.59", "2005-06-30": "0.61", "2005-03-31": "0.91"}, "debt equity ratio": {"current": "0.98", "2020-09-30": "2.16", "2020-06-30": "2.03", "2020-03-31": "1.93", "2019-12-31": "1.68", "2019-09-30": "1.96", "2019-06-30": "1.81", "2019-03-31": "1.78", "2018-12-31": "1.89", "2018-09-30": "1.79", "2018-06-30": "1.67", "2018-03-31": "1.57", "2017-12-31": "1.51", "2017-09-30": "1.82", "2017-06-30": "1.79", "2017-03-31": "1.79", "2016-12-31": "1.83", "2016-09-30": "1.79", "2016-06-30": "1.79", "2016-03-31": "2.24", "2015-12-31": "2.25", "2015-09-30": "1.89", "2015-06-30": "1.96", "2015-03-31": "2.50", "2014-12-31": "2.49", "2014-09-30": "2.22", "2014-06-30": "2.22", "2014-03-31": "2.24", "2013-12-31": "2.32", "2013-09-30": "2.28", "2013-06-30": "2.27", "2013-03-31": "2.31", "2012-12-31": "2.24", "2012-09-30": "2.00", "2012-06-30": "1.90", "2012-03-31": "1.89", "2011-12-31": "1.81", "2011-09-30": "1.80", "2011-06-30": "1.71", "2011-03-31": "5.43", "2010-12-31": "5.46", "2010-09-30": "6.53", "2010-06-30": "6.02", "2010-03-31": "4.56", "2009-12-31": "4.82", "2009-09-30": "4.06", "2009-06-30": "3.44", "2009-03-31": "4.83", "2008-12-31": "4.86", "2008-09-30": "3.55", "2008-06-30": "3.55", "2008-03-31": "3.49", "2007-12-31": "2.75", "2007-09-30": "4.31", "2007-06-30": "4.43", "2007-03-31": "4.74", "2006-12-31": "4.75", "2006-09-30": "5.11", "2006-06-30": "5.08", "2006-03-31": "5.16", "2005-12-31": "5.40", "2005-09-30": "5.27", "2005-06-30": "5.46", "2005-03-31": "2.68"}, "return on equity": {"2020-09-30": "11.38%", "2020-06-30": "15.73%", "2020-03-31": "23.78%", "2019-12-31": "18.04%", "2019-09-30": "-0.02%", "2019-06-30": "1.64%", "2019-03-31": "2.34%", "2018-12-31": "4.10%", "2018-09-30": "16.62%", "2018-06-30": "16.82%", "2018-03-31": "17.90%", "2017-12-31": "18.28%", "2017-09-30": "5.78%", "2017-06-30": "9.70%", "2017-03-31": "12.54%", "2016-12-31": "11.81%", "2016-09-30": "3.38%", "2016-06-30": "-2.02%", "2016-03-31": "-6.47%", "2015-12-31": "-5.30%", "2015-09-30": "-0.11%", "2015-06-30": "-1.17%", "2015-03-31": "-1.05%", "2014-12-31": "-1.90%", "2014-09-30": "1.65%", "2014-06-30": "1.63%", "2014-03-31": "-0.96%", "2013-12-31": "-2.18%", "2013-09-30": "-16.82%", "2013-06-30": "-18.01%", "2013-03-31": "-17.80%", "2012-12-31": "-19.48%", "2012-09-30": "-6.91%", "2012-06-30": "-6.20%", "2012-03-31": "30.36%", "2011-12-31": "37.99%", "2011-09-30": "47.82%", "2011-06-30": "62.81%", "2011-03-31": "-50.89%", "2010-12-31": "-47.50%", "2010-09-30": "-53.13%", "2010-06-30": "-58.51%", "2010-03-31": "-35.17%", "2009-12-31": "-29.87%", "2009-09-30": "-46.10%", "2009-06-30": "-26.19%", "2009-03-31": "-19.00%", "2008-12-31": "-17.74%", "2008-09-30": "21.77%", "2008-06-30": "24.72%", "2008-03-31": "30.57%", "2007-12-31": "33.51%", "2007-09-30": "21.90%", "2007-06-30": "22.64%", "2007-03-31": "18.18%", "2006-12-31": "18.20%", "2006-09-30": "15.97%", "2006-06-30": "14.43%", "2006-03-31": "14.60%", "2005-12-31": "13.98%"}, "return on assets": {"2020-09-30": "3.86%", "2020-06-30": "5.43%", "2020-03-31": "8.36%", "2019-12-31": "6.44%", "2019-09-30": "-0.01%", "2019-06-30": "0.58%", "2019-03-31": "0.84%", "2018-12-31": "1.50%", "2018-09-30": "6.31%", "2018-06-30": "6.38%", "2018-03-31": "6.72%", "2017-12-31": "6.72%", "2017-09-30": "2.06%", "2017-06-30": "3.46%", "2017-03-31": "4.48%", "2016-12-31": "4.08%", "2016-09-30": "1.13%", "2016-06-30": "-0.67%", "2016-03-31": "-2.11%", "2015-12-31": "-1.69%", "2015-09-30": "-0.03%", "2015-06-30": "-0.36%", "2015-03-31": "-0.31%", "2014-12-31": "-0.58%", "2014-09-30": "0.51%", "2014-06-30": "0.50%", "2014-03-31": "-0.29%", "2013-12-31": "-0.66%", "2013-09-30": "-5.14%", "2013-06-30": "-5.63%", "2013-03-31": "-5.74%", "2012-12-31": "-6.50%", "2012-09-30": "-2.38%", "2012-06-30": "-2.18%", "2012-03-31": "10.84%", "2011-12-31": "12.26%", "2011-09-30": "13.32%", "2011-06-30": "13.78%", "2011-03-31": "-7.44%", "2010-12-31": "-7.27%", "2010-09-30": "-8.38%", "2010-06-30": "-10.15%", "2010-03-31": "-6.82%", "2009-12-31": "-5.71%", "2009-09-30": "-8.79%", "2009-06-30": "-5.14%", "2009-03-31": "-3.71%", "2008-12-31": "-3.69%", "2008-09-30": "5.05%", "2008-06-30": "5.53%", "2008-03-31": "6.57%", "2007-12-31": "6.81%", "2007-09-30": "3.95%", "2007-06-30": "3.94%", "2007-03-31": "3.07%", "2006-12-31": "3.02%", "2006-09-30": "2.58%", "2006-06-30": "2.32%", "2006-03-31": "2.31%", "2005-12-31": "2.44%"}, "return on investments": {"2020-09-30": "11.20%", "2020-06-30": "13.93%", "2020-03-31": "19.28%", "2019-12-31": "15.62%", "2019-09-30": "5.13%", "2019-06-30": "5.80%", "2019-03-31": "5.85%", "2018-12-31": "5.91%", "2018-09-30": "5.52%", "2018-06-30": "5.98%", "2018-03-31": "6.65%", "2017-12-31": "7.30%", "2017-09-30": "7.65%", "2017-06-30": "8.67%", "2017-03-31": "9.95%", "2016-12-31": "9.44%", "2016-09-30": "2.82%", "2016-06-30": "0.87%", "2016-03-31": "-1.11%", "2015-12-31": "-0.72%", "2015-09-30": "6.05%", "2015-06-30": "6.18%", "2015-03-31": "6.28%", "2014-12-31": "6.50%", "2014-09-30": "6.80%", "2014-06-30": "6.58%", "2014-03-31": "5.97%", "2013-12-31": "5.37%", "2013-09-30": "1.94%", "2013-06-30": "1.31%", "2013-03-31": "1.03%", "2012-12-31": "0.54%", "2012-09-30": "2.59%", "2012-06-30": "2.49%", "2012-03-31": "17.76%", "2011-12-31": "19.31%", "2011-09-30": "21.53%", "2011-06-30": "22.15%", "2011-03-31": "-6.41%", "2010-12-31": "-7.42%", "2010-09-30": "-10.89%", "2010-06-30": "-15.12%", "2010-03-31": "-7.83%", "2009-12-31": "-6.94%", "2009-09-30": "-11.06%", "2009-06-30": "-2.26%", "2009-03-31": "-0.81%", "2008-12-31": "-0.73%", "2008-09-30": "13.41%", "2008-06-30": "14.60%", "2008-03-31": "15.39%", "2007-12-31": "16.13%", "2007-09-30": "10.69%", "2007-06-30": "10.77%", "2007-03-31": "10.75%", "2006-12-31": "10.76%", "2006-09-30": "9.79%", "2006-06-30": "9.44%", "2006-03-31": "9.29%", "2005-12-31": "9.69%"}, "return on tangible equity": {"2020-09-30": "21.40%", "2020-06-30": "30.41%", "2020-03-31": "47.58%", "2019-12-31": "38.15%", "2019-09-30": "-0.04%", "2019-06-30": "3.60%", "2019-03-31": "5.04%", "2018-12-31": "8.61%", "2018-09-30": "33.84%", "2018-06-30": "34.47%", "2018-03-31": "37.59%", "2017-12-31": "40.14%", "2017-09-30": "13.52%", "2017-06-30": "23.28%", "2017-03-31": "30.34%", "2016-12-31": "30.64%", "2016-09-30": "9.49%", "2016-06-30": "-6.54%", "2016-03-31": "-25.52%", "2015-12-31": "-26.49%", "2015-09-30": "-0.73%", "2015-06-30": "-10.84%", "2015-03-31": "-15.39%", "2014-12-31": "-27.59%", "2014-09-30": "23.16%", "2014-06-30": "26.26%", "2014-03-31": "-18.16%", "2013-12-31": "-45.88%", "2013-09-30": "-351.68%", "2013-06-30": "-221.88%", "2013-03-31": "-155.74%", "2012-12-31": "-133.91%", "2012-09-30": "-38.99%", "2012-06-30": "-33.78%", "2012-03-31": "161.22%", "2011-12-31": "150.58%", "2011-09-30": "139.66%", "2011-06-30": "128.07%", "2011-03-31": "-60.00%", "2010-12-31": "-55.30%", "2010-09-30": "-61.19%", "2010-06-30": "-66.20%", "2010-03-31": "-39.14%", "2009-12-31": "-33.18%", "2009-09-30": "-51.19%", "2009-06-30": "-31.17%", "2009-03-31": "-24.51%", "2008-12-31": "-24.46%", "2008-09-30": "31.26%", "2008-06-30": "35.94%", "2008-03-31": "45.24%", "2007-12-31": "51.16%", "2007-09-30": "36.09%", "2007-06-30": "39.21%", "2007-03-31": "33.11%", "2006-12-31": "34.47%", "2006-09-30": "31.63%", "2006-06-30": "29.28%", "2006-03-31": "30.22%", "2005-12-31": "23.97%"}, "dividend yield history": {"last payout": "$0.01", "last yield": "0.03%"}}