{"ticker": "MCHP", "price": {"title": "Microchip Technology Historical Annual Stock Price Data", "value": 145.44, "historical": {"2021": {"Average Stock Price": "145.4700", "Year Open": "137.1800", "Year High": "153.2800", "Year Low": "133.0400", "Year Close": "145.4400", "Annual % Change": "5.31%"}, "2020": {"Average Stock Price": "103.2810", "Year Open": "107.6000", "Year High": "144.9900", "Year Low": "55.7700", "Year Close": "138.1100", "Annual % Change": "31.89%"}, "2019": {"Average Stock Price": "89.8423", "Year Open": "71.3500", "Year High": "105.9300", "Year Low": "66.3200", "Year Close": "104.7200", "Annual % Change": "45.61%"}, "2018": {"Average Stock Price": "85.9235", "Year Open": "90.4100", "Year High": "103.3100", "Year Low": "61.3000", "Year Close": "71.9200", "Annual % Change": "-18.16%"}, "2017": {"Average Stock Price": "80.9029", "Year Open": "63.8500", "Year High": "95.3600", "Year Low": "62.5900", "Year Close": "87.8800", "Annual % Change": "36.99%"}, "2016": {"Average Stock Price": "53.9168", "Year Open": "45.9800", "Year High": "66.1800", "Year Low": "39.6500", "Year Close": "64.1500", "Annual % Change": "37.84%"}, "2015": {"Average Stock Price": "46.6728", "Year Open": "44.8700", "Year High": "52.4100", "Year Low": "39.5700", "Year Close": "46.5400", "Annual % Change": "3.17%"}, "2014": {"Average Stock Price": "46.1604", "Year Open": "44.1700", "Year High": "49.8300", "Year Low": "37.7300", "Year Close": "45.1100", "Annual % Change": "0.80%"}, "2013": {"Average Stock Price": "38.3740", "Year Open": "33.7500", "Year High": "44.7500", "Year Low": "32.5805", "Year Close": "44.7500", "Annual % Change": "37.31%"}, "2012": {"Average Stock Price": "33.7551", "Year Open": "35.7600", "Year High": "38.4200", "Year Low": "29.3700", "Year Close": "32.5900", "Annual % Change": "-11.03%"}, "2011": {"Average Stock Price": "35.7232", "Year Open": "34.7900", "Year High": "41.3300", "Year Low": "29.6000", "Year Close": "36.6300", "Annual % Change": "7.07%"}, "2010": {"Average Stock Price": "29.7644", "Year Open": "29.1800", "Year High": "36.3100", "Year Low": "25.8100", "Year Close": "34.2100", "Annual % Change": "17.76%"}, "2009": {"Average Stock Price": "23.5635", "Year Open": "19.5700", "Year High": "29.4400", "Year Low": "16.5900", "Year Close": "29.0500", "Annual % Change": "48.75%"}, "2008": {"Average Stock Price": "29.5657", "Year Open": "30.4600", "Year High": "38.1300", "Year Low": "17.1200", "Year Close": "19.5300", "Annual % Change": "-37.84%"}, "2007": {"Average Stock Price": "35.9587", "Year Open": "33.2100", "Year High": "42.0600", "Year Low": "27.5700", "Year Close": "31.4200", "Annual % Change": "-3.91%"}, "2006": {"Average Stock Price": "34.1574", "Year Open": "32.1300", "Year High": "38.1500", "Year Low": "31.1100", "Year Close": "32.7000", "Annual % Change": "1.71%"}, "2005": {"Average Stock Price": "29.1601", "Year Open": "26.0000", "Year High": "34.6400", "Year Low": "24.2800", "Year Close": "32.1500", "Annual % Change": "20.91%"}, "2004": {"Average Stock Price": "28.5900", "Year Open": "33.6200", "Year High": "34.6700", "Year Low": "25.2600", "Year Close": "26.5900", "Annual % Change": "-20.32%"}, "2003": {"Average Stock Price": "25.5328", "Year Open": "25.2600", "Year High": "36.0300", "Year Low": "18.1500", "Year Close": "33.3700", "Annual % Change": "36.48%"}, "2002": {"Average Stock Price": "25.4928", "Year Open": "26.6000", "Year High": "33.0700", "Year Low": "15.3600", "Year Close": "24.4500", "Annual % Change": "-5.33%"}, "2001": {"Average Stock Price": "20.1437", "Year Open": "14.5400", "Year High": "27.8400", "Year Low": "14.5400", "Year Close": "25.8267", "Annual % Change": "76.57%"}, "2000": {"Average Stock Price": "24.0132", "Year Open": "20.1867", "Year High": "32.3333", "Year Low": "13.3333", "Year Close": "14.6267", "Annual % Change": "-27.87%"}, "1999": {"Average Stock Price": "14.1228", "Year Open": "11.1496", "Year High": "21.6474", "Year Low": "8.0385", "Year Close": "20.2785", "Annual % Change": "84.97%"}, "1998": {"Average Stock Price": "8.0391", "Year Open": "8.8889", "Year High": "11.6119", "Year Low": "5.4252", "Year Close": "10.9630", "Annual % Change": "23.33%"}, "1997": {"Average Stock Price": "10.6047", "Year Open": "10.4454", "Year High": "14.4830", "Year Low": "7.4074", "Year Close": "8.8889", "Annual % Change": "-11.54%"}, "1996": {"Average Stock Price": "6.5144", "Year Open": "7.1605", "Year High": "10.3210", "Year Low": "4.1481", "Year Close": "10.0484", "Annual % Change": "39.37%"}, "1995": {"Average Stock Price": "6.5225", "Year Open": "5.1970", "Year High": "8.6677", "Year Low": "4.3951", "Year Close": "7.2099", "Annual % Change": "32.73%"}, "1994": {"Average Stock Price": "4.4464", "Year Open": "3.2483", "Year High": "6.1735", "Year Low": "2.6087", "Year Close": "5.4321", "Annual % Change": "58.65%"}}}, "market cap": {"value": "$37.87B"}, "income statement": {"Revenue": {"2020-03-31": "5274.20000", "2019-03-31": "5349.50000", "2018-03-31": "3980.80000", "2017-03-31": "3407.80000", "2016-03-31": "2173.30000", "2015-03-31": "2147.03600", "2014-03-31": "1931.21700", "2013-03-31": "1581.62300", "2012-03-31": "1383.17600", "2011-03-31": "1487.20500", "2010-03-31": "947.72900", "2009-03-31": "903.29700", "2008-03-31": "1035.73700", "2007-03-31": "1039.67100", "2006-03-31": "927.89300", "2005-03-31": "846.93600"}, "Cost Of Goods Sold": {"2020-03-31": "2032.10000", "2019-03-31": "2418.20000", "2018-03-31": "1560.10000", "2017-03-31": "1650.60000", "2016-03-31": "967.80000", "2015-03-31": "917.47200", "2014-03-31": "802.47400", "2013-03-31": "743.16400", "2012-03-31": "583.88200", "2011-03-31": "605.95400", "2010-03-31": "413.48700", "2009-03-31": "386.79300", "2008-03-31": "410.79900", "2007-03-31": "414.91500", "2006-03-31": "377.01600", "2005-03-31": "362.96100"}, "Gross Profit": {"2020-03-31": "3242.10000", "2019-03-31": "2931.30000", "2018-03-31": "2420.70000", "2017-03-31": "1757.20000", "2016-03-31": "1205.50000", "2015-03-31": "1229.56400", "2014-03-31": "1128.74300", "2013-03-31": "838.45900", "2012-03-31": "799.29400", "2011-03-31": "881.25100", "2010-03-31": "534.24200", "2009-03-31": "516.50400", "2008-03-31": "624.93800", "2007-03-31": "624.75600", "2006-03-31": "550.87700", "2005-03-31": "483.97500"}, "Research And Development Expenses": {"2020-03-31": "877.80000", "2019-03-31": "826.30000", "2018-03-31": "529.30000", "2017-03-31": "545.30000", "2016-03-31": "372.60000", "2015-03-31": "349.54300", "2014-03-31": "305.04300", "2013-03-31": "254.72300", "2012-03-31": "182.65000", "2011-03-31": "170.60700", "2010-03-31": "120.82300", "2009-03-31": "115.52400", "2008-03-31": "120.86400", "2007-03-31": "113.69800", "2006-03-31": "94.92600", "2005-03-31": "93.04000"}, "SG&A Expenses": {"2020-03-31": "676.60000", "2019-03-31": "682.90000", "2018-03-31": "452.10000", "2017-03-31": "499.80000", "2016-03-31": "301.70000", "2015-03-31": "274.81500", "2014-03-31": "267.27800", "2013-03-31": "261.47100", "2012-03-31": "208.32800", "2011-03-31": "222.18400", "2010-03-31": "167.22200", "2009-03-31": "161.21800", "2008-03-31": "175.64600", "2007-03-31": "163.24700", "2006-03-31": "129.58700", "2005-03-31": "111.18800"}, "Other Operating Income Or Expenses": {"2020-03-31": "-46.70000", "2019-03-31": "-33.70000", "2018-03-31": "-17.50000", "2017-03-31": "-98.60000", "2016-03-31": "-4.00000", "2015-03-31": "-2.84000", "2014-03-31": "-3.02400", "2013-03-31": "-32.17500", "2012-03-31": "-0.83700", "2011-03-31": "-1.86500", "2010-03-31": "-1.23800", "2009-03-31": "-6.43400", "2008-03-31": "-26.76300", "2007-03-31": "", "2006-03-31": "", "2005-03-31": "-21.10000"}, "Operating Expenses": {"2020-03-31": "4627.10000", "2019-03-31": "4635.20000", "2018-03-31": "3044.50000", "2017-03-31": "3132.00000", "2016-03-31": "1821.00000", "2015-03-31": "1721.41600", "2014-03-31": "1472.35300", "2013-03-31": "1403.07000", "2012-03-31": "986.66000", "2011-03-31": "1013.02200", "2010-03-31": "702.77000", "2009-03-31": "669.96910", "2008-03-31": "734.07200", "2007-03-31": "691.86000", "2006-03-31": "601.52900", "2005-03-31": "588.28900"}, "Operating Income": {"2020-03-31": "647.10010", "2019-03-31": "714.29980", "2018-03-31": "936.30000", "2017-03-31": "275.79980", "2016-03-31": "352.30000", "2015-03-31": "425.62000", "2014-03-31": "458.86390", "2013-03-31": "178.55300", "2012-03-31": "396.51610", "2011-03-31": "474.18300", "2010-03-31": "244.95900", "2009-03-31": "233.32790", "2008-03-31": "301.66500", "2007-03-31": "347.81100", "2006-03-31": "326.36400", "2005-03-31": "258.64700"}, "Total Non-Operating Income/Expense": {"2020-03-31": "-496.70000", "2019-03-31": "-509.80000", "2018-03-31": "-199.00000", "2017-03-31": "-186.00000", "2016-03-31": "-71.00000", "2015-03-31": "-79.71300", "2014-03-31": "-26.51000", "2013-03-31": "-26.37600", "2012-03-31": "-16.82100", "2011-03-31": "-13.48500", "2010-03-31": "-7.14600", "2009-03-31": "-1.24900", "2008-03-31": "47.79100", "2007-03-31": "53.27900", "2006-03-31": "32.82100", "2005-03-31": "18.62100"}, "Pre-Tax Income": {"2020-03-31": "150.40000", "2019-03-31": "204.50000", "2018-03-31": "737.30000", "2017-03-31": "89.80000", "2016-03-31": "281.30000", "2015-03-31": "345.90700", "2014-03-31": "432.35400", "2013-03-31": "152.17700", "2012-03-31": "379.69500", "2011-03-31": "460.69800", "2010-03-31": "237.81300", "2009-03-31": "232.07900", "2008-03-31": "349.45600", "2007-03-31": "401.09000", "2006-03-31": "359.18500", "2005-03-31": "277.26800"}, "Income Taxes": {"2020-03-31": "-420.20000", "2019-03-31": "-151.40000", "2018-03-31": "481.90000", "2017-03-31": "-80.80000", "2016-03-31": "-42.60000", "2015-03-31": "-19.41800", "2014-03-31": "37.07300", "2013-03-31": "24.78800", "2012-03-31": "42.99000", "2011-03-31": "31.53100", "2010-03-31": "20.80800", "2009-03-31": "-13.50800", "2008-03-31": "52.66300", "2007-03-31": "44.06100", "2006-03-31": "116.81600", "2005-03-31": "63.48300"}, "Income After Taxes": {"2020-03-31": "570.60000", "2019-03-31": "355.90000", "2018-03-31": "255.40000", "2017-03-31": "170.60000", "2016-03-31": "323.90000", "2015-03-31": "365.32500", "2014-03-31": "395.28100", "2013-03-31": "127.38900", "2012-03-31": "336.70500", "2011-03-31": "429.16700", "2010-03-31": "217.00500", "2009-03-31": "245.58700", "2008-03-31": "296.79300", "2007-03-31": "357.02900", "2006-03-31": "242.36900", "2005-03-31": "213.78500"}, "Other Income": {"2020-03-31": "", "2019-03-31": "", "2018-03-31": "", "2017-03-31": "", "2016-03-31": "", "2015-03-31": "", "2014-03-31": "", "2013-03-31": "", "2012-03-31": "", "2011-03-31": "", "2010-03-31": "", "2009-03-31": "", "2008-03-31": "", "2007-03-31": "", "2006-03-31": "", "2005-03-31": ""}, "Income From Continuous Operations": {"2020-03-31": "570.60000", "2019-03-31": "355.90000", "2018-03-31": "255.40000", "2017-03-31": "170.60000", "2016-03-31": "323.90000", "2015-03-31": "365.32500", "2014-03-31": "395.28100", "2013-03-31": "127.38900", "2012-03-31": "336.70500", "2011-03-31": "429.16700", "2010-03-31": "217.00500", "2009-03-31": "245.58700", "2008-03-31": "296.79300", "2007-03-31": "357.02900", "2006-03-31": "242.36900", "2005-03-31": "213.78500"}, "Income From Discontinued Operations": {"2020-03-31": "", "2019-03-31": "", "2018-03-31": "", "2017-03-31": "-6.00000", "2016-03-31": "", "2015-03-31": "0.00000", "2014-03-31": "", "2013-03-31": "", "2012-03-31": "", "2011-03-31": "-10.21700", "2010-03-31": "", "2009-03-31": "", "2008-03-31": "", "2007-03-31": "", "2006-03-31": "", "2005-03-31": ""}, "Net Income": {"2020-03-31": "570.60000", "2019-03-31": "355.90000", "2018-03-31": "255.40000", "2017-03-31": "164.60000", "2016-03-31": "324.10000", "2015-03-31": "369.00900", "2014-03-31": "395.28100", "2013-03-31": "127.38900", "2012-03-31": "336.70500", "2011-03-31": "418.95000", "2010-03-31": "217.00500", "2009-03-31": "245.58700", "2008-03-31": "296.79300", "2007-03-31": "357.02900", "2006-03-31": "242.36900", "2005-03-31": "213.78500"}, "EBITDA": {"2020-03-31": "2001.50000", "2019-03-31": "1721.60000", "2018-03-31": "1665.20000", "2017-03-31": "805.59980", "2016-03-31": "696.50010", "2015-03-31": "731.12100", "2014-03-31": "669.68590", "2013-03-31": "404.25000", "2012-03-31": "519.39510", "2011-03-31": "587.67600", "2010-03-31": "341.48900", "2009-03-31": "333.81590", "2008-03-31": "401.93700", "2007-03-31": "463.98200", "2006-03-31": "437.04600", "2005-03-31": "379.11300"}, "EBIT": {"2020-03-31": "647.10010", "2019-03-31": "714.29980", "2018-03-31": "936.30000", "2017-03-31": "275.79980", "2016-03-31": "352.30000", "2015-03-31": "425.62000", "2014-03-31": "458.86390", "2013-03-31": "178.55300", "2012-03-31": "396.51610", "2011-03-31": "474.18300", "2010-03-31": "244.95900", "2009-03-31": "233.32790", "2008-03-31": "301.66500", "2007-03-31": "347.81100", "2006-03-31": "326.36400", "2005-03-31": "258.64700"}, "Basic Shares Outstanding": {"2020-03-31": "238.90000", "2019-03-31": "236.20000", "2018-03-31": "232.90000", "2017-03-31": "217.20000", "2016-03-31": "203.40000", "2015-03-31": "200.93700", "2014-03-31": "198.29100", "2013-03-31": "194.59500", "2012-03-31": "191.28300", "2011-03-31": "187.06600", "2010-03-31": "183.64200", "2009-03-31": "183.15800", "2008-03-31": "207.22000", "2007-03-31": "215.49800", "2006-03-31": "210.10400", "2005-03-31": "206.74000"}, "Shares Outstanding": {"2020-03-31": "256.20000", "2019-03-31": "249.90000", "2018-03-31": "248.90000", "2017-03-31": "234.80000", "2016-03-31": "217.40000", "2015-03-31": "223.56100", "2014-03-31": "217.63000", "2013-03-31": "205.77600", "2012-03-31": "203.51900", "2011-03-31": "194.71500", "2010-03-31": "187.33900", "2009-03-31": "186.78800", "2008-03-31": "212.04800", "2007-03-31": "220.84800", "2006-03-31": "215.02400", "2005-03-31": "211.96200"}, "Basic EPS": {"2020-03-31": "2.39000", "2019-03-31": "1.51000", "2018-03-31": "1.10000", "2017-03-31": "0.76000", "2016-03-31": "1.59000", "2015-03-31": "1.84000", "2014-03-31": "1.99000", "2013-03-31": "0.65000", "2012-03-31": "1.76000", "2011-03-31": "2.24000", "2010-03-31": "1.18000", "2009-03-31": "1.34000", "2008-03-31": "1.43000", "2007-03-31": "1.66000", "2006-03-31": "1.15000", "2005-03-31": "1.03000"}, "EPS - Earnings Per Share": {"2020-03-31": "2.23000", "2019-03-31": "1.42000", "2018-03-31": "1.03000", "2017-03-31": "0.71000", "2016-03-31": "1.49000", "2015-03-31": "1.65000", "2014-03-31": "1.82000", "2013-03-31": "0.62000", "2012-03-31": "1.65000", "2011-03-31": "2.15000", "2010-03-31": "1.16000", "2009-03-31": "1.31000", "2008-03-31": "1.40000", "2007-03-31": "1.62000", "2006-03-31": "1.13000", "2005-03-31": "1.01000"}}, "income statement, quarterly": {"Revenue": {"2020-12-31": "1352.10000", "2020-09-30": "1309.50000", "2020-06-30": "1309.70000", "2020-03-31": "1326.40000", "2019-12-31": "1287.40000", "2019-09-30": "1337.80000", "2019-06-30": "1322.60000", "2019-03-31": "1329.80000", "2018-12-31": "1374.70000", "2018-09-30": "1432.50000", "2018-06-30": "1212.50000", "2018-03-31": "1002.40000", "2017-12-31": "994.20000", "2017-09-30": "1012.10000", "2017-06-30": "972.10000", "2017-03-31": "902.65910", "2016-12-31": "834.36600", "2016-09-30": "871.36400", "2016-06-30": "799.41100", "2016-03-31": "557.61300", "2015-12-31": "540.34400", "2015-09-30": "541.39100", "2015-06-30": "533.95200", "2015-03-31": "543.20700", "2014-12-31": "528.71000", "2014-09-30": "546.24300", "2014-06-30": "528.87600", "2014-03-31": "493.38400", "2013-12-31": "482.37200", "2013-09-30": "492.66900", "2013-06-30": "462.79200", "2013-03-31": "430.14410", "2012-12-31": "416.04700", "2012-09-30": "383.29800", "2012-06-30": "352.13400", "2012-03-31": "338.91100", "2011-12-31": "329.15600", "2011-09-30": "340.60200", "2011-06-30": "374.50700", "2011-03-31": "379.98500", "2010-12-31": "367.82400", "2010-09-30": "382.27100", "2010-06-30": "357.12500", "2010-03-31": "278.02000", "2009-12-31": "250.09900", "2009-09-30": "226.66100", "2009-06-30": "192.94900", "2009-03-31": "173.25300", "2008-12-31": "192.16600", "2008-09-30": "269.70600", "2008-06-30": "268.17200", "2008-03-31": "260.41810", "2007-12-31": "252.60000", "2007-09-30": "258.64700", "2007-06-30": "264.07200", "2007-03-31": "258.17600", "2006-12-31": "251.00400", "2006-09-30": "267.93400", "2006-06-30": "262.55700", "2006-03-31": "247.17200", "2005-12-31": "234.89600", "2005-09-30": "227.29800", "2005-06-30": "218.52700", "2005-03-31": "208.08300"}, "Cost Of Goods Sold": {"2020-12-31": "506.30000", "2020-09-30": "501.60000", "2020-06-30": "511.40000", "2020-03-31": "512.50000", "2019-12-31": "501.90000", "2019-09-30": "510.30000", "2019-06-30": "507.40000", "2019-03-31": "509.39990", "2018-12-31": "595.10000", "2018-09-30": "743.20000", "2018-06-30": "570.50000", "2018-03-31": "387.30000", "2017-12-31": "387.10000", "2017-09-30": "398.00000", "2017-06-30": "387.70000", "2017-03-31": "369.82890", "2016-12-31": "369.10700", "2016-09-30": "460.74300", "2016-06-30": "450.92100", "2016-03-31": "254.79800", "2015-12-31": "247.62600", "2015-09-30": "240.44100", "2015-06-30": "224.93500", "2015-03-31": "229.57500", "2014-12-31": "226.75100", "2014-09-30": "238.78900", "2014-06-30": "222.35700", "2014-03-31": "202.79800", "2013-12-31": "199.65200", "2013-09-30": "203.80600", "2013-06-30": "196.21800", "2013-03-31": "191.10500", "2012-12-31": "215.61900", "2012-09-30": "189.10300", "2012-06-30": "147.33700", "2012-03-31": "141.55600", "2011-12-31": "143.66800", "2011-09-30": "143.89900", "2011-06-30": "154.75900", "2011-03-31": "147.57900", "2010-12-31": "151.42700", "2010-09-30": "157.26600", "2010-06-30": "149.68200", "2010-03-31": "109.54900", "2009-12-31": "104.10300", "2009-09-30": "103.32100", "2009-06-30": "96.51400", "2009-03-31": "89.28600", "2008-12-31": "87.37900", "2008-09-30": "105.55300", "2008-06-30": "104.57500", "2008-03-31": "101.78400", "2007-12-31": "99.55300", "2007-09-30": "103.93500", "2007-06-30": "105.52700", "2007-03-31": "103.57500", "2006-12-31": "101.29400", "2006-09-30": "105.97300", "2006-06-30": "104.07300", "2006-03-31": "98.62600", "2005-12-31": "94.62600", "2005-09-30": "92.74200", "2005-06-30": "91.02200", "2005-03-31": "88.73200"}, "Gross Profit": {"2020-12-31": "845.80000", "2020-09-30": "807.90000", "2020-06-30": "798.29990", "2020-03-31": "813.90030", "2019-12-31": "785.50000", "2019-09-30": "827.50010", "2019-06-30": "815.20000", "2019-03-31": "820.40010", "2018-12-31": "779.60000", "2018-09-30": "689.30000", "2018-06-30": "642.00000", "2018-03-31": "615.10020", "2017-12-31": "607.10000", "2017-09-30": "614.10000", "2017-06-30": "584.40000", "2017-03-31": "532.83020", "2016-12-31": "465.25900", "2016-09-30": "410.62100", "2016-06-30": "348.49000", "2016-03-31": "302.81510", "2015-12-31": "292.71800", "2015-09-30": "300.95000", "2015-06-30": "309.01700", "2015-03-31": "313.63210", "2014-12-31": "301.95900", "2014-09-30": "307.45400", "2014-06-30": "306.51900", "2014-03-31": "290.58590", "2013-12-31": "282.72000", "2013-09-30": "288.86300", "2013-06-30": "266.57400", "2013-03-31": "239.03910", "2012-12-31": "200.42800", "2012-09-30": "194.19500", "2012-06-30": "204.79700", "2012-03-31": "197.35500", "2011-12-31": "185.48800", "2011-09-30": "196.70300", "2011-06-30": "219.74800", "2011-03-31": "232.40600", "2010-12-31": "216.39700", "2010-09-30": "225.00500", "2010-06-30": "207.44300", "2010-03-31": "168.47100", "2009-12-31": "145.99600", "2009-09-30": "123.34000", "2009-06-30": "96.43500", "2009-03-31": "83.96700", "2008-12-31": "104.78700", "2008-09-30": "164.15300", "2008-06-30": "163.59700", "2008-03-31": "158.63410", "2007-12-31": "153.04700", "2007-09-30": "154.71200", "2007-06-30": "158.54500", "2007-03-31": "154.60100", "2006-12-31": "149.71000", "2006-09-30": "161.96100", "2006-06-30": "158.48400", "2006-03-31": "148.54600", "2005-12-31": "140.27000", "2005-09-30": "134.55600", "2005-06-30": "127.50500", "2005-03-31": "119.35100"}, "Research And Development Expenses": {"2020-12-31": "210.10000", "2020-09-30": "199.80000", "2020-06-30": "198.00000", "2020-03-31": "221.80000", "2019-12-31": "217.10000", "2019-09-30": "219.80000", "2019-06-30": "219.10000", "2019-03-31": "214.80000", "2018-12-31": "217.70000", "2018-09-30": "221.90000", "2018-06-30": "171.90000", "2018-03-31": "133.60000", "2017-12-31": "131.60000", "2017-09-30": "133.60000", "2017-06-30": "130.50000", "2017-03-31": "127.18900", "2016-12-31": "132.43300", "2016-09-30": "137.79500", "2016-06-30": "147.88300", "2016-03-31": "95.64200", "2015-12-31": "97.02200", "2015-09-30": "95.25600", "2015-06-30": "84.68000", "2015-03-31": "87.66200", "2014-12-31": "88.69700", "2014-09-30": "88.81400", "2014-06-30": "84.37000", "2014-03-31": "77.36300", "2013-12-31": "76.34100", "2013-09-30": "78.25400", "2013-06-30": "73.08500", "2013-03-31": "70.43800", "2012-12-31": "71.37700", "2012-09-30": "64.08200", "2012-06-30": "48.82600", "2012-03-31": "47.71300", "2011-12-31": "44.25600", "2011-09-30": "45.38300", "2011-06-30": "45.29800", "2011-03-31": "44.15900", "2010-12-31": "42.19800", "2010-09-30": "43.72000", "2010-06-30": "40.53000", "2010-03-31": "33.28700", "2009-12-31": "30.33200", "2009-09-30": "29.56800", "2009-06-30": "27.63600", "2009-03-31": "25.65600", "2008-12-31": "26.97300", "2008-09-30": "31.34300", "2008-06-30": "31.55200", "2008-03-31": "31.50600", "2007-12-31": "30.30600", "2007-09-30": "29.30600", "2007-06-30": "29.74600", "2007-03-31": "28.54700", "2006-12-31": "28.04300", "2006-09-30": "29.08400", "2006-06-30": "28.02400", "2006-03-31": "24.51700", "2005-12-31": "23.37700", "2005-09-30": "23.63700", "2005-06-30": "23.39500", "2005-03-31": "23.33100"}, "SG&A Expenses": {"2020-12-31": "154.20000", "2020-09-30": "144.70000", "2020-06-30": "146.30000", "2020-03-31": "165.70000", "2019-12-31": "170.70000", "2019-09-30": "172.30000", "2019-06-30": "167.90000", "2019-03-31": "167.50000", "2018-12-31": "174.80000", "2018-09-30": "176.60000", "2018-06-30": "164.00000", "2018-03-31": "114.40000", "2017-12-31": "109.10000", "2017-09-30": "114.30000", "2017-06-30": "114.30000", "2017-03-31": "111.14900", "2016-12-31": "111.01700", "2016-09-30": "120.12900", "2016-06-30": "157.50500", "2016-03-31": "78.32300", "2015-12-31": "76.27000", "2015-09-30": "80.25800", "2015-06-30": "66.84900", "2015-03-31": "67.77800", "2014-12-31": "66.66800", "2014-09-30": "71.11400", "2014-06-30": "69.25500", "2014-03-31": "65.34400", "2013-12-31": "66.85600", "2013-09-30": "69.36800", "2013-06-30": "65.71000", "2013-03-31": "64.74400", "2012-12-31": "69.36800", "2012-09-30": "71.76700", "2012-06-30": "55.59200", "2012-03-31": "48.65400", "2011-12-31": "51.08700", "2011-09-30": "50.99700", "2011-06-30": "57.59000", "2011-03-31": "51.28800", "2010-12-31": "56.10000", "2010-09-30": "57.58400", "2010-06-30": "57.21200", "2010-03-31": "46.69700", "2009-12-31": "43.09600", "2009-09-30": "41.04600", "2009-06-30": "36.38300", "2009-03-31": "33.33600", "2008-12-31": "36.84000", "2008-09-30": "45.62900", "2008-06-30": "45.41300", "2008-03-31": "45.39600", "2007-12-31": "43.50100", "2007-09-30": "42.96900", "2007-06-30": "43.78000", "2007-03-31": "40.76500", "2006-12-31": "40.18500", "2006-09-30": "41.51800", "2006-06-30": "40.77900", "2006-03-31": "34.57700", "2005-12-31": "32.30500", "2005-09-30": "31.62400", "2005-06-30": "31.08100", "2005-03-31": "27.90000"}, "Other Operating Income Or Expenses": {"2020-12-31": "-4.30000", "2020-09-30": "-4.30000", "2020-06-30": "-0.30000", "2020-03-31": "-17.20000", "2019-12-31": "-17.80000", "2019-09-30": "-3.60000", "2019-06-30": "-8.10000", "2019-03-31": "23.30000", "2018-12-31": "1.30000", "2018-09-30": "-18.20000", "2018-06-30": "-40.10000", "2018-03-31": "-0.20000", "2017-12-31": "-0.20000", "2017-09-30": "-19.90000", "2017-06-30": "2.80000", "2017-03-31": "-46.07800", "2016-12-31": "-20.94400", "2016-09-30": "-9.54300", "2016-06-30": "-22.03500", "2016-03-31": "-0.81300", "2015-12-31": "5.01800", "2015-09-30": "-6.64800", "2015-06-30": "-1.55700", "2015-03-31": "-0.75800", "2014-12-31": "-1.00300", "2014-09-30": "-0.77500", "2014-06-30": "-0.30400", "2014-03-31": "-0.53300", "2013-12-31": "-0.80100", "2013-09-30": "0.01100", "2013-06-30": "-1.70100", "2013-03-31": "-7.22200", "2012-12-31": "-2.55900", "2012-09-30": "-22.39400", "2012-06-30": "", "2012-03-31": "-1.49700", "2011-12-31": "0.66000", "2011-09-30": "", "2011-06-30": "", "2011-03-31": "-0.18600", "2010-12-31": "-0.64600", "2010-09-30": "-0.55800", "2010-06-30": "-0.47500", "2010-03-31": "", "2009-12-31": "0.00000", "2009-09-30": "", "2009-06-30": "-1.23800", "2009-03-31": "-5.93400", "2008-12-31": "-0.50000", "2008-09-30": "", "2008-06-30": "", "2008-03-31": "", "2007-12-31": "", "2007-09-30": "-26.76300", "2007-06-30": "", "2007-03-31": "", "2006-12-31": "", "2006-09-30": "", "2006-06-30": "", "2006-03-31": "", "2005-12-31": "", "2005-09-30": "", "2005-06-30": "", "2005-03-31": ""}, "Operating Expenses": {"2020-12-31": "1106.50000", "2020-09-30": "1083.30000", "2020-06-30": "1091.40000", "2020-03-31": "1165.70000", "2019-12-31": "1156.20000", "2019-09-30": "1154.20000", "2019-06-30": "1151.00000", "2019-03-31": "1045.20000", "2018-12-31": "1180.00000", "2018-09-30": "1329.80000", "2018-06-30": "1080.20000", "2018-03-31": "758.30000", "2017-12-31": "749.00000", "2017-09-30": "786.70000", "2017-06-30": "750.50000", "2017-03-31": "748.58930", "2016-12-31": "716.29200", "2016-09-30": "808.60410", "2016-06-30": "858.51500", "2016-03-31": "477.71200", "2015-12-31": "464.21200", "2015-09-30": "466.44300", "2015-06-30": "412.63300", "2015-03-31": "432.85990", "2014-12-31": "430.70100", "2014-09-30": "444.92500", "2014-06-30": "412.93000", "2014-03-31": "367.34720", "2013-12-31": "365.45400", "2013-09-30": "375.16100", "2013-06-30": "364.39100", "2013-03-31": "373.43100", "2012-12-31": "398.63400", "2012-09-30": "375.20400", "2012-06-30": "255.80100", "2012-03-31": "245.00200", "2011-12-31": "241.02900", "2011-09-30": "242.98200", "2011-06-30": "257.64700", "2011-03-31": "255.62400", "2010-12-31": "250.37100", "2010-09-30": "259.12800", "2010-06-30": "247.89900", "2010-03-31": "189.53290", "2009-12-31": "177.53100", "2009-09-30": "173.93500", "2009-06-30": "161.77100", "2009-03-31": "154.21210", "2008-12-31": "151.69200", "2008-09-30": "182.52500", "2008-06-30": "181.54000", "2008-03-31": "178.68610", "2007-12-31": "173.36000", "2007-09-30": "202.97300", "2007-06-30": "179.05300", "2007-03-31": "172.88700", "2006-12-31": "169.52200", "2006-09-30": "176.57500", "2006-06-30": "172.87600", "2006-03-31": "157.72000", "2005-12-31": "150.30800", "2005-09-30": "148.00300", "2005-06-30": "145.49800", "2005-03-31": "139.96300"}, "Operating Income": {"2020-12-31": "245.60000", "2020-09-30": "226.20000", "2020-06-30": "218.29990", "2020-03-31": "160.70010", "2019-12-31": "131.20010", "2019-09-30": "183.60010", "2019-06-30": "171.60000", "2019-03-31": "284.59960", "2018-12-31": "194.70000", "2018-09-30": "102.70010", "2018-06-30": "132.30000", "2018-03-31": "244.10010", "2017-12-31": "245.20000", "2017-09-30": "225.40000", "2017-06-30": "221.60000", "2017-03-31": "154.06980", "2016-12-31": "118.07400", "2016-09-30": "62.76000", "2016-06-30": "-59.10390", "2016-03-31": "79.90110", "2015-12-31": "76.13200", "2015-09-30": "74.94800", "2015-06-30": "121.31900", "2015-03-31": "110.34710", "2014-12-31": "98.00900", "2014-09-30": "101.31800", "2014-06-30": "115.94600", "2014-03-31": "126.03680", "2013-12-31": "116.91800", "2013-09-30": "117.50800", "2013-06-30": "98.40100", "2013-03-31": "56.71300", "2012-12-31": "17.41300", "2012-09-30": "8.09400", "2012-06-30": "96.33300", "2012-03-31": "93.90910", "2011-12-31": "88.12700", "2011-09-30": "97.62000", "2011-06-30": "116.86000", "2011-03-31": "124.36100", "2010-12-31": "117.45300", "2010-09-30": "123.14300", "2010-06-30": "109.22600", "2010-03-31": "88.48710", "2009-12-31": "72.56800", "2009-09-30": "52.72600", "2009-06-30": "31.17800", "2009-03-31": "19.04090", "2008-12-31": "40.47400", "2008-09-30": "87.18100", "2008-06-30": "86.63200", "2008-03-31": "81.73210", "2007-12-31": "79.24000", "2007-09-30": "55.67400", "2007-06-30": "85.01900", "2007-03-31": "85.28900", "2006-12-31": "81.48200", "2006-09-30": "91.35900", "2006-06-30": "89.68100", "2006-03-31": "89.45200", "2005-12-31": "84.58800", "2005-09-30": "79.29500", "2005-06-30": "73.02900", "2005-03-31": "68.12000"}, "Total Non-Operating Income/Expense": {"2020-12-31": "-228.80000", "2020-09-30": "-137.40000", "2020-06-30": "-128.80000", "2020-03-31": "-114.90000", "2019-12-31": "-120.60000", "2019-09-30": "-130.10000", "2019-06-30": "-131.10000", "2019-03-31": "-133.39990", "2018-12-31": "-139.70000", "2018-09-30": "-142.10000", "2018-06-30": "-94.60000", "2018-03-31": "-55.90000", "2017-12-31": "-48.50000", "2017-09-30": "-39.20000", "2017-06-30": "-55.40000", "2017-03-31": "-82.25500", "2016-12-31": "-34.57600", "2016-09-30": "-37.52600", "2016-06-30": "-31.64300", "2016-03-31": "-22.28100", "2015-12-31": "-25.97400", "2015-09-30": "-20.99100", "2015-06-30": "-1.75400", "2015-03-31": "-48.32600", "2014-12-31": "-11.81800", "2014-09-30": "-10.61400", "2014-06-30": "-8.95500", "2014-03-31": "-7.81300", "2013-12-31": "-4.33000", "2013-09-30": "-6.30200", "2013-06-30": "-8.06500", "2013-03-31": "-7.21100", "2012-12-31": "-7.72100", "2012-09-30": "-5.97500", "2012-06-30": "-5.46900", "2012-03-31": "-1.98700", "2011-12-31": "-4.45000", "2011-09-30": "-7.35000", "2011-06-30": "-3.03400", "2011-03-31": "-4.33200", "2010-12-31": "-3.06200", "2010-09-30": "-2.14500", "2010-06-30": "-3.94600", "2010-03-31": "-4.49000", "2009-12-31": "-2.68900", "2009-09-30": "-1.44400", "2009-06-30": "1.47700", "2009-03-31": "8.56000", "2008-12-31": "-20.06400", "2008-09-30": "4.95300", "2008-06-30": "5.30200", "2008-03-31": "5.56000", "2007-12-31": "12.03700", "2007-09-30": "14.47000", "2007-06-30": "15.72400", "2007-03-31": "14.06300", "2006-12-31": "14.37200", "2006-09-30": "13.23000", "2006-06-30": "11.61400", "2006-03-31": "9.98000", "2005-12-31": "8.48300", "2005-09-30": "7.09000", "2005-06-30": "7.26800", "2005-03-31": "6.09400"}, "Pre-Tax Income": {"2020-12-31": "16.80000", "2020-09-30": "88.80000", "2020-06-30": "89.50000", "2020-03-31": "45.80000", "2019-12-31": "10.60000", "2019-09-30": "53.50000", "2019-06-30": "40.50000", "2019-03-31": "151.20000", "2018-12-31": "55.00000", "2018-09-30": "-39.40000", "2018-06-30": "37.70000", "2018-03-31": "188.20000", "2017-12-31": "196.70000", "2017-09-30": "186.20000", "2017-06-30": "166.20000", "2017-03-31": "71.81500", "2016-12-31": "83.49800", "2016-09-30": "25.23400", "2016-06-30": "-90.74700", "2016-03-31": "57.62000", "2015-12-31": "50.15800", "2015-09-30": "53.95700", "2015-06-30": "119.56500", "2015-03-31": "62.02100", "2014-12-31": "86.19100", "2014-09-30": "90.70400", "2014-06-30": "106.99100", "2014-03-31": "118.22400", "2013-12-31": "112.58800", "2013-09-30": "111.20600", "2013-06-30": "90.33600", "2013-03-31": "49.50200", "2012-12-31": "9.69200", "2012-09-30": "2.11900", "2012-06-30": "90.86400", "2012-03-31": "91.92200", "2011-12-31": "83.67700", "2011-09-30": "90.27000", "2011-06-30": "113.82600", "2011-03-31": "120.02900", "2010-12-31": "114.39100", "2010-09-30": "120.99800", "2010-06-30": "105.28000", "2010-03-31": "83.99700", "2009-12-31": "69.87900", "2009-09-30": "51.28200", "2009-06-30": "32.65500", "2009-03-31": "27.60100", "2008-12-31": "20.41000", "2008-09-30": "92.13400", "2008-06-30": "91.93400", "2008-03-31": "87.29200", "2007-12-31": "91.27700", "2007-09-30": "70.14400", "2007-06-30": "100.74300", "2007-03-31": "99.35200", "2006-12-31": "95.85400", "2006-09-30": "104.58900", "2006-06-30": "101.29500", "2006-03-31": "99.43200", "2005-12-31": "93.07100", "2005-09-30": "86.38500", "2005-06-30": "80.29700", "2005-03-31": "74.21400"}, "Income Taxes": {"2020-12-31": "-19.40000", "2020-09-30": "15.20000", "2020-06-30": "-34.10000", "2020-03-31": "-54.10000", "2019-12-31": "-300.50000", "2019-09-30": "-55.40000", "2019-06-30": "-10.20000", "2019-03-31": "-23.50000", "2018-12-31": "5.80000", "2018-09-30": "-135.70000", "2018-06-30": "2.00000", "2018-03-31": "41.50000", "2017-12-31": "447.80000", "2017-09-30": "-3.00000", "2017-06-30": "-4.40000", "2017-03-31": "-65.10100", "2016-12-31": "-23.83700", "2016-09-30": "-10.34000", "2016-06-30": "18.47800", "2016-03-31": "-9.71000", "2015-12-31": "-11.05300", "2015-09-30": "-10.94200", "2015-06-30": "-10.89500", "2015-03-31": "-36.55900", "2014-12-31": "1.39300", "2014-09-30": "-1.33400", "2014-06-30": "17.08200", "2014-03-31": "6.72900", "2013-12-31": "7.18700", "2013-09-30": "11.40000", "2013-06-30": "11.75700", "2013-03-31": "-10.18800", "2012-12-31": "-0.48100", "2012-09-30": "23.30300", "2012-06-30": "12.15400", "2012-03-31": "11.28600", "2011-12-31": "6.18800", "2011-09-30": "10.98300", "2011-06-30": "14.53300", "2011-03-31": "-10.58300", "2010-12-31": "12.46100", "2010-09-30": "16.25000", "2010-06-30": "13.40300", "2010-03-31": "8.24800", "2009-12-31": "0.47600", "2009-09-30": "6.79700", "2009-06-30": "5.28700", "2009-03-31": "5.63700", "2008-12-31": "-51.94600", "2008-09-30": "16.41400", "2008-06-30": "16.38700", "2008-03-31": "11.59500", "2007-12-31": "11.15300", "2007-09-30": "9.46500", "2007-06-30": "20.45000", "2007-03-31": "-28.35600", "2006-12-31": "23.00500", "2006-09-30": "25.10100", "2006-06-30": "24.31100", "2006-03-31": "23.86400", "2005-12-31": "52.94700", "2005-09-30": "20.73200", "2005-06-30": "19.27300", "2005-03-31": "17.81100"}, "Income After Taxes": {"2020-12-31": "36.20000", "2020-09-30": "73.60000", "2020-06-30": "123.60000", "2020-03-31": "99.90000", "2019-12-31": "311.10000", "2019-09-30": "108.90000", "2019-06-30": "50.70000", "2019-03-31": "174.70000", "2018-12-31": "49.20000", "2018-09-30": "96.30000", "2018-06-30": "35.70000", "2018-03-31": "146.70000", "2017-12-31": "-251.10000", "2017-09-30": "189.20000", "2017-06-30": "170.60000", "2017-03-31": "136.91600", "2016-12-31": "107.33500", "2016-09-30": "35.57400", "2016-06-30": "-109.22500", "2016-03-31": "67.33000", "2015-12-31": "61.21100", "2015-09-30": "64.89900", "2015-06-30": "130.46000", "2015-03-31": "98.58000", "2014-12-31": "84.79800", "2014-09-30": "92.03800", "2014-06-30": "89.90900", "2014-03-31": "111.49500", "2013-12-31": "105.40100", "2013-09-30": "99.80600", "2013-06-30": "78.57900", "2013-03-31": "59.69000", "2012-12-31": "10.17300", "2012-09-30": "-21.18400", "2012-06-30": "78.71000", "2012-03-31": "80.63600", "2011-12-31": "77.48900", "2011-09-30": "79.28700", "2011-06-30": "99.29300", "2011-03-31": "130.61200", "2010-12-31": "101.93000", "2010-09-30": "104.74800", "2010-06-30": "91.87700", "2010-03-31": "75.74900", "2009-12-31": "69.40300", "2009-09-30": "44.48500", "2009-06-30": "27.36800", "2009-03-31": "21.96400", "2008-12-31": "72.35600", "2008-09-30": "75.72000", "2008-06-30": "75.54700", "2008-03-31": "75.69700", "2007-12-31": "80.12400", "2007-09-30": "60.67900", "2007-06-30": "80.29300", "2007-03-31": "127.70800", "2006-12-31": "72.84900", "2006-09-30": "79.48800", "2006-06-30": "76.98400", "2006-03-31": "75.56800", "2005-12-31": "40.12400", "2005-09-30": "65.65300", "2005-06-30": "61.02400", "2005-03-31": "56.40300"}, "Other Income": {"2020-12-31": "", "2020-09-30": "", "2020-06-30": "", "2020-03-31": "", "2019-12-31": "", "2019-09-30": "", "2019-06-30": "", "2019-03-31": "", "2018-12-31": "", "2018-09-30": "", "2018-06-30": "", "2018-03-31": "", "2017-12-31": "", "2017-09-30": "", "2017-06-30": "", "2017-03-31": "", "2016-12-31": "", "2016-09-30": "", "2016-06-30": "", "2016-03-31": "", "2015-12-31": "", "2015-09-30": "", "2015-06-30": "", "2015-03-31": "", "2014-12-31": "", "2014-09-30": "", "2014-06-30": "", "2014-03-31": "", "2013-12-31": "", "2013-09-30": "", "2013-06-30": "", "2013-03-31": "", "2012-12-31": "", "2012-09-30": "", "2012-06-30": "", "2012-03-31": "", "2011-12-31": "", "2011-09-30": "", "2011-06-30": "", "2011-03-31": "", "2010-12-31": "", "2010-09-30": "", "2010-06-30": "", "2010-03-31": "", "2009-12-31": "", "2009-09-30": "", "2009-06-30": "", "2009-03-31": "", "2008-12-31": "", "2008-09-30": "", "2008-06-30": "", "2008-03-31": "", "2007-12-31": "", "2007-09-30": "", "2007-06-30": "", "2007-03-31": "", "2006-12-31": "", "2006-09-30": "", "2006-06-30": "", "2006-03-31": "", "2005-12-31": "", "2005-09-30": "", "2005-06-30": "", "2005-03-31": ""}, "Income From Continuous Operations": {"2020-12-31": "36.20000", "2020-09-30": "73.60000", "2020-06-30": "123.60000", "2020-03-31": "99.90000", "2019-12-31": "311.10000", "2019-09-30": "108.90000", "2019-06-30": "50.70000", "2019-03-31": "174.70000", "2018-12-31": "49.20000", "2018-09-30": "96.30000", "2018-06-30": "35.70000", "2018-03-31": "146.70000", "2017-12-31": "-251.10000", "2017-09-30": "189.20000", "2017-06-30": "170.60000", "2017-03-31": "136.91600", "2016-12-31": "107.33500", "2016-09-30": "35.57400", "2016-06-30": "-109.22500", "2016-03-31": "67.33000", "2015-12-31": "61.21100", "2015-09-30": "64.89900", "2015-06-30": "130.46000", "2015-03-31": "98.58000", "2014-12-31": "84.79800", "2014-09-30": "92.03800", "2014-06-30": "89.90900", "2014-03-31": "111.49500", "2013-12-31": "105.40100", "2013-09-30": "99.80600", "2013-06-30": "78.57900", "2013-03-31": "59.69000", "2012-12-31": "10.17300", "2012-09-30": "-21.18400", "2012-06-30": "78.71000", "2012-03-31": "80.63600", "2011-12-31": "77.48900", "2011-09-30": "79.28700", "2011-06-30": "99.29300", "2011-03-31": "130.61200", "2010-12-31": "101.93000", "2010-09-30": "104.74800", "2010-06-30": "91.87700", "2010-03-31": "75.74900", "2009-12-31": "69.40300", "2009-09-30": "44.48500", "2009-06-30": "27.36800", "2009-03-31": "21.96400", "2008-12-31": "72.35600", "2008-09-30": "75.72000", "2008-06-30": "75.54700", "2008-03-31": "75.69700", "2007-12-31": "80.12400", "2007-09-30": "60.67900", "2007-06-30": "80.29300", "2007-03-31": "127.70800", "2006-12-31": "72.84900", "2006-09-30": "79.48800", "2006-06-30": "76.98400", "2006-03-31": "75.56800", "2005-12-31": "40.12400", "2005-09-30": "65.65300", "2005-06-30": "61.02400", "2005-03-31": "56.40300"}, "Income From Discontinued Operations": {"2020-12-31": "", "2020-09-30": "", "2020-06-30": "", "2020-03-31": "", "2019-12-31": "", "2019-09-30": "", "2019-06-30": "", "2019-03-31": "", "2018-12-31": "", "2018-09-30": "", "2018-06-30": "", "2018-03-31": "", "2017-12-31": "", "2017-09-30": "", "2017-06-30": "", "2017-03-31": "-0.04700", "2016-12-31": "-0.16000", "2016-09-30": "-1.65500", "2016-06-30": "-4.13800", "2016-03-31": "", "2015-12-31": "", "2015-09-30": "0.00000", "2015-06-30": "0.00000", "2015-03-31": "", "2014-12-31": "", "2014-09-30": "", "2014-06-30": "", "2014-03-31": "", "2013-12-31": "", "2013-09-30": "", "2013-06-30": "", "2013-03-31": "", "2012-12-31": "", "2012-09-30": "", "2012-06-30": "", "2012-03-31": "", "2011-12-31": "", "2011-09-30": "", "2011-06-30": "", "2011-03-31": "-5.08400", "2010-12-31": "-1.15400", "2010-09-30": "-1.66800", "2010-06-30": "-2.31100", "2010-03-31": "", "2009-12-31": "0.00000", "2009-09-30": "", "2009-06-30": "", "2009-03-31": "", "2008-12-31": "", "2008-09-30": "", "2008-06-30": "", "2008-03-31": "", "2007-12-31": "", "2007-09-30": "", "2007-06-30": "", "2007-03-31": "", "2006-12-31": "", "2006-09-30": "", "2006-06-30": "", "2006-03-31": "", "2005-12-31": "", "2005-09-30": "", "2005-06-30": "", "2005-03-31": ""}, "Net Income": {"2020-12-31": "36.20000", "2020-09-30": "73.60000", "2020-06-30": "123.60000", "2020-03-31": "99.90000", "2019-12-31": "311.10000", "2019-09-30": "108.90000", "2019-06-30": "50.70000", "2019-03-31": "174.70000", "2018-12-31": "49.20000", "2018-09-30": "96.30000", "2018-06-30": "35.70000", "2018-03-31": "146.70000", "2017-12-31": "-251.10000", "2017-09-30": "189.20000", "2017-06-30": "170.60000", "2017-03-31": "136.86900", "2016-12-31": "107.17500", "2016-09-30": "33.91900", "2016-06-30": "-113.36300", "2016-03-31": "67.32300", "2015-12-31": "61.21100", "2015-09-30": "64.89900", "2015-06-30": "130.66700", "2015-03-31": "99.40200", "2014-12-31": "86.05700", "2014-09-30": "93.64100", "2014-06-30": "89.90900", "2014-03-31": "111.49500", "2013-12-31": "105.40100", "2013-09-30": "99.80600", "2013-06-30": "78.57900", "2013-03-31": "59.69000", "2012-12-31": "10.17300", "2012-09-30": "-21.18400", "2012-06-30": "78.71000", "2012-03-31": "80.63600", "2011-12-31": "77.48900", "2011-09-30": "79.28700", "2011-06-30": "99.29300", "2011-03-31": "125.52800", "2010-12-31": "100.77600", "2010-09-30": "103.08000", "2010-06-30": "89.56600", "2010-03-31": "75.74900", "2009-12-31": "69.40300", "2009-09-30": "44.48500", "2009-06-30": "27.36800", "2009-03-31": "21.96400", "2008-12-31": "72.35600", "2008-09-30": "75.72000", "2008-06-30": "75.54700", "2008-03-31": "75.69700", "2007-12-31": "80.12400", "2007-09-30": "60.67900", "2007-06-30": "80.29300", "2007-03-31": "127.70800", "2006-12-31": "72.84900", "2006-09-30": "79.48800", "2006-06-30": "76.98400", "2006-03-31": "75.56800", "2005-12-31": "40.12400", "2005-09-30": "65.65300", "2005-06-30": "61.02400", "2005-03-31": "56.40300"}, "EBITDA": {"2020-12-31": "551.10000", "2020-09-30": "533.99990", "2020-06-30": "541.20000", "2020-03-31": "506.70010", "2019-12-31": "466.20010", "2019-09-30": "515.80010", "2019-06-30": "512.80000", "2019-03-31": "557.09970", "2018-12-31": "472.09990", "2018-09-30": "357.00010", "2018-06-30": "335.40010", "2018-03-31": "429.50010", "2017-12-31": "428.10000", "2017-09-30": "406.20000", "2017-06-30": "401.40000", "2017-03-31": "302.85080", "2016-12-31": "246.60500", "2016-09-30": "188.93100", "2016-06-30": "67.21310", "2016-03-31": "170.38410", "2015-12-31": "167.96700", "2015-09-30": "161.32900", "2015-06-30": "196.82000", "2015-03-31": "194.23210", "2014-12-31": "176.85200", "2014-09-30": "177.60500", "2014-06-30": "182.43200", "2014-03-31": "177.43880", "2013-12-31": "167.28800", "2013-09-30": "170.70300", "2013-06-30": "154.25600", "2013-03-31": "125.36800", "2012-12-31": "93.87300", "2012-09-30": "61.40200", "2012-06-30": "123.60700", "2012-03-31": "135.87310", "2011-12-31": "114.73300", "2011-09-30": "124.71800", "2011-06-30": "144.07100", "2011-03-31": "152.43500", "2010-12-31": "146.43000", "2010-09-30": "152.44100", "2010-06-30": "136.37000", "2010-03-31": "112.31800", "2009-12-31": "96.65500", "2009-09-30": "77.11700", "2009-06-30": "55.39900", "2009-03-31": "46.74390", "2008-12-31": "64.69500", "2008-09-30": "111.78700", "2008-06-30": "110.59000", "2008-03-31": "105.39910", "2007-12-31": "103.05400", "2007-09-30": "81.56700", "2007-06-30": "111.91700", "2007-03-31": "113.66800", "2006-12-31": "111.06400", "2006-09-30": "121.05000", "2006-06-30": "118.20000", "2006-03-31": "117.02800", "2005-12-31": "111.67300", "2005-09-30": "107.20900", "2005-06-30": "101.13600", "2005-03-31": "97.22100"}, "EBIT": {"2020-12-31": "245.60000", "2020-09-30": "226.20000", "2020-06-30": "218.29990", "2020-03-31": "160.70000", "2019-12-31": "131.20010", "2019-09-30": "183.60010", "2019-06-30": "171.60000", "2019-03-31": "284.59970", "2018-12-31": "194.70000", "2018-09-30": "102.70010", "2018-06-30": "132.30000", "2018-03-31": "244.10010", "2017-12-31": "245.20000", "2017-09-30": "225.40000", "2017-06-30": "221.60000", "2017-03-31": "154.06980", "2016-12-31": "118.07400", "2016-09-30": "62.76000", "2016-06-30": "-59.10390", "2016-03-31": "79.90100", "2015-12-31": "76.13200", "2015-09-30": "74.94800", "2015-06-30": "121.31900", "2015-03-31": "110.34700", "2014-12-31": "98.00900", "2014-09-30": "101.31800", "2014-06-30": "115.94600", "2014-03-31": "126.03690", "2013-12-31": "116.91800", "2013-09-30": "117.50800", "2013-06-30": "98.40100", "2013-03-31": "56.71300", "2012-12-31": "17.41300", "2012-09-30": "8.09400", "2012-06-30": "96.33300", "2012-03-31": "93.90910", "2011-12-31": "88.12700", "2011-09-30": "97.62000", "2011-06-30": "116.86000", "2011-03-31": "124.36100", "2010-12-31": "117.45300", "2010-09-30": "123.14300", "2010-06-30": "109.22600", "2010-03-31": "88.48710", "2009-12-31": "72.56800", "2009-09-30": "52.72600", "2009-06-30": "31.17800", "2009-03-31": "19.04090", "2008-12-31": "40.47400", "2008-09-30": "87.18100", "2008-06-30": "86.63200", "2008-03-31": "81.73200", "2007-12-31": "79.24000", "2007-09-30": "55.67400", "2007-06-30": "85.01900", "2007-03-31": "85.28900", "2006-12-31": "81.48200", "2006-09-30": "91.35900", "2006-06-30": "89.68100", "2006-03-31": "89.45200", "2005-12-31": "84.58800", "2005-09-30": "79.29500", "2005-06-30": "73.02900", "2005-03-31": "68.12000"}, "Basic Shares Outstanding": {"2020-12-31": "263.40000", "2020-09-30": "256.00000", "2020-06-30": "247.70000", "2020-03-31": "238.90000", "2019-12-31": "239.20000", "2019-09-30": "238.40000", "2019-06-30": "237.80000", "2019-03-31": "236.20000", "2018-12-31": "236.70000", "2018-09-30": "235.80000", "2018-06-30": "235.20000", "2018-03-31": "232.90000", "2017-12-31": "234.10000", "2017-09-30": "233.30000", "2017-06-30": "229.40000", "2017-03-31": "217.20000", "2016-12-31": "216.21000", "2016-09-30": "215.52400", "2016-06-30": "214.34500", "2016-03-31": "203.40000", "2015-12-31": "203.29400", "2015-09-30": "204.27500", "2015-06-30": "202.23200", "2015-03-31": "200.93700", "2014-12-31": "201.20300", "2014-09-30": "200.62900", "2014-06-30": "200.18700", "2014-03-31": "198.29100", "2013-12-31": "198.75900", "2013-09-30": "197.82500", "2013-06-30": "196.95000", "2013-03-31": "194.59500", "2012-12-31": "194.95800", "2012-09-30": "194.06000", "2012-06-30": "193.45200", "2012-03-31": "191.28300", "2011-12-31": "191.64000", "2011-09-30": "190.80900", "2011-06-30": "190.11200", "2011-03-31": "187.06600", "2010-12-31": "187.48800", "2010-09-30": "186.30300", "2010-06-30": "185.54000", "2010-03-31": "183.64200", "2009-12-31": "183.85600", "2009-09-30": "183.19000", "2009-06-30": "182.85600", "2009-03-31": "183.15800", "2008-12-31": "181.96300", "2008-09-30": "183.61500", "2008-06-30": "184.66300", "2008-03-31": "207.22000", "2007-12-31": "207.00200", "2007-09-30": "216.79700", "2007-06-30": "218.11100", "2007-03-31": "215.49800", "2006-12-31": "215.71000", "2006-09-30": "215.02500", "2006-06-30": "214.17500", "2006-03-31": "210.10400", "2005-12-31": "210.83600", "2005-09-30": "209.42400", "2005-06-30": "208.39600", "2005-03-31": "206.74000"}, "Shares Outstanding": {"2020-12-31": "275.40000", "2020-09-30": "267.70000", "2020-06-30": "257.80000", "2020-03-31": "256.20000", "2019-12-31": "258.30000", "2019-09-30": "255.30000", "2019-06-30": "253.90000", "2019-03-31": "249.90000", "2018-12-31": "244.60000", "2018-09-30": "251.80000", "2018-06-30": "252.20000", "2018-03-31": "248.90000", "2017-12-31": "234.10000", "2017-09-30": "244.80000", "2017-06-30": "242.90000", "2017-03-31": "234.80000", "2016-12-31": "235.42400", "2016-09-30": "233.96000", "2016-06-30": "214.34500", "2016-03-31": "217.40000", "2015-12-31": "217.97500", "2015-09-30": "217.09900", "2015-06-30": "216.76700", "2015-03-31": "223.56100", "2014-12-31": "223.48700", "2014-09-30": "225.28400", "2014-06-30": "224.52700", "2014-03-31": "217.63000", "2013-12-31": "219.08900", "2013-09-30": "216.47500", "2013-06-30": "212.26600", "2013-03-31": "205.77600", "2012-12-31": "204.40500", "2012-09-30": "194.06000", "2012-06-30": "203.70000", "2012-03-31": "203.51900", "2011-12-31": "203.29100", "2011-09-30": "200.19900", "2011-06-30": "204.56700", "2011-03-31": "194.71500", "2010-12-31": "196.25500", "2010-09-30": "190.70400", "2010-06-30": "190.07200", "2010-03-31": "187.33900", "2009-12-31": "187.86100", "2009-09-30": "186.92200", "2009-06-30": "185.52600", "2009-03-31": "186.78800", "2008-12-31": "183.99900", "2008-09-30": "187.93600", "2008-06-30": "191.04900", "2008-03-31": "212.04800", "2007-12-31": "211.33700", "2007-09-30": "222.00400", "2007-06-30": "223.59200", "2007-03-31": "220.84800", "2006-12-31": "220.92000", "2006-09-30": "220.12800", "2006-06-30": "219.79100", "2006-03-31": "215.02400", "2005-12-31": "215.66700", "2005-09-30": "214.68800", "2005-06-30": "213.10500", "2005-03-31": "211.96200"}, "Basic EPS": {"2020-12-31": "0.14000", "2020-09-30": "0.29000", "2020-06-30": "0.50000", "2020-03-31": "0.42000", "2019-12-31": "1.30000", "2019-09-30": "0.46000", "2019-06-30": "0.21000", "2019-03-31": "0.74000", "2018-12-31": "0.21000", "2018-09-30": "0.41000", "2018-06-30": "0.15000", "2018-03-31": "0.62000", "2017-12-31": "-1.07000", "2017-09-30": "0.81000", "2017-06-30": "0.74000", "2017-03-31": "0.63000", "2016-12-31": "0.50000", "2016-09-30": "0.16000", "2016-06-30": "-0.53000", "2016-03-31": "0.32000", "2015-12-31": "0.30000", "2015-09-30": "0.32000", "2015-06-30": "0.65000", "2015-03-31": "0.49000", "2014-12-31": "0.43000", "2014-09-30": "0.47000", "2014-06-30": "0.45000", "2014-03-31": "0.56000", "2013-12-31": "0.53000", "2013-09-30": "0.50000", "2013-06-30": "0.40000", "2013-03-31": "0.30000", "2012-12-31": "0.05000", "2012-09-30": "-0.11000", "2012-06-30": "0.41000", "2012-03-31": "0.42000", "2011-12-31": "0.40000", "2011-09-30": "0.42000", "2011-06-30": "0.52000", "2011-03-31": "0.67000", "2010-12-31": "0.54000", "2010-09-30": "0.55000", "2010-06-30": "0.48000", "2010-03-31": "0.41000", "2009-12-31": "0.38000", "2009-09-30": "0.24000", "2009-06-30": "0.15000", "2009-03-31": "0.12000", "2008-12-31": "0.40000", "2008-09-30": "0.41000", "2008-06-30": "0.41000", "2008-03-31": "0.39000", "2007-12-31": "0.39000", "2007-09-30": "0.28000", "2007-06-30": "0.37000", "2007-03-31": "0.59000", "2006-12-31": "0.34000", "2006-09-30": "0.37000", "2006-06-30": "0.36000", "2006-03-31": "0.36000", "2005-12-31": "0.19000", "2005-09-30": "0.31000", "2005-06-30": "0.29000", "2005-03-31": "0.27000"}, "EPS - Earnings Per Share": {"2020-12-31": "0.13000", "2020-09-30": "0.27000", "2020-06-30": "0.48000", "2020-03-31": "0.40000", "2019-12-31": "1.20000", "2019-09-30": "0.43000", "2019-06-30": "0.20000", "2019-03-31": "0.70000", "2018-12-31": "0.20000", "2018-09-30": "0.38000", "2018-06-30": "0.14000", "2018-03-31": "0.63000", "2017-12-31": "-1.07000", "2017-09-30": "0.77000", "2017-06-30": "0.70000", "2017-03-31": "0.64000", "2016-12-31": "0.46000", "2016-09-30": "0.14000", "2016-06-30": "-0.53000", "2016-03-31": "0.31000", "2015-12-31": "0.28000", "2015-09-30": "0.30000", "2015-06-30": "0.60000", "2015-03-31": "0.44000", "2014-12-31": "0.39000", "2014-09-30": "0.42000", "2014-06-30": "0.40000", "2014-03-31": "0.51000", "2013-12-31": "0.48000", "2013-09-30": "0.46000", "2013-06-30": "0.37000", "2013-03-31": "0.29000", "2012-12-31": "0.05000", "2012-09-30": "-0.11000", "2012-06-30": "0.39000", "2012-03-31": "0.38000", "2011-12-31": "0.38000", "2011-09-30": "0.40000", "2011-06-30": "0.49000", "2011-03-31": "0.63000", "2010-12-31": "0.51000", "2010-09-30": "0.54000", "2010-06-30": "0.47000", "2010-03-31": "0.40000", "2009-12-31": "0.37000", "2009-09-30": "0.24000", "2009-06-30": "0.15000", "2009-03-31": "0.12000", "2008-12-31": "0.39000", "2008-09-30": "0.40000", "2008-06-30": "0.40000", "2008-03-31": "0.39000", "2007-12-31": "0.38000", "2007-09-30": "0.27000", "2007-06-30": "0.36000", "2007-03-31": "0.58000", "2006-12-31": "0.33000", "2006-09-30": "0.36000", "2006-06-30": "0.35000", "2006-03-31": "0.34000", "2005-12-31": "0.19000", "2005-09-30": "0.31000", "2005-06-30": "0.29000", "2005-03-31": "0.26000"}}, "balance sheet": {"Cash On Hand": {"2020-03-31": "403.00000", "2019-03-31": "430.90000", "2018-03-31": "2196.60000", "2017-03-31": "1302.80000", "2016-03-31": "2446.03500", "2015-03-31": "1958.86900", "2014-03-31": "1344.78500", "2013-03-31": "1578.59700", "2012-03-31": "1459.00900", "2011-03-31": "1243.49600", "2010-03-31": "1214.32300", "2009-03-31": "1389.94500", "2008-03-31": "1324.79000", "2007-03-31": "750.47700", "2006-03-31": "764.76400", "2005-03-31": "734.60400"}, "Receivables": {"2020-03-31": "934.00000", "2019-03-31": "880.60000", "2018-03-31": "563.70000", "2017-03-31": "478.40000", "2016-03-31": "290.18300", "2015-03-31": "273.93700", "2014-03-31": "242.40500", "2013-03-31": "229.95500", "2012-03-31": "170.20100", "2011-03-31": "181.20200", "2010-03-31": "137.80600", "2009-03-31": "88.52500", "2008-03-31": "138.31900", "2007-03-31": "124.55900", "2006-03-31": "139.36100", "2005-03-31": "113.08800"}, "Inventory": {"2020-03-31": "685.70000", "2019-03-31": "711.70000", "2018-03-31": "476.20000", "2017-03-31": "417.20000", "2016-03-31": "306.81500", "2015-03-31": "279.45600", "2014-03-31": "262.72500", "2013-03-31": "242.33400", "2012-03-31": "217.27800", "2011-03-31": "180.80000", "2010-03-31": "116.57900", "2009-03-31": "131.51000", "2008-03-31": "124.48300", "2007-03-31": "121.02400", "2006-03-31": "115.02400", "2005-03-31": "103.72800"}, "Pre-Paid Expenses": {"2020-03-31": "", "2019-03-31": "", "2018-03-31": "", "2017-03-31": "41.30000", "2016-03-31": "41.99200", "2015-03-31": "34.71700", "2014-03-31": "31.75600", "2013-03-31": "37.43900", "2012-03-31": "25.65800", "2011-03-31": "22.23400", "2010-03-31": "13.06800", "2009-03-31": "11.44700", "2008-03-31": "17.13500", "2007-03-31": "15.54700", "2006-03-31": "11.36900", "2005-03-31": "10.82800"}, "Other Current Assets": {"2020-03-31": "194.50000", "2019-03-31": "191.60000", "2018-03-31": "119.80000", "2017-03-31": "65.30000", "2016-03-31": "11.68800", "2015-03-31": "46.59300", "2014-03-31": "20.23800", "2013-03-31": "67.35800", "2012-03-31": "52.52400", "2011-03-31": "58.42900", "2010-03-31": "51.38300", "2009-03-31": "51.73600", "2008-03-31": "49.74200", "2007-03-31": "11.14700", "2006-03-31": "9.76700", "2005-03-31": "8.00300"}, "Total Current Assets": {"2020-03-31": "2217.20000", "2019-03-31": "2214.80000", "2018-03-31": "3356.30000", "2017-03-31": "2305.00000", "2016-03-31": "3096.71300", "2015-03-31": "2664.61700", "2014-03-31": "1969.39900", "2013-03-31": "2236.37000", "2012-03-31": "2015.86100", "2011-03-31": "1774.98300", "2010-03-31": "1610.96900", "2009-03-31": "1742.78900", "2008-03-31": "1717.73000", "2007-03-31": "1084.73700", "2006-03-31": "1118.82900", "2005-03-31": "1075.34800"}, "Property, Plant, And Equipment": {"2020-03-31": "876.10000", "2019-03-31": "996.70000", "2018-03-31": "767.90000", "2017-03-31": "683.30000", "2016-03-31": "609.39600", "2015-03-31": "581.57200", "2014-03-31": "531.96700", "2013-03-31": "514.54400", "2012-03-31": "516.61100", "2011-03-31": "540.51300", "2010-03-31": "493.03900", "2009-03-31": "531.68700", "2008-03-31": "522.30500", "2007-03-31": "605.72200", "2006-03-31": "659.97200", "2005-03-31": "693.30200"}, "Long-Term Investments": {"2020-03-31": "", "2019-03-31": "", "2018-03-31": "", "2017-03-31": "107.50000", "2016-03-31": "118.54900", "2015-03-31": "383.32600", "2014-03-31": "798.71200", "2013-03-31": "257.45000", "2012-03-31": "328.58600", "2011-03-31": "464.83800", "2010-03-31": "317.21500", "2009-03-31": "50.82600", "2008-03-31": "194.27400", "2007-03-31": "527.91000", "2006-03-31": "520.36000", "2005-03-31": ""}, "Goodwill And Intangible Assets": {"2020-03-31": "12367.10000", "2019-03-31": "13349.50000", "2018-03-31": "3961.00000", "2017-03-31": "4447.10000", "2016-03-31": "1619.00100", "2015-03-31": "1075.68800", "2014-03-31": "721.59590", "2013-03-31": "801.48400", "2012-03-31": "183.94900", "2011-03-31": "153.94700", "2010-03-31": "75.86500", "2009-03-31": "61.88300", "2008-03-31": "43.49900", "2007-03-31": "40.34200", "2006-03-31": "41.37500", "2005-03-31": "41.17500"}, "Other Long-Term Assets": {"2020-03-31": "217.20000", "2019-03-31": "111.80000", "2018-03-31": "71.80000", "2017-03-31": "75.10000", "2016-03-31": "79.39300", "2015-03-31": "75.51000", "2014-03-31": "45.95600", "2013-03-31": "41.55700", "2012-03-31": "38.76900", "2011-03-31": "33.77700", "2010-03-31": "19.22500", "2009-03-31": "18.52600", "2008-03-31": "34.49900", "2007-03-31": "10.83000", "2006-03-31": "10.06000", "2005-03-31": "7.72900"}, "Total Long-Term Assets": {"2020-03-31": "15208.90000", "2019-03-31": "16135.20000", "2018-03-31": "4900.90000", "2017-03-31": "5381.90000", "2016-03-31": "2441.17000", "2015-03-31": "2116.09600", "2014-03-31": "2098.23100", "2013-03-31": "1615.03500", "2012-03-31": "1067.91500", "2011-03-31": "1193.07500", "2010-03-31": "905.34400", "2009-03-31": "662.92200", "2008-03-31": "794.57700", "2007-03-31": "1184.80400", "2006-03-31": "1231.76700", "2005-03-31": "742.20600"}, "Total Assets": {"2020-03-31": "17426.10000", "2019-03-31": "18350.00000", "2018-03-31": "8257.20000", "2017-03-31": "7686.90000", "2016-03-31": "5537.88300", "2015-03-31": "4780.71300", "2014-03-31": "4067.63000", "2013-03-31": "3851.40500", "2012-03-31": "3083.77600", "2011-03-31": "2968.05800", "2010-03-31": "2516.31300", "2009-03-31": "2405.71100", "2008-03-31": "2512.30700", "2007-03-31": "2269.54100", "2006-03-31": "2350.59600", "2005-03-31": "1817.55400"}, "Total Current Liabilities": {"2020-03-31": "1637.40000", "2019-03-31": "2374.50000", "2018-03-31": "2017.40000", "2017-03-31": "704.50000", "2016-03-31": "382.00900", "2015-03-31": "353.97200", "2014-03-31": "336.07900", "2013-03-31": "341.61100", "2012-03-31": "247.87300", "2011-03-31": "340.31600", "2010-03-31": "203.39000", "2009-03-31": "155.64500", "2008-03-31": "191.08100", "2007-03-31": "255.92000", "2006-03-31": "608.96900", "2005-03-31": "306.66500"}, "Long Term Debt": {"2020-03-31": "8873.40000", "2019-03-31": "8946.20000", "2018-03-31": "1758.40000", "2017-03-31": "2900.50000", "2016-03-31": "2453.40500", "2015-03-31": "1826.85800", "2014-03-31": "1003.25800", "2013-03-31": "983.38500", "2012-03-31": "355.05000", "2011-03-31": "347.33400", "2010-03-31": "340.67200", "2009-03-31": "334.18400", "2008-03-31": "1150.12800", "2007-03-31": "", "2006-03-31": "", "2005-03-31": ""}, "Other Non-Current Liabilities": {"2020-03-31": "1011.30000", "2019-03-31": "1035.70000", "2018-03-31": "995.80000", "2017-03-31": "402.10000", "2016-03-31": "152.33200", "2015-03-31": "157.66500", "2014-03-31": "217.51600", "2013-03-31": "204.68900", "2012-03-31": "78.81200", "2011-03-31": "68.44300", "2010-03-31": "62.15800", "2009-03-31": "73.88500", "2008-03-31": "113.41500", "2007-03-31": "0.92600", "2006-03-31": "", "2005-03-31": ""}, "Total Long Term Liabilities": {"2020-03-31": "10203.20000", "2019-03-31": "10688.00000", "2018-03-31": "2960.00000", "2017-03-31": "3711.70000", "2016-03-31": "3004.95500", "2015-03-31": "2365.71500", "2014-03-31": "1596.09000", "2013-03-31": "1576.32400", "2012-03-31": "845.23000", "2011-03-31": "815.30400", "2010-03-31": "779.54300", "2009-03-31": "759.75500", "2008-03-31": "1285.00300", "2007-03-31": "9.25300", "2006-03-31": "15.43800", "2005-03-31": "25.15500"}, "Total Liabilities": {"2020-03-31": "11840.60000", "2019-03-31": "13062.50000", "2018-03-31": "4977.40000", "2017-03-31": "4416.20000", "2016-03-31": "3386.96400", "2015-03-31": "2719.68700", "2014-03-31": "1932.16900", "2013-03-31": "1917.93500", "2012-03-31": "1093.10300", "2011-03-31": "1155.62000", "2010-03-31": "982.93300", "2009-03-31": "915.40000", "2008-03-31": "1476.08400", "2007-03-31": "265.17300", "2006-03-31": "624.40700", "2005-03-31": "331.82000"}, "Common Stock Net": {"2020-03-31": "0.20000", "2019-03-31": "0.20000", "2018-03-31": "0.20000", "2017-03-31": "0.20000", "2016-03-31": "0.20400", "2015-03-31": "0.20200", "2014-03-31": "0.20000", "2013-03-31": "0.19600", "2012-03-31": "0.19300", "2011-03-31": "0.19000", "2010-03-31": "0.18500", "2009-03-31": "0.18300", "2008-03-31": "0.18400", "2007-03-31": "0.21700", "2006-03-31": "0.21400", "2005-03-31": "0.20800"}, "Retained Earnings (Accumulated Deficit)": {"2020-03-31": "3432.40000", "2019-03-31": "3210.60000", "2018-03-31": "1397.30000", "2017-03-31": "1479.40000", "2016-03-31": "1582.58500", "2015-03-31": "1549.54000", "2014-03-31": "1467.00900", "2013-03-31": "1352.93200", "2012-03-31": "1499.36500", "2011-03-31": "1428.83800", "2010-03-31": "1266.69900", "2009-03-31": "1299.25000", "2008-03-31": "1301.27500", "2007-03-31": "1255.48600", "2006-03-31": "1106.35500", "2005-03-31": "984.09500"}, "Comprehensive Income": {"2020-03-31": "-21.60000", "2019-03-31": "-20.70000", "2018-03-31": "-17.60000", "2017-03-31": "-14.40000", "2016-03-31": "-3.35700", "2015-03-31": "11.07600", "2014-03-31": "1.05100", "2013-03-31": "6.93500", "2012-03-31": "3.10100", "2011-03-31": "3.35700", "2010-03-31": "3.03200", "2009-03-31": "4.31200", "2008-03-31": "2.50800", "2007-03-31": "-7.16900", "2006-03-31": "-13.91300", "2005-03-31": "-9.71800"}, "Other Share Holders Equity": {"2020-03-31": "", "2019-03-31": "", "2018-03-31": "", "2017-03-31": "", "2016-03-31": "", "2015-03-31": "", "2014-03-31": "", "2013-03-31": "", "2012-03-31": "", "2011-03-31": "", "2010-03-31": "", "2009-03-31": "", "2008-03-31": "", "2007-03-31": "", "2006-03-31": "", "2005-03-31": ""}, "Share Holder Equity": {"2020-03-31": "5585.50000", "2019-03-31": "5287.50000", "2018-03-31": "3279.80000", "2017-03-31": "3270.70000", "2016-03-31": "2150.91900", "2015-03-31": "2061.02600", "2014-03-31": "2135.46100", "2013-03-31": "1933.47000", "2012-03-31": "1990.67300", "2011-03-31": "1812.43800", "2010-03-31": "1533.38000", "2009-03-31": "1490.31100", "2008-03-31": "1036.22300", "2007-03-31": "2004.36800", "2006-03-31": "1726.18900", "2005-03-31": "1485.73400"}, "Total Liabilities And Share Holders Equity": {"2020-03-31": "17426.10000", "2019-03-31": "18350.00000", "2018-03-31": "8257.20000", "2017-03-31": "7686.90000", "2016-03-31": "5537.88300", "2015-03-31": "4780.71300", "2014-03-31": "4067.63000", "2013-03-31": "3851.40500", "2012-03-31": "3083.77600", "2011-03-31": "2968.05800", "2010-03-31": "2516.31300", "2009-03-31": "2405.71100", "2008-03-31": "2512.30700", "2007-03-31": "2269.54100", "2006-03-31": "2350.59600", "2005-03-31": "1817.55400"}}, "balance sheet, quarterly": {"Cash On Hand": {"2020-12-31": "372.70000", "2020-09-30": "370.30000", "2020-06-30": "380.20000", "2020-03-31": "403.00000", "2019-12-31": "402.30000", "2019-09-30": "405.10000", "2019-06-30": "437.10000", "2019-03-31": "430.90000", "2018-12-31": "436.20000", "2018-09-30": "464.20000", "2018-06-30": "649.70000", "2018-03-31": "2196.60000", "2017-12-31": "1099.59300", "2017-09-30": "1314.60400", "2017-06-30": "1230.24600", "2017-03-31": "1302.80000", "2016-12-31": "669.64300", "2016-09-30": "490.83600", "2016-06-30": "601.79200", "2016-03-31": "2446.03500", "2015-12-31": "1007.90000", "2015-09-30": "2001.54400", "2015-06-30": "1532.55000", "2015-03-31": "1958.86900", "2014-12-31": "1122.45800", "2014-09-30": "1283.10900", "2014-06-30": "1759.86100", "2014-03-31": "1344.78500", "2013-12-31": "1307.40200", "2013-09-30": "1151.91100", "2013-06-30": "961.87500", "2013-03-31": "1578.59700", "2012-12-31": "1622.30300", "2012-09-30": "1553.41000", "2012-06-30": "1661.76100", "2012-03-31": "1459.00900", "2011-12-31": "1302.27300", "2011-09-30": "1415.43800", "2011-06-30": "1517.75200", "2011-03-31": "1243.49600", "2010-12-31": "1191.18400", "2010-09-30": "1378.76800", "2010-06-30": "1315.81600", "2010-03-31": "1214.32300", "2009-12-31": "1077.97400", "2009-09-30": "1363.99400", "2009-06-30": "1407.43500", "2009-03-31": "1389.94500", "2008-12-31": "1397.61100", "2008-09-30": "1108.41500", "2008-06-30": "1039.16300", "2008-03-31": "1324.79000", "2007-12-31": "1438.01600", "2007-09-30": "833.30600", "2007-06-30": "721.57200", "2007-03-31": "750.47700", "2006-12-31": "728.55200", "2006-09-30": "612.01500", "2006-06-30": "753.78900", "2006-03-31": "764.76400", "2005-12-31": "992.35000", "2005-09-30": "902.49000", "2005-06-30": "815.03900", "2005-03-31": "734.60400"}, "Receivables": {"2020-12-31": "893.80000", "2020-09-30": "903.70000", "2020-06-30": "894.30000", "2020-03-31": "934.00000", "2019-12-31": "807.50000", "2019-09-30": "848.60000", "2019-06-30": "936.80000", "2019-03-31": "880.60000", "2018-12-31": "544.80000", "2018-09-30": "668.80000", "2018-06-30": "789.40000", "2018-03-31": "563.70000", "2017-12-31": "553.13500", "2017-09-30": "545.41600", "2017-06-30": "528.95400", "2017-03-31": "478.40000", "2016-12-31": "475.09300", "2016-09-30": "451.04200", "2016-06-30": "435.51100", "2016-03-31": "290.18300", "2015-12-31": "248.00600", "2015-09-30": "281.06300", "2015-06-30": "277.03300", "2015-03-31": "273.93700", "2014-12-31": "242.59500", "2014-09-30": "287.47300", "2014-06-30": "286.69900", "2014-03-31": "242.40500", "2013-12-31": "224.27300", "2013-09-30": "230.49300", "2013-06-30": "232.26200", "2013-03-31": "229.95500", "2012-12-31": "177.50200", "2012-09-30": "230.45700", "2012-06-30": "174.68500", "2012-03-31": "170.20100", "2011-12-31": "149.27700", "2011-09-30": "142.40900", "2011-06-30": "196.25400", "2011-03-31": "181.20200", "2010-12-31": "187.26700", "2010-09-30": "202.75400", "2010-06-30": "193.49900", "2010-03-31": "137.80600", "2009-12-31": "113.76300", "2009-09-30": "106.65100", "2009-06-30": "98.04400", "2009-03-31": "88.52500", "2008-12-31": "78.55700", "2008-09-30": "120.88800", "2008-06-30": "135.75300", "2008-03-31": "138.31900", "2007-12-31": "114.39600", "2007-09-30": "125.91200", "2007-06-30": "127.32000", "2007-03-31": "124.55900", "2006-12-31": "120.08500", "2006-09-30": "123.11200", "2006-06-30": "137.19600", "2006-03-31": "139.36100", "2005-12-31": "111.97500", "2005-09-30": "120.50000", "2005-06-30": "130.61400", "2005-03-31": "113.08800"}, "Inventory": {"2020-12-31": "666.10000", "2020-09-30": "661.40000", "2020-06-30": "657.20000", "2020-03-31": "685.70000", "2019-12-31": "708.80000", "2019-09-30": "734.20000", "2019-06-30": "733.10000", "2019-03-31": "711.70000", "2018-12-31": "702.50000", "2018-09-30": "836.70000", "2018-06-30": "1104.80000", "2018-03-31": "476.20000", "2017-12-31": "487.06500", "2017-09-30": "456.93900", "2017-06-30": "426.84300", "2017-03-31": "417.20000", "2016-12-31": "419.61800", "2016-09-30": "424.69000", "2016-06-30": "518.43100", "2016-03-31": "306.81500", "2015-12-31": "319.52400", "2015-09-30": "363.76000", "2015-06-30": "303.69000", "2015-03-31": "279.45600", "2014-12-31": "276.14300", "2014-09-30": "275.74600", "2014-06-30": "264.50500", "2014-03-31": "262.72500", "2013-12-31": "274.62900", "2013-09-30": "275.12400", "2013-06-30": "256.13600", "2013-03-31": "242.33400", "2012-12-31": "261.59400", "2012-09-30": "289.52600", "2012-06-30": "221.48100", "2012-03-31": "217.27800", "2011-12-31": "217.85300", "2011-09-30": "211.20600", "2011-06-30": "202.45500", "2011-03-31": "180.80000", "2010-12-31": "177.70500", "2010-09-30": "166.56900", "2010-06-30": "128.12900", "2010-03-31": "116.57900", "2009-12-31": "112.78400", "2009-09-30": "108.45100", "2009-06-30": "113.87200", "2009-03-31": "131.51000", "2008-12-31": "136.50900", "2008-09-30": "126.83500", "2008-06-30": "125.79800", "2008-03-31": "124.48300", "2007-12-31": "124.80100", "2007-09-30": "124.58700", "2007-06-30": "123.76700", "2007-03-31": "121.02400", "2006-12-31": "121.85000", "2006-09-30": "117.58400", "2006-06-30": "116.64200", "2006-03-31": "115.02400", "2005-12-31": "114.63900", "2005-09-30": "110.22600", "2005-06-30": "103.83900", "2005-03-31": "103.72800"}, "Pre-Paid Expenses": {"2020-12-31": "", "2020-09-30": "", "2020-06-30": "", "2020-03-31": "", "2019-12-31": "", "2019-09-30": "", "2019-06-30": "", "2019-03-31": "", "2018-12-31": "", "2018-09-30": "", "2018-06-30": "", "2018-03-31": "", "2017-12-31": "60.11700", "2017-09-30": "44.40400", "2017-06-30": "43.77800", "2017-03-31": "41.30000", "2016-12-31": "51.26500", "2016-09-30": "60.81700", "2016-06-30": "51.76900", "2016-03-31": "41.99200", "2015-12-31": "36.48800", "2015-09-30": "38.55300", "2015-06-30": "33.92700", "2015-03-31": "34.71700", "2014-12-31": "35.11100", "2014-09-30": "34.35000", "2014-06-30": "34.36900", "2014-03-31": "31.75600", "2013-12-31": "29.44100", "2013-09-30": "34.31800", "2013-06-30": "35.67000", "2013-03-31": "37.43900", "2012-12-31": "30.00800", "2012-09-30": "33.93100", "2012-06-30": "25.58800", "2012-03-31": "25.65800", "2011-12-31": "23.70600", "2011-09-30": "22.36700", "2011-06-30": "22.48600", "2011-03-31": "22.23400", "2010-12-31": "20.96800", "2010-09-30": "20.06100", "2010-06-30": "16.82500", "2010-03-31": "13.06800", "2009-12-31": "14.12400", "2009-09-30": "14.05500", "2009-06-30": "11.86400", "2009-03-31": "11.44700", "2008-12-31": "16.41900", "2008-09-30": "18.62400", "2008-06-30": "17.34800", "2008-03-31": "17.13500", "2007-12-31": "21.33200", "2007-09-30": "22.16100", "2007-06-30": "18.54700", "2007-03-31": "15.54700", "2006-12-31": "15.92900", "2006-09-30": "14.27500", "2006-06-30": "12.27800", "2006-03-31": "11.36900", "2005-12-31": "11.87900", "2005-09-30": "12.35700", "2005-06-30": "10.70800", "2005-03-31": "10.82800"}, "Other Current Assets": {"2020-12-31": "219.90000", "2020-09-30": "186.70000", "2020-06-30": "203.30000", "2020-03-31": "194.50000", "2019-12-31": "185.40000", "2019-09-30": "189.90000", "2019-06-30": "171.50000", "2019-03-31": "191.60000", "2018-12-31": "194.10000", "2018-09-30": "206.50000", "2018-06-30": "274.50000", "2018-03-31": "119.80000", "2017-12-31": "53.53100", "2017-09-30": "82.05900", "2017-06-30": "68.94100", "2017-03-31": "65.30000", "2016-12-31": "61.13100", "2016-09-30": "63.35000", "2016-06-30": "65.48500", "2016-03-31": "11.68800", "2015-12-31": "20.80300", "2015-09-30": "24.62400", "2015-06-30": "37.36900", "2015-03-31": "46.59300", "2014-12-31": "56.68200", "2014-09-30": "35.87600", "2014-06-30": "33.99100", "2014-03-31": "20.23800", "2013-12-31": "61.14100", "2013-09-30": "58.67700", "2013-06-30": "56.67400", "2013-03-31": "67.35800", "2012-12-31": "75.47200", "2012-09-30": "65.08800", "2012-06-30": "50.81500", "2012-03-31": "52.52400", "2011-12-31": "49.63400", "2011-09-30": "45.46800", "2011-06-30": "69.26700", "2011-03-31": "58.42900", "2010-12-31": "53.70300", "2010-09-30": "51.48200", "2010-06-30": "98.08400", "2010-03-31": "51.38300", "2009-12-31": "50.34800", "2009-09-30": "56.22900", "2009-06-30": "58.88700", "2009-03-31": "51.73600", "2008-12-31": "42.43700", "2008-09-30": "44.64800", "2008-06-30": "46.65400", "2008-03-31": "49.74200", "2007-12-31": "38.01900", "2007-09-30": "72.18400", "2007-06-30": "29.61000", "2007-03-31": "11.14700", "2006-12-31": "11.13700", "2006-09-30": "12.28600", "2006-06-30": "9.01500", "2006-03-31": "9.76700", "2005-12-31": "8.62900", "2005-09-30": "9.04600", "2005-06-30": "6.54700", "2005-03-31": "8.00300"}, "Total Current Assets": {"2020-12-31": "2152.50000", "2020-09-30": "2122.10000", "2020-06-30": "2135.00000", "2020-03-31": "2217.20000", "2019-12-31": "2104.00000", "2019-09-30": "2177.80000", "2019-06-30": "2278.50000", "2019-03-31": "2214.80000", "2018-12-31": "1877.60000", "2018-09-30": "2176.20000", "2018-06-30": "2818.40000", "2018-03-31": "3356.30000", "2017-12-31": "2253.44100", "2017-09-30": "2443.42200", "2017-06-30": "2298.76200", "2017-03-31": "2305.00000", "2016-12-31": "1676.75000", "2016-09-30": "1490.73500", "2016-06-30": "1672.98800", "2016-03-31": "3096.71300", "2015-12-31": "1632.72100", "2015-09-30": "2778.88700", "2015-06-30": "2255.61400", "2015-03-31": "2664.61700", "2014-12-31": "1783.47900", "2014-09-30": "1978.96500", "2014-06-30": "2450.35100", "2014-03-31": "1969.39900", "2013-12-31": "1969.02800", "2013-09-30": "1820.90600", "2013-06-30": "1615.69700", "2013-03-31": "2236.37000", "2012-12-31": "2296.58300", "2012-09-30": "2289.27800", "2012-06-30": "2229.29800", "2012-03-31": "2015.86100", "2011-12-31": "1830.08000", "2011-09-30": "1933.37600", "2011-06-30": "2095.68700", "2011-03-31": "1774.98300", "2010-12-31": "1738.44400", "2010-09-30": "1917.30500", "2010-06-30": "1847.88200", "2010-03-31": "1610.96900", "2009-12-31": "1442.73700", "2009-09-30": "1727.45600", "2009-06-30": "1761.14100", "2009-03-31": "1742.78900", "2008-12-31": "1740.93200", "2008-09-30": "1486.56000", "2008-06-30": "1431.33500", "2008-03-31": "1717.73000", "2007-12-31": "1797.22200", "2007-09-30": "1242.51100", "2007-06-30": "1084.08600", "2007-03-31": "1084.73700", "2006-12-31": "1066.54400", "2006-09-30": "948.90100", "2006-06-30": "1105.96900", "2006-03-31": "1118.82900", "2005-12-31": "1302.18600", "2005-09-30": "1245.21900", "2005-06-30": "1162.61000", "2005-03-31": "1075.34800"}, "Property, Plant, And Equipment": {"2020-12-31": "827.40000", "2020-09-30": "822.10000", "2020-06-30": "844.00000", "2020-03-31": "876.10000", "2019-12-31": "909.70000", "2019-09-30": "937.00000", "2019-06-30": "963.00000", "2019-03-31": "996.70000", "2018-12-31": "1039.70000", "2018-09-30": "1051.90000", "2018-06-30": "1078.40000", "2018-03-31": "767.90000", "2017-12-31": "754.78000", "2017-09-30": "722.78000", "2017-06-30": "693.99500", "2017-03-31": "683.30000", "2016-12-31": "698.70400", "2016-09-30": "716.99800", "2016-06-30": "732.81600", "2016-03-31": "609.39600", "2015-12-31": "622.84200", "2015-09-30": "631.60000", "2015-06-30": "595.24700", "2015-03-31": "581.57200", "2014-12-31": "577.12300", "2014-09-30": "585.10200", "2014-06-30": "569.90800", "2014-03-31": "531.96700", "2013-12-31": "520.56500", "2013-09-30": "518.19100", "2013-06-30": "513.72300", "2013-03-31": "514.54400", "2012-12-31": "522.73700", "2012-09-30": "536.72700", "2012-06-30": "506.22900", "2012-03-31": "516.61100", "2011-12-31": "533.65200", "2011-09-30": "548.97700", "2011-06-30": "545.70300", "2011-03-31": "540.51300", "2010-12-31": "528.21500", "2010-09-30": "517.66800", "2010-06-30": "507.66600", "2010-03-31": "493.03900", "2009-12-31": "495.06500", "2009-09-30": "497.95800", "2009-06-30": "513.76500", "2009-03-31": "531.68700", "2008-12-31": "543.70500", "2008-09-30": "543.12200", "2008-06-30": "520.79000", "2008-03-31": "522.30500", "2007-12-31": "524.76900", "2007-09-30": "536.31600", "2007-06-30": "604.77200", "2007-03-31": "605.72200", "2006-12-31": "624.99600", "2006-09-30": "638.59200", "2006-06-30": "648.54200", "2006-03-31": "659.97200", "2005-12-31": "653.56000", "2005-09-30": "662.59200", "2005-06-30": "680.12300", "2005-03-31": "693.30200"}, "Long-Term Investments": {"2020-12-31": "", "2020-09-30": "", "2020-06-30": "", "2020-03-31": "", "2019-12-31": "", "2019-09-30": "", "2019-06-30": "", "2019-03-31": "", "2018-12-31": "", "2018-09-30": "", "2018-06-30": "", "2018-03-31": "", "2017-12-31": "885.39200", "2017-09-30": "529.24900", "2017-06-30": "420.45800", "2017-03-31": "107.50000", "2016-12-31": "30.00700", "2016-09-30": "", "2016-06-30": "", "2016-03-31": "118.54900", "2015-12-31": "1389.98900", "2015-09-30": "584.91000", "2015-06-30": "898.02400", "2015-03-31": "383.32600", "2014-12-31": "1107.22400", "2014-09-30": "841.27700", "2014-06-30": "527.53900", "2014-03-31": "798.71200", "2013-12-31": "723.92500", "2013-09-30": "829.65600", "2013-06-30": "933.37500", "2013-03-31": "257.45000", "2012-12-31": "149.66200", "2012-09-30": "154.00200", "2012-06-30": "159.47600", "2012-03-31": "328.58600", "2011-12-31": "468.08600", "2011-09-30": "359.98000", "2011-06-30": "199.55000", "2011-03-31": "464.83800", "2010-12-31": "381.83200", "2010-09-30": "190.15200", "2010-06-30": "160.12900", "2010-03-31": "317.21500", "2009-12-31": "421.62800", "2009-09-30": "108.72900", "2009-06-30": "30.72900", "2009-03-31": "50.82600", "2008-12-31": "76.33200", "2008-09-30": "411.28100", "2008-06-30": "513.55500", "2008-03-31": "194.27400", "2007-12-31": "215.38400", "2007-09-30": "415.54300", "2007-06-30": "621.90900", "2007-03-31": "527.91000", "2006-12-31": "536.00800", "2006-09-30": "653.41300", "2006-06-30": "490.26800", "2006-03-31": "520.36000", "2005-12-31": "", "2005-09-30": "", "2005-06-30": "", "2005-03-31": ""}, "Goodwill And Intangible Assets": {"2020-12-31": "11696.40000", "2020-09-30": "11920.60000", "2020-06-30": "12151.60000", "2020-03-31": "12367.10000", "2019-12-31": "12604.30000", "2019-09-30": "12851.90000", "2019-06-30": "13092.60000", "2019-03-31": "13349.50000", "2018-12-31": "13414.90000", "2018-09-30": "13613.40000", "2018-06-30": "13522.10000", "2018-03-31": "3961.00000", "2017-12-31": "4083.57700", "2017-09-30": "4204.73900", "2017-06-30": "4325.58400", "2017-03-31": "4447.10000", "2016-12-31": "4595.71100", "2016-09-30": "4707.44600", "2016-06-30": "4794.31200", "2016-03-31": "1619.00100", "2015-12-31": "1665.80100", "2015-09-30": "1711.10300", "2015-06-30": "1042.14800", "2015-03-31": "1075.68800", "2014-12-31": "1116.50000", "2014-09-30": "1156.99000", "2014-06-30": "907.96400", "2014-03-31": "721.59590", "2013-12-31": "742.24500", "2013-09-30": "749.24900", "2013-06-30": "773.31200", "2013-03-31": "801.48400", "2012-12-31": "834.11500", "2012-09-30": "867.18600", "2012-06-30": "212.45000", "2012-03-31": "183.94900", "2011-12-31": "151.14900", "2011-09-30": "152.56400", "2011-06-30": "151.61100", "2011-03-31": "153.94700", "2010-12-31": "138.53100", "2010-09-30": "130.67500", "2010-06-30": "127.11100", "2010-03-31": "75.86500", "2009-12-31": "65.16100", "2009-09-30": "64.94000", "2009-06-30": "61.80400", "2009-03-31": "61.88300", "2008-12-31": "54.95400", "2008-09-30": "43.06700", "2008-06-30": "43.21700", "2008-03-31": "43.49900", "2007-12-31": "43.67500", "2007-09-30": "42.08500", "2007-06-30": "40.26200", "2007-03-31": "40.34200", "2006-12-31": "40.65300", "2006-09-30": "40.93800", "2006-06-30": "41.15000", "2006-03-31": "41.37500", "2005-12-31": "41.32700", "2005-09-30": "41.65200", "2005-06-30": "41.34300", "2005-03-31": "41.17500"}, "Other Long-Term Assets": {"2020-12-31": "271.40000", "2020-09-30": "271.20000", "2020-06-30": "258.40000", "2020-03-31": "217.20000", "2019-12-31": "232.20000", "2019-09-30": "229.80000", "2019-06-30": "232.30000", "2019-03-31": "111.80000", "2018-12-31": "106.40000", "2018-09-30": "110.10000", "2018-06-30": "154.10000", "2018-03-31": "71.80000", "2017-12-31": "75.81000", "2017-09-30": "73.63800", "2017-06-30": "75.02700", "2017-03-31": "75.10000", "2016-12-31": "82.61200", "2016-09-30": "90.39400", "2016-06-30": "89.98700", "2016-03-31": "79.39300", "2015-12-31": "116.29000", "2015-09-30": "79.80900", "2015-06-30": "65.95200", "2015-03-31": "75.51000", "2014-12-31": "44.59100", "2014-09-30": "48.29300", "2014-06-30": "45.98100", "2014-03-31": "45.95600", "2013-12-31": "47.34500", "2013-09-30": "47.14900", "2013-06-30": "47.46800", "2013-03-31": "41.55700", "2012-12-31": "40.42700", "2012-09-30": "41.18300", "2012-06-30": "37.38700", "2012-03-31": "38.76900", "2011-12-31": "38.18400", "2011-09-30": "38.85200", "2011-06-30": "36.74800", "2011-03-31": "33.77700", "2010-12-31": "41.70400", "2010-09-30": "52.57000", "2010-06-30": "50.48100", "2010-03-31": "19.22500", "2009-12-31": "19.01600", "2009-09-30": "19.20200", "2009-06-30": "18.97000", "2009-03-31": "18.52600", "2008-12-31": "31.22000", "2008-09-30": "32.95400", "2008-06-30": "34.54100", "2008-03-31": "34.49900", "2007-12-31": "35.69800", "2007-09-30": "12.22400", "2007-06-30": "11.31300", "2007-03-31": "10.83000", "2006-12-31": "10.25900", "2006-09-30": "9.41600", "2006-06-30": "8.76200", "2006-03-31": "10.06000", "2005-12-31": "9.39700", "2005-09-30": "8.63200", "2005-06-30": "7.98300", "2005-03-31": "7.72900"}, "Total Long-Term Assets": {"2020-12-31": "14423.60000", "2020-09-30": "14648.80000", "2020-06-30": "14893.10000", "2020-03-31": "15208.90000", "2019-12-31": "15484.60000", "2019-09-30": "15680.70000", "2019-06-30": "15967.90000", "2019-03-31": "16135.20000", "2018-12-31": "16278.10000", "2018-09-30": "16490.90000", "2018-06-30": "16430.40000", "2018-03-31": "4900.90000", "2017-12-31": "5870.35200", "2017-09-30": "5611.77700", "2017-06-30": "5589.12900", "2017-03-31": "5381.90000", "2016-12-31": "5467.83100", "2016-09-30": "5583.66200", "2016-06-30": "5685.76800", "2016-03-31": "2441.17000", "2015-12-31": "3813.83200", "2015-09-30": "3007.42200", "2015-06-30": "2601.37100", "2015-03-31": "2116.09600", "2014-12-31": "2845.43800", "2014-09-30": "2631.66200", "2014-06-30": "2051.39200", "2014-03-31": "2098.23100", "2013-12-31": "2034.08000", "2013-09-30": "2144.24500", "2013-06-30": "2267.87800", "2013-03-31": "1615.03500", "2012-12-31": "1546.94100", "2012-09-30": "1599.09800", "2012-06-30": "915.54210", "2012-03-31": "1067.91500", "2011-12-31": "1191.07100", "2011-09-30": "1100.37300", "2011-06-30": "933.61200", "2011-03-31": "1193.07500", "2010-12-31": "1090.28200", "2010-09-30": "891.06500", "2010-06-30": "845.38700", "2010-03-31": "905.34400", "2009-12-31": "1000.87000", "2009-09-30": "690.82900", "2009-06-30": "625.26800", "2009-03-31": "662.92200", "2008-12-31": "706.21090", "2008-09-30": "1030.42400", "2008-06-30": "1112.10300", "2008-03-31": "794.57700", "2007-12-31": "819.52590", "2007-09-30": "1006.16800", "2007-06-30": "1278.25600", "2007-03-31": "1184.80400", "2006-12-31": "1211.91600", "2006-09-30": "1342.35900", "2006-06-30": "1188.72200", "2006-03-31": "1231.76700", "2005-12-31": "704.28400", "2005-09-30": "712.87600", "2005-06-30": "729.44900", "2005-03-31": "742.20600"}, "Total Assets": {"2020-12-31": "16576.10000", "2020-09-30": "16770.90000", "2020-06-30": "17028.10000", "2020-03-31": "17426.10000", "2019-12-31": "17588.60000", "2019-09-30": "17858.50000", "2019-06-30": "18246.40000", "2019-03-31": "18350.00000", "2018-12-31": "18155.70000", "2018-09-30": "18667.10000", "2018-06-30": "19248.80000", "2018-03-31": "8257.20000", "2017-12-31": "8123.79300", "2017-09-30": "8055.19800", "2017-06-30": "7887.89100", "2017-03-31": "7686.90000", "2016-12-31": "7144.58100", "2016-09-30": "7074.39600", "2016-06-30": "7358.75600", "2016-03-31": "5537.88300", "2015-12-31": "5446.55300", "2015-09-30": "5786.30900", "2015-06-30": "4856.98500", "2015-03-31": "4780.71300", "2014-12-31": "4628.91700", "2014-09-30": "4610.62700", "2014-06-30": "4501.74300", "2014-03-31": "4067.63000", "2013-12-31": "4003.10800", "2013-09-30": "3965.15100", "2013-06-30": "3883.57500", "2013-03-31": "3851.40500", "2012-12-31": "3843.52400", "2012-09-30": "3888.37600", "2012-06-30": "3144.84000", "2012-03-31": "3083.77600", "2011-12-31": "3021.15100", "2011-09-30": "3033.74900", "2011-06-30": "3029.29900", "2011-03-31": "2968.05800", "2010-12-31": "2828.72600", "2010-09-30": "2808.37000", "2010-06-30": "2693.26900", "2010-03-31": "2516.31300", "2009-12-31": "2443.60700", "2009-09-30": "2418.28500", "2009-06-30": "2386.40900", "2009-03-31": "2405.71100", "2008-12-31": "2447.14300", "2008-09-30": "2516.98400", "2008-06-30": "2543.43800", "2008-03-31": "2512.30700", "2007-12-31": "2616.74800", "2007-09-30": "2248.67900", "2007-06-30": "2362.34200", "2007-03-31": "2269.54100", "2006-12-31": "2278.46000", "2006-09-30": "2291.26000", "2006-06-30": "2294.69100", "2006-03-31": "2350.59600", "2005-12-31": "2006.47000", "2005-09-30": "1958.09500", "2005-06-30": "1892.05900", "2005-03-31": "1817.55400"}, "Total Current Liabilities": {"2020-12-31": "2522.20000", "2020-09-30": "1975.20000", "2020-06-30": "2585.80000", "2020-03-31": "1637.40000", "2019-12-31": "2336.60000", "2019-09-30": "2423.40000", "2019-06-30": "2450.80000", "2019-03-31": "2374.50000", "2018-12-31": "643.70000", "2018-09-30": "2088.10000", "2018-06-30": "2139.30000", "2018-03-31": "2017.40000", "2017-12-31": "756.83200", "2017-09-30": "734.18600", "2017-06-30": "736.44300", "2017-03-31": "704.50000", "2016-12-31": "651.55300", "2016-09-30": "578.80300", "2016-06-30": "573.28500", "2016-03-31": "382.00900", "2015-12-31": "343.91400", "2015-09-30": "371.77600", "2015-06-30": "372.30800", "2015-03-31": "353.97200", "2014-12-31": "353.08600", "2014-09-30": "385.48400", "2014-06-30": "359.69000", "2014-03-31": "336.07900", "2013-12-31": "316.40000", "2013-09-30": "338.89300", "2013-06-30": "351.66400", "2013-03-31": "341.61100", "2012-12-31": "296.27900", "2012-09-30": "325.47300", "2012-06-30": "249.98900", "2012-03-31": "247.87300", "2011-12-31": "248.56600", "2011-09-30": "294.15300", "2011-06-30": "328.08300", "2011-03-31": "340.31600", "2010-12-31": "299.93500", "2010-09-30": "310.14000", "2010-06-30": "284.08400", "2010-03-31": "203.39000", "2009-12-31": "185.13500", "2009-09-30": "170.35000", "2009-06-30": "149.19100", "2009-03-31": "155.64500", "2008-12-31": "175.74400", "2008-09-30": "221.47900", "2008-06-30": "194.52100", "2008-03-31": "191.08100", "2007-12-31": "176.80400", "2007-09-30": "185.86100", "2007-06-30": "186.28600", "2007-03-31": "255.92000", "2006-12-31": "374.87100", "2006-09-30": "425.70700", "2006-06-30": "494.69900", "2006-03-31": "608.96900", "2005-12-31": "337.75500", "2005-09-30": "327.59300", "2005-06-30": "317.23100", "2005-03-31": "306.66500"}, "Long Term Debt": {"2020-12-31": "7647.80000", "2020-09-30": "8181.40000", "2020-06-30": "7730.00000", "2020-03-31": "8873.40000", "2019-12-31": "8179.70000", "2019-09-30": "8415.30000", "2019-06-30": "8711.40000", "2019-03-31": "8946.20000", "2018-12-31": "10542.30000", "2018-09-30": "9551.10000", "2018-06-30": "10019.80000", "2018-03-31": "1758.40000", "2017-12-31": "3039.62300", "2017-09-30": "3011.85200", "2017-06-30": "2983.90800", "2017-03-31": "2900.50000", "2016-12-31": "3123.99400", "2016-09-30": "3105.43300", "2016-06-30": "3336.50400", "2016-03-31": "2453.40500", "2015-12-31": "2406.47400", "2015-09-30": "2687.87400", "2015-06-30": "1858.69700", "2015-03-31": "1826.85800", "2014-12-31": "1342.09500", "2014-09-30": "1323.87100", "2014-06-30": "1335.67800", "2014-03-31": "1003.25800", "2013-12-31": "1005.31200", "2013-09-30": "997.91200", "2013-06-30": "974.25000", "2013-03-31": "983.38500", "2012-12-31": "971.40900", "2012-09-30": "959.65600", "2012-06-30": "357.35500", "2012-03-31": "355.05000", "2011-12-31": "353.34100", "2011-09-30": "351.37100", "2011-06-30": "349.10900", "2011-03-31": "347.33400", "2010-12-31": "345.58100", "2010-09-30": "344.08500", "2010-06-30": "342.22300", "2010-03-31": "340.67200", "2009-12-31": "339.00000", "2009-09-30": "337.40300", "2009-06-30": "335.53900", "2009-03-31": "334.18400", "2008-12-31": "1148.97500", "2008-09-30": "1149.50400", "2008-06-30": "1150.22700", "2008-03-31": "1150.12800", "2007-12-31": "1150.10300", "2007-09-30": "", "2007-06-30": "", "2007-03-31": "", "2006-12-31": "", "2006-09-30": "", "2006-06-30": "", "2006-03-31": "", "2005-12-31": "", "2005-09-30": "", "2005-06-30": "", "2005-03-31": ""}, "Other Non-Current Liabilities": {"2020-12-31": "1099.20000", "2020-09-30": "1089.00000", "2020-06-30": "1098.70000", "2020-03-31": "1011.30000", "2019-12-31": "1069.40000", "2019-09-30": "1080.60000", "2019-06-30": "1105.90000", "2019-03-31": "1035.70000", "2018-12-31": "978.10000", "2018-09-30": "1042.30000", "2018-06-30": "1111.70000", "2018-03-31": "995.80000", "2017-12-31": "933.44000", "2017-09-30": "434.80100", "2017-06-30": "407.77000", "2017-03-31": "402.10000", "2016-12-31": "415.31200", "2016-09-30": "454.19600", "2016-06-30": "447.85500", "2016-03-31": "152.33200", "2015-12-31": "147.15400", "2015-09-30": "148.50100", "2015-06-30": "146.69500", "2015-03-31": "157.66500", "2014-12-31": "182.61600", "2014-09-30": "179.69400", "2014-06-30": "183.66100", "2014-03-31": "217.51600", "2013-12-31": "217.66800", "2013-09-30": "230.04600", "2013-06-30": "223.88900", "2013-03-31": "204.68900", "2012-12-31": "203.25800", "2012-09-30": "204.54600", "2012-06-30": "102.52600", "2012-03-31": "78.81200", "2011-12-31": "80.23000", "2011-09-30": "74.91400", "2011-06-30": "71.75900", "2011-03-31": "68.44300", "2010-12-31": "117.45800", "2010-09-30": "114.60100", "2010-06-30": "104.14100", "2010-03-31": "62.15800", "2009-12-31": "57.95000", "2009-09-30": "79.51500", "2009-06-30": "76.68300", "2009-03-31": "73.88500", "2008-12-31": "69.92000", "2008-09-30": "123.89200", "2008-06-30": "118.80900", "2008-03-31": "113.41500", "2007-12-31": "112.53400", "2007-09-30": "107.01500", "2007-06-30": "108.82600", "2007-03-31": "0.92600", "2006-12-31": "", "2006-09-30": "", "2006-06-30": "", "2006-03-31": "", "2005-12-31": "", "2005-09-30": "", "2005-06-30": "", "2005-03-31": ""}, "Total Long Term Liabilities": {"2020-12-31": "8756.89900", "2020-09-30": "9352.00000", "2020-06-30": "8941.00000", "2020-03-31": "10203.20000", "2019-12-31": "9635.40000", "2019-09-30": "10073.80000", "2019-06-30": "10507.30000", "2019-03-31": "10688.00000", "2018-12-31": "12350.90000", "2018-09-30": "11408.80000", "2018-06-30": "11985.70000", "2018-03-31": "2960.00000", "2017-12-31": "4181.88600", "2017-09-30": "3774.88800", "2017-06-30": "3738.89400", "2017-03-31": "3711.70000", "2016-12-31": "3926.13000", "2016-09-30": "3976.08100", "2016-06-30": "4252.92200", "2016-03-31": "3004.95500", "2015-12-31": "2976.29500", "2015-09-30": "3285.15200", "2015-06-30": "2385.79500", "2015-03-31": "2365.71500", "2014-12-31": "1993.55300", "2014-09-30": "1972.93500", "2014-06-30": "1972.40800", "2014-03-31": "1596.09000", "2013-12-31": "1611.60000", "2013-09-30": "1607.71900", "2013-06-30": "1577.65100", "2013-03-31": "1576.32400", "2012-12-31": "1620.15900", "2012-09-30": "1598.80500", "2012-06-30": "876.86100", "2012-03-31": "845.23000", "2011-12-31": "831.28000", "2011-09-30": "835.65700", "2011-06-30": "821.99400", "2011-03-31": "815.30400", "2010-12-31": "878.84600", "2010-09-30": "861.06400", "2010-06-30": "841.72000", "2010-03-31": "779.54300", "2009-12-31": "774.59700", "2009-09-30": "789.61800", "2009-06-30": "780.01000", "2009-03-31": "759.75500", "2008-12-31": "1252.87500", "2008-09-30": "1306.33700", "2008-06-30": "1296.38900", "2008-03-31": "1285.00300", "2007-12-31": "1276.74900", "2007-09-30": "120.84500", "2007-06-30": "115.01200", "2007-03-31": "9.25300", "2006-12-31": "14.09700", "2006-09-30": "15.88800", "2006-06-30": "12.18300", "2006-03-31": "15.43800", "2005-12-31": "19.58400", "2005-09-30": "17.86200", "2005-06-30": "21.51200", "2005-03-31": "25.15500"}, "Total Liabilities": {"2020-12-31": "11279.10000", "2020-09-30": "11327.20000", "2020-06-30": "11526.80000", "2020-03-31": "11840.60000", "2019-12-31": "11972.00000", "2019-09-30": "12497.20000", "2019-06-30": "12958.10000", "2019-03-31": "13062.50000", "2018-12-31": "12994.60000", "2018-09-30": "13496.90000", "2018-06-30": "14125.00000", "2018-03-31": "4977.40000", "2017-12-31": "4938.71800", "2017-09-30": "4509.07400", "2017-06-30": "4475.33700", "2017-03-31": "4416.20000", "2016-12-31": "4577.68300", "2016-09-30": "4554.88400", "2016-06-30": "4826.20700", "2016-03-31": "3386.96400", "2015-12-31": "3320.20900", "2015-09-30": "3656.92800", "2015-06-30": "2758.10300", "2015-03-31": "2719.68700", "2014-12-31": "2346.63900", "2014-09-30": "2358.41900", "2014-06-30": "2332.09800", "2014-03-31": "1932.16900", "2013-12-31": "1928.00000", "2013-09-30": "1946.61200", "2013-06-30": "1929.31500", "2013-03-31": "1917.93500", "2012-12-31": "1916.43800", "2012-09-30": "1924.27800", "2012-06-30": "1126.85000", "2012-03-31": "1093.10300", "2011-12-31": "1079.84600", "2011-09-30": "1129.81000", "2011-06-30": "1150.07700", "2011-03-31": "1155.62000", "2010-12-31": "1178.78100", "2010-09-30": "1171.20400", "2010-06-30": "1125.80400", "2010-03-31": "982.93300", "2009-12-31": "959.73200", "2009-09-30": "959.96800", "2009-06-30": "929.20100", "2009-03-31": "915.40000", "2008-12-31": "1428.61900", "2008-09-30": "1527.81600", "2008-06-30": "1490.91000", "2008-03-31": "1476.08400", "2007-12-31": "1453.55300", "2007-09-30": "306.70600", "2007-06-30": "301.29800", "2007-03-31": "265.17300", "2006-12-31": "388.96800", "2006-09-30": "441.59500", "2006-06-30": "506.88200", "2006-03-31": "624.40700", "2005-12-31": "357.33900", "2005-09-30": "345.45500", "2005-06-30": "338.74300", "2005-03-31": "331.82000"}, "Common Stock Net": {"2020-12-31": "0.30000", "2020-09-30": "0.30000", "2020-06-30": "0.30000", "2020-03-31": "0.20000", "2019-12-31": "0.20000", "2019-09-30": "0.20000", "2019-06-30": "0.20000", "2019-03-31": "0.20000", "2018-12-31": "0.20000", "2018-09-30": "0.20000", "2018-06-30": "0.20000", "2018-03-31": "0.20000", "2017-12-31": "0.23400", "2017-09-30": "0.23400", "2017-06-30": "0.23300", "2017-03-31": "0.20000", "2016-12-31": "0.21600", "2016-09-30": "0.21600", "2016-06-30": "0.21500", "2016-03-31": "0.20400", "2015-12-31": "0.20300", "2015-09-30": "0.20300", "2015-06-30": "0.20200", "2015-03-31": "0.20200", "2014-12-31": "0.20100", "2014-09-30": "0.20100", "2014-06-30": "0.20000", "2014-03-31": "0.20000", "2013-12-31": "0.19900", "2013-09-30": "0.19800", "2013-06-30": "0.19700", "2013-03-31": "0.19600", "2012-12-31": "0.19500", "2012-09-30": "0.19400", "2012-06-30": "0.19400", "2012-03-31": "0.19300", "2011-12-31": "0.19200", "2011-09-30": "0.19100", "2011-06-30": "0.19100", "2011-03-31": "0.19000", "2010-12-31": "0.18800", "2010-09-30": "0.18700", "2010-06-30": "0.18600", "2010-03-31": "0.18500", "2009-12-31": "0.18400", "2009-09-30": "0.18400", "2009-06-30": "0.18300", "2009-03-31": "0.18300", "2008-12-31": "0.18200", "2008-09-30": "0.18200", "2008-06-30": "0.18400", "2008-03-31": "0.18400", "2007-12-31": "0.18900", "2007-09-30": "0.21500", "2007-06-30": "0.21900", "2007-03-31": "0.21700", "2006-12-31": "0.21600", "2006-09-30": "0.21500", "2006-06-30": "0.21500", "2006-03-31": "0.21400", "2005-12-31": "0.21200", "2005-09-30": "0.21000", "2005-06-30": "0.20900", "2005-03-31": "0.20800"}, "Retained Earnings (Accumulated Deficit)": {"2020-12-31": "3384.10000", "2020-09-30": "3443.90000", "2020-06-30": "3465.60000", "2020-03-31": "3432.40000", "2019-12-31": "3420.50000", "2019-09-30": "3197.10000", "2019-06-30": "3175.50000", "2019-03-31": "3210.60000", "2018-12-31": "3122.40000", "2018-09-30": "3159.60000", "2018-06-30": "3149.20000", "2018-03-31": "1397.30000", "2017-12-31": "1335.69700", "2017-09-30": "1671.69500", "2017-06-30": "1567.05900", "2017-03-31": "1479.40000", "2016-12-31": "1425.07300", "2016-09-30": "1395.86800", "2016-06-30": "1439.58900", "2016-03-31": "1582.58500", "2015-12-31": "1588.37800", "2015-09-30": "1600.09000", "2015-06-30": "1607.87600", "2015-03-31": "1549.54000", "2014-12-31": "1522.18500", "2014-09-30": "1507.91500", "2014-06-30": "1485.71600", "2014-03-31": "1467.00900", "2013-12-31": "1426.39600", "2013-09-30": "1391.54900", "2013-06-30": "1361.82900", "2013-03-31": "1352.93200", "2012-12-31": "1362.47200", "2012-09-30": "1420.99600", "2012-06-30": "1510.32600", "2012-03-31": "1499.36500", "2011-12-31": "1485.98900", "2011-09-30": "1475.31200", "2011-06-30": "1462.23100", "2011-03-31": "1428.83800", "2010-12-31": "1303.31100", "2010-09-30": "1331.98400", "2010-06-30": "1292.81200", "2010-03-31": "1266.69900", "2009-12-31": "1253.97700", "2009-09-30": "1247.09400", "2009-06-30": "1264.69300", "2009-03-31": "1299.25000", "2008-12-31": "1342.43200", "2008-09-30": "1330.95200", "2008-06-30": "1316.60900", "2008-03-31": "1301.27500", "2007-12-31": "1284.98900", "2007-09-30": "1271.24200", "2007-06-30": "1274.66000", "2007-03-31": "1255.48600", "2006-12-31": "1185.15200", "2006-09-30": "1166.25400", "2006-06-30": "1137.27600", "2006-03-31": "1106.35500", "2005-12-31": "1071.28100", "2005-09-30": "1064.80400", "2005-06-30": "1025.32400", "2005-03-31": "984.09500"}, "Comprehensive Income": {"2020-12-31": "-22.30000", "2020-09-30": "-20.90000", "2020-06-30": "-21.10000", "2020-03-31": "-21.60000", "2019-12-31": "-22.00000", "2019-09-30": "-22.30000", "2019-06-30": "-22.30000", "2019-03-31": "-20.70000", "2018-12-31": "-17.00000", "2018-09-30": "-16.70000", "2018-06-30": "-14.90000", "2018-03-31": "-17.60000", "2017-12-31": "-22.19300", "2017-09-30": "-17.81200", "2017-06-30": "-19.13300", "2017-03-31": "-14.40000", "2016-12-31": "-10.82800", "2016-09-30": "-15.89600", "2016-06-30": "-14.42800", "2016-03-31": "-3.35700", "2015-12-31": "-10.66500", "2015-09-30": "-3.09500", "2015-06-30": "-5.17100", "2015-03-31": "11.07600", "2014-12-31": "15.56300", "2014-09-30": "-4.65700", "2014-06-30": "4.08900", "2014-03-31": "1.05100", "2013-12-31": "-2.57900", "2013-09-30": "-2.52500", "2013-06-30": "-3.11300", "2013-03-31": "6.93500", "2012-12-31": "6.77400", "2012-09-30": "6.68900", "2012-06-30": "2.96300", "2012-03-31": "3.10100", "2011-12-31": "-1.75500", "2011-09-30": "-0.59600", "2011-06-30": "5.28400", "2011-03-31": "3.35700", "2010-12-31": "2.77400", "2010-09-30": "1.79000", "2010-06-30": "-4.25300", "2010-03-31": "3.03200", "2009-12-31": "2.71200", "2009-09-30": "4.34900", "2009-06-30": "4.28200", "2009-03-31": "4.31200", "2008-12-31": "5.27500", "2008-09-30": "-0.69300", "2008-06-30": "-0.71100", "2008-03-31": "2.50800", "2007-12-31": "-0.16800", "2007-09-30": "-3.01500", "2007-06-30": "-8.19100", "2007-03-31": "-7.16900", "2006-12-31": "-9.48700", "2006-09-30": "-9.97400", "2006-06-30": "-15.28000", "2006-03-31": "-13.91300", "2005-12-31": "-11.61800", "2005-09-30": "-9.51200", "2005-06-30": "-5.49300", "2005-03-31": "-9.71800"}, "Other Share Holders Equity": {"2020-12-31": "", "2020-09-30": "", "2020-06-30": "", "2020-03-31": "", "2019-12-31": "", "2019-09-30": "", "2019-06-30": "", "2019-03-31": "", "2018-12-31": "", "2018-09-30": "", "2018-06-30": "", "2018-03-31": "", "2017-12-31": "", "2017-09-30": "", "2017-06-30": "", "2017-03-31": "", "2016-12-31": "", "2016-09-30": "", "2016-06-30": "", "2016-03-31": "", "2015-12-31": "", "2015-09-30": "", "2015-06-30": "", "2015-03-31": "", "2014-12-31": "", "2014-09-30": "", "2014-06-30": "", "2014-03-31": "", "2013-12-31": "", "2013-09-30": "", "2013-06-30": "", "2013-03-31": "", "2012-12-31": "", "2012-09-30": "", "2012-06-30": "", "2012-03-31": "", "2011-12-31": "", "2011-09-30": "", "2011-06-30": "", "2011-03-31": "", "2010-12-31": "", "2010-09-30": "", "2010-06-30": "", "2010-03-31": "", "2009-12-31": "", "2009-09-30": "", "2009-06-30": "", "2009-03-31": "", "2008-12-31": "", "2008-09-30": "", "2008-06-30": "", "2008-03-31": "", "2007-12-31": "", "2007-09-30": "", "2007-06-30": "", "2007-03-31": "", "2006-12-31": "", "2006-09-30": "", "2006-06-30": "", "2006-03-31": "", "2005-12-31": "", "2005-09-30": "", "2005-06-30": "", "2005-03-31": ""}, "Share Holder Equity": {"2020-12-31": "5297.00000", "2020-09-30": "5443.70000", "2020-06-30": "5501.30000", "2020-03-31": "5585.50000", "2019-12-31": "5616.60000", "2019-09-30": "5361.30000", "2019-06-30": "5288.30000", "2019-03-31": "5287.50000", "2018-12-31": "5161.10000", "2018-09-30": "5170.20000", "2018-06-30": "5123.80000", "2018-03-31": "3279.80000", "2017-12-31": "3185.07500", "2017-09-30": "3546.12400", "2017-06-30": "3412.55400", "2017-03-31": "3270.70000", "2016-12-31": "2566.89800", "2016-09-30": "2519.51200", "2016-06-30": "2532.54900", "2016-03-31": "2150.91900", "2015-12-31": "2126.34400", "2015-09-30": "2129.38100", "2015-06-30": "2098.88200", "2015-03-31": "2061.02600", "2014-12-31": "2282.27800", "2014-09-30": "2252.20800", "2014-06-30": "2169.64500", "2014-03-31": "2135.46100", "2013-12-31": "2075.10800", "2013-09-30": "2018.53900", "2013-06-30": "1954.26000", "2013-03-31": "1933.47000", "2012-12-31": "1927.08600", "2012-09-30": "1964.09800", "2012-06-30": "2017.99000", "2012-03-31": "1990.67300", "2011-12-31": "1941.30500", "2011-09-30": "1903.93900", "2011-06-30": "1879.22200", "2011-03-31": "1812.43800", "2010-12-31": "1649.94500", "2010-09-30": "1637.16600", "2010-06-30": "1567.46500", "2010-03-31": "1533.38000", "2009-12-31": "1483.87500", "2009-09-30": "1458.31700", "2009-06-30": "1457.20800", "2009-03-31": "1490.31100", "2008-12-31": "1018.52400", "2008-09-30": "989.16800", "2008-06-30": "1052.52800", "2008-03-31": "1036.22300", "2007-12-31": "1163.19500", "2007-09-30": "1941.97300", "2007-06-30": "2061.04400", "2007-03-31": "2004.36800", "2006-12-31": "1889.49200", "2006-09-30": "1849.66500", "2006-06-30": "1787.80900", "2006-03-31": "1726.18900", "2005-12-31": "1649.13100", "2005-09-30": "1612.64000", "2005-06-30": "1553.31600", "2005-03-31": "1485.73400"}, "Total Liabilities And Share Holders Equity": {"2020-12-31": "16576.10000", "2020-09-30": "16770.90000", "2020-06-30": "17028.10000", "2020-03-31": "17426.10000", "2019-12-31": "17588.60000", "2019-09-30": "17858.50000", "2019-06-30": "18246.40000", "2019-03-31": "18350.00000", "2018-12-31": "18155.70000", "2018-09-30": "18667.10000", "2018-06-30": "19248.80000", "2018-03-31": "8257.20000", "2017-12-31": "8123.79300", "2017-09-30": "8055.19800", "2017-06-30": "7887.89100", "2017-03-31": "7686.90000", "2016-12-31": "7144.58100", "2016-09-30": "7074.39600", "2016-06-30": "7358.75600", "2016-03-31": "5537.88300", "2015-12-31": "5446.55300", "2015-09-30": "5786.30900", "2015-06-30": "4856.98500", "2015-03-31": "4780.71300", "2014-12-31": "4628.91700", "2014-09-30": "4610.62700", "2014-06-30": "4501.74300", "2014-03-31": "4067.63000", "2013-12-31": "4003.10800", "2013-09-30": "3965.15100", "2013-06-30": "3883.57500", "2013-03-31": "3851.40500", "2012-12-31": "3843.52400", "2012-09-30": "3888.37600", "2012-06-30": "3144.84000", "2012-03-31": "3083.77600", "2011-12-31": "3021.15100", "2011-09-30": "3033.74900", "2011-06-30": "3029.29900", "2011-03-31": "2968.05800", "2010-12-31": "2828.72600", "2010-09-30": "2808.37000", "2010-06-30": "2693.26900", "2010-03-31": "2516.31300", "2009-12-31": "2443.60700", "2009-09-30": "2418.28500", "2009-06-30": "2386.40900", "2009-03-31": "2405.71100", "2008-12-31": "2447.14300", "2008-09-30": "2516.98400", "2008-06-30": "2543.43800", "2008-03-31": "2512.30700", "2007-12-31": "2616.74800", "2007-09-30": "2248.67900", "2007-06-30": "2362.34200", "2007-03-31": "2269.54100", "2006-12-31": "2278.46000", "2006-09-30": "2291.26000", "2006-06-30": "2294.69100", "2006-03-31": "2350.59600", "2005-12-31": "2006.47000", "2005-09-30": "1958.09500", "2005-06-30": "1892.05900", "2005-03-31": "1817.55400"}}, "cash flow statement": {"Net Income/Loss": {"2020-03-31": "570.60000", "2019-03-31": "355.90000", "2018-03-31": "255.40000", "2017-03-31": "164.60000", "2016-03-31": "323.90000", "2015-03-31": "365.32500", "2014-03-31": "395.28100", "2013-03-31": "127.38900", "2012-03-31": "336.70500", "2011-03-31": "418.95000", "2010-03-31": "217.00500", "2009-03-31": "245.58700", "2008-03-31": "296.79300", "2007-03-31": "357.02900", "2006-03-31": "242.36900", "2005-03-31": "213.78500"}, "Total Depreciation And Amortization - Cash Flow": {"2020-03-31": "1354.40000", "2019-03-31": "1007.30000", "2018-03-31": "728.90000", "2017-03-31": "529.80000", "2016-03-31": "344.20000", "2015-03-31": "305.50100", "2014-03-31": "210.82200", "2013-03-31": "225.69700", "2012-03-31": "122.87900", "2011-03-31": "113.49300", "2010-03-31": "96.53000", "2009-03-31": "100.48800", "2008-03-31": "100.27200", "2007-03-31": "116.17100", "2006-03-31": "110.68200", "2005-03-31": "120.46600"}, "Other Non-Cash Items": {"2020-03-31": "-314.50000", "2019-03-31": "126.90000", "2018-03-31": "170.80000", "2017-03-31": "70.10000", "2016-03-31": "-1.80000", "2015-03-31": "59.29100", "2014-03-31": "55.57100", "2013-03-31": "29.11600", "2012-03-31": "60.60900", "2011-03-31": "63.37400", "2010-03-31": "142.67700", "2009-03-31": "-9.06400", "2008-03-31": "58.69500", "2007-03-31": "36.11200", "2006-03-31": "46.47300", "2005-03-31": "30.94100"}, "Total Non-Cash Items": {"2020-03-31": "1039.90000", "2019-03-31": "1134.20000", "2018-03-31": "899.70000", "2017-03-31": "599.90000", "2016-03-31": "342.40000", "2015-03-31": "364.79200", "2014-03-31": "266.39300", "2013-03-31": "254.81300", "2012-03-31": "183.48800", "2011-03-31": "176.86700", "2010-03-31": "239.20700", "2009-03-31": "91.42400", "2008-03-31": "158.96700", "2007-03-31": "152.28300", "2006-03-31": "157.15500", "2005-03-31": "151.40700"}, "Change In Accounts Receivable": {"2020-03-31": "-53.30000", "2019-03-31": "238.80000", "2018-03-31": "-85.30000", "2017-03-31": "-46.80000", "2016-03-31": "-2.10000", "2015-03-31": "-15.89300", "2014-03-31": "-12.50800", "2013-03-31": "0.38600", "2012-03-31": "11.84500", "2011-03-31": "6.34100", "2010-03-31": "-49.07800", "2009-03-31": "50.83200", "2008-03-31": "-13.76000", "2007-03-31": "14.80200", "2006-03-31": "-26.27300", "2005-03-31": "-5.19800"}, "Change In Inventories": {"2020-03-31": "28.80000", "2019-03-31": "341.60000", "2018-03-31": "-59.20000", "2017-03-31": "223.70000", "2016-03-31": "48.20000", "2015-03-31": "25.51700", "2014-03-31": "-18.50000", "2013-03-31": "65.86700", "2012-03-31": "-35.24000", "2011-03-31": "-22.06800", "2010-03-31": "15.23900", "2009-03-31": "-4.11000", "2008-03-31": "-2.90200", "2007-03-31": "-2.66300", "2006-03-31": "-11.29600", "2005-03-31": "-9.21400"}, "Change In Accounts Payable": {"2020-03-31": "", "2019-03-31": "", "2018-03-31": "", "2017-03-31": "", "2016-03-31": "", "2015-03-31": "", "2014-03-31": "", "2013-03-31": "", "2012-03-31": "", "2011-03-31": "", "2010-03-31": "", "2009-03-31": "", "2008-03-31": "", "2007-03-31": "", "2006-03-31": "", "2005-03-31": ""}, "Change In Assets/Liabilities": {"2020-03-31": "-13.10000", "2019-03-31": "-24.20000", "2018-03-31": "55.00000", "2017-03-31": "135.10000", "2016-03-31": "17.10000", "2015-03-31": "15.43300", "2014-03-31": "57.53100", "2013-03-31": "51.82400", "2012-03-31": "-23.36500", "2011-03-31": "3.20900", "2010-03-31": "0.09100", "2009-03-31": "-49.98300", "2008-03-31": "-3.87100", "2007-03-31": "-15.70400", "2006-03-31": "3.31500", "2005-03-31": "0.75200"}, "Total Change In Assets/Liabilities": {"2020-03-31": "-66.70000", "2019-03-31": "184.70000", "2018-03-31": "264.50000", "2017-03-31": "295.00000", "2016-03-31": "78.10000", "2015-03-31": "-8.93500", "2014-03-31": "14.89000", "2013-03-31": "77.16300", "2012-03-31": "-108.21500", "2011-03-31": "-13.15600", "2010-03-31": "-4.16500", "2009-03-31": "-28.35800", "2008-03-31": "-8.45300", "2007-03-31": "-79.54300", "2006-03-31": "37.79900", "2005-03-31": "-12.48200"}, "Cash Flow From Operating Activities": {"2020-03-31": "1543.80000", "2019-03-31": "1674.80000", "2018-03-31": "1419.60000", "2017-03-31": "1059.50000", "2016-03-31": "744.40000", "2015-03-31": "721.18200", "2014-03-31": "676.56400", "2013-03-31": "459.36500", "2012-03-31": "411.97800", "2011-03-31": "582.66100", "2010-03-31": "452.04700", "2009-03-31": "308.65300", "2008-03-31": "447.30700", "2007-03-31": "429.76900", "2006-03-31": "437.32300", "2005-03-31": "352.71000"}, "Net Change In Property, Plant, And Equipment": {"2020-03-31": "-64.40000", "2019-03-31": "-228.70000", "2018-03-31": "-196.50000", "2017-03-31": "-52.30000", "2016-03-31": "-83.60000", "2015-03-31": "-149.47200", "2014-03-31": "-96.83700", "2013-03-31": "-50.51200", "2012-03-31": "-61.95900", "2011-03-31": "-124.45400", "2010-03-31": "-47.60400", "2009-03-31": "-102.37000", "2008-03-31": "-69.82700", "2007-03-31": "-60.03900", "2006-03-31": "-76.29400", "2005-03-31": "-63.21100"}, "Net Change In Intangible Assets": {"2020-03-31": "", "2019-03-31": "", "2018-03-31": "", "2017-03-31": "", "2016-03-31": "", "2015-03-31": "", "2014-03-31": "", "2013-03-31": "", "2012-03-31": "", "2011-03-31": "", "2010-03-31": "", "2009-03-31": "", "2008-03-31": "", "2007-03-31": "", "2006-03-31": "", "2005-03-31": ""}, "Net Acquisitions/Divestitures": {"2020-03-31": "", "2019-03-31": "-7850.60000", "2018-03-31": "", "2017-03-31": "-2747.50000", "2016-03-31": "-343.90000", "2015-03-31": "-627.83400", "2014-03-31": "-11.18700", "2013-03-31": "-752.30200", "2012-03-31": "-38.58000", "2011-03-31": "-125.72700", "2010-03-31": "", "2009-03-31": "", "2008-03-31": "27.52300", "2007-03-31": "", "2006-03-31": "", "2005-03-31": ""}, "Net Change In Short-term Investments": {"2020-03-31": "", "2019-03-31": "", "2018-03-31": "", "2017-03-31": "-499.90000", "2016-03-31": "", "2015-03-31": "", "2014-03-31": "", "2013-03-31": "", "2012-03-31": "", "2011-03-31": "1055.28600", "2010-03-31": "", "2009-03-31": "", "2008-03-31": "", "2007-03-31": "", "2006-03-31": "", "2005-03-31": ""}, "Net Change In Long-Term Investments": {"2020-03-31": "-68.80000", "2019-03-31": "1268.30000", "2018-03-31": "-815.20000", "2017-03-31": "461.70000", "2016-03-31": "1245.90000", "2015-03-31": "131.08390", "2014-03-31": "-395.25500", "2013-03-31": "-147.12800", "2012-03-31": "-171.46300", "2011-03-31": "-1024.62300", "2010-03-31": "-147.75790", "2009-03-31": "82.37700", "2008-03-31": "96.23400", "2007-03-31": "-383.93100", "2006-03-31": "-61.64900", "2005-03-31": "-309.17710"}, "Net Change In Investments - Total": {"2020-03-31": "-68.80000", "2019-03-31": "1268.30000", "2018-03-31": "-815.20000", "2017-03-31": "-38.20000", "2016-03-31": "1245.90000", "2015-03-31": "131.08390", "2014-03-31": "-395.25500", "2013-03-31": "-147.12800", "2012-03-31": "-171.46300", "2011-03-31": "30.66300", "2010-03-31": "-147.75790", "2009-03-31": "82.37700", "2008-03-31": "96.23400", "2007-03-31": "-383.93100", "2006-03-31": "-61.64900", "2005-03-31": "-309.17710"}, "Investing Activities - Other": {"2020-03-31": "", "2019-03-31": "", "2018-03-31": "", "2017-03-31": "", "2016-03-31": "-18.00000", "2015-03-31": "-32.09500", "2014-03-31": "", "2013-03-31": "", "2012-03-31": "", "2011-03-31": "31.66800", "2010-03-31": "0.10000", "2009-03-31": "0.16600", "2008-03-31": "1.72500", "2007-03-31": "1.74600", "2006-03-31": "1.34100", "2005-03-31": "1.65900"}, "Cash Flow From Investing Activities": {"2020-03-31": "-133.20000", "2019-03-31": "-6811.00000", "2018-03-31": "-1011.70000", "2017-03-31": "-2838.00000", "2016-03-31": "800.40000", "2015-03-31": "-678.31700", "2014-03-31": "-503.27900", "2013-03-31": "-949.94200", "2012-03-31": "-272.00200", "2011-03-31": "-187.85000", "2010-03-31": "-195.26200", "2009-03-31": "-19.82700", "2008-03-31": "55.65500", "2007-03-31": "-442.22400", "2006-03-31": "-136.60200", "2005-03-31": "-370.72900"}, "Net Long-Term Debt": {"2020-03-31": "-1069.90000", "2019-03-31": "5109.80000", "2018-03-31": "-74.20000", "2017-03-31": "964.00000", "2016-03-31": "589.50000", "2015-03-31": "401.72680", "2014-03-31": "29.54600", "2013-03-31": "620.00000", "2012-03-31": "", "2011-03-31": "", "2010-03-31": "", "2009-03-31": "", "2008-03-31": "1127.00000", "2007-03-31": "", "2006-03-31": "", "2005-03-31": ""}, "Net Current Debt": {"2020-03-31": "", "2019-03-31": "", "2018-03-31": "", "2017-03-31": "", "2016-03-31": "", "2015-03-31": "", "2014-03-31": "", "2013-03-31": "", "2012-03-31": "", "2011-03-31": "", "2010-03-31": "", "2009-03-31": "", "2008-03-31": "", "2007-03-31": "-268.95400", "2006-03-31": "223.50000", "2005-03-31": "45.45400"}, "Debt Issuance/Retirement Net - Total": {"2020-03-31": "-1069.90000", "2019-03-31": "5109.80000", "2018-03-31": "-74.20000", "2017-03-31": "964.00000", "2016-03-31": "589.50000", "2015-03-31": "401.72680", "2014-03-31": "29.54600", "2013-03-31": "620.00000", "2012-03-31": "", "2011-03-31": "", "2010-03-31": "", "2009-03-31": "", "2008-03-31": "1127.00000", "2007-03-31": "-268.95400", "2006-03-31": "223.50000", "2005-03-31": "45.45400"}, "Net Common Equity Issued/Repurchased": {"2020-03-31": "58.80000", "2019-03-31": "42.60000", "2018-03-31": "42.00000", "2017-03-31": "42.20000", "2016-03-31": "-335.10000", "2015-03-31": "34.43300", "2014-03-31": "60.08600", "2013-03-31": "51.36500", "2012-03-31": "57.45700", "2011-03-31": "71.94000", "2010-03-31": "36.47800", "2009-03-31": "-90.37400", "2008-03-31": "-1078.92800", "2007-03-31": "68.72300", "2006-03-31": "92.43100", "2005-03-31": "-21.04200"}, "Net Total Equity Issued/Repurchased": {"2020-03-31": "58.80000", "2019-03-31": "42.60000", "2018-03-31": "42.00000", "2017-03-31": "42.20000", "2016-03-31": "-335.10000", "2015-03-31": "34.43300", "2014-03-31": "60.08600", "2013-03-31": "51.36500", "2012-03-31": "57.45700", "2011-03-31": "71.94000", "2010-03-31": "36.47800", "2009-03-31": "-90.37400", "2008-03-31": "-1078.92800", "2007-03-31": "68.72300", "2006-03-31": "92.43100", "2005-03-31": "-21.04200"}, "Total Common And Preferred Stock Dividends Paid": {"2020-03-31": "-350.10000", "2019-03-31": "-344.40000", "2018-03-31": "-337.50000", "2017-03-31": "-315.40000", "2016-03-31": "-291.10000", "2015-03-31": "-286.47800", "2014-03-31": "-281.20400", "2013-03-31": "-273.82200", "2012-03-31": "-266.17800", "2011-03-31": "-256.81100", "2010-03-31": "-249.55600", "2009-03-31": "-246.65700", "2008-03-31": "-251.95900", "2007-03-31": "-207.89800", "2006-03-31": "-120.10900", "2005-03-31": "-42.99700"}, "Financial Activities - Other": {"2020-03-31": "-77.00000", "2019-03-31": "-144.50000", "2018-03-31": "-45.60000", "2017-03-31": "-95.30000", "2016-03-31": "-23.20000", "2015-03-31": "-51.13400", "2014-03-31": "-43.44400", "2013-03-31": "-15.37300", "2012-03-31": "0.57600", "2011-03-31": "1.85400", "2010-03-31": "2.09400", "2009-03-31": "6.79800", "2008-03-31": "21.18400", "2007-03-31": "22.78800", "2006-03-31": "", "2005-03-31": ""}, "Cash Flow From Financial Activities": {"2020-03-31": "-1438.20000", "2019-03-31": "4663.50000", "2018-03-31": "-415.30000", "2017-03-31": "595.50000", "2016-03-31": "-59.90000", "2015-03-31": "98.54800", "2014-03-31": "-235.01600", "2013-03-31": "382.17000", "2012-03-31": "-208.14500", "2011-03-31": "-183.01700", "2010-03-31": "-210.98400", "2009-03-31": "-330.23300", "2008-03-31": "-182.70300", "2007-03-31": "-385.34100", "2006-03-31": "195.82200", "2005-03-31": "-18.58500"}, "Net Cash Flow": {"2020-03-31": "-27.60000", "2019-03-31": "-472.70000", "2018-03-31": "-7.40000", "2017-03-31": "-1184.00000", "2016-03-31": "1484.90000", "2015-03-31": "141.21200", "2014-03-31": "-61.73100", "2013-03-31": "-107.42100", "2012-03-31": "-68.16900", "2011-03-31": "211.79400", "2010-03-31": "45.80100", "2009-03-31": "-41.40700", "2008-03-31": "320.25900", "2007-03-31": "-397.79600", "2006-03-31": "496.54300", "2005-03-31": "-36.60400"}, "Stock-Based Compensation": {"2020-03-31": "170.20000", "2019-03-31": "166.40000", "2018-03-31": "93.20000", "2017-03-31": "128.10000", "2016-03-31": "71.40000", "2015-03-31": "58.59600", "2014-03-31": "53.78700", "2013-03-31": "52.06900", "2012-03-31": "38.28900", "2011-03-31": "36.81200", "2010-03-31": "36.77800", "2009-03-31": "32.48100", "2008-03-31": "32.84600", "2007-03-31": "27.37900", "2006-03-31": "0.57800", "2005-03-31": ""}, "Common Stock Dividends Paid": {"2020-03-31": "-350.10000", "2019-03-31": "-344.40000", "2018-03-31": "-337.50000", "2017-03-31": "-315.40000", "2016-03-31": "-291.10000", "2015-03-31": "-286.47800", "2014-03-31": "-281.20400", "2013-03-31": "-273.82200", "2012-03-31": "-266.17800", "2011-03-31": "-256.81100", "2010-03-31": "-249.55600", "2009-03-31": "-246.65700", "2008-03-31": "-251.95900", "2007-03-31": "-207.89800", "2006-03-31": "-120.10900", "2005-03-31": "-42.99700"}}, "cash flow statement, quarterly": {"Net Income/Loss": {"2020-12-31": 36.2, "2020-09-30": 73.6, "2020-06-30": "123.60000", "2020-03-31": 99.9, "2019-12-31": 311.1, "2019-09-30": 108.9, "2019-06-30": "50.70000", "2019-03-31": 174.7, "2018-12-31": 49.2, "2018-09-30": 96.3, "2018-06-30": "35.70000", "2018-03-31": 146.7, "2017-12-31": -251, "2017-09-30": 189.1, "2017-06-30": "170.60000", "2017-03-31": 136.869, "2016-12-31": 107.175, "2016-09-30": 33.919, "2016-06-30": "-113.36300", "2016-03-31": 67.33, "2015-12-31": 61.211, "2015-09-30": 64.899, "2015-06-30": "130.46000", "2015-03-31": 98.58, "2014-12-31": 84.798, "2014-09-30": 92.038, "2014-06-30": "89.90900", "2014-03-31": 111.495, "2013-12-31": 105.401, "2013-09-30": 99.806, "2013-06-30": "78.57900", "2013-03-31": 59.69, "2012-12-31": 10.173, "2012-09-30": -21.184, "2012-06-30": "78.71000", "2012-03-31": 80.636, "2011-12-31": 77.489, "2011-09-30": 79.287, "2011-06-30": "99.29300", "2011-03-31": 125.528, "2010-12-31": 100.776, "2010-09-30": 103.08, "2010-06-30": "89.56600", "2010-03-31": 75.749, "2009-12-31": 69.403, "2009-09-30": 44.485, "2009-06-30": "27.36800", "2009-03-31": 21.964, "2008-12-31": 72.356, "2008-09-30": 75.72, "2008-06-30": "75.54700", "2008-03-31": 75.697, "2007-12-31": 80.124, "2007-09-30": 60.679, "2007-06-30": "80.29300", "2007-03-31": 127.708, "2006-12-31": 72.849, "2006-09-30": 79.488, "2006-06-30": "76.98400", "2006-03-31": 75.568, "2005-12-31": 40.124, "2005-09-30": 65.653, "2005-06-30": "61.02400", "2005-03-31": 213.785}, "Total Depreciation And Amortization - Cash Flow": {"2020-12-31": 305.5, "2020-09-30": 307.8, "2020-06-30": "322.90000", "2020-03-31": 346, "2019-12-31": 335, "2019-09-30": 332.2, "2019-06-30": "341.20000", "2019-03-31": 272.5, "2018-12-31": 277.4, "2018-09-30": 254.3, "2018-06-30": "203.10000", "2018-03-31": 185.4, "2017-12-31": 182.9, "2017-09-30": 180.8, "2017-06-30": "179.80000", "2017-03-31": 148.781, "2016-12-31": 128.531, "2016-09-30": 126.171, "2016-06-30": "126.31700", "2016-03-31": 90.483, "2015-12-31": 91.835, "2015-09-30": 86.381, "2015-06-30": "75.50100", "2015-03-31": 83.885, "2014-12-31": 78.843, "2014-09-30": 76.287, "2014-06-30": "66.48600", "2014-03-31": 51.402, "2013-12-31": 50.37, "2013-09-30": 53.195, "2013-06-30": "55.85500", "2013-03-31": 68.655, "2012-12-31": 76.46, "2012-09-30": 53.308, "2012-06-30": "27.27400", "2012-03-31": 41.964, "2011-12-31": 26.606, "2011-09-30": 27.098, "2011-06-30": "27.21100", "2011-03-31": 28.074, "2010-12-31": 28.977, "2010-09-30": 29.298, "2010-06-30": "27.14400", "2010-03-31": 23.831, "2009-12-31": 24.087, "2009-09-30": 24.391, "2009-06-30": "24.22100", "2009-03-31": 27.703, "2008-12-31": 24.221, "2008-09-30": 24.606, "2008-06-30": "23.95800", "2008-03-31": 23.667, "2007-12-31": 23.814, "2007-09-30": 25.893, "2007-06-30": "26.89800", "2007-03-31": 28.379, "2006-12-31": 29.582, "2006-09-30": 29.691, "2006-06-30": "28.51900", "2006-03-31": 27.576, "2005-12-31": 27.085, "2005-09-30": 27.914, "2005-06-30": "28.10700", "2005-03-31": 120.466}, "Other Non-Cash Items": {"2020-12-31": 158.5, "2020-09-30": 96.5, "2020-06-30": "19.20000", "2020-03-31": -44.4, "2019-12-31": -246.7, "2019-09-30": -48.8, "2019-06-30": "25.40000", "2019-03-31": 13.6, "2018-12-31": 83.5, "2018-09-30": -109.9, "2018-06-30": "139.70000", "2018-03-31": 22, "2017-12-31": 141, "2017-09-30": -2.1, "2017-06-30": "9.90000", "2017-03-31": -5.769, "2016-12-31": -2.553, "2016-09-30": -21.921, "2016-06-30": "100.34300", "2016-03-31": -33.025, "2015-12-31": 46.263, "2015-09-30": 5.189, "2015-06-30": "-20.22700", "2015-03-31": 8.908, "2014-12-31": 26.645, "2014-09-30": 12.298, "2014-06-30": "11.44000", "2014-03-31": -7.118, "2013-12-31": 22.687, "2013-09-30": 20.396, "2013-06-30": "19.60600", "2013-03-31": -0.653, "2012-12-31": 13.653, "2012-09-30": 2.772, "2012-06-30": "13.34400", "2012-03-31": 22.907, "2011-12-31": 9.109, "2011-09-30": 12.25, "2011-06-30": "16.34300", "2011-03-31": 18.652, "2010-12-31": 12.098, "2010-09-30": 13.782, "2010-06-30": "18.84200", "2010-03-31": 16.83, "2009-12-31": 19.22, "2009-09-30": 38.377, "2009-06-30": "68.25000", "2009-03-31": 26.231, "2008-12-31": -41.285, "2008-09-30": -4.33, "2008-06-30": "10.32000", "2008-03-31": 7.826, "2007-12-31": 13.104, "2007-09-30": 33.176, "2007-06-30": "4.58900", "2007-03-31": 28.902, "2006-12-31": -1.073, "2006-09-30": 9.989, "2006-06-30": "-1.70600", "2006-03-31": -7.841, "2005-12-31": 38.106, "2005-09-30": 6.262, "2005-06-30": "9.94600", "2005-03-31": 30.941}, "Total Non-Cash Items": {"2020-12-31": 464, "2020-09-30": 404.3, "2020-06-30": "342.10000", "2020-03-31": 301.6, "2019-12-31": 88.3, "2019-09-30": 283.4, "2019-06-30": "366.60000", "2019-03-31": 286.1, "2018-12-31": 360.9, "2018-09-30": 144.4, "2018-06-30": "342.80000", "2018-03-31": 207.4001, "2017-12-31": 323.8999, "2017-09-30": 178.7, "2017-06-30": "189.70000", "2017-03-31": 143.012, "2016-12-31": 125.978, "2016-09-30": 104.25, "2016-06-30": "226.66000", "2016-03-31": 57.458, "2015-12-31": 138.098, "2015-09-30": 91.57, "2015-06-30": "55.27400", "2015-03-31": 92.793, "2014-12-31": 105.488, "2014-09-30": 88.585, "2014-06-30": "77.92600", "2014-03-31": 44.284, "2013-12-31": 73.057, "2013-09-30": 73.591, "2013-06-30": "75.46100", "2013-03-31": 68.002, "2012-12-31": 90.113, "2012-09-30": 56.08, "2012-06-30": "40.61800", "2012-03-31": 64.871, "2011-12-31": 35.715, "2011-09-30": 39.348, "2011-06-30": "43.55400", "2011-03-31": 46.726, "2010-12-31": 41.075, "2010-09-30": 43.08, "2010-06-30": "45.98600", "2010-03-31": 40.661, "2009-12-31": 43.307, "2009-09-30": 62.768, "2009-06-30": "92.47100", "2009-03-31": 53.934, "2008-12-31": -17.064, "2008-09-30": 20.276, "2008-06-30": "34.27800", "2008-03-31": 31.493, "2007-12-31": 36.918, "2007-09-30": 59.069, "2007-06-30": "31.48700", "2007-03-31": 57.281, "2006-12-31": 28.509, "2006-09-30": 39.68, "2006-06-30": "26.81300", "2006-03-31": 19.735, "2005-12-31": 65.191, "2005-09-30": 34.176, "2005-06-30": "38.05300", "2005-03-31": 151.407}, "Change In Accounts Receivable": {"2020-12-31": 9.9, "2020-09-30": -9.4, "2020-06-30": "39.70000", "2020-03-31": -126.5, "2019-12-31": 41.1, "2019-09-30": 88.3, "2019-06-30": "-56.20000", "2019-03-31": 49.4, "2018-12-31": 124, "2018-09-30": 120.6, "2018-06-30": "-55.20000", "2018-03-31": -10.5, "2017-12-31": -7.8, "2017-09-30": -16.4, "2017-06-30": "-50.60000", "2017-03-31": -3.249, "2016-12-31": -18.119, "2016-09-30": -15.531, "2016-06-30": "-9.90100", "2016-03-31": -42.127, "2015-12-31": 34.857, "2015-09-30": 8.266, "2015-06-30": "-3.09600", "2015-03-31": -31.342, "2014-12-31": 44.878, "2014-09-30": 7.818, "2014-06-30": "-37.24700", "2014-03-31": -18.132, "2013-12-31": 6.317, "2013-09-30": 1.769, "2013-06-30": "-2.46200", "2013-03-31": -52.453, "2012-12-31": 52.955, "2012-09-30": 2.698, "2012-06-30": "-2.81400", "2012-03-31": -20.08, "2011-12-31": -6.868, "2011-09-30": 53.845, "2011-06-30": "-15.05200", "2011-03-31": 9.357, "2010-12-31": 15.487, "2010-09-30": -9.255, "2010-06-30": "-9.24800", "2010-03-31": -23.84, "2009-12-31": -7.112, "2009-09-30": -8.607, "2009-06-30": "-9.51900", "2009-03-31": -9.47, "2008-12-31": 42.871, "2008-09-30": 14.865, "2008-06-30": "2.56600", "2008-03-31": -23.923, "2007-12-31": 11.516, "2007-09-30": 1.408, "2007-06-30": "-2.76100", "2007-03-31": -4.474, "2006-12-31": 3.027, "2006-09-30": 14.084, "2006-06-30": "2.16500", "2006-03-31": -27.386, "2005-12-31": 8.525, "2005-09-30": 10.114, "2005-06-30": "-17.52600", "2005-03-31": -5.198}, "Change In Inventories": {"2020-12-31": -3.9, "2020-09-30": -3.5, "2020-06-30": "24.90000", "2020-03-31": 23.2, "2019-12-31": 25.8, "2019-09-30": 0.3, "2019-06-30": "-20.50000", "2019-03-31": -2.9, "2018-12-31": 83, "2018-09-30": 177.7, "2018-06-30": "83.80000", "2018-03-31": 11, "2017-12-31": -30.1, "2017-09-30": -30.2, "2017-06-30": "-9.90000", "2017-03-31": 3.026, "2016-12-31": 4.724, "2016-09-30": 94.848, "2016-06-30": "121.10200", "2016-03-31": 13.427, "2015-12-31": 39.37, "2015-09-30": 19.296, "2015-06-30": "-23.89300", "2015-03-31": -3.167, "2014-12-31": -3.368, "2014-09-30": 7.061, "2014-06-30": "24.99100", "2014-03-31": 12.088, "2013-12-31": 1.515, "2013-09-30": -18.146, "2013-06-30": "-13.95700", "2013-03-31": 18.721, "2012-12-31": 24.812, "2012-09-30": 22.018, "2012-06-30": "0.31600", "2012-03-31": 1.057, "2011-12-31": -6.223, "2011-09-30": -8.69, "2011-06-30": "-21.38400", "2011-03-31": -1.289, "2010-12-31": -10.744, "2010-09-30": -5.716, "2010-06-30": "-4.31900", "2010-03-31": -3.977, "2009-12-31": -3.834, "2009-09-30": 5.346, "2009-06-30": "17.70400", "2009-03-31": 6.856, "2008-12-31": -8.004, "2008-09-30": -1.425, "2008-06-30": "-1.53700", "2008-03-31": 0.542, "2007-12-31": -0.023, "2007-09-30": -0.712, "2007-06-30": "-2.70900", "2007-03-31": 0.759, "2006-12-31": -4.19, "2006-09-30": 0.719, "2006-06-30": "0.04900", "2006-03-31": -0.385, "2005-12-31": -4.413, "2005-09-30": -6.387, "2005-06-30": "-0.11100", "2005-03-31": -9.214}, "Change In Accounts Payable": {"2020-12-31": 0, "2020-09-30": 0, "2020-06-30": "", "2020-03-31": 0, "2019-12-31": 0, "2019-09-30": 0, "2019-06-30": "", "2019-03-31": 0, "2018-12-31": 0, "2018-09-30": 0, "2018-06-30": "", "2018-03-31": 0, "2017-12-31": 0, "2017-09-30": 0, "2017-06-30": "", "2017-03-31": 0, "2016-12-31": 0, "2016-09-30": 0, "2016-06-30": "", "2016-03-31": 0, "2015-12-31": 0, "2015-09-30": 0, "2015-06-30": "", "2015-03-31": 0, "2014-12-31": 0, "2014-09-30": 0, "2014-06-30": "", "2014-03-31": 0, "2013-12-31": 0, "2013-09-30": 0, "2013-06-30": "", "2013-03-31": 0, "2012-12-31": 0, "2012-09-30": 0, "2012-06-30": "", "2012-03-31": 0, "2011-12-31": 0, "2011-09-30": 0, "2011-06-30": "", "2011-03-31": 0, "2010-12-31": 0, "2010-09-30": 0, "2010-06-30": "", "2010-03-31": 0, "2009-12-31": 0, "2009-09-30": 0, "2009-06-30": "", "2009-03-31": 0, "2008-12-31": 0, "2008-09-30": 0, "2008-06-30": "", "2008-03-31": 0, "2007-12-31": 0, "2007-09-30": 0, "2007-06-30": "", "2007-03-31": 0, "2006-12-31": 0, "2006-09-30": 0, "2006-06-30": "", "2006-03-31": 0, "2005-12-31": 0, "2005-09-30": 0, "2005-06-30": "", "2005-03-31": 0}, "Change In Assets/Liabilities": {"2020-12-31": -41.9, "2020-09-30": 17.2, "2020-06-30": "1.40000", "2020-03-31": -9.2, "2019-12-31": -3, "2019-09-30": -15.3, "2019-06-30": "14.40000", "2019-03-31": -39.4, "2018-12-31": 40.3, "2018-09-30": 63.5, "2018-06-30": "-88.60000", "2018-03-31": -3.4, "2017-12-31": 27.6, "2017-09-30": 27.8, "2017-06-30": "3.00000", "2017-03-31": 43.053, "2016-12-31": 65.924, "2016-09-30": 8.654, "2016-06-30": "17.46900", "2016-03-31": 47.087, "2015-12-31": -50.068, "2015-09-30": 13.455, "2015-06-30": "6.62600", "2015-03-31": 16.637, "2014-12-31": -23.774, "2014-09-30": 7.946, "2014-06-30": "14.62400", "2014-03-31": 43.369, "2013-12-31": -18.126, "2013-09-30": 6.446, "2013-06-30": "25.84200", "2013-03-31": 16.298, "2012-12-31": -7.973, "2012-09-30": 36.124, "2012-06-30": "7.37500", "2012-03-31": -14.247, "2011-12-31": -27.276, "2011-09-30": 23.477, "2011-06-30": "-5.31900", "2011-03-31": -46.426, "2010-12-31": 14.69, "2010-09-30": 25.096, "2010-06-30": "9.84900", "2010-03-31": 4.452, "2009-12-31": -4.3, "2009-09-30": 5.704, "2009-06-30": "-5.76500", "2009-03-31": -22.548, "2008-12-31": -52.3, "2008-09-30": 14.382, "2008-06-30": "10.48300", "2008-03-31": -8.822, "2007-12-31": 12.586, "2007-09-30": -0.807, "2007-06-30": "-6.82800", "2007-03-31": -0.936, "2006-12-31": -7.382, "2006-09-30": -19.619, "2006-06-30": "12.23300", "2006-03-31": 14.102, "2005-12-31": -4.172, "2005-09-30": -5.9, "2005-06-30": "-0.71500", "2005-03-31": 0.752}, "Total Change In Assets/Liabilities": {"2020-12-31": 9.5, "2020-09-30": -22.1, "2020-06-30": "36.10000", "2020-03-31": -29.8, "2019-12-31": -3.9, "2019-09-30": 3.7, "2019-06-30": "-36.70000", "2019-03-31": -57.4, "2018-12-31": 71.4, "2018-09-30": 246.8, "2018-06-30": "-76.10000", "2018-03-31": 5.4, "2017-12-31": 292.1, "2017-09-30": -17.7, "2017-06-30": "-15.30000", "2017-03-31": 42.727, "2016-12-31": 57.649, "2016-09-30": 83.954, "2016-06-30": "110.67000", "2016-03-31": 77.721, "2015-12-31": 11.168, "2015-09-30": -6.583, "2015-06-30": "-4.20600", "2015-03-31": -12.863, "2014-12-31": -5.448, "2014-09-30": 11.423, "2014-06-30": "-2.04700", "2014-03-31": 47.562, "2013-12-31": -30.158, "2013-09-30": -15.846, "2013-06-30": "13.33200", "2013-03-31": 0.191, "2012-12-31": 38.925, "2012-09-30": 28.404, "2012-06-30": "9.64300", "2012-03-31": -27.527, "2011-12-31": -57.265, "2011-09-30": 36.119, "2011-06-30": "-59.54200", "2011-03-31": -19.717, "2010-12-31": -3.174, "2010-09-30": 11.969, "2010-06-30": "-2.23400", "2010-03-31": -8.382, "2009-12-31": -11.783, "2009-09-30": 20.772, "2009-06-30": "-4.77200", "2009-03-31": -31.813, "2008-12-31": -58.211, "2008-09-30": 48.398, "2008-06-30": "13.26800", "2008-03-31": -20.018, "2007-12-31": 15.056, "2007-09-30": -14.341, "2007-06-30": "10.85000", "2007-03-31": -93.331, "2006-12-31": -2.009, "2006-09-30": -4.404, "2006-06-30": "20.20100", "2006-03-31": 19.237, "2005-12-31": 14.492, "2005-09-30": 9.188, "2005-06-30": "-5.11800", "2005-03-31": -12.482}, "Cash Flow From Operating Activities": {"2020-12-31": 509.7, "2020-09-30": 455.8, "2020-06-30": "501.80000", "2020-03-31": 371.7, "2019-12-31": 395.5, "2019-09-30": 396, "2019-06-30": "380.60000", "2019-03-31": 403.4, "2018-12-31": 481.5, "2018-09-30": 487.5, "2018-06-30": "302.40000", "2018-03-31": 359.5, "2017-12-31": 365, "2017-09-30": 350.1, "2017-06-30": "345.00000", "2017-03-31": 322.608, "2016-12-31": 290.802, "2016-09-30": 222.123, "2016-06-30": "223.96700", "2016-03-31": 202.509, "2015-12-31": 210.477, "2015-09-30": 149.886, "2015-06-30": "181.52800", "2015-03-31": 178.51, "2014-12-31": 184.838, "2014-09-30": 192.046, "2014-06-30": "165.78800", "2014-03-31": 203.341, "2013-12-31": 148.3, "2013-09-30": 157.551, "2013-06-30": "167.37200", "2013-03-31": 127.883, "2012-12-31": 139.211, "2012-09-30": 63.3, "2012-06-30": "128.97100", "2012-03-31": 117.98, "2011-12-31": 55.939, "2011-09-30": 154.754, "2011-06-30": "83.30500", "2011-03-31": 152.537, "2010-12-31": 138.677, "2010-09-30": 158.129, "2010-06-30": "133.31800", "2010-03-31": 108.028, "2009-12-31": 100.927, "2009-09-30": 128.025, "2009-06-30": "115.06700", "2009-03-31": 44.085, "2008-12-31": -2.919, "2008-09-30": 144.394, "2008-06-30": "123.09300", "2008-03-31": 87.172, "2007-12-31": 132.098, "2007-09-30": 105.407, "2007-06-30": "122.63000", "2007-03-31": 71.944, "2006-12-31": 107.09, "2006-09-30": 120.932, "2006-06-30": "129.80300", "2006-03-31": 114.264, "2005-12-31": 119.998, "2005-09-30": 109.064, "2005-06-30": "93.99700", "2005-03-31": 352.71}, "Net Change In Property, Plant, And Equipment": {"2020-12-31": -21.4, "2020-09-30": -6.1, "2020-06-30": "-9.50000", "2020-03-31": -9.2, "2019-12-31": -14.1, "2019-09-30": -17.2, "2019-06-30": "-23.90000", "2019-03-31": -40.1, "2018-12-31": -27.2, "2018-09-30": -72, "2018-06-30": "-89.40000", "2018-03-31": -58.4, "2017-12-31": -56.1, "2017-09-30": -59.8, "2017-06-30": "-22.20000", "2017-03-31": 0.038, "2016-12-31": -485.907, "2016-09-30": 452.063, "2016-06-30": "-18.49400", "2016-03-31": -16.473, "2015-12-31": -3.573, "2015-09-30": -29.943, "2015-06-30": "-33.61100", "2015-03-31": -29.458, "2014-12-31": -36.642, "2014-09-30": -38.735, "2014-06-30": "-44.63700", "2014-03-31": -33.501, "2013-12-31": -24.33, "2013-09-30": -27.449, "2013-06-30": "-11.55700", "2013-03-31": -14.436, "2012-12-31": -9.864, "2012-09-30": -15.908, "2012-06-30": "-10.30400", "2012-03-31": -3.377, "2011-12-31": -6.133, "2011-09-30": -25.23, "2011-06-30": "-27.21900", "2011-03-31": -24.34, "2010-12-31": -34.177, "2010-09-30": -31.834, "2010-06-30": "-34.10300", "2010-03-31": -19.188, "2009-12-31": -18.683, "2009-09-30": -5.977, "2009-06-30": "-3.75600", "2009-03-31": -10.549, "2008-12-31": -23.805, "2008-09-30": -46.269, "2008-06-30": "-21.74700", "2008-03-31": -20.774, "2007-12-31": -11.808, "2007-09-30": -11.775, "2007-06-30": "-25.47000", "2007-03-31": -8.623, "2006-12-31": -15.502, "2006-09-30": -19.269, "2006-06-30": "-16.64500", "2006-03-31": -33.477, "2005-12-31": -17.651, "2005-09-30": -10.372, "2005-06-30": "-14.79400", "2005-03-31": -63.211}, "Net Change In Intangible Assets": {"2020-12-31": 0, "2020-09-30": 0, "2020-06-30": "", "2020-03-31": 0, "2019-12-31": 0, "2019-09-30": 0, "2019-06-30": "", "2019-03-31": 0, "2018-12-31": 0, "2018-09-30": 0, "2018-06-30": "", "2018-03-31": 0, "2017-12-31": 0, "2017-09-30": 0, "2017-06-30": "", "2017-03-31": 0, "2016-12-31": 0, "2016-09-30": 0, "2016-06-30": "", "2016-03-31": 0, "2015-12-31": 0, "2015-09-30": 0, "2015-06-30": "", "2015-03-31": 0, "2014-12-31": 0, "2014-09-30": 0, "2014-06-30": "", "2014-03-31": 0, "2013-12-31": 0, "2013-09-30": 0, "2013-06-30": "", "2013-03-31": 0, "2012-12-31": 0, "2012-09-30": 0, "2012-06-30": "", "2012-03-31": 0, "2011-12-31": 0, "2011-09-30": 0, "2011-06-30": "", "2011-03-31": 0, "2010-12-31": 0, "2010-09-30": 0, "2010-06-30": "", "2010-03-31": 0, "2009-12-31": 0, "2009-09-30": 0, "2009-06-30": "", "2009-03-31": 0, "2008-12-31": 0, "2008-09-30": 0, "2008-06-30": "", "2008-03-31": 0, "2007-12-31": 0, "2007-09-30": 0, "2007-06-30": "", "2007-03-31": 0, "2006-12-31": 0, "2006-09-30": 0, "2006-06-30": "", "2006-03-31": 0, "2005-12-31": 0, "2005-09-30": 0, "2005-06-30": "", "2005-03-31": 0}, "Net Acquisitions/Divestitures": {"2020-12-31": 0, "2020-09-30": 0, "2020-06-30": "", "2020-03-31": 0, "2019-12-31": 0, "2019-09-30": 0, "2019-06-30": "", "2019-03-31": 0, "2018-12-31": 0, "2018-09-30": 0.6, "2018-06-30": "-7851.20000", "2018-03-31": 0, "2017-12-31": 0, "2017-09-30": 0, "2017-06-30": "", "2017-03-31": -23.053, "2016-12-31": 23.069, "2016-09-30": 0, "2016-06-30": "-2747.51600", "2016-03-31": 0.028, "2015-12-31": 0, "2015-09-30": -343.928, "2015-06-30": "", "2015-03-31": 0, "2014-12-31": 0, "2014-09-30": -252.469, "2014-06-30": "-375.36500", "2014-03-31": 0, "2013-12-31": -9.013, "2013-09-30": 0, "2013-06-30": "-2.17400", "2013-03-31": 0, "2012-12-31": 0, "2012-09-30": -731.746, "2012-06-30": "-20.55600", "2012-03-31": -38.58, "2011-12-31": 0, "2011-09-30": 0, "2011-06-30": "", "2011-03-31": -13.02, "2010-12-31": 0, "2010-09-30": 0, "2010-06-30": "-112.70700", "2010-03-31": 0, "2009-12-31": 0, "2009-09-30": 0, "2009-06-30": "", "2009-03-31": 0, "2008-12-31": 0, "2008-09-30": 0, "2008-06-30": "", "2008-03-31": 0, "2007-12-31": 27.523, "2007-09-30": 0, "2007-06-30": "", "2007-03-31": 0, "2006-12-31": 0, "2006-09-30": 0, "2006-06-30": "", "2006-03-31": 0, "2005-12-31": 0, "2005-09-30": 0, "2005-06-30": "", "2005-03-31": 0}, "Net Change In Short-term Investments": {"2020-12-31": 0, "2020-09-30": 0, "2020-06-30": "", "2020-03-31": 0, "2019-12-31": 0, "2019-09-30": 0, "2019-06-30": "", "2019-03-31": -1284.6, "2018-12-31": -167.9, "2018-09-30": 1385.8, "2018-06-30": "66.70000", "2018-03-31": 0, "2017-12-31": -363, "2017-09-30": 363, "2017-06-30": "", "2017-03-31": -465.103, "2016-12-31": -34.797, "2016-09-30": 0, "2016-06-30": "", "2016-03-31": 0, "2015-12-31": 0, "2015-09-30": 0, "2015-06-30": "", "2015-03-31": 0, "2014-12-31": 0, "2014-09-30": 0, "2014-06-30": "", "2014-03-31": 0, "2013-12-31": 0, "2013-09-30": 0, "2013-06-30": "", "2013-03-31": 0, "2012-12-31": 0, "2012-09-30": 0, "2012-06-30": "", "2012-03-31": 0, "2011-12-31": 0, "2011-09-30": 0, "2011-06-30": "", "2011-03-31": 1055.286, "2010-12-31": 0, "2010-09-30": -82.691, "2010-06-30": "82.69100", "2010-03-31": -1083.146, "2009-12-31": 1102.506, "2009-09-30": -101.048, "2009-06-30": "81.68800", "2009-03-31": -17.413, "2008-12-31": 179.377, "2008-09-30": -327.099, "2008-06-30": "165.13500", "2008-03-31": -296.4641, "2007-12-31": -673.8109, "2007-09-30": 504.915, "2007-06-30": "465.36000", "2007-03-31": 0, "2006-12-31": 0, "2006-09-30": 0, "2006-06-30": "", "2006-03-31": 0, "2005-12-31": 0, "2005-09-30": 2.709, "2005-06-30": "-2.70900", "2005-03-31": 0}, "Net Change In Long-Term Investments": {"2020-12-31": -30.1, "2020-09-30": -35.4, "2020-06-30": "-7.60000", "2020-03-31": -26.3, "2019-12-31": -28.9, "2019-09-30": -11, "2019-06-30": "-2.60000", "2019-03-31": 1281.1, "2018-12-31": 163.8, "2018-09-30": -1383.9, "2018-06-30": "1207.30000", "2018-03-31": 8.3, "2017-12-31": 59.7, "2017-09-30": -503.8, "2017-06-30": "-379.40000", "2017-03-31": 0.614, "2016-12-31": 463.525, "2016-09-30": -472.668, "2016-06-30": "470.22900", "2016-03-31": 1598.571, "2015-12-31": -36.039, "2015-09-30": -180.478, "2015-06-30": "-136.15400", "2015-03-31": 37.0589, "2014-12-31": -98.755, "2014-09-30": 45.206, "2014-06-30": "147.57400", "2014-03-31": -21.419, "2013-12-31": -25.926, "2013-09-30": -149.507, "2013-06-30": "-198.40300", "2013-03-31": -4.0889, "2012-12-31": -48.3221, "2012-09-30": -203.417, "2012-06-30": "108.70000", "2012-03-31": 4.296, "2011-12-31": -67.343, "2011-09-30": -47.032, "2011-06-30": "-61.38400", "2011-03-31": -989.468, "2010-12-31": 69.395, "2010-09-30": -104.408, "2010-06-30": "-0.14200", "2010-03-31": 1170.1631, "2009-12-31": -1313.028, "2009-09-30": -3.991, "2009-06-30": "-0.90200", "2009-03-31": 97.4, "2008-12-31": -14.427, "2008-09-30": 3.141, "2008-06-30": "-3.73700", "2008-03-31": 100.951, "2007-12-31": 926.6141, "2007-09-30": -399.6421, "2007-06-30": "-531.68900", "2007-03-31": 3.19, "2006-12-31": 21.7561, "2006-09-30": -19.3561, "2006-06-30": "-389.52100", "2006-03-31": 111.259, "2005-12-31": -45.17, "2005-09-30": -126.738, "2005-06-30": "-1.00000", "2005-03-31": -309.1771}, "Net Change In Investments - Total": {"2020-12-31": -30.1, "2020-09-30": -35.4, "2020-06-30": "-7.60000", "2020-03-31": -26.3, "2019-12-31": -28.9, "2019-09-30": -11, "2019-06-30": "-2.60000", "2019-03-31": -3.5, "2018-12-31": -4.1, "2018-09-30": 1.9, "2018-06-30": "1274.00000", "2018-03-31": 8.3, "2017-12-31": -303.3, "2017-09-30": -140.8, "2017-06-30": "-379.40000", "2017-03-31": -464.489, "2016-12-31": 428.728, "2016-09-30": -472.668, "2016-06-30": "470.22900", "2016-03-31": 1598.571, "2015-12-31": -36.039, "2015-09-30": -180.478, "2015-06-30": "-136.15400", "2015-03-31": 37.0589, "2014-12-31": -98.755, "2014-09-30": 45.206, "2014-06-30": "147.57400", "2014-03-31": -21.419, "2013-12-31": -25.926, "2013-09-30": -149.507, "2013-06-30": "-198.40300", "2013-03-31": -4.0889, "2012-12-31": -48.3221, "2012-09-30": -203.417, "2012-06-30": "108.70000", "2012-03-31": 4.296, "2011-12-31": -67.343, "2011-09-30": -47.032, "2011-06-30": "-61.38400", "2011-03-31": 65.818, "2010-12-31": 69.395, "2010-09-30": -187.099, "2010-06-30": "82.54900", "2010-03-31": 87.0171, "2009-12-31": -210.522, "2009-09-30": -105.039, "2009-06-30": "80.78600", "2009-03-31": 79.987, "2008-12-31": 164.95, "2008-09-30": -323.958, "2008-06-30": "161.39800", "2008-03-31": -195.513, "2007-12-31": 252.803, "2007-09-30": 105.273, "2007-06-30": "-66.32900", "2007-03-31": 3.19, "2006-12-31": 21.7561, "2006-09-30": -19.3561, "2006-06-30": "-389.52100", "2006-03-31": 111.259, "2005-12-31": -45.17, "2005-09-30": -124.029, "2005-06-30": "-3.70900", "2005-03-31": -309.1771}, "Investing Activities - Other": {"2020-12-31": 0, "2020-09-30": -0.2, "2020-06-30": "0.20000", "2020-03-31": 0, "2019-12-31": 0, "2019-09-30": -0.2, "2019-06-30": "0.20000", "2019-03-31": 0, "2018-12-31": -0.1, "2018-09-30": 0, "2018-06-30": "0.10000", "2018-03-31": 0, "2017-12-31": -10.2, "2017-09-30": 0, "2017-06-30": "10.20000", "2017-03-31": 0, "2016-12-31": -0.066, "2016-09-30": 0.014, "2016-06-30": "0.05200", "2016-03-31": 0.051, "2015-12-31": -14.296, "2015-09-30": 13.669, "2015-06-30": "-17.42400", "2015-03-31": -9.161, "2014-12-31": -21.169, "2014-09-30": -1.765, "2014-06-30": "", "2014-03-31": 0, "2013-12-31": 0, "2013-09-30": 0, "2013-06-30": "", "2013-03-31": -0.306, "2012-12-31": 0.24, "2012-09-30": 0.016, "2012-06-30": "0.05000", "2012-03-31": -0.212, "2011-12-31": 0.164, "2011-09-30": 0.048, "2011-06-30": "", "2011-03-31": 1.109, "2010-12-31": 2.129, "2010-09-30": 10, "2010-06-30": "18.43000", "2010-03-31": 0, "2009-12-31": 0.1, "2009-09-30": 0, "2009-06-30": "", "2009-03-31": 0.01, "2008-12-31": 0.012, "2008-09-30": 0.035, "2008-06-30": "0.10900", "2008-03-31": 0.55, "2007-12-31": 0.175, "2007-09-30": 0.55, "2007-06-30": "0.45000", "2007-03-31": 0, "2006-12-31": 0, "2006-09-30": 1.073, "2006-06-30": "0.67300", "2006-03-31": 0.522, "2005-12-31": 0.275, "2005-09-30": 0.3, "2005-06-30": "0.24400", "2005-03-31": 1.659}, "Cash Flow From Investing Activities": {"2020-12-31": -51.5, "2020-09-30": -41.7, "2020-06-30": "-16.90000", "2020-03-31": -35.5, "2019-12-31": -43, "2019-09-30": -28.4, "2019-06-30": "-26.30000", "2019-03-31": -43.6, "2018-12-31": -31.4, "2018-09-30": -69.5, "2018-06-30": "-6666.50000", "2018-03-31": -50.1, "2017-12-31": -369.6, "2017-09-30": -200.6, "2017-06-30": "-391.40000", "2017-03-31": -487.504, "2016-12-31": -34.176, "2016-09-30": -20.591, "2016-06-30": "-2295.72900", "2016-03-31": 1582.177, "2015-12-31": -53.908, "2015-09-30": -540.68, "2015-06-30": "-187.18900", "2015-03-31": -1.56, "2014-12-31": -156.566, "2014-09-30": -247.763, "2014-06-30": "-272.42800", "2014-03-31": -54.92, "2013-12-31": -59.269, "2013-09-30": -176.956, "2013-06-30": "-212.13400", "2013-03-31": -18.831, "2012-12-31": -57.946, "2012-09-30": -951.055, "2012-06-30": "77.89000", "2012-03-31": -37.873, "2011-12-31": -73.312, "2011-09-30": -72.214, "2011-06-30": "-88.60300", "2011-03-31": 29.567, "2010-12-31": 37.347, "2010-09-30": -208.933, "2010-06-30": "-45.83100", "2010-03-31": 67.829, "2009-12-31": -229.105, "2009-09-30": -111.016, "2009-06-30": "77.03000", "2009-03-31": 69.448, "2008-12-31": 141.157, "2008-09-30": -370.192, "2008-06-30": "139.76000", "2008-03-31": -215.737, "2007-12-31": 268.693, "2007-09-30": 94.048, "2007-06-30": "-91.34900", "2007-03-31": -5.433, "2006-12-31": 6.254, "2006-09-30": -37.552, "2006-06-30": "-405.49300", "2006-03-31": 78.304, "2005-12-31": -62.546, "2005-09-30": -134.101, "2005-06-30": "-18.25900", "2005-03-31": -370.729}, "Net Long-Term Debt": {"2020-12-31": -302.0001, "2020-09-30": -331.3, "2020-06-30": "-412.09990", "2020-03-31": -239.3, "2019-12-31": -257.2, "2019-09-30": -315.7, "2019-06-30": "-257.70000", "2019-03-31": -564.7, "2018-12-31": -90.7, "2018-09-30": -501.3, "2018-06-30": "6266.50000", "2018-03-31": -0.2, "2017-12-31": -58.4, "2017-09-30": -15.4, "2017-06-30": "-0.20000", "2017-03-31": 526.087, "2016-12-31": 4.804, "2016-09-30": -244.696, "2016-06-30": "677.80500", "2016-03-31": -527.496, "2015-12-31": 282.83, "2015-09-30": 944.332, "2015-06-30": "-110.16600", "2015-03-31": 70.9268, "2014-12-31": 15.473, "2014-09-30": -14.525, "2014-06-30": "329.85200", "2014-03-31": -0.141, "2013-12-31": -640.135, "2013-09-30": 679.866, "2013-06-30": "-10.04400", "2013-03-31": 10, "2012-12-31": 10, "2012-09-30": 600, "2012-06-30": "", "2012-03-31": 0, "2011-12-31": 0, "2011-09-30": 0, "2011-06-30": "", "2011-03-31": 0, "2010-12-31": 0, "2010-09-30": 0, "2010-06-30": "", "2010-03-31": 0, "2009-12-31": 0, "2009-09-30": 0, "2009-06-30": "", "2009-03-31": 0, "2008-12-31": 0, "2008-09-30": 0, "2008-06-30": "", "2008-03-31": 0, "2007-12-31": 1127, "2007-09-30": 0, "2007-06-30": "", "2007-03-31": 0, "2006-12-31": 0, "2006-09-30": 0, "2006-06-30": "", "2006-03-31": 0, "2005-12-31": 0, "2005-09-30": 0, "2005-06-30": "", "2005-03-31": 0}, "Net Current Debt": {"2020-12-31": 0, "2020-09-30": 0, "2020-06-30": "", "2020-03-31": 0, "2019-12-31": 0, "2019-09-30": 0, "2019-06-30": "", "2019-03-31": 287, "2018-12-31": -287, "2018-09-30": 0, "2018-06-30": "", "2018-03-31": 0, "2017-12-31": 0, "2017-09-30": 0, "2017-06-30": "", "2017-03-31": 0, "2016-12-31": 0, "2016-09-30": 0, "2016-06-30": "", "2016-03-31": 571, "2015-12-31": -571, "2015-09-30": -145, "2015-06-30": "145.00000", "2015-03-31": 0, "2014-12-31": 0, "2014-09-30": 0, "2014-06-30": "", "2014-03-31": 0, "2013-12-31": 650, "2013-09-30": -650, "2013-06-30": "", "2013-03-31": 0, "2012-12-31": 0, "2012-09-30": 0, "2012-06-30": "", "2012-03-31": 0, "2011-12-31": 0, "2011-09-30": 0, "2011-06-30": "", "2011-03-31": 0, "2010-12-31": 0, "2010-09-30": 0, "2010-06-30": "", "2010-03-31": 0, "2009-12-31": 0, "2009-09-30": 0, "2009-06-30": "", "2009-03-31": 0, "2008-12-31": 0, "2008-09-30": 0, "2008-06-30": "", "2008-03-31": 0, "2007-12-31": 0, "2007-09-30": 0, "2007-06-30": "", "2007-03-31": -29.5, "2006-12-31": -51.3, "2006-09-30": -56.7, "2006-06-30": "-131.45400", "2006-03-31": 223.5, "2005-12-31": 0, "2005-09-30": 0, "2005-06-30": "", "2005-03-31": 45.454}, "Debt Issuance/Retirement Net - Total": {"2020-12-31": -302.0001, "2020-09-30": -331.3, "2020-06-30": "-412.09990", "2020-03-31": -239.3, "2019-12-31": -257.2, "2019-09-30": -315.7, "2019-06-30": "-257.70000", "2019-03-31": -277.7, "2018-12-31": -377.7, "2018-09-30": -501.3, "2018-06-30": "6266.50000", "2018-03-31": -0.2, "2017-12-31": -58.4, "2017-09-30": -15.4, "2017-06-30": "-0.20000", "2017-03-31": 526.087, "2016-12-31": 4.804, "2016-09-30": -244.696, "2016-06-30": "677.80500", "2016-03-31": 43.504, "2015-12-31": -288.17, "2015-09-30": 799.332, "2015-06-30": "34.83400", "2015-03-31": 70.9268, "2014-12-31": 15.473, "2014-09-30": -14.525, "2014-06-30": "329.85200", "2014-03-31": -0.141, "2013-12-31": 9.865, "2013-09-30": 29.866, "2013-06-30": "-10.04400", "2013-03-31": 10, "2012-12-31": 10, "2012-09-30": 600, "2012-06-30": "", "2012-03-31": 0, "2011-12-31": 0, "2011-09-30": 0, "2011-06-30": "", "2011-03-31": 0, "2010-12-31": 0, "2010-09-30": 0, "2010-06-30": "", "2010-03-31": 0, "2009-12-31": 0, "2009-09-30": 0, "2009-06-30": "", "2009-03-31": 0, "2008-12-31": 0, "2008-09-30": 0, "2008-06-30": "", "2008-03-31": 0, "2007-12-31": 1127, "2007-09-30": 0, "2007-06-30": "", "2007-03-31": -29.5, "2006-12-31": -51.3, "2006-09-30": -56.7, "2006-06-30": "-131.45400", "2006-03-31": 223.5, "2005-12-31": 0, "2005-09-30": 0, "2005-06-30": "", "2005-03-31": 45.454}, "Net Common Equity Issued/Repurchased": {"2020-12-31": 10.6, "2020-09-30": 18.6, "2020-06-30": "11.00000", "2020-03-31": 20, "2019-12-31": 11.3, "2019-09-30": 20.2, "2019-06-30": "7.30000", "2019-03-31": 15.7, "2018-12-31": 6.6, "2018-09-30": 13.9, "2018-06-30": "6.40000", "2018-03-31": 15.4, "2017-12-31": 7, "2017-09-30": 15.1, "2017-06-30": "4.50000", "2017-03-31": 13.307, "2016-12-31": 3.441, "2016-09-30": 20.822, "2016-06-30": "4.63000", "2016-03-31": 10.813, "2015-12-31": 4.396, "2015-09-30": -353.806, "2015-06-30": "3.49700", "2015-03-31": 13.604, "2014-12-31": 6.794, "2014-09-30": 9.91, "2014-06-30": "4.12500", "2014-03-31": 17.569, "2013-12-31": 9.629, "2013-09-30": 20.274, "2013-06-30": "12.61400", "2013-03-31": 28.746, "2012-12-31": 6.301, "2012-09-30": 11.357, "2012-06-30": "4.96100", "2012-03-31": 17.047, "2011-12-31": 14.743, "2011-09-30": 7.395, "2011-06-30": "18.27200", "2011-03-31": 20.593, "2010-12-31": 29.078, "2010-09-30": 14.959, "2010-06-30": "7.31000", "2010-03-31": 17.9, "2009-12-31": 9.603, "2009-09-30": 8.431, "2009-06-30": "0.54400", "2009-03-31": 7.079, "2008-12-31": 1.01, "2008-09-30": -89.248, "2008-06-30": "-9.21500", "2008-03-31": -158.71, "2007-12-31": -807.707, "2007-09-30": -134.201, "2007-06-30": "21.69000", "2007-03-31": 26.421, "2006-12-31": 9.219, "2006-09-30": 15.606, "2006-06-30": "17.47700", "2006-03-31": 32.25, "2005-12-31": 23.565, "2005-09-30": 19.917, "2005-06-30": "16.69900", "2005-03-31": -21.042}, "Net Total Equity Issued/Repurchased": {"2020-12-31": 10.6, "2020-09-30": 18.6, "2020-06-30": "11.00000", "2020-03-31": 20, "2019-12-31": 11.3, "2019-09-30": 20.2, "2019-06-30": "7.30000", "2019-03-31": 15.7, "2018-12-31": 6.6, "2018-09-30": 13.9, "2018-06-30": "6.40000", "2018-03-31": 15.4, "2017-12-31": 7, "2017-09-30": 15.1, "2017-06-30": "4.50000", "2017-03-31": 13.307, "2016-12-31": 3.441, "2016-09-30": 20.822, "2016-06-30": "4.63000", "2016-03-31": 10.813, "2015-12-31": 4.396, "2015-09-30": -353.806, "2015-06-30": "3.49700", "2015-03-31": 13.604, "2014-12-31": 6.794, "2014-09-30": 9.91, "2014-06-30": "4.12500", "2014-03-31": 17.569, "2013-12-31": 9.629, "2013-09-30": 20.274, "2013-06-30": "12.61400", "2013-03-31": 28.746, "2012-12-31": 6.301, "2012-09-30": 11.357, "2012-06-30": "4.96100", "2012-03-31": 17.047, "2011-12-31": 14.743, "2011-09-30": 7.395, "2011-06-30": "18.27200", "2011-03-31": 20.593, "2010-12-31": 29.078, "2010-09-30": 14.959, "2010-06-30": "7.31000", "2010-03-31": 17.9, "2009-12-31": 9.603, "2009-09-30": 8.431, "2009-06-30": "0.54400", "2009-03-31": 7.079, "2008-12-31": 1.01, "2008-09-30": -89.248, "2008-06-30": "-9.21500", "2008-03-31": -158.71, "2007-12-31": -807.707, "2007-09-30": -134.201, "2007-06-30": "21.69000", "2007-03-31": 26.421, "2006-12-31": 9.219, "2006-09-30": 15.606, "2006-06-30": "17.47700", "2006-03-31": 32.25, "2005-12-31": 23.565, "2005-09-30": 19.917, "2005-06-30": "16.69900", "2005-03-31": -21.042}, "Total Common And Preferred Stock Dividends Paid": {"2020-12-31": -96, "2020-09-30": -95.3, "2020-06-30": "-90.40000", "2020-03-31": -88, "2019-12-31": -87.7, "2019-09-30": -87.3, "2019-06-30": "-87.10000", "2019-03-31": -86.6, "2018-12-31": -86.4, "2018-09-30": -85.9, "2018-06-30": "-85.50000", "2018-03-31": -85.1, "2017-12-31": -85, "2017-09-30": -84.5, "2017-06-30": "-82.90000", "2017-03-31": -82.553, "2016-12-31": -77.97, "2016-09-30": -77.64, "2016-06-30": "-77.23700", "2016-03-31": -73.161, "2015-12-31": -72.923, "2015-09-30": -72.685, "2015-06-30": "-72.33100", "2015-03-31": -72.047, "2014-12-31": -71.787, "2014-09-30": -71.442, "2014-06-30": "-71.20200", "2014-03-31": -70.882, "2013-12-31": -70.554, "2013-09-30": -70.086, "2013-06-30": "-69.68200", "2013-03-31": -69.23, "2012-12-31": -68.697, "2012-09-30": -68.146, "2012-06-30": "-67.74900", "2012-03-31": -67.259, "2011-12-31": -66.813, "2011-09-30": -66.206, "2011-06-30": "-65.90000", "2011-03-31": -0.003, "2010-12-31": -129.447, "2010-09-30": -63.908, "2010-06-30": "-63.45300", "2010-03-31": -62.962, "2009-12-31": -62.52, "2009-09-30": -62.083, "2009-06-30": "-61.99100", "2009-03-31": -61.822, "2008-12-31": -61.69, "2008-09-30": -62.168, "2008-06-30": "-60.97700", "2008-03-31": -60.367, "2007-12-31": -66.378, "2007-09-30": -64.095, "2007-06-30": "-61.11900", "2007-03-31": -57.372, "2006-12-31": -53.953, "2006-09-30": -50.509, "2006-06-30": "-46.06400", "2006-03-31": -40.497, "2005-12-31": -33.645, "2005-09-30": -26.172, "2005-06-30": "-19.79500", "2005-03-31": -42.997}, "Financial Activities - Other": {"2020-12-31": -68.4, "2020-09-30": -16, "2020-06-30": "-16.20000", "2020-03-31": -25, "2019-12-31": -23.6, "2019-09-30": -17, "2019-06-30": "-11.40000", "2019-03-31": -14.8, "2018-12-31": -20.1, "2018-09-30": -20.2, "2018-06-30": "-89.40000", "2018-03-31": -10.3, "2017-12-31": -13.3, "2017-09-30": -11.3, "2017-06-30": "-10.70000", "2017-03-31": -47.139, "2016-12-31": -12.318, "2016-09-30": -10.66, "2016-06-30": "-25.18300", "2016-03-31": -4.578, "2015-12-31": -7.499, "2015-09-30": -6.516, "2015-06-30": "-4.60700", "2015-03-31": -37.958, "2014-12-31": -3.852, "2014-09-30": -4.356, "2014-06-30": "-4.96800", "2014-03-31": -3.464, "2013-12-31": -7.073, "2013-09-30": -19.678, "2013-06-30": "-13.22900", "2013-03-31": -15.527, "2012-12-31": 0.042, "2012-09-30": 0.092, "2012-06-30": "0.02000", "2012-03-31": 0.135, "2011-12-31": 0.039, "2011-09-30": 0.017, "2011-06-30": "0.38500", "2011-03-31": 0.614, "2010-12-31": 1.24, "2010-09-30": 0, "2010-06-30": "", "2010-03-31": 0.044, "2009-12-31": 1.341, "2009-09-30": 0.709, "2009-06-30": "", "2009-03-31": -3.655, "2008-12-31": 1.898, "2008-09-30": 3.377, "2008-06-30": "5.17800", "2008-03-31": 4.373, "2007-12-31": 3.074, "2007-09-30": 5.063, "2007-06-30": "8.67400", "2007-03-31": 8.14, "2006-12-31": 3.398, "2006-09-30": 4.136, "2006-06-30": "7.11400", "2006-03-31": 0, "2005-12-31": 0, "2005-09-30": 0, "2005-06-30": "", "2005-03-31": 0}, "Cash Flow From Financial Activities": {"2020-12-31": -455.8, "2020-09-30": -424, "2020-06-30": "-507.70000", "2020-03-31": -332.3, "2019-12-31": -357.2, "2019-09-30": -399.8, "2019-06-30": "-348.90000", "2019-03-31": -363.4, "2018-12-31": -477.6, "2018-09-30": -593.5, "2018-06-30": "6098.00000", "2018-03-31": -80.2, "2017-12-31": -149.7, "2017-09-30": -96.1, "2017-06-30": "-89.30000", "2017-03-31": 409.702, "2016-12-31": -82.043, "2016-09-30": -312.174, "2016-06-30": "580.01500", "2016-03-31": -23.422, "2015-12-31": -364.196, "2015-09-30": 366.325, "2015-06-30": "-38.60700", "2015-03-31": -25.474, "2014-12-31": -53.372, "2014-09-30": -80.413, "2014-06-30": "257.80700", "2014-03-31": -56.918, "2013-12-31": -58.133, "2013-09-30": -39.624, "2013-06-30": "-80.34100", "2013-03-31": -46.011, "2012-12-31": -52.354, "2012-09-30": 543.303, "2012-06-30": "-62.76800", "2012-03-31": -50.077, "2011-12-31": -52.031, "2011-09-30": -58.794, "2011-06-30": "-47.24300", "2011-03-31": 21.204, "2010-12-31": -99.129, "2010-09-30": -48.949, "2010-06-30": "-56.14300", "2010-03-31": -45.018, "2009-12-31": -51.576, "2009-09-30": -52.943, "2009-06-30": "-61.44700", "2009-03-31": -58.398, "2008-12-31": -58.782, "2008-09-30": -148.039, "2008-06-30": "-65.01400", "2008-03-31": -214.704, "2007-12-31": 255.989, "2007-09-30": -193.233, "2007-06-30": "-30.75500", "2007-03-31": -52.311, "2006-12-31": -92.636, "2006-09-30": -87.467, "2006-06-30": "-152.92700", "2006-03-31": 215.253, "2005-12-31": -10.08, "2005-09-30": -6.255, "2005-06-30": "-3.09600", "2005-03-31": -18.585}, "Net Cash Flow": {"2020-12-31": 2.4, "2020-09-30": -9.9, "2020-06-30": "-22.80000", "2020-03-31": 3.9, "2019-12-31": -4.7, "2019-09-30": -32.2, "2019-06-30": "5.40000", "2019-03-31": -3.6, "2018-12-31": -27.5, "2018-09-30": -175.5, "2018-06-30": "-266.10000", "2018-03-31": 229.2, "2017-12-31": -154.3, "2017-09-30": 53.4, "2017-06-30": "-135.70000", "2017-03-31": 244.813, "2016-12-31": 173.95, "2016-09-30": -110.538, "2016-06-30": "-1492.22500", "2016-03-31": 1761.264, "2015-12-31": -207.627, "2015-09-30": -24.469, "2015-06-30": "-44.26800", "2015-03-31": 151.476, "2014-12-31": -25.1, "2014-09-30": -136.331, "2014-06-30": "151.16700", "2014-03-31": 91.503, "2013-12-31": 30.898, "2013-09-30": -59.029, "2013-06-30": "-125.10300", "2013-03-31": 63.041, "2012-12-31": 28.558, "2012-09-30": -343.113, "2012-06-30": "144.09300", "2012-03-31": 30.03, "2011-12-31": -69.404, "2011-09-30": 23.746, "2011-06-30": "-52.54100", "2011-03-31": 203.308, "2010-12-31": 76.895, "2010-09-30": -99.753, "2010-06-30": "31.34400", "2010-03-31": 130.839, "2009-12-31": -179.754, "2009-09-30": -35.934, "2009-06-30": "130.65000", "2009-03-31": 55.135, "2008-12-31": 79.456, "2008-09-30": -373.837, "2008-06-30": "197.83900", "2008-03-31": -343.269, "2007-12-31": 656.78, "2007-09-30": 6.222, "2007-06-30": "0.52600", "2007-03-31": 14.2, "2006-12-31": 20.708, "2006-09-30": -4.087, "2006-06-30": "-428.61700", "2006-03-31": 407.821, "2005-12-31": 47.372, "2005-09-30": -31.292, "2005-06-30": "72.64200", "2005-03-31": -36.604}, "Stock-Based Compensation": {"2020-12-31": 51.2, "2020-09-30": 49.7, "2020-06-30": "42.40000", "2020-03-31": 40.7, "2019-12-31": 43.5, "2019-09-30": 45.3, "2019-06-30": "40.70000", "2019-03-31": 38.9, "2018-12-31": 39.6, "2018-09-30": 42.6, "2018-06-30": "45.30000", "2018-03-31": 23.2, "2017-12-31": 24, "2017-09-30": 23.6, "2017-06-30": "22.40000", "2017-03-31": 22.011, "2016-12-31": 22.12, "2016-09-30": 24.39, "2016-06-30": "59.57900", "2016-03-31": 17.297, "2015-12-31": 16.965, "2015-09-30": 23.026, "2015-06-30": "14.11200", "2015-03-31": 15.183, "2014-12-31": 14.819, "2014-09-30": 15.273, "2014-06-30": "13.32100", "2014-03-31": 12.412, "2013-12-31": 13.719, "2013-09-30": 15, "2013-06-30": "12.65600", "2013-03-31": 13.356, "2012-12-31": 14.12, "2012-09-30": 14.607, "2012-06-30": "9.98600", "2012-03-31": 9.819, "2011-12-31": 9.962, "2011-09-30": 9.484, "2011-06-30": "9.02400", "2011-03-31": 9.027, "2010-12-31": 9.409, "2010-09-30": 8.925, "2010-06-30": "9.45100", "2010-03-31": 9.443, "2009-12-31": 8.837, "2009-09-30": 9.5, "2009-06-30": "8.99800", "2009-03-31": 8.124, "2008-12-31": 8.165, "2008-09-30": 8.493, "2008-06-30": "7.69900", "2008-03-31": 8.685, "2007-12-31": 8.357, "2007-09-30": 7.771, "2007-06-30": "8.03300", "2007-03-31": 7.665, "2006-12-31": 7.741, "2006-09-30": 6.168, "2006-06-30": "5.80500", "2006-03-31": 0.302, "2005-12-31": 0.191, "2005-09-30": 0.047, "2005-06-30": "0.03800", "2005-03-31": 0}, "Common Stock Dividends Paid": {"2020-12-31": -96, "2020-09-30": -95.3, "2020-06-30": "-90.40000", "2020-03-31": -88, "2019-12-31": -87.7, "2019-09-30": -87.3, "2019-06-30": "-87.10000", "2019-03-31": -86.6, "2018-12-31": -86.4, "2018-09-30": -85.9, "2018-06-30": "-85.50000", "2018-03-31": -85.1, "2017-12-31": -85, "2017-09-30": -84.5, "2017-06-30": "-82.90000", "2017-03-31": -82.553, "2016-12-31": -77.97, "2016-09-30": -77.64, "2016-06-30": "-77.23700", "2016-03-31": -73.161, "2015-12-31": -72.923, "2015-09-30": -72.685, "2015-06-30": "-72.33100", "2015-03-31": -72.047, "2014-12-31": -71.787, "2014-09-30": -71.442, "2014-06-30": "-71.20200", "2014-03-31": -70.882, "2013-12-31": -70.554, "2013-09-30": -70.086, "2013-06-30": "-69.68200", "2013-03-31": -69.23, "2012-12-31": -68.697, "2012-09-30": -68.146, "2012-06-30": "-67.74900", "2012-03-31": -67.259, "2011-12-31": -66.813, "2011-09-30": -66.206, "2011-06-30": "-65.90000", "2011-03-31": -0.003, "2010-12-31": -129.447, "2010-09-30": -63.908, "2010-06-30": "-63.45300", "2010-03-31": -62.962, "2009-12-31": -62.52, "2009-09-30": -62.083, "2009-06-30": "-61.99100", "2009-03-31": -61.822, "2008-12-31": -61.69, "2008-09-30": -62.168, "2008-06-30": "-60.97700", "2008-03-31": -60.367, "2007-12-31": -66.378, "2007-09-30": -64.095, "2007-06-30": "-61.11900", "2007-03-31": -57.372, "2006-12-31": -53.953, "2006-09-30": -50.509, "2006-06-30": "-46.06400", "2006-03-31": -40.497, "2005-12-31": -33.645, "2005-09-30": -26.172, "2005-06-30": "-19.79500", "2005-03-31": -42.997}}, "financial ratios": {"Current Ratio": {"2020-03-31": "1.35410", "2019-03-31": "0.93270", "2018-03-31": "1.66370", "2017-03-31": "3.27180", "2016-03-31": "8.10640", "2015-03-31": "7.52780", "2014-03-31": "5.85990", "2013-03-31": "6.54650", "2012-03-31": "8.13260", "2011-03-31": "5.21570", "2010-03-31": "7.92060", "2009-03-31": "11.19720", "2008-03-31": "8.98950", "2007-03-31": "4.23860", "2006-03-31": "1.83730", "2005-03-31": "3.50660"}, "Long-term Debt / Capital": {"2020-03-31": "0.61370", "2019-03-31": "0.62850", "2018-03-31": "0.34900", "2017-03-31": "0.47000", "2016-03-31": "0.53280", "2015-03-31": "0.46990", "2014-03-31": "0.31960", "2013-03-31": "0.33710", "2012-03-31": "0.15140", "2011-03-31": "0.16080", "2010-03-31": "0.18180", "2009-03-31": "0.18320", "2008-03-31": "0.52600", "2007-03-31": "", "2006-03-31": "", "2005-03-31": ""}, "Debt/Equity Ratio": {"2020-03-31": "1.69760", "2019-03-31": "1.94930", "2018-03-31": "0.93550", "2017-03-31": "0.90210", "2016-03-31": "1.14060", "2015-03-31": "0.88640", "2014-03-31": "0.47800", "2013-03-31": "0.50860", "2012-03-31": "0.17840", "2011-03-31": "0.19160", "2010-03-31": "0.22220", "2009-03-31": "0.22420", "2008-03-31": "1.10990", "2007-03-31": "", "2006-03-31": "0.15580", "2005-03-31": "0.03060"}, "Gross Margin": {"2020-03-31": "61.47090", "2019-03-31": "54.79580", "2018-03-31": "60.80940", "2017-03-31": "51.56410", "2016-03-31": "55.46860", "2015-03-31": "57.26800", "2014-03-31": "58.44720", "2013-03-31": "53.01260", "2012-03-31": "57.78690", "2011-03-31": "59.25550", "2010-03-31": "56.37080", "2009-03-31": "57.17990", "2008-03-31": "60.33750", "2007-03-31": "60.09170", "2006-03-31": "59.36860", "2005-03-31": "57.14420"}, "Operating Margin": {"2020-03-31": "12.26920", "2019-03-31": "13.35270", "2018-03-31": "23.52040", "2017-03-31": "8.09320", "2016-03-31": "16.21040", "2015-03-31": "19.82360", "2014-03-31": "23.76040", "2013-03-31": "11.28920", "2012-03-31": "28.66710", "2011-03-31": "31.88420", "2010-03-31": "25.84700", "2009-03-31": "25.83070", "2008-03-31": "29.12560", "2007-03-31": "33.45400", "2006-03-31": "35.17260", "2005-03-31": "30.53910"}, "EBIT Margin": {"2020-03-31": "12.26920", "2019-03-31": "13.35270", "2018-03-31": "23.52040", "2017-03-31": "8.09320", "2016-03-31": "16.21040", "2015-03-31": "19.82360", "2014-03-31": "23.76040", "2013-03-31": "11.28920", "2012-03-31": "28.66710", "2011-03-31": "31.88420", "2010-03-31": "25.84700", "2009-03-31": "25.83070", "2008-03-31": "29.12560", "2007-03-31": "33.45400", "2006-03-31": "35.17260", "2005-03-31": "30.53910"}, "EBITDA Margin": {"2020-03-31": "37.94890", "2019-03-31": "32.18240", "2018-03-31": "41.83080", "2017-03-31": "23.63990", "2016-03-31": "32.04800", "2015-03-31": "34.05260", "2014-03-31": "34.67690", "2013-03-31": "25.55920", "2012-03-31": "37.55090", "2011-03-31": "39.51550", "2010-03-31": "36.03240", "2009-03-31": "36.95530", "2008-03-31": "38.80690", "2007-03-31": "44.62780", "2006-03-31": "47.10090", "2005-03-31": "44.76290"}, "Pre-Tax Profit Margin": {"2020-03-31": "2.85160", "2019-03-31": "3.82280", "2018-03-31": "18.52140", "2017-03-31": "2.63510", "2016-03-31": "12.94350", "2015-03-31": "16.11090", "2014-03-31": "22.38760", "2013-03-31": "9.62160", "2012-03-31": "27.45100", "2011-03-31": "30.97740", "2010-03-31": "25.09290", "2009-03-31": "25.69240", "2008-03-31": "33.73980", "2007-03-31": "38.57860", "2006-03-31": "38.70970", "2005-03-31": "32.73780"}, "Net Profit Margin": {"2020-03-31": "10.81870", "2019-03-31": "6.65300", "2018-03-31": "6.41580", "2017-03-31": "4.83010", "2016-03-31": "14.91280", "2015-03-31": "17.18690", "2014-03-31": "20.46800", "2013-03-31": "8.05430", "2012-03-31": "24.34290", "2011-03-31": "28.17030", "2010-03-31": "22.89740", "2009-03-31": "27.18790", "2008-03-31": "28.65530", "2007-03-31": "34.34060", "2006-03-31": "26.12040", "2005-03-31": "25.24220"}, "Asset Turnover": {"2020-03-31": "0.30270", "2019-03-31": "0.29150", "2018-03-31": "0.48210", "2017-03-31": "0.44330", "2016-03-31": "0.39240", "2015-03-31": "0.44910", "2014-03-31": "0.47480", "2013-03-31": "0.41070", "2012-03-31": "0.44850", "2011-03-31": "0.50110", "2010-03-31": "0.37660", "2009-03-31": "0.37550", "2008-03-31": "0.41230", "2007-03-31": "0.45810", "2006-03-31": "0.39470", "2005-03-31": "0.46600"}, "Inventory Turnover Ratio": {"2020-03-31": "2.96350", "2019-03-31": "3.39780", "2018-03-31": "3.27610", "2017-03-31": "3.95640", "2016-03-31": "3.15430", "2015-03-31": "3.28310", "2014-03-31": "3.05440", "2013-03-31": "3.06670", "2012-03-31": "2.68730", "2011-03-31": "3.35150", "2010-03-31": "3.54680", "2009-03-31": "2.94120", "2008-03-31": "3.30000", "2007-03-31": "3.42840", "2006-03-31": "3.27770", "2005-03-31": "3.49920"}, "Receiveable Turnover": {"2020-03-31": "5.64690", "2019-03-31": "6.07480", "2018-03-31": "7.06190", "2017-03-31": "7.12330", "2016-03-31": "7.48940", "2015-03-31": "7.83770", "2014-03-31": "7.96690", "2013-03-31": "6.87800", "2012-03-31": "8.12670", "2011-03-31": "8.20740", "2010-03-31": "6.87730", "2009-03-31": "10.20390", "2008-03-31": "7.48800", "2007-03-31": "8.34680", "2006-03-31": "6.65820", "2005-03-31": "7.48920"}, "Days Sales In Receivables": {"2020-03-31": "64.63730", "2019-03-31": "60.08390", "2018-03-31": "51.68570", "2017-03-31": "51.24010", "2016-03-31": "48.73550", "2015-03-31": "46.56980", "2014-03-31": "45.81450", "2013-03-31": "53.06800", "2012-03-31": "44.91360", "2011-03-31": "44.47180", "2010-03-31": "53.07340", "2009-03-31": "35.77080", "2008-03-31": "48.74450", "2007-03-31": "43.72930", "2006-03-31": "54.81960", "2005-03-31": "48.73700"}, "ROE - Return On Equity": {"2020-03-31": "10.21570", "2019-03-31": "6.73100", "2018-03-31": "7.78710", "2017-03-31": "5.21600", "2016-03-31": "15.05870", "2015-03-31": "17.72540", "2014-03-31": "18.51030", "2013-03-31": "6.58860", "2012-03-31": "16.91410", "2011-03-31": "23.67900", "2010-03-31": "14.15210", "2009-03-31": "16.47890", "2008-03-31": "28.64180", "2007-03-31": "17.81260", "2006-03-31": "14.04070", "2005-03-31": "14.38920"}, "Return On Tangible Equity": {"2020-03-31": "-8.41390", "2019-03-31": "-4.41450", "2018-03-31": "-37.49270", "2017-03-31": "-14.50190", "2016-03-31": "60.89290", "2015-03-31": "37.07610", "2014-03-31": "27.95750", "2013-03-31": "11.25360", "2012-03-31": "18.63620", "2011-03-31": "25.87700", "2010-03-31": "14.88870", "2009-03-31": "17.19280", "2008-03-31": "29.89680", "2007-03-31": "18.17840", "2006-03-31": "14.38550", "2005-03-31": "14.79930"}, "ROA - Return On Assets": {"2020-03-31": "3.27440", "2019-03-31": "1.93950", "2018-03-31": "3.09310", "2017-03-31": "2.21940", "2016-03-31": "5.84880", "2015-03-31": "7.64160", "2014-03-31": "9.71770", "2013-03-31": "3.30760", "2012-03-31": "10.91860", "2011-03-31": "14.45950", "2010-03-31": "8.62390", "2009-03-31": "10.20850", "2008-03-31": "11.81360", "2007-03-31": "15.73130", "2006-03-31": "10.31100", "2005-03-31": "11.76220"}, "ROI - Return On Investment": {"2020-03-31": "3.94640", "2019-03-31": "2.50040", "2018-03-31": "5.06930", "2017-03-31": "2.76450", "2016-03-31": "7.03470", "2015-03-31": "9.39650", "2014-03-31": "12.59370", "2013-03-31": "4.36730", "2012-03-31": "14.35400", "2011-03-31": "19.87090", "2010-03-31": "11.57950", "2009-03-31": "13.46060", "2008-03-31": "13.57480", "2007-03-31": "17.81260", "2006-03-31": "14.04070", "2005-03-31": "14.38920"}, "Book Value Per Share": {"2020-03-31": "22.76770", "2019-03-31": "22.25470", "2018-03-31": "13.95490", "2017-03-31": "14.27670", "2016-03-31": "10.53950", "2015-03-31": "10.19910", "2014-03-31": "10.67710", "2013-03-31": "9.84090", "2012-03-31": "10.30630", "2011-03-31": "9.56220", "2010-03-31": "8.27380", "2009-03-31": "8.15410", "2008-03-31": "5.62130", "2007-03-31": "9.21800", "2006-03-31": "8.08090", "2005-03-31": "7.15200"}, "Operating Cash Flow Per Share": {"2020-03-31": -0.6761, "2019-03-31": 0.9984, "2018-03-31": 1.1911, "2017-03-31": 1.0883, "2016-03-31": 0.1982, "2015-03-31": 0.1171, "2014-03-31": 0.8764, "2013-03-31": 0.2081, "2012-03-31": -0.9681, "2011-03-31": 0.5794, "2010-03-31": 0.7606, "2009-03-31": -0.4571, "2008-03-31": 0.1635, "2007-03-31": -0.0878, "2006-03-31": 0.3698, "2005-03-31": 1.664}, "Free Cash Flow Per Share": {"2020-03-31": -0.0123, "2019-03-31": 0.8727, "2018-03-31": 0.6244, "2017-03-31": 1.25, "2016-03-31": 0.4823, "2015-03-31": -0.1065, "2014-03-31": 0.6769, "2013-03-31": 0.2671, "2012-03-31": -0.6334, "2011-03-31": 0.1943, "2010-03-31": 1.0545, "2009-03-31": -0.6758, "2008-03-31": 0.1061, "2007-03-31": -0.0049, "2006-03-31": 0.3132, "2005-03-31": 1.3658}}, "financial ratios, quarterly": {"Current Ratio": {"2020-12-31": "0.85340", "2020-09-30": "1.07440", "2020-06-30": "0.82570", "2020-03-31": "1.35410", "2019-12-31": "0.90050", "2019-09-30": "0.89870", "2019-06-30": "0.92970", "2019-03-31": "0.93270", "2018-12-31": "2.91690", "2018-09-30": "1.04220", "2018-06-30": "1.31740", "2018-03-31": "1.66370", "2017-12-31": "2.97750", "2017-09-30": "3.32810", "2017-06-30": "3.12140", "2017-03-31": "3.27180", "2016-12-31": "2.57350", "2016-09-30": "2.57550", "2016-06-30": "2.91820", "2016-03-31": "8.10640", "2015-12-31": "4.74750", "2015-09-30": "7.47460", "2015-06-30": "6.05850", "2015-03-31": "7.52780", "2014-12-31": "5.05110", "2014-09-30": "5.13370", "2014-06-30": "6.81240", "2014-03-31": "5.85990", "2013-12-31": "6.22320", "2013-09-30": "5.37310", "2013-06-30": "4.59440", "2013-03-31": "6.54650", "2012-12-31": "7.75140", "2012-09-30": "7.03370", "2012-06-30": "8.91760", "2012-03-31": "8.13260", "2011-12-31": "7.36260", "2011-09-30": "6.57270", "2011-06-30": "6.38770", "2011-03-31": "5.21570", "2010-12-31": "5.79610", "2010-09-30": "6.18210", "2010-06-30": "6.50470", "2010-03-31": "7.92060", "2009-12-31": "7.79290", "2009-09-30": "10.14060", "2009-06-30": "11.80460", "2009-03-31": "11.19720", "2008-12-31": "9.90610", "2008-09-30": "6.71200", "2008-06-30": "7.35830", "2008-03-31": "8.98950", "2007-12-31": "10.16510", "2007-09-30": "6.68520", "2007-06-30": "5.81950", "2007-03-31": "4.23860", "2006-12-31": "2.84510", "2006-09-30": "2.22900", "2006-06-30": "2.23560", "2006-03-31": "1.83730", "2005-12-31": "3.85540", "2005-09-30": "3.80110", "2005-06-30": "3.66490", "2005-03-31": "3.50660"}, "Long-term Debt / Capital": {"2020-12-31": "0.59080", "2020-09-30": "0.60050", "2020-06-30": "0.58420", "2020-03-31": "0.61370", "2019-12-31": "0.59290", "2019-09-30": "0.61080", "2019-06-30": "0.62230", "2019-03-31": "0.62850", "2018-12-31": "0.67130", "2018-09-30": "0.64880", "2018-06-30": "0.66170", "2018-03-31": "0.34900", "2017-12-31": "0.48830", "2017-09-30": "0.45930", "2017-06-30": "0.46650", "2017-03-31": "0.47000", "2016-12-31": "0.54890", "2016-09-30": "0.55210", "2016-06-30": "0.56850", "2016-03-31": "0.53280", "2015-12-31": "0.53090", "2015-09-30": "0.55800", "2015-06-30": "0.46970", "2015-03-31": "0.46990", "2014-12-31": "0.37030", "2014-09-30": "0.37020", "2014-06-30": "0.38100", "2014-03-31": "0.31960", "2013-12-31": "0.32640", "2013-09-30": "0.33080", "2013-06-30": "0.33270", "2013-03-31": "0.33710", "2012-12-31": "0.33510", "2012-09-30": "0.32820", "2012-06-30": "0.15040", "2012-03-31": "0.15140", "2011-12-31": "0.15400", "2011-09-30": "0.15580", "2011-06-30": "0.15670", "2011-03-31": "0.16080", "2010-12-31": "0.17320", "2010-09-30": "0.17370", "2010-06-30": "0.17920", "2010-03-31": "0.18180", "2009-12-31": "0.18600", "2009-09-30": "0.18790", "2009-06-30": "0.18720", "2009-03-31": "0.18320", "2008-12-31": "0.53010", "2008-09-30": "0.53750", "2008-06-30": "0.52220", "2008-03-31": "0.52600", "2007-12-31": "0.49720", "2007-09-30": "", "2007-06-30": "", "2007-03-31": "", "2006-12-31": "", "2006-09-30": "", "2006-06-30": "", "2006-03-31": "", "2005-12-31": "", "2005-09-30": "", "2005-06-30": "", "2005-03-31": ""}, "Debt/Equity Ratio": {"2020-12-31": "1.72570", "2020-09-30": "1.68590", "2020-06-30": "1.69530", "2020-03-31": "1.69760", "2019-12-31": "1.70570", "2019-09-30": "1.82840", "2019-06-30": "1.90710", "2019-03-31": "1.94930", "2018-12-31": "2.04260", "2018-09-30": "2.10550", "2018-06-30": "2.21510", "2018-03-31": "0.93550", "2017-12-31": "0.95430", "2017-09-30": "0.85100", "2017-06-30": "0.87770", "2017-03-31": "0.90210", "2016-12-31": "1.21700", "2016-09-30": "1.23260", "2016-06-30": "1.31740", "2016-03-31": "1.14060", "2015-12-31": "1.13170", "2015-09-30": "1.26230", "2015-06-30": "0.88560", "2015-03-31": "0.88640", "2014-12-31": "0.59570", "2014-09-30": "0.59560", "2014-06-30": "0.62370", "2014-03-31": "0.47800", "2013-12-31": "0.49130", "2013-09-30": "0.49850", "2013-06-30": "0.49850", "2013-03-31": "0.50860", "2012-12-31": "0.50410", "2012-09-30": "0.48860", "2012-06-30": "0.17710", "2012-03-31": "0.17840", "2011-12-31": "0.18200", "2011-09-30": "0.18450", "2011-06-30": "0.18580", "2011-03-31": "0.19160", "2010-12-31": "0.20950", "2010-09-30": "0.21020", "2010-06-30": "0.21830", "2010-03-31": "0.22220", "2009-12-31": "0.22850", "2009-09-30": "0.23140", "2009-06-30": "0.23030", "2009-03-31": "0.22420", "2008-12-31": "1.12810", "2008-09-30": "1.16210", "2008-06-30": "1.09280", "2008-03-31": "1.10990", "2007-12-31": "0.98870", "2007-09-30": "", "2007-06-30": "", "2007-03-31": "", "2006-12-31": "0.01560", "2006-09-30": "0.04370", "2006-06-30": "0.07690", "2006-03-31": "0.15580", "2005-12-31": "0.02760", "2005-09-30": "0.02820", "2005-06-30": "0.02930", "2005-03-31": "0.03060"}, "Gross Margin": {"2020-12-31": "62.55450", "2020-09-30": "61.69530", "2020-06-30": "60.95290", "2020-03-31": "61.36160", "2019-12-31": "61.01440", "2019-09-30": "61.85530", "2019-06-30": "61.63620", "2019-03-31": "61.69350", "2018-12-31": "56.71060", "2018-09-30": "48.11870", "2018-06-30": "52.94850", "2018-03-31": "61.36270", "2017-12-31": "61.06420", "2017-09-30": "60.67580", "2017-06-30": "60.11730", "2017-03-31": "59.02890", "2016-12-31": "55.76200", "2016-09-30": "47.12390", "2016-06-30": "43.59340", "2016-03-31": "54.30560", "2015-12-31": "54.17250", "2015-09-30": "55.58830", "2015-06-30": "57.87360", "2015-03-31": "57.73710", "2014-12-31": "57.11240", "2014-09-30": "56.28520", "2014-06-30": "57.95670", "2014-03-31": "58.89650", "2013-12-31": "58.61040", "2013-09-30": "58.63230", "2013-06-30": "57.60130", "2013-03-31": "55.57190", "2012-12-31": "48.17440", "2012-09-30": "50.66420", "2012-06-30": "58.15880", "2012-03-31": "58.23210", "2011-12-31": "56.35260", "2011-09-30": "57.75160", "2011-06-30": "58.67660", "2011-03-31": "61.16190", "2010-12-31": "58.83170", "2010-09-30": "58.86010", "2010-06-30": "58.08690", "2010-03-31": "60.59670", "2009-12-31": "58.37530", "2009-09-30": "54.41610", "2009-06-30": "49.97950", "2009-03-31": "48.46500", "2008-12-31": "54.52940", "2008-09-30": "60.86370", "2008-06-30": "61.00450", "2008-03-31": "60.91510", "2007-12-31": "60.58870", "2007-09-30": "59.81590", "2007-06-30": "60.03850", "2007-03-31": "59.88200", "2006-12-31": "59.64450", "2006-09-30": "60.44810", "2006-06-30": "60.36180", "2006-03-31": "60.09820", "2005-12-31": "59.71580", "2005-09-30": "59.19810", "2005-06-30": "58.34750", "2005-03-31": "57.35740"}, "Operating Margin": {"2020-12-31": "18.16430", "2020-09-30": "17.27380", "2020-06-30": "16.66790", "2020-03-31": "12.11550", "2019-12-31": "10.19110", "2019-09-30": "13.72400", "2019-06-30": "12.97440", "2019-03-31": "21.40170", "2018-12-31": "14.16310", "2018-09-30": "7.16930", "2018-06-30": "10.91130", "2018-03-31": "24.35160", "2017-12-31": "24.66310", "2017-09-30": "22.27050", "2017-06-30": "22.79600", "2017-03-31": "17.06840", "2016-12-31": "14.15140", "2016-09-30": "7.20250", "2016-06-30": "-7.39340", "2016-03-31": "14.32910", "2015-12-31": "14.08950", "2015-09-30": "13.84360", "2015-06-30": "22.72100", "2015-03-31": "20.31400", "2014-12-31": "18.53740", "2014-09-30": "18.54820", "2014-06-30": "21.92310", "2014-03-31": "25.54540", "2013-12-31": "24.23810", "2013-09-30": "23.85130", "2013-06-30": "21.26250", "2013-03-31": "13.18470", "2012-12-31": "4.18530", "2012-09-30": "2.11170", "2012-06-30": "27.35690", "2012-03-31": "27.70910", "2011-12-31": "26.77360", "2011-09-30": "28.66100", "2011-06-30": "31.20370", "2011-03-31": "32.72790", "2010-12-31": "31.93190", "2010-09-30": "32.21350", "2010-06-30": "30.58480", "2010-03-31": "31.82760", "2009-12-31": "29.01570", "2009-09-30": "23.26200", "2009-06-30": "16.15870", "2009-03-31": "10.99030", "2008-12-31": "21.06200", "2008-09-30": "32.32450", "2008-06-30": "32.30460", "2008-03-31": "31.38490", "2007-12-31": "31.36980", "2007-09-30": "21.52510", "2007-06-30": "32.19540", "2007-03-31": "33.03520", "2006-12-31": "32.46240", "2006-09-30": "34.09760", "2006-06-30": "34.15680", "2006-03-31": "36.19020", "2005-12-31": "36.01080", "2005-09-30": "34.88590", "2005-06-30": "33.41880", "2005-03-31": "32.73690"}, "EBIT Margin": {"2020-12-31": "18.16430", "2020-09-30": "17.27380", "2020-06-30": "16.66790", "2020-03-31": "12.11550", "2019-12-31": "10.19110", "2019-09-30": "13.72400", "2019-06-30": "12.97440", "2019-03-31": "21.40170", "2018-12-31": "14.16310", "2018-09-30": "7.16930", "2018-06-30": "10.91130", "2018-03-31": "24.35160", "2017-12-31": "24.66310", "2017-09-30": "22.27050", "2017-06-30": "22.79600", "2017-03-31": "17.06840", "2016-12-31": "14.15140", "2016-09-30": "7.20250", "2016-06-30": "-7.39340", "2016-03-31": "14.32910", "2015-12-31": "14.08950", "2015-09-30": "13.84360", "2015-06-30": "22.72100", "2015-03-31": "20.31400", "2014-12-31": "18.53740", "2014-09-30": "18.54820", "2014-06-30": "21.92310", "2014-03-31": "25.54540", "2013-12-31": "24.23810", "2013-09-30": "23.85130", "2013-06-30": "21.26250", "2013-03-31": "13.18470", "2012-12-31": "4.18530", "2012-09-30": "2.11170", "2012-06-30": "27.35690", "2012-03-31": "27.70910", "2011-12-31": "26.77360", "2011-09-30": "28.66100", "2011-06-30": "31.20370", "2011-03-31": "32.72790", "2010-12-31": "31.93190", "2010-09-30": "32.21350", "2010-06-30": "30.58480", "2010-03-31": "31.82760", "2009-12-31": "29.01570", "2009-09-30": "23.26200", "2009-06-30": "16.15870", "2009-03-31": "10.99030", "2008-12-31": "21.06200", "2008-09-30": "32.32450", "2008-06-30": "32.30460", "2008-03-31": "31.38490", "2007-12-31": "31.36980", "2007-09-30": "21.52510", "2007-06-30": "32.19540", "2007-03-31": "33.03520", "2006-12-31": "32.46240", "2006-09-30": "34.09760", "2006-06-30": "34.15680", "2006-03-31": "36.19020", "2005-12-31": "36.01080", "2005-09-30": "34.88590", "2005-06-30": "33.41880", "2005-03-31": "32.73690"}, "EBITDA Margin": {"2020-12-31": "", "2020-09-30": "", "2020-06-30": "", "2020-03-31": "", "2019-12-31": "", "2019-09-30": "", "2019-06-30": "", "2019-03-31": "", "2018-12-31": "", "2018-09-30": "", "2018-06-30": "", "2018-03-31": "", "2017-12-31": "", "2017-09-30": "", "2017-06-30": "", "2017-03-31": "", "2016-12-31": "", "2016-09-30": "", "2016-06-30": "", "2016-03-31": "", "2015-12-31": "", "2015-09-30": "", "2015-06-30": "", "2015-03-31": "", "2014-12-31": "", "2014-09-30": "", "2014-06-30": "", "2014-03-31": "", "2013-12-31": "", "2013-09-30": "", "2013-06-30": "", "2013-03-31": "", "2012-12-31": "", "2012-09-30": "", "2012-06-30": "", "2012-03-31": "", "2011-12-31": "", "2011-09-30": "", "2011-06-30": "", "2011-03-31": "", "2010-12-31": "", "2010-09-30": "", "2010-06-30": "", "2010-03-31": "", "2009-12-31": "", "2009-09-30": "", "2009-06-30": "", "2009-03-31": "", "2008-12-31": "", "2008-09-30": "", "2008-06-30": "", "2008-03-31": "", "2007-12-31": "", "2007-09-30": "", "2007-06-30": "", "2007-03-31": "", "2006-12-31": "", "2006-09-30": "", "2006-06-30": "", "2006-03-31": "", "2005-12-31": "", "2005-09-30": "", "2005-06-30": "", "2005-03-31": ""}, "Pre-Tax Profit Margin": {"2020-12-31": "1.24250", "2020-09-30": "6.78120", "2020-06-30": "6.83360", "2020-03-31": "3.45300", "2019-12-31": "0.82340", "2019-09-30": "3.99910", "2019-06-30": "3.06220", "2019-03-31": "11.37010", "2018-12-31": "4.00090", "2018-09-30": "-2.75040", "2018-06-30": "3.10930", "2018-03-31": "18.77490", "2017-12-31": "19.78480", "2017-09-30": "18.39740", "2017-06-30": "17.09700", "2017-03-31": "7.95590", "2016-12-31": "10.00740", "2016-09-30": "2.89590", "2016-06-30": "-11.35170", "2016-03-31": "10.33330", "2015-12-31": "9.28260", "2015-09-30": "9.96640", "2015-06-30": "22.39250", "2015-03-31": "11.41760", "2014-12-31": "16.30210", "2014-09-30": "16.60510", "2014-06-30": "20.22990", "2014-03-31": "23.96190", "2013-12-31": "23.34050", "2013-09-30": "22.57220", "2013-06-30": "19.51980", "2013-03-31": "11.50820", "2012-12-31": "2.32950", "2012-09-30": "0.55280", "2012-06-30": "25.80380", "2012-03-31": "27.12280", "2011-12-31": "25.42170", "2011-09-30": "26.50310", "2011-06-30": "30.39360", "2011-03-31": "31.58780", "2010-12-31": "31.09940", "2010-09-30": "31.65240", "2010-06-30": "29.47990", "2010-03-31": "30.21260", "2009-12-31": "27.94050", "2009-09-30": "22.62500", "2009-06-30": "16.92420", "2009-03-31": "15.93100", "2008-12-31": "10.62100", "2008-09-30": "34.16090", "2008-06-30": "34.28170", "2008-03-31": "33.51990", "2007-12-31": "36.13500", "2007-09-30": "27.11960", "2007-06-30": "38.14980", "2007-03-31": "38.48230", "2006-12-31": "38.18820", "2006-09-30": "39.03540", "2006-06-30": "38.58020", "2006-03-31": "40.22790", "2005-12-31": "39.62220", "2005-09-30": "38.00520", "2005-06-30": "36.74470", "2005-03-31": "35.66560"}, "Net Profit Margin": {"2020-12-31": "2.67730", "2020-09-30": "5.62050", "2020-06-30": "9.43730", "2020-03-31": "7.53170", "2019-12-31": "24.16500", "2019-09-30": "8.14020", "2019-06-30": "3.83340", "2019-03-31": "13.13730", "2018-12-31": "3.57900", "2018-09-30": "6.72250", "2018-06-30": "2.94430", "2018-03-31": "14.63490", "2017-12-31": "-25.25650", "2017-09-30": "18.69380", "2017-06-30": "17.54960", "2017-03-31": "15.16290", "2016-12-31": "12.84510", "2016-09-30": "3.89260", "2016-06-30": "-14.18080", "2016-03-31": "12.07340", "2015-12-31": "11.32820", "2015-09-30": "11.98750", "2015-06-30": "24.47170", "2015-03-31": "18.29910", "2014-12-31": "16.27680", "2014-09-30": "17.14270", "2014-06-30": "17.00000", "2014-03-31": "22.59800", "2013-12-31": "21.85060", "2013-09-30": "20.25820", "2013-06-30": "16.97930", "2013-03-31": "13.87680", "2012-12-31": "2.44520", "2012-09-30": "-5.52680", "2012-06-30": "22.35230", "2012-03-31": "23.79270", "2011-12-31": "23.54170", "2011-09-30": "23.27850", "2011-06-30": "26.51300", "2011-03-31": "33.03500", "2010-12-31": "27.39790", "2010-09-30": "26.96520", "2010-06-30": "25.07970", "2010-03-31": "27.24590", "2009-12-31": "27.75020", "2009-09-30": "19.62620", "2009-06-30": "14.18410", "2009-03-31": "12.67740", "2008-12-31": "37.65290", "2008-09-30": "28.07500", "2008-06-30": "28.17110", "2008-03-31": "29.06750", "2007-12-31": "31.71970", "2007-09-30": "23.46020", "2007-06-30": "30.40570", "2007-03-31": "49.46550", "2006-12-31": "29.02300", "2006-09-30": "29.66700", "2006-06-30": "29.32090", "2006-03-31": "30.57300", "2005-12-31": "17.08160", "2005-09-30": "28.88410", "2005-06-30": "27.92520", "2005-03-31": "27.10600"}, "Asset Turnover": {"2020-12-31": "0.08160", "2020-09-30": "0.07810", "2020-06-30": "0.07690", "2020-03-31": "0.07610", "2019-12-31": "0.07320", "2019-09-30": "0.07490", "2019-06-30": "0.07250", "2019-03-31": "0.07250", "2018-12-31": "0.07570", "2018-09-30": "0.07670", "2018-06-30": "0.06300", "2018-03-31": "0.12140", "2017-12-31": "0.12240", "2017-09-30": "0.12560", "2017-06-30": "0.12320", "2017-03-31": "0.11740", "2016-12-31": "0.11680", "2016-09-30": "0.12320", "2016-06-30": "0.10860", "2016-03-31": "0.10070", "2015-12-31": "0.09920", "2015-09-30": "0.09360", "2015-06-30": "0.10990", "2015-03-31": "0.11360", "2014-12-31": "0.11420", "2014-09-30": "0.11850", "2014-06-30": "0.11750", "2014-03-31": "0.12130", "2013-12-31": "0.12050", "2013-09-30": "0.12420", "2013-06-30": "0.11920", "2013-03-31": "0.11170", "2012-12-31": "0.10820", "2012-09-30": "0.09860", "2012-06-30": "0.11200", "2012-03-31": "0.10990", "2011-12-31": "0.10900", "2011-09-30": "0.11230", "2011-06-30": "0.12360", "2011-03-31": "0.12800", "2010-12-31": "0.13000", "2010-09-30": "0.13610", "2010-06-30": "0.13260", "2010-03-31": "0.11050", "2009-12-31": "0.10230", "2009-09-30": "0.09370", "2009-06-30": "0.08090", "2009-03-31": "0.07200", "2008-12-31": "0.07850", "2008-09-30": "0.10720", "2008-06-30": "0.10540", "2008-03-31": "0.10370", "2007-12-31": "0.09650", "2007-09-30": "0.11500", "2007-06-30": "0.11180", "2007-03-31": "0.11380", "2006-12-31": "0.11020", "2006-09-30": "0.11690", "2006-06-30": "0.11440", "2006-03-31": "0.10520", "2005-12-31": "0.11710", "2005-09-30": "0.11610", "2005-06-30": "0.11550", "2005-03-31": "0.11450"}, "Inventory Turnover Ratio": {"2020-12-31": "0.76010", "2020-09-30": "0.75840", "2020-06-30": "0.77810", "2020-03-31": "0.74740", "2019-12-31": "0.70810", "2019-09-30": "0.69500", "2019-06-30": "0.69210", "2019-03-31": "0.71580", "2018-12-31": "0.84710", "2018-09-30": "0.88830", "2018-06-30": "0.51640", "2018-03-31": "0.81330", "2017-12-31": "0.79480", "2017-09-30": "0.87100", "2017-06-30": "0.90830", "2017-03-31": "0.88650", "2016-12-31": "0.87960", "2016-09-30": "1.08490", "2016-06-30": "0.86980", "2016-03-31": "0.83050", "2015-12-31": "0.77500", "2015-09-30": "0.66100", "2015-06-30": "0.74070", "2015-03-31": "0.82150", "2014-12-31": "0.82110", "2014-09-30": "0.86600", "2014-06-30": "0.84070", "2014-03-31": "0.77190", "2013-12-31": "0.72700", "2013-09-30": "0.74080", "2013-06-30": "0.76610", "2013-03-31": "0.78860", "2012-12-31": "0.82430", "2012-09-30": "0.65310", "2012-06-30": "0.66520", "2012-03-31": "0.65150", "2011-12-31": "0.65950", "2011-09-30": "0.68130", "2011-06-30": "0.76440", "2011-03-31": "0.81630", "2010-12-31": "0.85210", "2010-09-30": "0.94410", "2010-06-30": "1.16820", "2010-03-31": "0.93970", "2009-12-31": "0.92300", "2009-09-30": "0.95270", "2009-06-30": "0.84760", "2009-03-31": "0.67890", "2008-12-31": "0.64010", "2008-09-30": "0.83220", "2008-06-30": "0.83130", "2008-03-31": "0.81770", "2007-12-31": "0.79770", "2007-09-30": "0.83420", "2007-06-30": "0.85260", "2007-03-31": "0.85580", "2006-12-31": "0.83130", "2006-09-30": "0.90130", "2006-06-30": "0.89220", "2006-03-31": "0.85740", "2005-12-31": "0.82540", "2005-09-30": "0.84140", "2005-06-30": "0.87660", "2005-03-31": "0.85540"}, "Receiveable Turnover": {"2020-12-31": "1.51280", "2020-09-30": "1.44900", "2020-06-30": "1.46450", "2020-03-31": "1.42010", "2019-12-31": "1.59430", "2019-09-30": "1.57650", "2019-06-30": "1.41180", "2019-03-31": "1.51010", "2018-12-31": "2.52330", "2018-09-30": "2.14190", "2018-06-30": "1.53600", "2018-03-31": "1.77830", "2017-12-31": "1.79740", "2017-09-30": "1.85560", "2017-06-30": "1.83780", "2017-03-31": "1.88680", "2016-12-31": "1.75620", "2016-09-30": "1.93190", "2016-06-30": "1.83560", "2016-03-31": "1.92160", "2015-12-31": "2.17880", "2015-09-30": "1.92620", "2015-06-30": "1.92740", "2015-03-31": "1.98300", "2014-12-31": "2.17940", "2014-09-30": "1.90020", "2014-06-30": "1.84470", "2014-03-31": "2.03540", "2013-12-31": "2.15080", "2013-09-30": "2.13750", "2013-06-30": "1.99250", "2013-03-31": "1.87060", "2012-12-31": "2.34390", "2012-09-30": "1.66320", "2012-06-30": "2.01580", "2012-03-31": "1.99120", "2011-12-31": "2.20500", "2011-09-30": "2.39170", "2011-06-30": "1.90830", "2011-03-31": "2.09700", "2010-12-31": "1.96420", "2010-09-30": "1.88540", "2010-06-30": "1.84560", "2010-03-31": "2.01750", "2009-12-31": "2.19840", "2009-09-30": "2.12530", "2009-06-30": "1.96800", "2009-03-31": "1.95710", "2008-12-31": "2.44620", "2008-09-30": "2.23100", "2008-06-30": "1.97540", "2008-03-31": "1.88270", "2007-12-31": "2.20810", "2007-09-30": "2.05420", "2007-06-30": "2.07410", "2007-03-31": "2.07270", "2006-12-31": "2.09020", "2006-09-30": "2.17630", "2006-06-30": "1.91370", "2006-03-31": "1.77360", "2005-12-31": "2.09780", "2005-09-30": "1.88630", "2005-06-30": "1.67310", "2005-03-31": "1.84000"}, "Days Sales In Receivables": {"2020-12-31": "59.49410", "2020-09-30": "62.11000", "2020-06-30": "61.45450", "2020-03-31": "63.37450", "2019-12-31": "56.45100", "2019-09-30": "57.08930", "2019-06-30": "63.74720", "2019-03-31": "59.59840", "2018-12-31": "35.66740", "2018-09-30": "42.01890", "2018-06-30": "58.59460", "2018-03-31": "50.61150", "2017-12-31": "50.07260", "2017-09-30": "48.50060", "2017-06-30": "48.97220", "2017-03-31": "47.69910", "2016-12-31": "51.24650", "2016-09-30": "46.58650", "2016-06-30": "49.03110", "2016-03-31": "46.83620", "2015-12-31": "41.30800", "2015-09-30": "46.72350", "2015-06-30": "46.69520", "2015-03-31": "45.38660", "2014-12-31": "41.29590", "2014-09-30": "47.36460", "2014-06-30": "48.78820", "2014-03-31": "44.21800", "2013-12-31": "41.84440", "2013-09-30": "42.10610", "2013-06-30": "45.16840", "2013-03-31": "48.11400", "2012-12-31": "38.39750", "2012-09-30": "54.11230", "2012-06-30": "44.64680", "2012-03-31": "45.19800", "2011-12-31": "40.81630", "2011-09-30": "37.62990", "2011-06-30": "47.16300", "2011-03-31": "42.91800", "2010-12-31": "45.82090", "2010-09-30": "47.73540", "2010-06-30": "48.76420", "2010-03-31": "44.61030", "2009-12-31": "40.93850", "2009-09-30": "42.34780", "2009-06-30": "45.73210", "2009-03-31": "45.98620", "2008-12-31": "36.79180", "2008-09-30": "40.33990", "2008-06-30": "45.55950", "2008-03-31": "47.80280", "2007-12-31": "40.75870", "2007-09-30": "43.81290", "2007-06-30": "43.39270", "2007-03-31": "43.42120", "2006-12-31": "43.05770", "2006-09-30": "41.35380", "2006-06-30": "47.02840", "2006-03-31": "50.74400", "2005-12-31": "42.90300", "2005-09-30": "47.71270", "2005-06-30": "53.79320", "2005-03-31": "48.91280"}, "ROE - Return On Equity": {"2020-12-31": "0.68340", "2020-09-30": "1.35200", "2020-06-30": "2.24670", "2020-03-31": "1.78860", "2019-12-31": "5.53890", "2019-09-30": "2.03120", "2019-06-30": "0.95870", "2019-03-31": "3.30400", "2018-12-31": "0.95330", "2018-09-30": "1.86260", "2018-06-30": "0.69670", "2018-03-31": "4.47280", "2017-12-31": "-7.88360", "2017-09-30": "5.33540", "2017-06-30": "4.99920", "2017-03-31": "4.18610", "2016-12-31": "4.18150", "2016-09-30": "1.41190", "2016-06-30": "-4.31280", "2016-03-31": "3.13030", "2015-12-31": "2.87870", "2015-09-30": "3.04780", "2015-06-30": "6.21570", "2015-03-31": "4.78310", "2014-12-31": "3.71550", "2014-09-30": "4.08660", "2014-06-30": "4.14400", "2014-03-31": "5.22110", "2013-12-31": "5.07930", "2013-09-30": "4.94450", "2013-06-30": "4.02090", "2013-03-31": "3.08720", "2012-12-31": "0.52790", "2012-09-30": "-1.07860", "2012-06-30": "3.90040", "2012-03-31": "4.05070", "2011-12-31": "3.99160", "2011-09-30": "4.16440", "2011-06-30": "5.28370", "2011-03-31": "7.20640", "2010-12-31": "6.17780", "2010-09-30": "6.39810", "2010-06-30": "5.86150", "2010-03-31": "4.94000", "2009-12-31": "4.67710", "2009-09-30": "3.05040", "2009-06-30": "1.87810", "2009-03-31": "1.47380", "2008-12-31": "7.10400", "2008-09-30": "7.65490", "2008-06-30": "7.17770", "2008-03-31": "7.30510", "2007-12-31": "6.88830", "2007-09-30": "3.12460", "2007-06-30": "3.89570", "2007-03-31": "6.37150", "2006-12-31": "3.85550", "2006-09-30": "4.29740", "2006-06-30": "4.30610", "2006-03-31": "4.37770", "2005-12-31": "2.43300", "2005-09-30": "4.07120", "2005-06-30": "3.92860", "2005-03-31": "3.79630"}, "Return On Tangible Equity": {"2020-12-31": "-0.56570", "2020-09-30": "-1.13630", "2020-06-30": "-1.85860", "2020-03-31": "-1.47310", "2019-12-31": "-4.45210", "2019-09-30": "-1.45380", "2019-06-30": "-0.64960", "2019-03-31": "-2.16700", "2018-12-31": "-0.59610", "2018-09-30": "-1.14060", "2018-06-30": "-0.42510", "2018-03-31": "-21.53550", "2017-12-31": "27.94650", "2017-09-30": "-28.72690", "2017-06-30": "-18.68500", "2017-03-31": "-11.63860", "2016-12-31": "-5.29050", "2016-09-30": "-1.62590", "2016-06-30": "4.82920", "2016-03-31": "12.65800", "2015-12-31": "13.29100", "2015-09-30": "15.51580", "2015-06-30": "12.34560", "2015-03-31": "10.00470", "2014-12-31": "7.27390", "2014-09-30": "8.40360", "2014-06-30": "7.12610", "2014-03-31": "7.88580", "2013-12-31": "7.90790", "2013-09-30": "7.86310", "2013-06-30": "6.65390", "2013-03-31": "5.27300", "2012-12-31": "0.93080", "2012-09-30": "-1.93120", "2012-06-30": "4.35940", "2012-03-31": "4.46310", "2011-12-31": "4.32860", "2011-09-30": "4.52710", "2011-06-30": "5.74740", "2011-03-31": "7.87540", "2010-12-31": "6.74400", "2010-09-30": "6.95310", "2010-06-30": "6.37880", "2010-03-31": "5.19710", "2009-12-31": "4.89200", "2009-09-30": "3.19260", "2009-06-30": "1.96130", "2009-03-31": "1.53760", "2008-12-31": "7.50920", "2008-09-30": "8.00340", "2008-06-30": "7.48500", "2008-03-31": "7.62520", "2007-12-31": "7.15700", "2007-09-30": "3.19380", "2007-06-30": "3.97340", "2007-03-31": "6.50240", "2006-12-31": "3.94030", "2006-09-30": "4.39470", "2006-06-30": "4.40750", "2006-03-31": "4.48520", "2005-12-31": "2.49560", "2005-09-30": "4.17910", "2005-06-30": "4.03610", "2005-03-31": "3.90450"}, "ROA - Return On Assets": {"2020-12-31": "0.21840", "2020-09-30": "0.43890", "2020-06-30": "0.72590", "2020-03-31": "0.57330", "2019-12-31": "1.76880", "2019-09-30": "0.60980", "2019-06-30": "0.27790", "2019-03-31": "0.95200", "2018-12-31": "0.27100", "2018-09-30": "0.51590", "2018-06-30": "0.18550", "2018-03-31": "1.77660", "2017-12-31": "-3.09090", "2017-09-30": "2.34880", "2017-06-30": "2.16280", "2017-03-31": "1.78120", "2016-12-31": "1.50230", "2016-09-30": "0.50290", "2016-06-30": "-1.48430", "2016-03-31": "1.21580", "2015-12-31": "1.12380", "2015-09-30": "1.12160", "2015-06-30": "2.68600", "2015-03-31": "2.06200", "2014-12-31": "1.83190", "2014-09-30": "1.99620", "2014-06-30": "1.99720", "2014-03-31": "2.74100", "2013-12-31": "2.63300", "2013-09-30": "2.51710", "2013-06-30": "2.02340", "2013-03-31": "1.54980", "2012-12-31": "0.26470", "2012-09-30": "-0.54480", "2012-06-30": "2.50280", "2012-03-31": "2.61480", "2011-12-31": "2.56490", "2011-09-30": "2.61350", "2011-06-30": "3.27780", "2011-03-31": "4.40060", "2010-12-31": "3.60340", "2010-09-30": "3.72990", "2010-06-30": "3.41140", "2010-03-31": "3.01030", "2009-12-31": "2.84020", "2009-09-30": "1.83950", "2009-06-30": "1.14680", "2009-03-31": "0.91300", "2008-12-31": "2.95680", "2008-09-30": "3.00840", "2008-06-30": "2.97030", "2008-03-31": "3.01300", "2007-12-31": "3.06200", "2007-09-30": "2.69840", "2007-06-30": "3.39890", "2007-03-31": "5.62700", "2006-12-31": "3.19730", "2006-09-30": "3.46920", "2006-06-30": "3.35490", "2006-03-31": "3.21480", "2005-12-31": "1.99970", "2005-09-30": "3.35290", "2005-06-30": "3.22530", "2005-03-31": "3.10320"}, "ROI - Return On Investment": {"2020-12-31": "0.27960", "2020-09-30": "0.54020", "2020-06-30": "0.93410", "2020-03-31": "0.69090", "2019-12-31": "2.25500", "2019-09-30": "0.79050", "2019-06-30": "0.36220", "2019-03-31": "1.22740", "2018-12-31": "0.31330", "2018-09-30": "0.65420", "2018-06-30": "0.23570", "2018-03-31": "2.91180", "2017-12-31": "-4.03390", "2017-09-30": "2.88500", "2017-06-30": "2.66710", "2017-03-31": "2.21860", "2016-12-31": "1.88610", "2016-09-30": "0.63240", "2016-06-30": "-1.86100", "2016-03-31": "1.46230", "2015-12-31": "1.35040", "2015-09-30": "1.34720", "2015-06-30": "3.29650", "2015-03-31": "2.53560", "2014-12-31": "2.33970", "2014-09-30": "2.57370", "2014-06-30": "2.56490", "2014-03-31": "3.55220", "2013-12-31": "3.42160", "2013-09-30": "3.30870", "2013-06-30": "2.68320", "2013-03-31": "2.04640", "2012-12-31": "0.35100", "2012-09-30": "-0.72450", "2012-06-30": "3.31360", "2012-03-31": "3.43760", "2011-12-31": "3.37690", "2011-09-30": "3.51560", "2011-06-30": "4.45590", "2011-03-31": "6.04750", "2010-12-31": "5.10790", "2010-09-30": "5.28700", "2010-06-30": "4.81110", "2010-03-31": "4.04200", "2009-12-31": "3.80730", "2009-09-30": "2.47730", "2009-06-30": "1.52660", "2009-03-31": "1.20380", "2008-12-31": "3.33820", "2008-09-30": "3.54050", "2008-06-30": "3.42970", "2008-03-31": "3.46230", "2007-12-31": "3.46360", "2007-09-30": "3.12460", "2007-06-30": "3.89570", "2007-03-31": "6.37150", "2006-12-31": "3.85550", "2006-09-30": "4.29740", "2006-06-30": "4.30610", "2006-03-31": "4.37770", "2005-12-31": "2.43300", "2005-09-30": "4.07120", "2005-06-30": "3.92860", "2005-03-31": "3.79630"}, "Book Value Per Share": {"2020-12-31": "19.67260", "2020-09-30": "20.91680", "2020-06-30": "21.79160", "2020-03-31": "22.76770", "2019-12-31": "23.44790", "2019-09-30": "22.45450", "2019-06-30": "22.21650", "2019-03-31": "22.25470", "2018-12-31": "21.78020", "2018-09-30": "21.88830", "2018-06-30": "21.75770", "2018-03-31": "13.95490", "2017-12-31": "13.59160", "2017-09-30": "15.16430", "2017-06-30": "14.66340", "2017-03-31": "14.27670", "2016-12-31": "11.86020", "2016-09-30": "11.66690", "2016-06-30": "11.77760", "2016-03-31": "10.53950", "2015-12-31": "10.44890", "2015-09-30": "10.48690", "2015-06-30": "10.36960", "2015-03-31": "10.19910", "2014-12-31": "11.32960", "2014-09-30": "11.20710", "2014-06-30": "10.82650", "2014-03-31": "10.67710", "2013-12-31": "10.42150", "2013-09-30": "10.17600", "2013-06-30": "9.90500", "2013-03-31": "9.84090", "2012-12-31": "9.86520", "2012-09-30": "10.09840", "2012-06-30": "10.41910", "2012-03-31": "10.30630", "2011-12-31": "10.10810", "2011-09-30": "9.96160", "2011-06-30": "9.86150", "2011-03-31": "9.56220", "2010-12-31": "8.76200", "2010-09-30": "8.76320", "2010-06-30": "8.43180", "2010-03-31": "8.27380", "2009-12-31": "8.05430", "2009-09-30": "7.94390", "2009-06-30": "7.96580", "2009-03-31": "8.15410", "2008-12-31": "5.59490", "2008-09-30": "5.43920", "2008-06-30": "5.70580", "2008-03-31": "5.62130", "2007-12-31": "6.15400", "2007-09-30": "9.01290", "2007-06-30": "9.42780", "2007-03-31": "9.21800", "2006-12-31": "8.74610", "2006-09-30": "8.58380", "2006-06-30": "8.32890", "2006-03-31": "8.08090", "2005-12-31": "7.78960", "2005-09-30": "7.67660", "2005-06-30": "7.43640", "2005-03-31": "7.15200"}, "Operating Cash Flow Per Share": {"2020-12-31": 1.7508, "2020-09-30": 1.6306, "2020-06-30": "1.94650", "2020-03-31": 1.4881, "2019-12-31": 1.4958, "2019-09-30": 1.5429, "2019-06-30": "1.49900", "2019-03-31": 1.504, "2018-12-31": 2.0609, "2018-09-30": 1.938, "2018-06-30": "1.19900", "2018-03-31": 1.1751, "2017-12-31": 1.6889, "2017-09-30": 1.4192, "2017-06-30": "1.42030", "2017-03-31": 1.3823, "2016-12-31": 1.2234, "2016-09-30": 0.8618, "2016-06-30": "1.04490", "2016-03-31": 0.9381, "2015-12-31": 0.9594, "2015-09-30": 0.6892, "2015-06-30": "0.83740", "2015-03-31": 0.7977, "2014-12-31": 0.8398, "2014-09-30": 0.85, "2014-06-30": "0.73840", "2014-03-31": 0.9488, "2013-12-31": 0.659, "2013-09-30": 0.7125, "2013-06-30": "0.78850", "2013-03-31": 0.6107, "2012-12-31": 0.6309, "2012-09-30": 0.3577, "2012-06-30": "0.63310", "2012-03-31": 0.5781, "2011-12-31": 0.2571, "2011-09-30": 0.7819, "2011-06-30": "0.40720", "2011-03-31": 0.8007, "2010-12-31": 0.6634, "2010-09-30": 0.8269, "2010-06-30": "0.70140", "2010-03-31": 0.5818, "2009-12-31": 0.5307, "2009-09-30": 0.6803, "2009-06-30": "0.62020", "2009-03-31": 0.2145, "2008-12-31": 0.0146, "2008-09-30": 0.779, "2008-06-30": "0.64430", "2008-03-31": 0.4054, "2007-12-31": 0.6769, "2007-09-30": 0.4787, "2007-06-30": "0.54850", "2007-03-31": 0.3263, "2006-12-31": 0.4807, "2006-09-30": 0.5484, "2006-06-30": "0.59060", "2006-03-31": 0.5358, "2005-12-31": 0.5522, "2005-09-30": 0.5047, "2005-06-30": "0.44110", "2005-03-31": 1.664}, "Free Cash Flow Per Share": {"2020-12-31": 1.6746, "2020-09-30": 1.6093, "2020-06-30": "1.90960", "2020-03-31": 1.4504, "2019-12-31": 1.4431, "2019-09-30": 1.476, "2019-06-30": "1.40490", "2019-03-31": 1.3599, "2018-12-31": 1.9308, "2018-09-30": 1.6514, "2018-06-30": "0.84460", "2018-03-31": 0.9755, "2017-12-31": 1.434, "2017-09-30": 1.1756, "2017-06-30": "1.32890", "2017-03-31": 1.3818, "2016-12-31": -0.8521, "2016-09-30": 2.8013, "2016-06-30": "0.95860", "2016-03-31": 0.8615, "2015-12-31": 0.9443, "2015-09-30": 0.5514, "2015-06-30": "0.68240", "2015-03-31": 0.6661, "2014-12-31": 0.6729, "2014-09-30": 0.6787, "2014-06-30": "0.53960", "2014-03-31": 0.7929, "2013-12-31": 0.5501, "2013-09-30": 0.5867, "2013-06-30": "0.73410", "2013-03-31": 0.5417, "2012-12-31": 0.5895, "2012-09-30": 0.2731, "2012-06-30": "0.58260", "2012-03-31": 0.5618, "2011-12-31": 0.2309, "2011-09-30": 0.6529, "2011-06-30": "0.27420", "2011-03-31": 0.6717, "2010-12-31": 0.499, "2010-09-30": 0.6605, "2010-06-30": "0.52200", "2010-03-31": 0.4789, "2009-12-31": 0.4316, "2009-09-30": 0.6484, "2009-06-30": "0.60000", "2009-03-31": 0.1656, "2008-12-31": -0.1226, "2008-09-30": 0.5309, "2008-06-30": "0.53050", "2008-03-31": 0.3082, "2007-12-31": 0.6126, "2007-09-30": 0.4249, "2007-06-30": "0.43450", "2007-03-31": 0.2871, "2006-12-31": 0.4111, "2006-09-30": 0.4611, "2006-06-30": "0.51480", "2006-03-31": 0.3796, "2005-12-31": 0.4708, "2005-09-30": 0.4569, "2005-06-30": "0.37170", "2005-03-31": 1.3658}}, "revenue": {"Microchip Technology Annual Revenue (Millions of US $)": {"2020": "$5,274", "2019": "$5,350", "2018": "$3,981", "2017": "$3,408", "2016": "$2,173", "2015": "$2,147", "2014": "$1,931", "2013": "$1,582", "2012": "$1,383", "2011": "$1,487", "2010": "$948", "2009": "$903", "2008": "$1,036", "2007": "$1,040", "2006": "$928", "2005": "$847"}, "Microchip Technology Quarterly Revenue (Millions of US $)": {"2020-12-31": "$1,352", "2020-09-30": "$1,310", "2020-06-30": "$1,310", "2020-03-31": "$1,326", "2019-12-31": "$1,287", "2019-09-30": "$1,338", "2019-06-30": "$1,323", "2019-03-31": "$1,330", "2018-12-31": "$1,375", "2018-09-30": "$1,433", "2018-06-30": "$1,213", "2018-03-31": "$1,002", "2017-12-31": "$994", "2017-09-30": "$1,012", "2017-06-30": "$972", "2017-03-31": "$903", "2016-12-31": "$834", "2016-09-30": "$871", "2016-06-30": "$799", "2016-03-31": "$558", "2015-12-31": "$540", "2015-09-30": "$541", "2015-06-30": "$534", "2015-03-31": "$543", "2014-12-31": "$529", "2014-09-30": "$546", "2014-06-30": "$529", "2014-03-31": "$493", "2013-12-31": "$482", "2013-09-30": "$493", "2013-06-30": "$463", "2013-03-31": "$430", "2012-12-31": "$416", "2012-09-30": "$383", "2012-06-30": "$352", "2012-03-31": "$339", "2011-12-31": "$329", "2011-09-30": "$341", "2011-06-30": "$375", "2011-03-31": "$380", "2010-12-31": "$368", "2010-09-30": "$382", "2010-06-30": "$357", "2010-03-31": "$278", "2009-12-31": "$250", "2009-09-30": "$227", "2009-06-30": "$193", "2009-03-31": "$173", "2008-12-31": "$192", "2008-09-30": "$270", "2008-06-30": "$268", "2008-03-31": "$260", "2007-12-31": "$253", "2007-09-30": "$259", "2007-06-30": "$264", "2007-03-31": "$258", "2006-12-31": "$251", "2006-09-30": "$268", "2006-06-30": "$263", "2006-03-31": "$247", "2005-12-31": "$235", "2005-09-30": "$227", "2005-06-30": "$219", "2005-03-31": "$208"}}, "gross-profit": {"Microchip Technology Annual Gross Profit (Millions of US $)": {"2020": "$3,242", "2019": "$2,931", "2018": "$2,421", "2017": "$1,757", "2016": "$1,206", "2015": "$1,230", "2014": "$1,129", "2013": "$838", "2012": "$799", "2011": "$881", "2010": "$534", "2009": "$517", "2008": "$625", "2007": "$625", "2006": "$551", "2005": "$484"}, "Microchip Technology Quarterly Gross Profit (Millions of US $)": {"2020-12-31": "$846", "2020-09-30": "$808", "2020-06-30": "$798", "2020-03-31": "$814", "2019-12-31": "$786", "2019-09-30": "$828", "2019-06-30": "$815", "2019-03-31": "$820", "2018-12-31": "$780", "2018-09-30": "$689", "2018-06-30": "$642", "2018-03-31": "$615", "2017-12-31": "$607", "2017-09-30": "$614", "2017-06-30": "$584", "2017-03-31": "$533", "2016-12-31": "$465", "2016-09-30": "$411", "2016-06-30": "$348", "2016-03-31": "$303", "2015-12-31": "$293", "2015-09-30": "$301", "2015-06-30": "$309", "2015-03-31": "$314", "2014-12-31": "$302", "2014-09-30": "$307", "2014-06-30": "$307", "2014-03-31": "$291", "2013-12-31": "$283", "2013-09-30": "$289", "2013-06-30": "$267", "2013-03-31": "$239", "2012-12-31": "$200", "2012-09-30": "$194", "2012-06-30": "$205", "2012-03-31": "$197", "2011-12-31": "$185", "2011-09-30": "$197", "2011-06-30": "$220", "2011-03-31": "$232", "2010-12-31": "$216", "2010-09-30": "$225", "2010-06-30": "$207", "2010-03-31": "$168", "2009-12-31": "$146", "2009-09-30": "$123", "2009-06-30": "$96", "2009-03-31": "$84", "2008-12-31": "$105", "2008-09-30": "$164", "2008-06-30": "$164", "2008-03-31": "$159", "2007-12-31": "$153", "2007-09-30": "$155", "2007-06-30": "$159", "2007-03-31": "$155", "2006-12-31": "$150", "2006-09-30": "$162", "2006-06-30": "$158", "2006-03-31": "$149", "2005-12-31": "$140", "2005-09-30": "$135", "2005-06-30": "$128", "2005-03-31": "$119"}}, "operating-income": {"Microchip Technology Annual Operating Income (Millions of US $)": {"2020": "$647", "2019": "$714", "2018": "$936", "2017": "$276", "2016": "$352", "2015": "$426", "2014": "$459", "2013": "$179", "2012": "$397", "2011": "$474", "2010": "$245", "2009": "$233", "2008": "$302", "2007": "$348", "2006": "$326", "2005": "$259"}, "Microchip Technology Quarterly Operating Income (Millions of US $)": {"2020-12-31": "$246", "2020-09-30": "$226", "2020-06-30": "$218", "2020-03-31": "$161", "2019-12-31": "$131", "2019-09-30": "$184", "2019-06-30": "$172", "2019-03-31": "$285", "2018-12-31": "$195", "2018-09-30": "$103", "2018-06-30": "$132", "2018-03-31": "$244", "2017-12-31": "$245", "2017-09-30": "$225", "2017-06-30": "$222", "2017-03-31": "$154", "2016-12-31": "$118", "2016-09-30": "$63", "2016-06-30": "$-59", "2016-03-31": "$80", "2015-12-31": "$76", "2015-09-30": "$75", "2015-06-30": "$121", "2015-03-31": "$110", "2014-12-31": "$98", "2014-09-30": "$101", "2014-06-30": "$116", "2014-03-31": "$126", "2013-12-31": "$117", "2013-09-30": "$118", "2013-06-30": "$98", "2013-03-31": "$57", "2012-12-31": "$17", "2012-09-30": "$8", "2012-06-30": "$96", "2012-03-31": "$94", "2011-12-31": "$88", "2011-09-30": "$98", "2011-06-30": "$117", "2011-03-31": "$124", "2010-12-31": "$117", "2010-09-30": "$123", "2010-06-30": "$109", "2010-03-31": "$88", "2009-12-31": "$73", "2009-09-30": "$53", "2009-06-30": "$31", "2009-03-31": "$19", "2008-12-31": "$40", "2008-09-30": "$87", "2008-06-30": "$87", "2008-03-31": "$82", "2007-12-31": "$79", "2007-09-30": "$56", "2007-06-30": "$85", "2007-03-31": "$85", "2006-12-31": "$81", "2006-09-30": "$91", "2006-06-30": "$90", "2006-03-31": "$89", "2005-12-31": "$85", "2005-09-30": "$79", "2005-06-30": "$73", "2005-03-31": "$68"}}, "ebitda": {"Microchip Technology Annual EBITDA (Millions of US $)": {"2020": "$2,002", "2019": "$1,722", "2018": "$1,665", "2017": "$806", "2016": "$697", "2015": "$731", "2014": "$670", "2013": "$404", "2012": "$519", "2011": "$588", "2010": "$341", "2009": "$334", "2008": "$402", "2007": "$464", "2006": "$437", "2005": "$379"}, "Microchip Technology Quarterly EBITDA (Millions of US $)": {"2020-12-31": "$551", "2020-09-30": "$534", "2020-06-30": "$541", "2020-03-31": "$507", "2019-12-31": "$466", "2019-09-30": "$516", "2019-06-30": "$513", "2019-03-31": "$557", "2018-12-31": "$472", "2018-09-30": "$357", "2018-06-30": "$335", "2018-03-31": "$430", "2017-12-31": "$428", "2017-09-30": "$406", "2017-06-30": "$401", "2017-03-31": "$303", "2016-12-31": "$247", "2016-09-30": "$189", "2016-06-30": "$67", "2016-03-31": "$170", "2015-12-31": "$168", "2015-09-30": "$161", "2015-06-30": "$197", "2015-03-31": "$194", "2014-12-31": "$177", "2014-09-30": "$178", "2014-06-30": "$182", "2014-03-31": "$177", "2013-12-31": "$167", "2013-09-30": "$171", "2013-06-30": "$154", "2013-03-31": "$125", "2012-12-31": "$94", "2012-09-30": "$61", "2012-06-30": "$124", "2012-03-31": "$136", "2011-12-31": "$115", "2011-09-30": "$125", "2011-06-30": "$144", "2011-03-31": "$152", "2010-12-31": "$146", "2010-09-30": "$152", "2010-06-30": "$136", "2010-03-31": "$112", "2009-12-31": "$97", "2009-09-30": "$77", "2009-06-30": "$55", "2009-03-31": "$47", "2008-12-31": "$65", "2008-09-30": "$112", "2008-06-30": "$111", "2008-03-31": "$105", "2007-12-31": "$103", "2007-09-30": "$82", "2007-06-30": "$112", "2007-03-31": "$114", "2006-12-31": "$111", "2006-09-30": "$121", "2006-06-30": "$118", "2006-03-31": "$117", "2005-12-31": "$112", "2005-09-30": "$107", "2005-06-30": "$101", "2005-03-31": "$97"}}, "net-income": {"Microchip Technology Annual Net Income (Millions of US $)": {"2020": "$571", "2019": "$356", "2018": "$255", "2017": "$165", "2016": "$324", "2015": "$369", "2014": "$395", "2013": "$127", "2012": "$337", "2011": "$419", "2010": "$217", "2009": "$246", "2008": "$297", "2007": "$357", "2006": "$242", "2005": "$214"}, "Microchip Technology Quarterly Net Income (Millions of US $)": {"2020-12-31": "$36", "2020-09-30": "$74", "2020-06-30": "$124", "2020-03-31": "$100", "2019-12-31": "$311", "2019-09-30": "$109", "2019-06-30": "$51", "2019-03-31": "$175", "2018-12-31": "$49", "2018-09-30": "$96", "2018-06-30": "$36", "2018-03-31": "$147", "2017-12-31": "$-251", "2017-09-30": "$189", "2017-06-30": "$171", "2017-03-31": "$137", "2016-12-31": "$107", "2016-09-30": "$34", "2016-06-30": "$-113", "2016-03-31": "$67", "2015-12-31": "$61", "2015-09-30": "$65", "2015-06-30": "$131", "2015-03-31": "$99", "2014-12-31": "$86", "2014-09-30": "$94", "2014-06-30": "$90", "2014-03-31": "$111", "2013-12-31": "$105", "2013-09-30": "$100", "2013-06-30": "$79", "2013-03-31": "$60", "2012-12-31": "$10", "2012-09-30": "$-21", "2012-06-30": "$79", "2012-03-31": "$81", "2011-12-31": "$77", "2011-09-30": "$79", "2011-06-30": "$99", "2011-03-31": "$126", "2010-12-31": "$101", "2010-09-30": "$103", "2010-06-30": "$90", "2010-03-31": "$76", "2009-12-31": "$69", "2009-09-30": "$44", "2009-06-30": "$27", "2009-03-31": "$22", "2008-12-31": "$72", "2008-09-30": "$76", "2008-06-30": "$76", "2008-03-31": "$76", "2007-12-31": "$80", "2007-09-30": "$61", "2007-06-30": "$80", "2007-03-31": "$128", "2006-12-31": "$73", "2006-09-30": "$79", "2006-06-30": "$77", "2006-03-31": "$76", "2005-12-31": "$40", "2005-09-30": "$66", "2005-06-30": "$61", "2005-03-31": "$56"}}, "eps-earnings-per-share-diluted": {"Microchip Technology Annual EPS": {"2020": "$2.23", "2019": "$1.42", "2018": "$1.03", "2017": "$0.71", "2016": "$1.49", "2015": "$1.65", "2014": "$1.82", "2013": "$0.62", "2012": "$1.65", "2011": "$2.15", "2010": "$1.16", "2009": "$1.31", "2008": "$1.40", "2007": "$1.62", "2006": "$1.13", "2005": "$1.01"}, "Microchip Technology Quarterly EPS": {"2020-12-31": "$0.13", "2020-09-30": "$0.27", "2020-06-30": "$0.48", "2020-03-31": "$0.40", "2019-12-31": "$1.20", "2019-09-30": "$0.43", "2019-06-30": "$0.20", "2019-03-31": "$0.70", "2018-12-31": "$0.20", "2018-09-30": "$0.38", "2018-06-30": "$0.14", "2018-03-31": "$0.63", "2017-12-31": "$-1.07", "2017-09-30": "$0.77", "2017-06-30": "$0.70", "2017-03-31": "$0.64", "2016-12-31": "$0.46", "2016-09-30": "$0.14", "2016-06-30": "$-0.53", "2016-03-31": "$0.31", "2015-12-31": "$0.28", "2015-09-30": "$0.30", "2015-06-30": "$0.60", "2015-03-31": "$0.44", "2014-12-31": "$0.39", "2014-09-30": "$0.42", "2014-06-30": "$0.40", "2014-03-31": "$0.51", "2013-12-31": "$0.48", "2013-09-30": "$0.46", "2013-06-30": "$0.37", "2013-03-31": "$0.29", "2012-12-31": "$0.05", "2012-09-30": "$-0.11", "2012-06-30": "$0.39", "2012-03-31": "$0.38", "2011-12-31": "$0.38", "2011-09-30": "$0.40", "2011-06-30": "$0.49", "2011-03-31": "$0.63", "2010-12-31": "$0.51", "2010-09-30": "$0.54", "2010-06-30": "$0.47", "2010-03-31": "$0.40", "2009-12-31": "$0.37", "2009-09-30": "$0.24", "2009-06-30": "$0.15", "2009-03-31": "$0.12", "2008-12-31": "$0.39", "2008-09-30": "$0.40", "2008-06-30": "$0.40", "2008-03-31": "$0.39", "2007-12-31": "$0.38", "2007-09-30": "$0.27", "2007-06-30": "$0.36", "2007-03-31": "$0.58", "2006-12-31": "$0.33", "2006-09-30": "$0.36", "2006-06-30": "$0.35", "2006-03-31": "$0.34", "2005-12-31": "$0.19", "2005-09-30": "$0.31", "2005-06-30": "$0.29", "2005-03-31": "$0.26"}}, "shares-outstanding": {"Microchip Technology Annual Shares Outstanding (Millions of Shares)": {"2020": "256", "2019": "250", "2018": "249", "2017": "235", "2016": "217", "2015": "224", "2014": "218", "2013": "206", "2012": "204", "2011": "195", "2010": "187", "2009": "187", "2008": "212", "2007": "221", "2006": "215", "2005": "212"}, "Microchip Technology Quarterly Shares Outstanding (Millions of Shares)": {"2020-12-31": "275", "2020-09-30": "268", "2020-06-30": "258", "2020-03-31": "256", "2019-12-31": "258", "2019-09-30": "255", "2019-06-30": "254", "2019-03-31": "250", "2018-12-31": "245", "2018-09-30": "252", "2018-06-30": "252", "2018-03-31": "249", "2017-12-31": "234", "2017-09-30": "245", "2017-06-30": "243", "2017-03-31": "235", "2016-12-31": "235", "2016-09-30": "234", "2016-06-30": "214", "2016-03-31": "217", "2015-12-31": "218", "2015-09-30": "217", "2015-06-30": "217", "2015-03-31": "224", "2014-12-31": "223", "2014-09-30": "225", "2014-06-30": "225", "2014-03-31": "218", "2013-12-31": "219", "2013-09-30": "216", "2013-06-30": "212", "2013-03-31": "206", "2012-12-31": "204", "2012-09-30": "194", "2012-06-30": "204", "2012-03-31": "204", "2011-12-31": "203", "2011-09-30": "200", "2011-06-30": "205", "2011-03-31": "195", "2010-12-31": "196", "2010-09-30": "191", "2010-06-30": "190", "2010-03-31": "187", "2009-12-31": "188", "2009-09-30": "187", "2009-06-30": "186", "2009-03-31": "187", "2008-12-31": "184", "2008-09-30": "188", "2008-06-30": "191", "2008-03-31": "212", "2007-12-31": "211", "2007-09-30": "222", "2007-06-30": "224", "2007-03-31": "221", "2006-12-31": "221", "2006-09-30": "220", "2006-06-30": "220", "2006-03-31": "215", "2005-12-31": "216", "2005-09-30": "215", "2005-06-30": "213", "2005-03-31": "212"}}, "total-assets": {"Microchip Technology Annual Total Assets (Millions of US $)": {"2020": "$17,426", "2019": "$18,350", "2018": "$8,257", "2017": "$7,687", "2016": "$5,538", "2015": "$4,781", "2014": "$4,068", "2013": "$3,851", "2012": "$3,084", "2011": "$2,968", "2010": "$2,516", "2009": "$2,406", "2008": "$2,512", "2007": "$2,270", "2006": "$2,351", "2005": "$1,818"}, "Microchip Technology Quarterly Total Assets (Millions of US $)": {"2020-12-31": "$16,576", "2020-09-30": "$16,771", "2020-06-30": "$17,028", "2020-03-31": "$17,426", "2019-12-31": "$17,589", "2019-09-30": "$17,859", "2019-06-30": "$18,246", "2019-03-31": "$18,350", "2018-12-31": "$18,156", "2018-09-30": "$18,667", "2018-06-30": "$19,249", "2018-03-31": "$8,257", "2017-12-31": "$8,124", "2017-09-30": "$8,055", "2017-06-30": "$7,888", "2017-03-31": "$7,687", "2016-12-31": "$7,145", "2016-09-30": "$7,074", "2016-06-30": "$7,359", "2016-03-31": "$5,538", "2015-12-31": "$5,447", "2015-09-30": "$5,786", "2015-06-30": "$4,857", "2015-03-31": "$4,781", "2014-12-31": "$4,629", "2014-09-30": "$4,611", "2014-06-30": "$4,502", "2014-03-31": "$4,068", "2013-12-31": "$4,003", "2013-09-30": "$3,965", "2013-06-30": "$3,884", "2013-03-31": "$3,851", "2012-12-31": "$3,844", "2012-09-30": "$3,888", "2012-06-30": "$3,145", "2012-03-31": "$3,084", "2011-12-31": "$3,021", "2011-09-30": "$3,034", "2011-06-30": "$3,029", "2011-03-31": "$2,968", "2010-12-31": "$2,829", "2010-09-30": "$2,808", "2010-06-30": "$2,693", "2010-03-31": "$2,516", "2009-12-31": "$2,444", "2009-09-30": "$2,418", "2009-06-30": "$2,386", "2009-03-31": "$2,406", "2008-12-31": "$2,447", "2008-09-30": "$2,517", "2008-06-30": "$2,543", "2008-03-31": "$2,512", "2007-12-31": "$2,617", "2007-09-30": "$2,249", "2007-06-30": "$2,362", "2007-03-31": "$2,270", "2006-12-31": "$2,278", "2006-09-30": "$2,291", "2006-06-30": "$2,295", "2006-03-31": "$2,351", "2005-12-31": "$2,006", "2005-09-30": "$1,958", "2005-06-30": "$1,892", "2005-03-31": "$1,818"}}, "cash-on-hand": {"Microchip Technology Annual Cash on Hand (Millions of US $)": {"2020": "$403", "2019": "$431", "2018": "$2,197", "2017": "$1,303", "2016": "$2,446", "2015": "$1,959", "2014": "$1,345", "2013": "$1,579", "2012": "$1,459", "2011": "$1,243", "2010": "$1,214", "2009": "$1,390", "2008": "$1,325", "2007": "$750", "2006": "$765", "2005": "$735"}, "Microchip Technology Quarterly Cash on Hand (Millions of US $)": {"2020-12-31": "$373", "2020-09-30": "$370", "2020-06-30": "$380", "2020-03-31": "$403", "2019-12-31": "$402", "2019-09-30": "$405", "2019-06-30": "$437", "2019-03-31": "$431", "2018-12-31": "$436", "2018-09-30": "$464", "2018-06-30": "$650", "2018-03-31": "$2,197", "2017-12-31": "$1,100", "2017-09-30": "$1,315", "2017-06-30": "$1,230", "2017-03-31": "$1,303", "2016-12-31": "$670", "2016-09-30": "$491", "2016-06-30": "$602", "2016-03-31": "$2,446", "2015-12-31": "$1,008", "2015-09-30": "$2,002", "2015-06-30": "$1,533", "2015-03-31": "$1,959", "2014-12-31": "$1,122", "2014-09-30": "$1,283", "2014-06-30": "$1,760", "2014-03-31": "$1,345", "2013-12-31": "$1,307", "2013-09-30": "$1,152", "2013-06-30": "$962", "2013-03-31": "$1,579", "2012-12-31": "$1,622", "2012-09-30": "$1,553", "2012-06-30": "$1,662", "2012-03-31": "$1,459", "2011-12-31": "$1,302", "2011-09-30": "$1,415", "2011-06-30": "$1,518", "2011-03-31": "$1,243", "2010-12-31": "$1,191", "2010-09-30": "$1,379", "2010-06-30": "$1,316", "2010-03-31": "$1,214", "2009-12-31": "$1,078", "2009-09-30": "$1,364", "2009-06-30": "$1,407", "2009-03-31": "$1,390", "2008-12-31": "$1,398", "2008-09-30": "$1,108", "2008-06-30": "$1,039", "2008-03-31": "$1,325", "2007-12-31": "$1,438", "2007-09-30": "$833", "2007-06-30": "$722", "2007-03-31": "$750", "2006-12-31": "$729", "2006-09-30": "$612", "2006-06-30": "$754", "2006-03-31": "$765", "2005-12-31": "$992", "2005-09-30": "$902", "2005-06-30": "$815", "2005-03-31": "$735"}}, "long-term-debt": {"Microchip Technology Annual Long Term Debt (Millions of US $)": {"2020": "$8,873", "2019": "$8,946", "2018": "$1,758", "2017": "$2,901", "2016": "$2,453", "2015": "$1,827", "2014": "$1,003", "2013": "$983", "2012": "$355", "2011": "$347", "2010": "$341", "2009": "$334", "2008": "$1,150", "2007": "$", "2006": "$", "2005": "$"}, "Microchip Technology Quarterly Long Term Debt (Millions of US $)": {"2020-12-31": "$7,648", "2020-09-30": "$8,181", "2020-06-30": "$7,730", "2020-03-31": "$8,873", "2019-12-31": "$8,180", "2019-09-30": "$8,415", "2019-06-30": "$8,711", "2019-03-31": "$8,946", "2018-12-31": "$10,542", "2018-09-30": "$9,551", "2018-06-30": "$10,020", "2018-03-31": "$1,758", "2017-12-31": "$3,040", "2017-09-30": "$3,012", "2017-06-30": "$2,984", "2017-03-31": "$2,901", "2016-12-31": "$3,124", "2016-09-30": "$3,105", "2016-06-30": "$3,337", "2016-03-31": "$2,453", "2015-12-31": "$2,406", "2015-09-30": "$2,688", "2015-06-30": "$1,859", "2015-03-31": "$1,827", "2014-12-31": "$1,342", "2014-09-30": "$1,324", "2014-06-30": "$1,336", "2014-03-31": "$1,003", "2013-12-31": "$1,005", "2013-09-30": "$998", "2013-06-30": "$974", "2013-03-31": "$983", "2012-12-31": "$971", "2012-09-30": "$960", "2012-06-30": "$357", "2012-03-31": "$355", "2011-12-31": "$353", "2011-09-30": "$351", "2011-06-30": "$349", "2011-03-31": "$347", "2010-12-31": "$346", "2010-09-30": "$344", "2010-06-30": "$342", "2010-03-31": "$341", "2009-12-31": "$339", "2009-09-30": "$337", "2009-06-30": "$336", "2009-03-31": "$334", "2008-12-31": "$1,149", "2008-09-30": "$1,150", "2008-06-30": "$1,150", "2008-03-31": "$1,150", "2007-12-31": "$1,150", "2007-09-30": "", "2007-06-30": "", "2007-03-31": "", "2006-12-31": "", "2006-09-30": "", "2006-06-30": "", "2006-03-31": "", "2005-12-31": "", "2005-09-30": "", "2005-06-30": "", "2005-03-31": ""}}, "total-liabilities": {"Microchip Technology Annual Total Liabilities (Millions of US $)": {"2020": "$11,841", "2019": "$13,063", "2018": "$4,977", "2017": "$4,416", "2016": "$3,387", "2015": "$2,720", "2014": "$1,932", "2013": "$1,918", "2012": "$1,093", "2011": "$1,156", "2010": "$983", "2009": "$915", "2008": "$1,476", "2007": "$265", "2006": "$624", "2005": "$332"}, "Microchip Technology Quarterly Total Liabilities (Millions of US $)": {"2020-12-31": "$11,279", "2020-09-30": "$11,327", "2020-06-30": "$11,527", "2020-03-31": "$11,841", "2019-12-31": "$11,972", "2019-09-30": "$12,497", "2019-06-30": "$12,958", "2019-03-31": "$13,063", "2018-12-31": "$12,995", "2018-09-30": "$13,497", "2018-06-30": "$14,125", "2018-03-31": "$4,977", "2017-12-31": "$4,939", "2017-09-30": "$4,509", "2017-06-30": "$4,475", "2017-03-31": "$4,416", "2016-12-31": "$4,578", "2016-09-30": "$4,555", "2016-06-30": "$4,826", "2016-03-31": "$3,387", "2015-12-31": "$3,320", "2015-09-30": "$3,657", "2015-06-30": "$2,758", "2015-03-31": "$2,720", "2014-12-31": "$2,347", "2014-09-30": "$2,358", "2014-06-30": "$2,332", "2014-03-31": "$1,932", "2013-12-31": "$1,928", "2013-09-30": "$1,947", "2013-06-30": "$1,929", "2013-03-31": "$1,918", "2012-12-31": "$1,916", "2012-09-30": "$1,924", "2012-06-30": "$1,127", "2012-03-31": "$1,093", "2011-12-31": "$1,080", "2011-09-30": "$1,130", "2011-06-30": "$1,150", "2011-03-31": "$1,156", "2010-12-31": "$1,179", "2010-09-30": "$1,171", "2010-06-30": "$1,126", "2010-03-31": "$983", "2009-12-31": "$960", "2009-09-30": "$960", "2009-06-30": "$929", "2009-03-31": "$915", "2008-12-31": "$1,429", "2008-09-30": "$1,528", "2008-06-30": "$1,491", "2008-03-31": "$1,476", "2007-12-31": "$1,454", "2007-09-30": "$307", "2007-06-30": "$301", "2007-03-31": "$265", "2006-12-31": "$389", "2006-09-30": "$442", "2006-06-30": "$507", "2006-03-31": "$624", "2005-12-31": "$357", "2005-09-30": "$345", "2005-06-30": "$339", "2005-03-31": "$332"}}, "total-share-holder-equity": {"Microchip Technology Annual Share Holder Equity (Millions of US $)": {"2020": "$5,586", "2019": "$5,288", "2018": "$3,280", "2017": "$3,271", "2016": "$2,151", "2015": "$2,061", "2014": "$2,135", "2013": "$1,933", "2012": "$1,991", "2011": "$1,812", "2010": "$1,533", "2009": "$1,490", "2008": "$1,036", "2007": "$2,004", "2006": "$1,726", "2005": "$1,486"}, "Microchip Technology Quarterly Share Holder Equity (Millions of US $)": {"2020-12-31": "$5,297", "2020-09-30": "$5,444", "2020-06-30": "$5,501", "2020-03-31": "$5,586", "2019-12-31": "$5,617", "2019-09-30": "$5,361", "2019-06-30": "$5,288", "2019-03-31": "$5,288", "2018-12-31": "$5,161", "2018-09-30": "$5,170", "2018-06-30": "$5,124", "2018-03-31": "$3,280", "2017-12-31": "$3,185", "2017-09-30": "$3,546", "2017-06-30": "$3,413", "2017-03-31": "$3,271", "2016-12-31": "$2,567", "2016-09-30": "$2,520", "2016-06-30": "$2,533", "2016-03-31": "$2,151", "2015-12-31": "$2,126", "2015-09-30": "$2,129", "2015-06-30": "$2,099", "2015-03-31": "$2,061", "2014-12-31": "$2,282", "2014-09-30": "$2,252", "2014-06-30": "$2,170", "2014-03-31": "$2,135", "2013-12-31": "$2,075", "2013-09-30": "$2,019", "2013-06-30": "$1,954", "2013-03-31": "$1,933", "2012-12-31": "$1,927", "2012-09-30": "$1,964", "2012-06-30": "$2,018", "2012-03-31": "$1,991", "2011-12-31": "$1,941", "2011-09-30": "$1,904", "2011-06-30": "$1,879", "2011-03-31": "$1,812", "2010-12-31": "$1,650", "2010-09-30": "$1,637", "2010-06-30": "$1,567", "2010-03-31": "$1,533", "2009-12-31": "$1,484", "2009-09-30": "$1,458", "2009-06-30": "$1,457", "2009-03-31": "$1,490", "2008-12-31": "$1,019", "2008-09-30": "$989", "2008-06-30": "$1,053", "2008-03-31": "$1,036", "2007-12-31": "$1,163", "2007-09-30": "$1,942", "2007-06-30": "$2,061", "2007-03-31": "$2,004", "2006-12-31": "$1,889", "2006-09-30": "$1,850", "2006-06-30": "$1,788", "2006-03-31": "$1,726", "2005-12-31": "$1,649", "2005-09-30": "$1,613", "2005-06-30": "$1,553", "2005-03-31": "$1,486"}}, "profit-margins": {"current": "6.29%"}, "gross margin": {"2020-12-31": "61.65%", "2020-09-30": "61.27%", "2020-06-30": "61.32%", "2020-03-31": "61.49%", "2019-12-31": "61.56%", "2019-09-30": "60.44%", "2019-06-30": "56.84%", "2019-03-31": "54.77%", "2018-12-31": "54.27%", "2018-09-30": "55.00%", "2018-06-30": "58.71%", "2018-03-31": "60.80%", "2017-12-31": "60.24%", "2017-09-30": "59.02%", "2017-06-30": "55.67%", "2017-03-31": "51.57%", "2016-12-31": "49.87%", "2016-09-30": "48.95%", "2016-06-30": "51.07%", "2016-03-31": "55.50%", "2015-12-31": "56.39%", "2015-09-30": "57.10%", "2015-06-30": "57.25%", "2015-03-31": "57.29%", "2014-12-31": "57.56%", "2014-09-30": "57.95%", "2014-06-30": "58.59%", "2014-03-31": "58.52%", "2013-12-31": "57.71%", "2013-09-30": "55.22%", "2013-06-30": "53.19%", "2013-03-31": "53.00%", "2012-12-31": "53.42%", "2012-09-30": "55.67%", "2012-06-30": "57.60%", "2012-03-31": "57.73%", "2011-12-31": "58.53%", "2011-09-30": "59.08%", "2011-06-30": "59.34%", "2011-03-31": "59.18%", "2010-12-31": "58.92%", "2010-09-30": "58.88%", "2010-06-30": "57.91%", "2010-03-31": "56.22%", "2009-12-31": "53.26%", "2009-09-30": "51.97%", "2009-06-30": "54.23%", "2009-03-31": "57.25%", "2008-12-31": "59.80%", "2008-09-30": "60.89%", "2008-06-30": "60.67%", "2008-03-31": "60.42%", "2007-12-31": "60.15%", "2007-09-30": "59.98%", "2007-06-30": "60.13%", "2007-03-31": "60.10%", "2006-12-31": "60.16%", "2006-09-30": "60.12%", "2006-06-30": "59.88%", "2006-03-31": "59.48%", "2005-12-31": "58.72%"}, "operating margin": {"2020-12-31": "16.06%", "2020-09-30": "14.06%", "2020-06-30": "13.19%", "2020-03-31": "12.29%", "2019-12-31": "14.63%", "2019-09-30": "15.58%", "2019-06-30": "13.83%", "2019-03-31": "13.36%", "2018-12-31": "13.42%", "2018-09-30": "15.60%", "2018-06-30": "20.04%", "2018-03-31": "23.52%", "2017-12-31": "21.80%", "2017-09-30": "19.32%", "2017-06-30": "15.56%", "2017-03-31": "8.10%", "2016-12-31": "6.60%", "2016-09-30": "5.78%", "2016-06-30": "7.05%", "2016-03-31": "16.20%", "2015-12-31": "17.70%", "2015-09-30": "18.82%", "2015-06-30": "19.98%", "2015-03-31": "19.80%", "2014-12-31": "21.03%", "2014-09-30": "22.44%", "2014-06-30": "23.89%", "2014-03-31": "23.77%", "2013-12-31": "20.88%", "2013-09-30": "16.09%", "2013-06-30": "10.64%", "2013-03-31": "11.26%", "2012-12-31": "14.43%", "2012-09-30": "20.38%", "2012-06-30": "27.63%", "2012-03-31": "28.68%", "2011-12-31": "29.96%", "2011-09-30": "31.15%", "2011-06-30": "31.96%", "2011-03-31": "31.81%", "2010-12-31": "31.55%", "2010-09-30": "31.02%", "2010-06-30": "29.05%", "2010-03-31": "25.84%", "2009-12-31": "20.88%", "2009-09-30": "18.22%", "2009-06-30": "21.38%", "2009-03-31": "25.80%", "2008-12-31": "29.90%", "2008-09-30": "31.87%", "2008-06-30": "29.23%", "2008-03-31": "29.15%", "2007-12-31": "29.50%", "2007-09-30": "29.75%", "2007-06-30": "32.85%", "2007-03-31": "33.37%", "2006-12-31": "34.11%", "2006-09-30": "35.04%", "2006-06-30": "35.29%", "2006-03-31": "35.13%", "2005-12-31": "34.31%"}, "ebitda margin": {"2020-12-31": "40.26%", "2020-09-30": "39.14%", "2020-06-30": "38.59%", "2020-03-31": "37.96%", "2019-12-31": "38.88%", "2019-09-30": "38.35%", "2019-06-30": "34.77%", "2019-03-31": "32.16%", "2018-12-31": "31.73%", "2018-09-30": "33.39%", "2018-06-30": "37.88%", "2018-03-31": "41.83%", "2017-12-31": "39.63%", "2017-09-30": "36.47%", "2017-06-30": "31.84%", "2017-03-31": "23.66%", "2016-12-31": "21.98%", "2016-09-30": "21.46%", "2016-06-30": "23.22%", "2016-03-31": "32.03%", "2015-12-31": "33.36%", "2015-09-30": "33.95%", "2015-06-30": "34.67%", "2015-03-31": "34.05%", "2014-12-31": "34.05%", "2014-09-30": "34.34%", "2014-06-30": "34.90%", "2014-03-31": "34.65%", "2013-12-31": "33.03%", "2013-09-30": "30.19%", "2013-06-30": "25.65%", "2013-03-31": "25.55%", "2012-12-31": "27.85%", "2012-09-30": "31.08%", "2012-06-30": "36.74%", "2012-03-31": "37.57%", "2011-12-31": "37.61%", "2011-09-30": "38.73%", "2011-06-30": "39.47%", "2011-03-31": "39.41%", "2010-12-31": "39.42%", "2010-09-30": "39.23%", "2010-06-30": "37.95%", "2010-03-31": "35.97%", "2009-12-31": "32.74%", "2009-09-30": "31.08%", "2009-06-30": "33.70%", "2009-03-31": "37.10%", "2008-12-31": "39.70%", "2008-09-30": "41.01%", "2008-06-30": "38.56%", "2008-03-31": "38.80%", "2007-12-31": "39.75%", "2007-09-30": "40.60%", "2007-06-30": "44.00%", "2007-03-31": "44.62%", "2006-12-31": "45.38%", "2006-09-30": "46.20%", "2006-06-30": "46.71%", "2006-03-31": "47.09%", "2005-12-31": "46.91%"}, "pre tax profit margin": {"2020-12-31": "4.57%", "2020-09-30": "4.51%", "2020-06-30": "3.82%", "2020-03-31": "2.88%", "2019-12-31": "4.87%", "2019-09-30": "5.61%", "2019-06-30": "3.81%", "2019-03-31": "3.83%", "2018-12-31": "4.82%", "2018-09-30": "8.27%", "2018-06-30": "14.43%", "2018-03-31": "18.52%", "2017-12-31": "16.00%", "2017-09-30": "13.63%", "2017-06-30": "9.66%", "2017-03-31": "2.61%", "2016-12-31": "2.45%", "2016-09-30": "1.52%", "2016-06-30": "2.91%", "2016-03-31": "12.98%", "2015-12-31": "13.25%", "2015-09-30": "15.00%", "2015-06-30": "16.68%", "2015-03-31": "16.12%", "2014-12-31": "19.17%", "2014-09-30": "20.93%", "2014-06-30": "22.48%", "2014-03-31": "22.37%", "2013-12-31": "19.49%", "2013-09-30": "14.48%", "2013-06-30": "8.98%", "2013-03-31": "9.68%", "2012-12-31": "13.09%", "2012-09-30": "19.17%", "2012-06-30": "26.23%", "2012-03-31": "27.46%", "2011-12-31": "28.63%", "2011-09-30": "29.92%", "2011-06-30": "31.16%", "2011-03-31": "30.93%", "2010-12-31": "30.61%", "2010-09-30": "29.99%", "2010-06-30": "27.88%", "2010-03-31": "25.11%", "2009-12-31": "21.59%", "2009-09-30": "16.82%", "2009-06-30": "20.89%", "2009-03-31": "25.69%", "2008-12-31": "29.39%", "2008-09-30": "34.44%", "2008-06-30": "32.69%", "2008-03-31": "33.69%", "2007-12-31": "34.91%", "2007-09-30": "35.47%", "2007-06-30": "38.52%", "2007-03-31": "38.56%", "2006-12-31": "38.97%", "2006-09-30": "39.29%", "2006-06-30": "38.99%", "2006-03-31": "38.58%", "2005-12-31": "37.46%"}, "net profit margin": {"2020-12-31": "6.30%", "2020-09-30": "11.64%", "2020-06-30": "12.24%", "2020-03-31": "10.83%", "2019-12-31": "12.24%", "2019-09-30": "7.16%", "2019-06-30": "6.79%", "2019-03-31": "6.65%", "2018-12-31": "6.53%", "2018-09-30": "0.60%", "2018-06-30": "2.87%", "2018-03-31": "6.43%", "2017-12-31": "6.34%", "2017-09-30": "16.23%", "2017-06-30": "12.54%", "2017-03-31": "4.84%", "2016-12-31": "3.10%", "2016-09-30": "1.77%", "2016-06-30": "3.28%", "2016-03-31": "14.91%", "2015-12-31": "16.50%", "2015-09-30": "17.75%", "2015-06-30": "19.05%", "2015-03-31": "17.19%", "2014-12-31": "18.17%", "2014-09-30": "19.51%", "2014-06-30": "20.33%", "2014-03-31": "20.46%", "2013-12-31": "18.42%", "2013-09-30": "13.82%", "2013-06-30": "7.57%", "2013-03-31": "8.10%", "2012-12-31": "10.00%", "2012-09-30": "15.40%", "2012-06-30": "23.22%", "2012-03-31": "24.28%", "2011-12-31": "26.74%", "2011-09-30": "27.66%", "2011-06-30": "28.50%", "2011-03-31": "28.24%", "2010-12-31": "26.71%", "2010-09-30": "26.68%", "2010-06-30": "25.09%", "2010-03-31": "22.78%", "2009-12-31": "19.22%", "2009-09-30": "21.02%", "2009-06-30": "23.79%", "2009-03-31": "27.24%", "2008-12-31": "30.30%", "2008-09-30": "29.31%", "2008-06-30": "28.17%", "2008-03-31": "28.67%", "2007-12-31": "33.75%", "2007-09-30": "33.14%", "2007-06-30": "34.58%", "2007-03-31": "34.33%", "2006-12-31": "29.64%", "2006-09-30": "26.85%", "2006-06-30": "26.65%", "2006-03-31": "26.19%", "2005-12-31": "25.08%"}, "pe ratio": {"current": "26.06", "2021-02-05": "127.58", "2020-12-31": "121.15", "2020-09-30": "43.79", "2020-06-30": "41.86", "2020-03-31": "30.22", "2019-12-31": "40.82", "2019-09-30": "59.65", "2019-06-30": "57.31", "2019-03-31": "56.89", "2018-12-31": "53.66", "2018-09-30": "2538.49", "2018-06-30": "208.07", "2018-03-31": "89.22", "2017-12-31": "86.34", "2017-09-30": "34.09", "2017-06-30": "39.01", "2017-03-31": "108.46", "2016-12-31": "158.03", "2016-09-30": "289.26", "2016-06-30": "130.50", "2016-03-31": "29.72", "2015-12-31": "26.01", "2015-09-30": "22.38", "2015-06-30": "22.86", "2015-03-31": "26.22", "2014-12-31": "23.32", "2014-09-30": "23.00", "2014-06-30": "23.08", "2014-03-31": "22.78", "2013-12-31": "24.11", "2013-09-30": "29.51", "2013-06-30": "53.15", "2013-03-31": "50.27", "2012-12-31": "37.39", "2012-09-30": "25.46", "2012-06-30": "17.14", "2012-03-31": "17.92", "2011-12-31": "15.35", "2011-09-30": "12.08", "2011-06-30": "13.61", "2011-03-31": "13.66", "2010-12-31": "13.70", "2010-09-30": "13.31", "2010-06-30": "13.96", "2010-03-31": "17.86", "2009-12-31": "23.99", "2009-09-30": "20.90", "2009-06-30": "14.80", "2009-03-31": "11.11", "2008-12-31": "8.31", "2008-09-30": "12.47", "2008-06-30": "14.04", "2008-03-31": "15.34", "2007-12-31": "13.01", "2007-09-30": "15.38", "2007-06-30": "14.70", "2007-03-31": "14.09", "2006-12-31": "14.91"}, "price sales": {"2021-02-05": "7.25", "2020-12-31": "6.89", "2020-09-30": "5.09", "2020-06-30": "5.11", "2020-03-31": "3.26", "2019-12-31": "4.98", "2019-09-30": "4.27", "2019-06-30": "3.88", "2019-03-31": "3.77", "2018-12-31": "3.46", "2018-09-30": "4.06", "2018-06-30": "5.08", "2018-03-31": "5.33", "2017-12-31": "5.16", "2017-09-30": "5.49", "2017-06-30": "4.83", "2017-03-31": "4.68", "2016-12-31": "4.43", "2016-09-30": "4.63", "2016-06-30": "4.17", "2016-03-31": "4.43", "2015-12-31": "4.30", "2015-09-30": "3.99", "2015-06-30": "4.39", "2015-03-31": "4.55", "2014-12-31": "4.24", "2014-09-30": "4.48", "2014-06-30": "4.67", "2014-03-31": "4.62", "2013-12-31": "4.38", "2013-09-30": "3.99", "2013-06-30": "3.79", "2013-03-31": "3.92", "2012-12-31": "3.64", "2012-09-30": "3.83", "2012-06-30": "3.98", "2012-03-31": "4.36", "2011-12-31": "4.08", "2011-09-30": "3.32", "2011-06-30": "3.84", "2011-03-31": "3.79", "2010-12-31": "3.63", "2010-09-30": "3.54", "2010-06-30": "3.50", "2010-03-31": "4.09", "2009-12-31": "4.68", "2009-09-30": "4.50", "2009-06-30": "3.59", "2009-03-31": "3.07", "2008-12-31": "2.62", "2008-09-30": "3.77", "2008-06-30": "4.08", "2008-03-31": "4.53", "2007-12-31": "4.36", "2007-09-30": "5.06", "2007-06-30": "5.06", "2007-03-31": "4.81", "2006-12-31": "4.41"}, "price book": {"current": "6.74", "2021-02-05": "7.39", "2020-12-31": "7.02", "2020-09-30": "4.90", "2020-06-30": "4.80", "2020-03-31": "2.95", "2019-12-31": "4.40", "2019-09-30": "4.06", "2019-06-30": "3.82", "2019-03-31": "3.63", "2018-12-31": "3.20", "2018-09-30": "3.48", "2018-06-30": "4.02", "2018-03-31": "6.27", "2017-12-31": "6.16", "2017-09-30": "5.62", "2017-06-30": "4.97", "2017-03-31": "4.86", "2016-12-31": "5.06", "2016-09-30": "4.96", "2016-06-30": "3.99", "2016-03-31": "4.20", "2015-12-31": "4.06", "2015-09-30": "3.71", "2015-06-30": "4.10", "2015-03-31": "4.27", "2014-12-31": "3.52", "2014-09-30": "3.69", "2014-06-30": "3.92", "2014-03-31": "3.86", "2013-12-31": "3.68", "2013-09-30": "3.36", "2013-06-30": "3.17", "2013-03-31": "3.12", "2012-12-31": "2.73", "2012-09-30": "2.65", "2012-06-30": "2.57", "2012-03-31": "2.89", "2011-12-31": "2.87", "2011-09-30": "2.45", "2011-06-30": "2.98", "2011-03-31": "3.06", "2010-12-31": "3.00", "2010-09-30": "2.70", "2010-06-30": "2.45", "2010-03-31": "2.50", "2009-12-31": "2.62", "2009-09-30": "2.39", "2009-06-30": "2.01", "2009-03-31": "1.81", "2008-12-31": "2.39", "2008-09-30": "3.65", "2008-06-30": "3.57", "2008-03-31": "3.85", "2007-12-31": "3.34", "2007-09-30": "2.61", "2007-06-30": "2.53", "2007-03-31": "2.46", "2006-12-31": "2.37", "2006-09-30": "2.37", "2006-06-30": "2.51", "2006-03-31": "2.79"}, "price fcf": {"2021-02-05": "", "2020-12-31": "$6.64", "2020-09-30": "$6.41", "2020-06-30": "$6.28", "2020-03-31": "$5.77", "2019-12-31": "$5.68", "2019-09-30": "$6.17", "2019-06-30": "$6.35", "2019-03-31": "$5.79", "2018-12-31": "$5.40", "2018-09-30": "$4.91", "2018-06-30": "$4.43", "2018-03-31": "$4.91", "2017-12-31": "$5.32", "2017-09-30": "$3.03", "2017-06-30": "$4.66", "2017-03-31": "$4.29", "2016-12-31": "$3.77", "2016-09-30": "$5.57", "2016-06-30": "$3.32", "2016-03-31": "$3.04", "2015-12-31": "$2.84", "2015-09-30": "$2.57", "2015-06-30": "$2.70", "2015-03-31": "$2.56", "2014-12-31": "$2.68", "2014-09-30": "$2.56", "2014-06-30": "$2.47", "2014-03-31": "$2.66", "2013-12-31": "$2.41", "2013-09-30": "$2.45", "2013-06-30": "$2.14", "2013-03-31": "$1.99", "2012-12-31": "$2.01", "2012-09-30": "$1.65", "2012-06-30": "$2.03", "2012-03-31": "$1.72", "2011-12-31": "$1.83", "2011-09-30": "$2.10", "2011-06-30": "$2.11", "2011-03-31": "$2.35", "2010-12-31": "$2.16", "2010-09-30": "$2.09", "2010-06-30": "$2.08", "2010-03-31": "$2.16", "2009-12-31": "$1.85", "2009-09-30": "$1.29", "2009-06-30": "$1.17", "2009-03-31": "$1.10", "2008-12-31": "$1.25", "2008-09-30": "$1.98", "2008-06-30": "$1.88", "2008-03-31": "$1.78", "2007-12-31": "$1.76", "2007-09-30": "$1.56", "2007-06-30": "$1.59", "2007-03-31": "$1.67", "2006-12-31": "$3.07"}, "net worth": {"value": "$37.87B"}, "current ratio": {"current": "0.85", "2020-12-31": "0.85", "2020-09-30": "1.07", "2020-06-30": "0.83", "2020-03-31": "1.35", "2019-12-31": "0.90", "2019-09-30": "0.90", "2019-06-30": "0.93", "2019-03-31": "0.93", "2018-12-31": "2.92", "2018-09-30": "1.04", "2018-06-30": "1.32", "2018-03-31": "1.66", "2017-12-31": "2.98", "2017-09-30": "3.33", "2017-06-30": "3.12", "2017-03-31": "3.27", "2016-12-31": "2.57", "2016-09-30": "2.58", "2016-06-30": "2.92", "2016-03-31": "8.11", "2015-12-31": "4.75", "2015-09-30": "7.48", "2015-06-30": "6.06", "2015-03-31": "7.53", "2014-12-31": "5.05", "2014-09-30": "5.13", "2014-06-30": "6.81", "2014-03-31": "5.86", "2013-12-31": "6.22", "2013-09-30": "5.37", "2013-06-30": "4.59", "2013-03-31": "6.55", "2012-12-31": "7.75", "2012-09-30": "7.03", "2012-06-30": "8.92", "2012-03-31": "8.13", "2011-12-31": "7.36", "2011-09-30": "6.57", "2011-06-30": "6.39", "2011-03-31": "5.22", "2010-12-31": "5.80", "2010-09-30": "6.18", "2010-06-30": "6.51", "2010-03-31": "7.92", "2009-12-31": "7.79", "2009-09-30": "10.14", "2009-06-30": "11.81", "2009-03-31": "11.20", "2008-12-31": "9.91", "2008-09-30": "6.71", "2008-06-30": "7.36", "2008-03-31": "8.99", "2007-12-31": "10.17", "2007-09-30": "6.69", "2007-06-30": "5.82", "2007-03-31": "4.24", "2006-12-31": "2.85", "2006-09-30": "2.23", "2006-06-30": "2.24", "2006-03-31": "1.84", "2005-12-31": "3.86", "2005-09-30": "3.80", "2005-06-30": "3.67", "2005-03-31": "3.51"}, "quick ratio": {"2020-12-31": "0.59", "2020-09-30": "0.74", "2020-06-30": "0.57", "2020-03-31": "0.94", "2019-12-31": "0.60", "2019-09-30": "0.60", "2019-06-30": "0.63", "2019-03-31": "0.63", "2018-12-31": "1.83", "2018-09-30": "0.64", "2018-06-30": "0.80", "2018-03-31": "1.43", "2017-12-31": "2.33", "2017-09-30": "2.71", "2017-06-30": "2.54", "2017-03-31": "2.68", "2016-12-31": "1.93", "2016-09-30": "1.84", "2016-06-30": "2.01", "2016-03-31": "7.30", "2015-12-31": "3.82", "2015-09-30": "6.50", "2015-06-30": "5.24", "2015-03-31": "6.74", "2014-12-31": "4.27", "2014-09-30": "4.42", "2014-06-30": "6.08", "2014-03-31": "5.08", "2013-12-31": "5.36", "2013-09-30": "4.56", "2013-06-30": "3.87", "2013-03-31": "5.84", "2012-12-31": "6.87", "2012-09-30": "6.14", "2012-06-30": "8.03", "2012-03-31": "7.26", "2011-12-31": "6.49", "2011-09-30": "5.86", "2011-06-30": "5.77", "2011-03-31": "4.68", "2010-12-31": "5.20", "2010-09-30": "5.65", "2010-06-30": "6.05", "2010-03-31": "7.35", "2009-12-31": "7.18", "2009-09-30": "9.50", "2009-06-30": "11.04", "2009-03-31": "10.35", "2008-12-31": "9.13", "2008-09-30": "6.14", "2008-06-30": "6.71", "2008-03-31": "8.34", "2007-12-31": "9.46", "2007-09-30": "6.02", "2007-06-30": "5.16", "2007-03-31": "3.77", "2006-12-31": "2.52", "2006-09-30": "1.95", "2006-06-30": "2.00", "2006-03-31": "1.65", "2005-12-31": "3.52", "2005-09-30": "3.47", "2005-06-30": "3.34", "2005-03-31": "3.17"}, "debt equity ratio": {"current": "1.50", "2020-12-31": "2.13", "2020-09-30": "2.08", "2020-06-30": "2.10", "2020-03-31": "2.12", "2019-12-31": "2.13", "2019-09-30": "2.33", "2019-06-30": "2.45", "2019-03-31": "2.47", "2018-12-31": "2.52", "2018-09-30": "2.61", "2018-06-30": "2.76", "2018-03-31": "1.52", "2017-12-31": "1.55", "2017-09-30": "1.27", "2017-06-30": "1.31", "2017-03-31": "1.35", "2016-12-31": "1.78", "2016-09-30": "1.81", "2016-06-30": "1.91", "2016-03-31": "1.58", "2015-12-31": "1.56", "2015-09-30": "1.72", "2015-06-30": "1.31", "2015-03-31": "1.32", "2014-12-31": "1.03", "2014-09-30": "1.05", "2014-06-30": "1.08", "2014-03-31": "0.91", "2013-12-31": "0.93", "2013-09-30": "0.96", "2013-06-30": "0.99", "2013-03-31": "0.99", "2012-12-31": "0.99", "2012-09-30": "0.98", "2012-06-30": "0.56", "2012-03-31": "0.55", "2011-12-31": "0.56", "2011-09-30": "0.59", "2011-06-30": "0.61", "2011-03-31": "0.64", "2010-12-31": "0.71", "2010-09-30": "0.72", "2010-06-30": "0.72", "2010-03-31": "0.64", "2009-12-31": "0.65", "2009-09-30": "0.66", "2009-06-30": "0.64", "2009-03-31": "0.61", "2008-12-31": "1.40", "2008-09-30": "1.55", "2008-06-30": "1.42", "2008-03-31": "1.42", "2007-12-31": "1.25", "2007-09-30": "0.16", "2007-06-30": "0.15", "2007-03-31": "0.13", "2006-12-31": "0.21", "2006-09-30": "0.24", "2006-06-30": "0.28", "2006-03-31": "0.36", "2005-12-31": "0.22", "2005-09-30": "0.21", "2005-06-30": "0.22", "2005-03-31": "0.22"}, "return on equity": {"2020-12-31": "6.12%", "2020-09-30": "11.00%", "2020-06-30": "11.67%", "2020-03-31": "10.45%", "2019-12-31": "11.99%", "2019-09-30": "7.28%", "2019-06-30": "7.10%", "2019-03-31": "6.86%", "2018-12-31": "7.00%", "2018-09-30": "0.67%", "2018-06-30": "3.20%", "2018-03-31": "7.63%", "2017-12-31": "7.34%", "2017-09-30": "18.88%", "2017-06-30": "15.26%", "2017-03-31": "6.06%", "2016-12-31": "3.89%", "2016-09-30": "2.10%", "2016-06-30": "3.58%", "2016-03-31": "15.24%", "2015-12-31": "16.92%", "2015-09-30": "17.78%", "2015-06-30": "18.86%", "2015-03-31": "16.84%", "2014-12-31": "17.24%", "2014-09-30": "18.54%", "2014-06-30": "19.34%", "2014-03-31": "19.31%", "2013-12-31": "17.24%", "2013-09-30": "12.72%", "2013-06-30": "6.58%", "2013-03-31": "6.53%", "2012-12-31": "7.54%", "2012-09-30": "10.92%", "2012-06-30": "16.09%", "2012-03-31": "17.42%", "2011-12-31": "20.22%", "2011-09-30": "22.36%", "2011-06-30": "24.59%", "2011-03-31": "25.20%", "2010-12-31": "23.17%", "2010-09-30": "21.73%", "2010-06-30": "18.47%", "2010-03-31": "14.57%", "2009-12-31": "11.00%", "2009-09-30": "12.17%", "2009-06-30": "15.90%", "2009-03-31": "21.62%", "2008-12-31": "29.29%", "2008-09-30": "29.05%", "2008-06-30": "22.56%", "2008-03-31": "19.16%", "2007-12-31": "19.47%", "2007-09-30": "17.33%", "2007-06-30": "18.45%", "2007-03-31": "18.96%", "2006-12-31": "16.82%", "2006-09-30": "15.51%", "2006-06-30": "15.29%", "2006-03-31": "14.86%", "2005-12-31": "14.16%"}, "return on assets": {"2020-12-31": "1.97%", "2020-09-30": "3.54%", "2020-06-30": "3.69%", "2020-03-31": "3.21%", "2019-12-31": "3.59%", "2019-09-30": "2.12%", "2019-06-30": "2.02%", "2019-03-31": "1.91%", "2018-12-31": "2.04%", "2018-09-30": "0.21%", "2018-06-30": "1.11%", "2018-03-31": "3.17%", "2017-12-31": "3.10%", "2017-09-30": "7.85%", "2017-06-30": "6.03%", "2017-03-31": "2.26%", "2016-12-31": "1.40%", "2016-09-30": "0.77%", "2016-06-30": "1.33%", "2016-03-31": "5.99%", "2015-12-31": "6.82%", "2015-09-30": "7.60%", "2015-06-30": "8.69%", "2015-03-31": "7.97%", "2014-12-31": "8.56%", "2014-09-30": "9.31%", "2014-06-30": "9.82%", "2014-03-31": "9.92%", "2013-12-31": "8.76%", "2013-09-30": "6.41%", "2013-06-30": "3.31%", "2013-03-31": "3.48%", "2012-12-31": "4.27%", "2012-09-30": "6.58%", "2012-06-30": "10.29%", "2012-03-31": "11.05%", "2011-12-31": "12.65%", "2011-09-30": "13.66%", "2011-06-30": "14.75%", "2011-03-31": "14.87%", "2010-12-31": "13.65%", "2010-09-30": "12.92%", "2010-06-30": "11.08%", "2010-03-31": "8.85%", "2009-12-31": "6.71%", "2009-09-30": "6.83%", "2009-06-30": "8.08%", "2009-03-31": "9.93%", "2008-12-31": "11.98%", "2008-09-30": "12.09%", "2008-06-30": "11.81%", "2008-03-31": "12.20%", "2007-12-31": "14.70%", "2007-09-30": "14.94%", "2007-06-30": "15.65%", "2007-03-31": "15.63%", "2006-12-31": "13.24%", "2006-09-30": "12.17%", "2006-06-30": "12.03%", "2006-03-31": "11.84%", "2005-12-31": "11.62%"}, "return on investments": {"2020-12-31": "6.27%", "2020-09-30": "5.34%", "2020-06-30": "5.02%", "2020-03-31": "4.63%", "2019-12-31": "5.53%", "2019-09-30": "5.79%", "2019-06-30": "5.15%", "2019-03-31": "4.78%", "2018-12-31": "5.33%", "2018-09-30": "7.04%", "2018-06-30": "10.27%", "2018-03-31": "15.46%", "2017-12-31": "13.35%", "2017-09-30": "11.59%", "2017-06-30": "9.33%", "2017-03-31": "4.73%", "2016-12-31": "3.71%", "2016-09-30": "3.10%", "2016-06-30": "3.47%", "2016-03-31": "7.86%", "2015-12-31": "8.89%", "2015-09-30": "9.92%", "2015-06-30": "11.43%", "2015-03-31": "11.65%", "2014-12-31": "12.74%", "2014-09-30": "13.83%", "2014-06-30": "14.98%", "2014-03-31": "15.09%", "2013-12-31": "13.06%", "2013-09-30": "9.86%", "2013-06-30": "6.17%", "2013-03-31": "6.41%", "2012-12-31": "8.16%", "2012-09-30": "11.51%", "2012-06-30": "16.22%", "2012-03-31": "17.40%", "2011-12-31": "19.11%", "2011-09-30": "21.11%", "2011-06-30": "23.00%", "2011-03-31": "23.51%", "2010-12-31": "22.52%", "2010-09-30": "20.72%", "2010-06-30": "17.45%", "2010-03-31": "13.45%", "2009-12-31": "9.73%", "2009-09-30": "7.55%", "2009-06-30": "8.94%", "2009-03-31": "11.18%", "2008-12-31": "13.62%", "2008-09-30": "15.16%", "2008-06-30": "18.14%", "2008-03-31": "26.85%", "2007-12-31": "52.75%", "2007-09-30": "inf%", "2007-06-30": "inf%", "2007-03-31": "inf%", "2006-12-31": "inf%", "2006-09-30": "inf%", "2006-06-30": "inf%", "2006-03-31": "inf%", "2005-12-31": "inf%"}, "return on tangible equity": {"2020-12-31": "-5.08%", "2020-09-30": "-9.06%", "2020-06-30": "-9.23%", "2020-03-31": "-7.86%", "2019-12-31": "-8.52%", "2019-09-30": "-4.86%", "2019-06-30": "-4.56%", "2019-03-31": "-4.29%", "2018-12-31": "-5.09%", "2018-09-30": "-0.61%", "2018-06-30": "-4.55%", "2018-03-31": "-32.49%", "2017-12-31": "-26.98%", "2017-09-30": "-50.58%", "2017-06-30": "-28.48%", "2017-03-31": "-8.62%", "2016-12-31": "-6.39%", "2016-09-30": "-5.67%", "2016-06-30": "-37.60%", "2016-03-31": "52.51%", "2015-12-31": "48.75%", "2015-09-30": "42.03%", "2015-06-30": "38.11%", "2015-03-31": "32.74%", "2014-12-31": "30.87%", "2014-09-30": "31.35%", "2014-06-30": "30.77%", "2014-03-31": "30.40%", "2013-12-31": "28.00%", "2013-09-30": "21.30%", "2013-06-30": "11.37%", "2013-03-31": "9.98%", "2012-12-31": "10.27%", "2012-09-30": "13.29%", "2012-06-30": "17.67%", "2012-03-31": "18.99%", "2011-12-31": "22.00%", "2011-09-30": "24.37%", "2011-06-30": "26.80%", "2011-03-31": "27.47%", "2010-12-31": "25.02%", "2010-09-30": "23.22%", "2010-06-30": "19.54%", "2010-03-31": "15.25%", "2009-12-31": "11.50%", "2009-09-30": "12.74%", "2009-06-30": "16.65%", "2009-03-31": "22.64%", "2008-12-31": "30.67%", "2008-09-30": "30.29%", "2008-06-30": "23.34%", "2008-03-31": "19.69%", "2007-12-31": "19.93%", "2007-09-30": "17.69%", "2007-06-30": "18.84%", "2007-03-31": "19.38%", "2006-12-31": "17.21%", "2006-09-30": "15.89%", "2006-06-30": "15.67%", "2006-03-31": "15.24%", "2005-12-31": "14.54%"}, "dividend yield history": {"last payout": "$1.47", "last yield": "1.01%"}}