{"ticker": "MU", "price": {"title": "Micron Technology Historical Annual Stock Price Data", "value": 81.1, "historical": {"2021": {"Average Stock Price": "79.8896", "Year Open": "74.0500", "Year High": "85.5000", "Year Low": "74.0500", "Year Close": "81.1000", "Annual % Change": "7.87%"}, "2020": {"Average Stock Price": "51.9811", "Year Open": "55.3900", "Year High": "75.1800", "Year Low": "34.4700", "Year Close": "75.1800", "Annual % Change": "39.79%"}, "2019": {"Average Stock Price": "42.4879", "Year Open": "32.7500", "Year High": "55.4200", "Year Low": "31.0000", "Year Close": "53.7800", "Annual % Change": "69.49%"}, "2018": {"Average Stock Price": "47.5984", "Year Open": "43.6700", "Year High": "62.6200", "Year Low": "29.0200", "Year Close": "31.7300", "Annual % Change": "-22.84%"}, "2017": {"Average Stock Price": "32.1264", "Year Open": "22.5500", "Year High": "49.6800", "Year Low": "21.7100", "Year Close": "41.1200", "Annual % Change": "87.59%"}, "2016": {"Average Stock Price": "14.1618", "Year Open": "14.3300", "Year High": "23.3000", "Year Low": "9.5600", "Year Close": "21.9200", "Annual % Change": "54.80%"}, "2015": {"Average Stock Price": "22.3255", "Year Open": "34.7500", "Year High": "34.7500", "Year Low": "13.6600", "Year Close": "14.1600", "Annual % Change": "-59.55%"}, "2014": {"Average Stock Price": "29.1997", "Year Open": "21.6600", "Year High": "36.4900", "Year Low": "20.6700", "Year Close": "35.0100", "Annual % Change": "60.97%"}, "2013": {"Average Stock Price": "13.3962", "Year Open": "6.6300", "Year High": "23.1400", "Year Low": "6.6300", "Year Close": "21.7500", "Annual % Change": "243.06%"}, "2012": {"Average Stock Price": "6.6454", "Year Open": "6.7550", "Year High": "8.8800", "Year Low": "5.1700", "Year Close": "6.3400", "Annual % Change": "0.79%"}, "2011": {"Average Stock Price": "8.1471", "Year Open": "8.2750", "Year High": "11.8000", "Year Low": "4.3300", "Year Close": "6.2900", "Annual % Change": "-21.57%"}, "2010": {"Average Stock Price": "8.6394", "Year Open": "10.8500", "Year High": "11.3000", "Year Low": "6.4585", "Year Close": "8.0200", "Annual % Change": "-24.05%"}, "2009": {"Average Stock Price": "5.8602", "Year Open": "2.8400", "Year High": "10.6400", "Year Low": "2.5800", "Year Close": "10.5600", "Annual % Change": "300.00%"}, "2008": {"Average Stock Price": "5.5857", "Year Open": "7.0400", "Year High": "8.8400", "Year Low": "1.6900", "Year Close": "2.6400", "Annual % Change": "-63.59%"}, "2007": {"Average Stock Price": "11.3865", "Year Open": "14.0300", "Year High": "14.2300", "Year Low": "7.2500", "Year Close": "7.2500", "Annual % Change": "-48.07%"}, "2006": {"Average Stock Price": "15.4867", "Year Open": "13.5100", "Year High": "18.5700", "Year Low": "13.3500", "Year Close": "13.9600", "Annual % Change": "4.88%"}, "2005": {"Average Stock Price": "11.6392", "Year Open": "12.0000", "Year High": "14.6700", "Year Low": "9.4100", "Year Close": "13.3100", "Annual % Change": "7.77%"}, "2004": {"Average Stock Price": "13.6363", "Year Open": "13.7400", "Year High": "17.9600", "Year Low": "11.0600", "Year Close": "12.3500", "Annual % Change": "-8.31%"}, "2003": {"Average Stock Price": "11.4670", "Year Open": "10.0000", "Year High": "15.3800", "Year Low": "6.7600", "Year Close": "13.4700", "Annual % Change": "38.30%"}, "2002": {"Average Stock Price": "22.8848", "Year Open": "33.2400", "Year High": "39.5000", "Year Low": "9.7400", "Year Close": "9.7400", "Annual % Change": "-68.58%"}, "2001": {"Average Stock Price": "35.9297", "Year Open": "35.3800", "Year High": "48.8300", "Year Low": "17.2500", "Year Close": "31.0000", "Annual % Change": "-12.68%"}, "2000": {"Average Stock Price": "56.4378", "Year Open": "37.9700", "Year High": "96.5600", "Year Low": "28.5600", "Year Close": "35.5000", "Annual % Change": "-9.13%"}, "1999": {"Average Stock Price": "29.7938", "Year Open": "24.9700", "Year High": "41.7200", "Year Low": "17.2500", "Year Close": "39.0650", "Annual % Change": "54.53%"}, "1998": {"Average Stock Price": "16.3904", "Year Open": "13.9400", "Year High": "27.3750", "Year Low": "10.0650", "Year Close": "25.2800", "Annual % Change": "94.91%"}, "1997": {"Average Stock Price": "18.4149", "Year Open": "14.8750", "Year High": "29.1900", "Year Low": "11.2500", "Year Close": "12.9700", "Annual % Change": "-10.92%"}, "1996": {"Average Stock Price": "15.0993", "Year Open": "20.7500", "Year High": "20.9375", "Year Low": "8.6250", "Year Close": "14.5600", "Annual % Change": "-26.52%"}, "1995": {"Average Stock Price": "25.4195", "Year Open": "10.9375", "Year High": "47.1900", "Year Low": "10.7500", "Year Close": "19.8150", "Annual % Change": "79.65%"}, "1994": {"Average Stock Price": "8.6946", "Year Open": "4.5370", "Year High": "11.3125", "Year Low": "4.5370", "Year Close": "11.0300", "Annual % Change": "137.20%"}, "1993": {"Average Stock Price": "3.6776", "Year Open": "1.8120", "Year High": "6.3000", "Year Low": "1.8120", "Year Close": "4.6500", "Annual % Change": "146.29%"}, "1992": {"Average Stock Price": "1.6508", "Year Open": "1.4750", "Year High": "2.2130", "Year Low": "1.3250", "Year Close": "1.8880", "Annual % Change": "33.62%"}, "1991": {"Average Stock Price": "1.4159", "Year Open": "0.9880", "Year High": "1.9000", "Year Low": "0.9750", "Year Close": "1.4130", "Annual % Change": "39.49%"}, "1990": {"Average Stock Price": "1.0647", "Year Open": "1.0000", "Year High": "1.6120", "Year Low": "0.7120", "Year Close": "1.0130", "Annual % Change": "3.90%"}}}, "market cap": {"value": "$90.72B"}, "income statement": {"Revenue": {"2020-08-31": "21435.00000", "2019-08-31": "23406.00000", "2018-08-31": "30391.00000", "2017-08-31": "20322.00000", "2016-08-31": "12399.00000", "2015-08-31": "16192.00000", "2014-08-31": "16358.00000", "2013-08-31": "9073.00000", "2012-08-31": "8234.00000", "2011-08-31": "8788.00000", "2010-08-31": "8482.00000", "2009-08-31": "4803.00000", "2008-08-31": "5841.00000", "2007-08-31": "5688.00000", "2006-08-31": "5272.00000", "2005-08-31": "4880.00000"}, "Cost Of Goods Sold": {"2020-08-31": "14883.00000", "2019-08-31": "12704.00000", "2018-08-31": "12500.00000", "2017-08-31": "11886.00000", "2016-08-31": "9894.00000", "2015-08-31": "10977.00000", "2014-08-31": "10921.00000", "2013-08-31": "7226.00000", "2012-08-31": "7266.00000", "2011-08-31": "7030.00000", "2010-08-31": "5768.00000", "2009-08-31": "5243.00000", "2008-08-31": "5896.00000", "2007-08-31": "4610.00000", "2006-08-31": "4072.00000", "2005-08-31": "3734.00000"}, "Gross Profit": {"2020-08-31": "6552.00000", "2019-08-31": "10702.00000", "2018-08-31": "17891.00000", "2017-08-31": "8436.00000", "2016-08-31": "2505.00000", "2015-08-31": "5215.00000", "2014-08-31": "5437.00000", "2013-08-31": "1847.00000", "2012-08-31": "968.00000", "2011-08-31": "1758.00000", "2010-08-31": "2714.00000", "2009-08-31": "-440.00000", "2008-08-31": "-55.00000", "2007-08-31": "1078.00000", "2006-08-31": "1200.00000", "2005-08-31": "1146.00000"}, "Research And Development Expenses": {"2020-08-31": "2600.00000", "2019-08-31": "2441.00000", "2018-08-31": "2141.00000", "2017-08-31": "1824.00000", "2016-08-31": "1617.00000", "2015-08-31": "1540.00000", "2014-08-31": "1371.00000", "2013-08-31": "931.00000", "2012-08-31": "918.00000", "2011-08-31": "791.00000", "2010-08-31": "624.00000", "2009-08-31": "647.00000", "2008-08-31": "680.00000", "2007-08-31": "805.00000", "2006-08-31": "656.00000", "2005-08-31": "604.00000"}, "SG&A Expenses": {"2020-08-31": "881.00000", "2019-08-31": "836.00000", "2018-08-31": "813.00000", "2017-08-31": "743.00000", "2016-08-31": "659.00000", "2015-08-31": "719.00000", "2014-08-31": "707.00000", "2013-08-31": "562.00000", "2012-08-31": "620.00000", "2011-08-31": "592.00000", "2010-08-31": "528.00000", "2009-08-31": "354.00000", "2008-08-31": "455.00000", "2007-08-31": "610.00000", "2006-08-31": "460.00000", "2005-08-31": "348.00000"}, "Other Operating Income Or Expenses": {"2020-08-31": "-68.00000", "2019-08-31": "-49.00000", "2018-08-31": "57.00000", "2017-08-31": "-1.00000", "2016-08-31": "-61.00000", "2015-08-31": "45.00000", "2014-08-31": "-232.00000", "2013-08-31": "8.00000", "2012-08-31": "-32.00000", "2011-08-31": "311.00000", "2010-08-31": "27.00000", "2009-08-31": "-235.00000", "2008-08-31": "91.00000", "2007-08-31": "76.00000", "2006-08-31": "266.00000", "2005-08-31": "22.00000"}, "Operating Expenses": {"2020-08-31": "18432.00000", "2019-08-31": "16030.00000", "2018-08-31": "15397.00000", "2017-08-31": "14454.00000", "2016-08-31": "12231.00000", "2015-08-31": "13194.00000", "2014-08-31": "13271.00000", "2013-08-31": "8837.00000", "2012-08-31": "8846.00000", "2011-08-31": "8027.00000", "2010-08-31": "6893.00000", "2009-08-31": "6479.00000", "2008-08-31": "7436.00000", "2007-08-31": "5968.00000", "2006-08-31": "4922.00000", "2005-08-31": "4663.00000"}, "Operating Income": {"2020-08-31": "3003.00000", "2019-08-31": "7376.00000", "2018-08-31": "14994.00000", "2017-08-31": "5868.00000", "2016-08-31": "168.00000", "2015-08-31": "2998.00000", "2014-08-31": "3087.00000", "2013-08-31": "236.00000", "2012-08-31": "-612.00000", "2011-08-31": "761.00000", "2010-08-31": "1589.00000", "2009-08-31": "-1676.00000", "2008-08-31": "-1595.00000", "2007-08-31": "-280.00000", "2006-08-31": "350.00000", "2005-08-31": "217.00000"}, "Total Non-Operating Income/Expense": {"2020-08-31": "-20.00000", "2019-08-31": "-328.00000", "2018-08-31": "-687.00000", "2017-08-31": "-672.00000", "2016-08-31": "-449.00000", "2015-08-31": "-389.00000", "2014-08-31": "-354.00000", "2013-08-31": "1049.00000", "2012-08-31": "-142.00000", "2011-08-31": "-210.00000", "2010-08-31": "331.00000", "2009-08-31": "-176.00000", "2008-08-31": "-52.00000", "2007-08-31": "112.00000", "2006-08-31": "83.00000", "2005-08-31": "-18.00000"}, "Pre-Tax Income": {"2020-08-31": "2983.00000", "2019-08-31": "7048.00000", "2018-08-31": "14307.00000", "2017-08-31": "5196.00000", "2016-08-31": "-281.00000", "2015-08-31": "2609.00000", "2014-08-31": "2733.00000", "2013-08-31": "1285.00000", "2012-08-31": "-754.00000", "2011-08-31": "551.00000", "2010-08-31": "1920.00000", "2009-08-31": "-1852.00000", "2008-08-31": "-1647.00000", "2007-08-31": "-168.00000", "2006-08-31": "433.00000", "2005-08-31": "199.00000"}, "Income Taxes": {"2020-08-31": "280.00000", "2019-08-31": "693.00000", "2018-08-31": "168.00000", "2017-08-31": "114.00000", "2016-08-31": "19.00000", "2015-08-31": "157.00000", "2014-08-31": "128.00000", "2013-08-31": "8.00000", "2012-08-31": "-17.00000", "2011-08-31": "203.00000", "2010-08-31": "-19.00000", "2009-08-31": "1.00000", "2008-08-31": "18.00000", "2007-08-31": "30.00000", "2006-08-31": "18.00000", "2005-08-31": "11.00000"}, "Income After Taxes": {"2020-08-31": "2703.00000", "2019-08-31": "6355.00000", "2018-08-31": "14139.00000", "2017-08-31": "5082.00000", "2016-08-31": "-300.00000", "2015-08-31": "2452.00000", "2014-08-31": "2605.00000", "2013-08-31": "1277.00000", "2012-08-31": "-737.00000", "2011-08-31": "348.00000", "2010-08-31": "1939.00000", "2009-08-31": "-1853.00000", "2008-08-31": "-1665.00000", "2007-08-31": "-198.00000", "2006-08-31": "415.00000", "2005-08-31": "188.00000"}, "Other Income": {"2020-08-31": "", "2019-08-31": "", "2018-08-31": "", "2017-08-31": "", "2016-08-31": "", "2015-08-31": "", "2014-08-31": "", "2013-08-31": "", "2012-08-31": "", "2011-08-31": "", "2010-08-31": "", "2009-08-31": "", "2008-08-31": "", "2007-08-31": "", "2006-08-31": "", "2005-08-31": ""}, "Income From Continuous Operations": {"2020-08-31": "2710.00000", "2019-08-31": "6358.00000", "2018-08-31": "14138.00000", "2017-08-31": "5090.00000", "2016-08-31": "-275.00000", "2015-08-31": "2899.00000", "2014-08-31": "3079.00000", "2013-08-31": "1194.00000", "2012-08-31": "-1031.00000", "2011-08-31": "190.00000", "2010-08-31": "1900.00000", "2009-08-31": "-1993.00000", "2008-08-31": "-1665.00000", "2007-08-31": "-320.00000", "2006-08-31": "408.00000", "2005-08-31": "188.00000"}, "Income From Discontinued Operations": {"2020-08-31": "", "2019-08-31": "", "2018-08-31": "", "2017-08-31": "", "2016-08-31": "", "2015-08-31": "", "2014-08-31": "", "2013-08-31": "", "2012-08-31": "", "2011-08-31": "", "2010-08-31": "", "2009-08-31": "", "2008-08-31": "", "2007-08-31": "", "2006-08-31": "", "2005-08-31": ""}, "Net Income": {"2020-08-31": "2687.00000", "2019-08-31": "6313.00000", "2018-08-31": "14135.00000", "2017-08-31": "5089.00000", "2016-08-31": "-276.00000", "2015-08-31": "2899.00000", "2014-08-31": "3045.00000", "2013-08-31": "1190.00000", "2012-08-31": "-1032.00000", "2011-08-31": "167.00000", "2010-08-31": "1850.00000", "2009-08-31": "-1882.00000", "2008-08-31": "-1655.00000", "2007-08-31": "-320.00000", "2006-08-31": "408.00000", "2005-08-31": "188.00000"}, "EBITDA": {"2020-08-31": "8679.00000", "2019-08-31": "12849.00000", "2018-08-31": "19854.00000", "2017-08-31": "9854.00000", "2016-08-31": "3274.00000", "2015-08-31": "5803.00000", "2014-08-31": "5357.00000", "2013-08-31": "2162.00000", "2012-08-31": "1610.00000", "2011-08-31": "2923.00000", "2010-08-31": "3594.00000", "2009-08-31": "510.00000", "2008-08-31": "964.00000", "2007-08-31": "1438.00000", "2006-08-31": "1631.00000", "2005-08-31": "1482.00000"}, "EBIT": {"2020-08-31": "3003.00000", "2019-08-31": "7376.00000", "2018-08-31": "14994.00000", "2017-08-31": "5868.00000", "2016-08-31": "168.00000", "2015-08-31": "2998.00000", "2014-08-31": "3087.00000", "2013-08-31": "236.00000", "2012-08-31": "-612.00000", "2011-08-31": "761.00000", "2010-08-31": "1589.00000", "2009-08-31": "-1676.00000", "2008-08-31": "-1595.00000", "2007-08-31": "-280.00000", "2006-08-31": "350.00000", "2005-08-31": "217.00000"}, "Basic Shares Outstanding": {"2020-08-31": "1110.00000", "2019-08-31": "1114.00000", "2018-08-31": "1152.00000", "2017-08-31": "1089.00000", "2016-08-31": "1036.00000", "2015-08-31": "1070.00000", "2014-08-31": "1060.00000", "2013-08-31": "1022.00000", "2012-08-31": "991.00000", "2011-08-31": "988.00000", "2010-08-31": "887.50000", "2009-08-31": "800.70000", "2008-08-31": "772.50000", "2007-08-31": "769.10000", "2006-08-31": "691.70000", "2005-08-31": "647.70000"}, "Shares Outstanding": {"2020-08-31": "1131.00000", "2019-08-31": "1143.00000", "2018-08-31": "1229.00000", "2017-08-31": "1154.00000", "2016-08-31": "1036.00000", "2015-08-31": "1170.00000", "2014-08-31": "1198.00000", "2013-08-31": "1057.00000", "2012-08-31": "991.00000", "2011-08-31": "1007.50000", "2010-08-31": "1050.70000", "2009-08-31": "800.70000", "2008-08-31": "772.50000", "2007-08-31": "769.10000", "2006-08-31": "725.10000", "2005-08-31": "702.00000"}, "Basic EPS": {"2020-08-31": "2.42000", "2019-08-31": "5.67000", "2018-08-31": "12.27000", "2017-08-31": "4.67000", "2016-08-31": "-0.27000", "2015-08-31": "2.71000", "2014-08-31": "2.87000", "2013-08-31": "1.16000", "2012-08-31": "-1.04000", "2011-08-31": "0.17000", "2010-08-31": "2.09000", "2009-08-31": "-2.35000", "2008-08-31": "-2.14000", "2007-08-31": "-0.42000", "2006-08-31": "0.59000", "2005-08-31": "0.29000"}, "EPS - Earnings Per Share": {"2020-08-31": "2.37000", "2019-08-31": "5.51000", "2018-08-31": "11.51000", "2017-08-31": "4.41000", "2016-08-31": "-0.27000", "2015-08-31": "2.47000", "2014-08-31": "2.54000", "2013-08-31": "1.13000", "2012-08-31": "-1.04000", "2011-08-31": "0.17000", "2010-08-31": "1.85000", "2009-08-31": "-2.35000", "2008-08-31": "-2.14000", "2007-08-31": "-0.42000", "2006-08-31": "0.57000", "2005-08-31": "0.29000"}}, "income statement, quarterly": {"Revenue": {"2020-11-30": "5773.00000", "2020-08-31": "6056.00000", "2020-05-31": "5438.00000", "2020-02-29": "4797.00000", "2019-11-30": "5144.00000", "2019-08-31": "4870.00000", "2019-05-31": "4788.00000", "2019-02-28": "5835.00000", "2018-11-30": "7913.00000", "2018-08-31": "8440.00000", "2018-05-31": "7797.00000", "2018-02-28": "7351.00000", "2017-11-30": "6803.00000", "2017-08-31": "6138.00000", "2017-05-31": "5566.00000", "2017-02-28": "4648.00000", "2016-11-30": "3970.00000", "2016-08-31": "3217.00000", "2016-05-31": "2898.00000", "2016-02-29": "2934.00000", "2015-11-30": "3350.00000", "2015-08-31": "3600.00000", "2015-05-31": "3853.00000", "2015-02-28": "4166.00000", "2014-11-30": "4573.00000", "2014-08-31": "4227.00000", "2014-05-31": "3982.00000", "2014-02-28": "4107.00000", "2013-11-30": "4042.00000", "2013-08-31": "2843.00000", "2013-05-31": "2318.00000", "2013-02-28": "2078.00000", "2012-11-30": "1834.00000", "2012-08-31": "1963.00000", "2012-05-31": "2172.00000", "2012-02-29": "2009.00000", "2011-11-30": "2090.00000", "2011-08-31": "2140.00000", "2011-05-31": "2139.00000", "2011-02-28": "2257.00000", "2010-11-30": "2252.00000", "2010-08-31": "2493.00000", "2010-05-31": "2288.00000", "2010-02-28": "1961.00000", "2009-11-30": "1740.00000", "2009-08-31": "1302.00000", "2009-05-31": "1106.00000", "2009-02-28": "993.00000", "2008-11-30": "1402.00000", "2008-08-31": "1449.00000", "2008-05-31": "1498.00000", "2008-02-29": "1359.00000", "2007-11-30": "1535.00000", "2007-08-31": "1437.00000", "2007-05-31": "1294.00000", "2007-02-28": "1427.00000", "2006-11-30": "1530.00000", "2006-08-31": "1373.00000", "2006-05-31": "1312.00000", "2006-02-28": "1225.00000", "2005-11-30": "1362.00000", "2005-08-31": "1257.60000", "2005-05-31": "1054.20000", "2005-02-28": "1307.90000"}, "Cost Of Goods Sold": {"2020-11-30": "4037.00000", "2020-08-31": "3988.00000", "2020-05-31": "3675.00000", "2020-02-29": "3442.00000", "2019-11-30": "3778.00000", "2019-08-31": "3475.00000", "2019-05-31": "2960.00000", "2019-02-28": "2971.00000", "2018-11-30": "3298.00000", "2018-08-31": "3289.00000", "2018-05-31": "3074.00000", "2018-02-28": "3081.00000", "2017-11-30": "3056.00000", "2017-08-31": "3026.00000", "2017-05-31": "2957.00000", "2017-02-28": "2944.00000", "2016-11-30": "2959.00000", "2016-08-31": "2638.00000", "2016-05-31": "2400.00000", "2016-02-29": "2355.00000", "2015-11-30": "2501.00000", "2015-08-31": "2630.00000", "2015-05-31": "2651.00000", "2015-02-28": "2761.00000", "2014-11-30": "2935.00000", "2014-08-31": "2842.00000", "2014-05-31": "2614.00000", "2014-02-28": "2704.00000", "2013-11-30": "2761.00000", "2013-08-31": "2135.00000", "2013-05-31": "1762.00000", "2013-02-28": "1712.00000", "2012-11-30": "1617.00000", "2012-08-31": "1744.00000", "2012-05-31": "1938.00000", "2012-02-29": "1799.00000", "2011-11-30": "1785.00000", "2011-08-31": "1819.00000", "2011-05-31": "1661.00000", "2011-02-28": "1822.00000", "2010-11-30": "1728.00000", "2010-08-31": "1712.00000", "2010-05-31": "1440.00000", "2010-02-28": "1319.00000", "2009-11-30": "1297.00000", "2009-08-31": "1133.00000", "2009-05-31": "999.00000", "2009-02-28": "1260.00000", "2008-11-30": "1851.00000", "2008-08-31": "1514.00000", "2008-05-31": "1450.00000", "2008-02-29": "1402.00000", "2007-11-30": "1530.00000", "2007-08-31": "1264.00000", "2007-05-31": "1188.00000", "2007-02-28": "1070.00000", "2006-11-30": "1088.00000", "2006-08-31": "1049.00000", "2006-05-31": "983.00000", "2006-02-28": "989.00000", "2005-11-30": "1051.00000", "2005-08-31": "975.19990", "2005-05-31": "967.60000", "2005-02-28": "953.90000"}, "Gross Profit": {"2020-11-30": "1736.00000", "2020-08-31": "2068.00000", "2020-05-31": "1763.00000", "2020-02-29": "1355.00000", "2019-11-30": "1366.00000", "2019-08-31": "1395.00000", "2019-05-31": "1828.00000", "2019-02-28": "2864.00000", "2018-11-30": "4615.00000", "2018-08-31": "5151.00000", "2018-05-31": "4723.00000", "2018-02-28": "4270.00000", "2017-11-30": "3747.00000", "2017-08-31": "3112.00000", "2017-05-31": "2609.00000", "2017-02-28": "1704.00000", "2016-11-30": "1011.00000", "2016-08-31": "579.00000", "2016-05-31": "498.00000", "2016-02-29": "579.00000", "2015-11-30": "849.00000", "2015-08-31": "970.00000", "2015-05-31": "1202.00000", "2015-02-28": "1405.00000", "2014-11-30": "1638.00000", "2014-08-31": "1385.00000", "2014-05-31": "1368.00000", "2014-02-28": "1403.00000", "2013-11-30": "1281.00000", "2013-08-31": "708.00000", "2013-05-31": "556.00000", "2013-02-28": "366.00000", "2012-11-30": "217.00000", "2012-08-31": "219.00000", "2012-05-31": "234.00000", "2012-02-29": "210.00000", "2011-11-30": "305.00000", "2011-08-31": "321.00000", "2011-05-31": "478.00000", "2011-02-28": "435.00000", "2010-11-30": "524.00000", "2010-08-31": "781.00000", "2010-05-31": "848.00000", "2010-02-28": "642.00000", "2009-11-30": "443.00000", "2009-08-31": "169.00000", "2009-05-31": "107.00000", "2009-02-28": "-267.00000", "2008-11-30": "-449.00000", "2008-08-31": "-65.00000", "2008-05-31": "48.00000", "2008-02-29": "-43.00000", "2007-11-30": "5.00000", "2007-08-31": "173.00000", "2007-05-31": "106.00000", "2007-02-28": "357.00000", "2006-11-30": "442.00000", "2006-08-31": "324.00000", "2006-05-31": "329.00000", "2006-02-28": "236.00000", "2005-11-30": "311.00000", "2005-08-31": "282.40000", "2005-05-31": "86.60000", "2005-02-28": "354.00000"}, "Research And Development Expenses": {"2020-11-30": "647.00000", "2020-08-31": "630.00000", "2020-05-31": "649.00000", "2020-02-29": "681.00000", "2019-11-30": "640.00000", "2019-08-31": "623.00000", "2019-05-31": "606.00000", "2019-02-28": "601.00000", "2018-11-30": "611.00000", "2018-08-31": "567.00000", "2018-05-31": "603.00000", "2018-02-28": "523.00000", "2017-11-30": "448.00000", "2017-08-31": "447.00000", "2017-05-31": "434.00000", "2017-02-28": "473.00000", "2016-11-30": "470.00000", "2016-08-31": "411.00000", "2016-05-31": "382.00000", "2016-02-29": "403.00000", "2015-11-30": "421.00000", "2015-08-31": "379.00000", "2015-05-31": "406.00000", "2015-02-28": "379.00000", "2014-11-30": "376.00000", "2014-08-31": "358.00000", "2014-05-31": "349.00000", "2014-02-28": "344.00000", "2013-11-30": "320.00000", "2013-08-31": "267.00000", "2013-05-31": "226.00000", "2013-02-28": "214.00000", "2012-11-30": "224.00000", "2012-08-31": "235.00000", "2012-05-31": "231.00000", "2012-02-29": "222.00000", "2011-11-30": "230.00000", "2011-08-31": "209.00000", "2011-05-31": "211.00000", "2011-02-28": "186.00000", "2010-11-30": "185.00000", "2010-08-31": "197.00000", "2010-05-31": "142.00000", "2010-02-28": "148.00000", "2009-11-30": "137.00000", "2009-08-31": "139.00000", "2009-05-31": "162.00000", "2009-02-28": "168.00000", "2008-11-30": "178.00000", "2008-08-31": "167.00000", "2008-05-31": "170.00000", "2008-02-29": "180.00000", "2007-11-30": "163.00000", "2007-08-31": "184.00000", "2007-05-31": "195.00000", "2007-02-28": "243.00000", "2006-11-30": "183.00000", "2006-08-31": "163.00000", "2006-05-31": "168.00000", "2006-02-28": "159.00000", "2005-11-30": "166.00000", "2005-08-31": "150.80000", "2005-05-31": "153.40000", "2005-02-28": "151.40000"}, "SG&A Expenses": {"2020-11-30": "214.00000", "2020-08-31": "231.00000", "2020-05-31": "216.00000", "2020-02-29": "223.00000", "2019-11-30": "211.00000", "2019-08-31": "212.00000", "2019-05-31": "206.00000", "2019-02-28": "209.00000", "2018-11-30": "209.00000", "2018-08-31": "215.00000", "2018-05-31": "211.00000", "2018-02-28": "196.00000", "2017-11-30": "191.00000", "2017-08-31": "193.00000", "2017-05-31": "204.00000", "2017-02-28": "187.00000", "2016-11-30": "159.00000", "2016-08-31": "157.00000", "2016-05-31": "148.00000", "2016-02-29": "175.00000", "2015-11-30": "179.00000", "2015-08-31": "170.00000", "2015-05-31": "169.00000", "2015-02-28": "187.00000", "2014-11-30": "193.00000", "2014-08-31": "180.00000", "2014-05-31": "174.00000", "2014-02-28": "177.00000", "2013-11-30": "176.00000", "2013-08-31": "193.00000", "2013-05-31": "127.00000", "2013-02-28": "123.00000", "2012-11-30": "119.00000", "2012-08-31": "139.00000", "2012-05-31": "156.00000", "2012-02-29": "174.00000", "2011-11-30": "151.00000", "2011-08-31": "155.00000", "2011-05-31": "151.00000", "2011-02-28": "146.00000", "2010-11-30": "140.00000", "2010-08-31": "141.00000", "2010-05-31": "190.00000", "2010-02-28": "100.00000", "2009-11-30": "97.00000", "2009-08-31": "82.00000", "2009-05-31": "80.00000", "2009-02-28": "90.00000", "2008-11-30": "102.00000", "2008-08-31": "107.00000", "2008-05-31": "116.00000", "2008-02-29": "120.00000", "2007-11-30": "112.00000", "2007-08-31": "143.00000", "2007-05-31": "134.00000", "2007-02-28": "153.00000", "2006-11-30": "180.00000", "2006-08-31": "144.00000", "2006-05-31": "113.00000", "2006-02-28": "108.00000", "2005-11-30": "95.00000", "2005-08-31": "87.70000", "2005-05-31": "88.60000", "2005-02-28": "84.90000"}, "Other Operating Income Or Expenses": {"2020-11-30": "-9.00000", "2020-08-31": "-50.00000", "2020-05-31": "-10.00000", "2020-02-29": "-11.00000", "2019-11-30": "3.00000", "2019-08-31": "90.00000", "2019-05-31": "-6.00000", "2019-02-28": "-97.00000", "2018-11-30": "-36.00000", "2018-08-31": "8.00000", "2018-05-31": "44.00000", "2018-02-28": "16.00000", "2017-11-30": "-11.00000", "2017-08-31": "30.00000", "2017-05-31": "-8.00000", "2017-02-28": "0.00000", "2016-11-30": "-23.00000", "2016-08-31": "-59.00000", "2016-05-31": "5.00000", "2016-02-29": "-5.00000", "2015-11-30": "-2.00000", "2015-08-31": "9.00000", "2015-05-31": "4.00000", "2015-02-28": "16.00000", "2014-11-30": "16.00000", "2014-08-31": "21.00000", "2014-05-31": "-6.00000", "2014-02-28": "-13.00000", "2013-11-30": "-234.00000", "2013-08-31": "-9.00000", "2013-05-31": "1.00000", "2013-02-28": "8.00000", "2012-11-30": "8.00000", "2012-08-31": "22.00000", "2012-05-31": "-30.00000", "2012-02-29": "-18.00000", "2011-11-30": "-6.00000", "2011-08-31": "-77.00000", "2011-05-31": "121.00000", "2011-02-28": "76.00000", "2010-11-30": "191.00000", "2010-08-31": "-10.00000", "2010-05-31": "24.00000", "2010-02-28": "21.00000", "2009-11-30": "-8.00000", "2009-08-31": "-113.00000", "2009-05-31": "-92.00000", "2009-02-28": "-21.00000", "2008-11-30": "-9.00000", "2008-08-31": "5.00000", "2008-05-31": "21.00000", "2008-02-29": "42.00000", "2007-11-30": "23.00000", "2007-08-31": "12.00000", "2007-05-31": "28.00000", "2007-02-28": "5.00000", "2006-11-30": "31.00000", "2006-08-31": "36.00000", "2006-05-31": "-1.00000", "2006-02-28": "219.00000", "2005-11-30": "12.00000", "2005-08-31": "0.90000", "2005-05-31": "25.30000", "2005-02-28": "8.70000"}, "Operating Expenses": {"2020-11-30": "4907.00000", "2020-08-31": "4899.00000", "2020-05-31": "4550.00000", "2020-02-29": "4357.00000", "2019-11-30": "4626.00000", "2019-08-31": "4220.00000", "2019-05-31": "3778.00000", "2019-02-28": "3878.00000", "2018-11-30": "4154.00000", "2018-08-31": "4063.00000", "2018-05-31": "3844.00000", "2018-02-28": "3784.00000", "2017-11-30": "3706.00000", "2017-08-31": "3636.00000", "2017-05-31": "3603.00000", "2017-02-28": "3604.00000", "2016-11-30": "3611.00000", "2016-08-31": "3249.00000", "2016-05-31": "2925.00000", "2016-02-29": "2939.00000", "2015-11-30": "3118.00000", "2015-08-31": "3173.00000", "2015-05-31": "3222.00000", "2015-02-28": "3311.00000", "2014-11-30": "3488.00000", "2014-08-31": "3399.00000", "2014-05-31": "3143.00000", "2014-02-28": "3238.00000", "2013-11-30": "3491.00000", "2013-08-31": "2636.00000", "2013-05-31": "2169.00000", "2013-02-28": "2101.00000", "2012-11-30": "1931.00000", "2012-08-31": "2101.00000", "2012-05-31": "2360.00000", "2012-02-29": "2213.00000", "2011-11-30": "2172.00000", "2011-08-31": "2185.00000", "2011-05-31": "1902.00000", "2011-02-28": "2078.00000", "2010-11-30": "1862.00000", "2010-08-31": "2060.00000", "2010-05-31": "1748.00000", "2010-02-28": "1546.00000", "2009-11-30": "1539.00000", "2009-08-31": "1351.00000", "2009-05-31": "1352.00000", "2009-02-28": "1702.00000", "2008-11-30": "2074.00000", "2008-08-31": "1787.00000", "2008-05-31": "1723.00000", "2008-02-29": "2131.00000", "2007-11-30": "1795.00000", "2007-08-31": "1598.00000", "2007-05-31": "1489.00000", "2007-02-28": "1461.00000", "2006-11-30": "1420.00000", "2006-08-31": "1320.00000", "2006-05-31": "1265.00000", "2006-02-28": "1037.00000", "2005-11-30": "1300.00000", "2005-08-31": "1211.80000", "2005-05-31": "1184.30000", "2005-02-28": "1181.50000"}, "Operating Income": {"2020-11-30": "866.00000", "2020-08-31": "1157.00000", "2020-05-31": "888.00000", "2020-02-29": "440.00000", "2019-11-30": "518.00000", "2019-08-31": "650.00000", "2019-05-31": "1010.00000", "2019-02-28": "1957.00000", "2018-11-30": "3759.00000", "2018-08-31": "4377.00000", "2018-05-31": "3953.00000", "2018-02-28": "3567.00000", "2017-11-30": "3097.00000", "2017-08-31": "2502.00000", "2017-05-31": "1963.00000", "2017-02-28": "1044.00000", "2016-11-30": "359.00000", "2016-08-31": "-32.00000", "2016-05-31": "-27.00000", "2016-02-29": "-5.00000", "2015-11-30": "232.00000", "2015-08-31": "427.00000", "2015-05-31": "631.00000", "2015-02-28": "855.00000", "2014-11-30": "1085.00000", "2014-08-31": "828.00000", "2014-05-31": "839.00000", "2014-02-28": "869.00000", "2013-11-30": "551.00000", "2013-08-31": "207.00000", "2013-05-31": "149.00000", "2013-02-28": "-23.00000", "2012-11-30": "-97.00000", "2012-08-31": "-138.00000", "2012-05-31": "-188.00000", "2012-02-29": "-204.00000", "2011-11-30": "-82.00000", "2011-08-31": "-45.00000", "2011-05-31": "237.00000", "2011-02-28": "179.00000", "2010-11-30": "390.00000", "2010-08-31": "433.00000", "2010-05-31": "540.00000", "2010-02-28": "415.00000", "2009-11-30": "201.00000", "2009-08-31": "-49.00000", "2009-05-31": "-246.00000", "2009-02-28": "-709.00000", "2008-11-30": "-672.00000", "2008-08-31": "-338.00000", "2008-05-31": "-225.00000", "2008-02-29": "-772.00000", "2007-11-30": "-260.00000", "2007-08-31": "-161.00000", "2007-05-31": "-195.00000", "2007-02-28": "-34.00000", "2006-11-30": "110.00000", "2006-08-31": "53.00000", "2006-05-31": "47.00000", "2006-02-28": "188.00000", "2005-11-30": "62.00000", "2005-08-31": "45.79970", "2005-05-31": "-130.10000", "2005-02-28": "126.39990"}, "Total Non-Operating Income/Expense": {"2020-11-30": "-25.00000", "2020-08-31": "-32.00000", "2020-05-31": "-18.00000", "2020-02-29": "-13.00000", "2019-11-30": "43.00000", "2019-08-31": "5.00000", "2019-05-31": "-294.00000", "2019-02-28": "-53.00000", "2018-11-30": "14.00000", "2018-08-31": "-31.00000", "2018-05-31": "-237.00000", "2018-02-28": "-114.00000", "2017-11-30": "-305.00000", "2017-08-31": "-181.00000", "2017-05-31": "-226.00000", "2017-02-28": "-119.00000", "2016-11-30": "-146.00000", "2016-08-31": "-136.00000", "2016-05-31": "-133.00000", "2016-02-29": "-91.00000", "2015-11-30": "-89.00000", "2015-08-31": "-72.00000", "2015-05-31": "-104.00000", "2015-02-28": "-81.00000", "2014-11-30": "-132.00000", "2014-08-31": "117.00000", "2014-05-31": "-96.00000", "2014-02-28": "-199.00000", "2013-11-30": "-176.00000", "2013-08-31": "1471.00000", "2013-05-31": "-97.00000", "2013-02-28": "-212.00000", "2012-11-30": "-113.00000", "2012-08-31": "-58.00000", "2012-05-31": "-55.00000", "2012-02-29": "4.00000", "2011-11-30": "-33.00000", "2011-08-31": "-33.00000", "2011-05-31": "-12.00000", "2011-02-28": "-21.00000", "2010-11-30": "-144.00000", "2010-08-31": "-33.00000", "2010-05-31": "398.00000", "2010-02-28": "-45.00000", "2009-11-30": "11.00000", "2009-08-31": "-44.00000", "2009-05-31": "-47.00000", "2009-02-28": "-44.00000", "2008-11-30": "-41.00000", "2008-08-31": "-51.00000", "2008-05-31": "-6.00000", "2008-02-29": "-3.00000", "2007-11-30": "8.00000", "2007-08-31": "15.00000", "2007-05-31": "18.00000", "2007-02-28": "36.00000", "2006-11-30": "43.00000", "2006-08-31": "39.00000", "2006-05-31": "31.00000", "2006-02-28": "12.00000", "2005-11-30": "1.00000", "2005-08-31": "-2.20000", "2005-05-31": "-5.10000", "2005-02-28": "-4.90000"}, "Pre-Tax Income": {"2020-11-30": "841.00000", "2020-08-31": "1125.00000", "2020-05-31": "870.00000", "2020-02-29": "427.00000", "2019-11-30": "561.00000", "2019-08-31": "655.00000", "2019-05-31": "716.00000", "2019-02-28": "1904.00000", "2018-11-30": "3773.00000", "2018-08-31": "4346.00000", "2018-05-31": "3716.00000", "2018-02-28": "3453.00000", "2017-11-30": "2792.00000", "2017-08-31": "2321.00000", "2017-05-31": "1737.00000", "2017-02-28": "925.00000", "2016-11-30": "213.00000", "2016-08-31": "-168.00000", "2016-05-31": "-160.00000", "2016-02-29": "-96.00000", "2015-11-30": "143.00000", "2015-08-31": "355.00000", "2015-05-31": "527.00000", "2015-02-28": "774.00000", "2014-11-30": "953.00000", "2014-08-31": "945.00000", "2014-05-31": "743.00000", "2014-02-28": "670.00000", "2013-11-30": "375.00000", "2013-08-31": "1678.00000", "2013-05-31": "52.00000", "2013-02-28": "-235.00000", "2012-11-30": "-210.00000", "2012-08-31": "-196.00000", "2012-05-31": "-243.00000", "2012-02-29": "-200.00000", "2011-11-30": "-115.00000", "2011-08-31": "-78.00000", "2011-05-31": "225.00000", "2011-02-28": "158.00000", "2010-11-30": "246.00000", "2010-08-31": "400.00000", "2010-05-31": "938.00000", "2010-02-28": "370.00000", "2009-11-30": "212.00000", "2009-08-31": "-93.00000", "2009-05-31": "-293.00000", "2009-02-28": "-753.00000", "2008-11-30": "-713.00000", "2008-08-31": "-389.00000", "2008-05-31": "-231.00000", "2008-02-29": "-775.00000", "2007-11-30": "-252.00000", "2007-08-31": "-146.00000", "2007-05-31": "-177.00000", "2007-02-28": "2.00000", "2006-11-30": "153.00000", "2006-08-31": "92.00000", "2006-05-31": "78.00000", "2006-02-28": "200.00000", "2005-11-30": "63.00000", "2005-08-31": "43.60000", "2005-05-31": "-135.20000", "2005-02-28": "121.50000"}, "Income Taxes": {"2020-11-30": "51.00000", "2020-08-31": "136.00000", "2020-05-31": "68.00000", "2020-02-29": "21.00000", "2019-11-30": "55.00000", "2019-08-31": "71.00000", "2019-05-31": "-135.00000", "2019-02-28": "280.00000", "2018-11-30": "477.00000", "2018-08-31": "20.00000", "2018-05-31": "-109.00000", "2018-02-28": "143.00000", "2017-11-30": "114.00000", "2017-08-31": "-47.00000", "2017-05-31": "92.00000", "2017-02-28": "38.00000", "2016-11-30": "31.00000", "2016-08-31": "3.00000", "2016-05-31": "15.00000", "2016-02-29": "5.00000", "2015-11-30": "-4.00000", "2015-08-31": "-69.00000", "2015-05-31": "104.00000", "2015-02-28": "47.00000", "2014-11-30": "75.00000", "2014-08-31": "-87.00000", "2014-05-31": "72.00000", "2014-02-28": "63.00000", "2013-11-30": "80.00000", "2013-08-31": "5.00000", "2013-05-31": "-1.00000", "2013-02-28": "-9.00000", "2012-11-30": "13.00000", "2012-08-31": "14.00000", "2012-05-31": "-38.00000", "2012-02-29": "9.00000", "2011-11-30": "-2.00000", "2011-08-31": "16.00000", "2011-05-31": "104.00000", "2011-02-28": "35.00000", "2010-11-30": "48.00000", "2010-08-31": "25.00000", "2010-05-31": "-41.00000", "2010-02-28": "4.00000", "2009-11-30": "-7.00000", "2009-08-31": "-13.00000", "2009-05-31": "-4.00000", "2009-02-28": "5.00000", "2008-11-30": "13.00000", "2008-08-31": "2.00000", "2008-05-31": "13.00000", "2008-02-29": "-4.00000", "2007-11-30": "7.00000", "2007-08-31": "6.00000", "2007-05-31": "9.00000", "2007-02-28": "6.00000", "2006-11-30": "9.00000", "2006-08-31": "4.00000", "2006-05-31": "7.00000", "2006-02-28": "7.00000", "2005-11-30": "", "2005-08-31": "0.50000", "2005-05-31": "-7.30000", "2005-02-28": "3.60000"}, "Income After Taxes": {"2020-11-30": "790.00000", "2020-08-31": "989.00000", "2020-05-31": "802.00000", "2020-02-29": "406.00000", "2019-11-30": "506.00000", "2019-08-31": "584.00000", "2019-05-31": "851.00000", "2019-02-28": "1624.00000", "2018-11-30": "3296.00000", "2018-08-31": "4326.00000", "2018-05-31": "3825.00000", "2018-02-28": "3310.00000", "2017-11-30": "2678.00000", "2017-08-31": "2368.00000", "2017-05-31": "1645.00000", "2017-02-28": "887.00000", "2016-11-30": "182.00000", "2016-08-31": "-171.00000", "2016-05-31": "-175.00000", "2016-02-29": "-101.00000", "2015-11-30": "147.00000", "2015-08-31": "424.00000", "2015-05-31": "423.00000", "2015-02-28": "727.00000", "2014-11-30": "878.00000", "2014-08-31": "1032.00000", "2014-05-31": "671.00000", "2014-02-28": "607.00000", "2013-11-30": "295.00000", "2013-08-31": "1673.00000", "2013-05-31": "53.00000", "2013-02-28": "-226.00000", "2012-11-30": "-223.00000", "2012-08-31": "-210.00000", "2012-05-31": "-205.00000", "2012-02-29": "-209.00000", "2011-11-30": "-113.00000", "2011-08-31": "-94.00000", "2011-05-31": "121.00000", "2011-02-28": "123.00000", "2010-11-30": "198.00000", "2010-08-31": "375.00000", "2010-05-31": "979.00000", "2010-02-28": "366.00000", "2009-11-30": "219.00000", "2009-08-31": "-80.00000", "2009-05-31": "-289.00000", "2009-02-28": "-758.00000", "2008-11-30": "-726.00000", "2008-08-31": "-391.00000", "2008-05-31": "-244.00000", "2008-02-29": "-771.00000", "2007-11-30": "-259.00000", "2007-08-31": "-152.00000", "2007-05-31": "-186.00000", "2007-02-28": "-4.00000", "2006-11-30": "144.00000", "2006-08-31": "88.00000", "2006-05-31": "71.00000", "2006-02-28": "193.00000", "2005-11-30": "63.00000", "2005-08-31": "43.10000", "2005-05-31": "-127.90000", "2005-02-28": "117.90000"}, "Other Income": {"2020-11-30": "", "2020-08-31": "", "2020-05-31": "", "2020-02-29": "", "2019-11-30": "", "2019-08-31": "", "2019-05-31": "", "2019-02-28": "", "2018-11-30": "", "2018-08-31": "", "2018-05-31": "", "2018-02-28": "", "2017-11-30": "", "2017-08-31": "", "2017-05-31": "", "2017-02-28": "", "2016-11-30": "", "2016-08-31": "", "2016-05-31": "", "2016-02-29": "", "2015-11-30": "", "2015-08-31": "", "2015-05-31": "", "2015-02-28": "", "2014-11-30": "", "2014-08-31": "", "2014-05-31": "", "2014-02-28": "", "2013-11-30": "", "2013-08-31": "", "2013-05-31": "", "2013-02-28": "", "2012-11-30": "", "2012-08-31": "", "2012-05-31": "", "2012-02-29": "", "2011-11-30": "", "2011-08-31": "", "2011-05-31": "", "2011-02-28": "", "2010-11-30": "", "2010-08-31": "", "2010-05-31": "", "2010-02-28": "", "2009-11-30": "", "2009-08-31": "", "2009-05-31": "", "2009-02-28": "", "2008-11-30": "", "2008-08-31": "", "2008-05-31": "", "2008-02-29": "", "2007-11-30": "", "2007-08-31": "", "2007-05-31": "", "2007-02-28": "", "2006-11-30": "", "2006-08-31": "", "2006-05-31": "", "2006-02-28": "", "2005-11-30": "", "2005-08-31": "", "2005-05-31": "", "2005-02-28": ""}, "Income From Continuous Operations": {"2020-11-30": "803.00000", "2020-08-31": "990.00000", "2020-05-31": "805.00000", "2020-02-29": "407.00000", "2019-11-30": "508.00000", "2019-08-31": "586.00000", "2019-05-31": "851.00000", "2019-02-28": "1625.00000", "2018-11-30": "3296.00000", "2018-08-31": "4326.00000", "2018-05-31": "3823.00000", "2018-02-28": "3311.00000", "2017-11-30": "2678.00000", "2017-08-31": "2369.00000", "2017-05-31": "1647.00000", "2017-02-28": "894.00000", "2016-11-30": "180.00000", "2016-08-31": "-170.00000", "2016-05-31": "-215.00000", "2016-02-29": "-96.00000", "2015-11-30": "206.00000", "2015-08-31": "471.00000", "2015-05-31": "491.00000", "2015-02-28": "935.00000", "2014-11-30": "1002.00000", "2014-08-31": "1151.00000", "2014-05-31": "806.00000", "2014-02-28": "741.00000", "2013-11-30": "381.00000", "2013-08-31": "1710.00000", "2013-05-31": "43.00000", "2013-02-28": "-284.00000", "2012-11-30": "-275.00000", "2012-08-31": "-242.00000", "2012-05-31": "-320.00000", "2012-02-29": "-282.00000", "2011-11-30": "-187.00000", "2011-08-31": "-134.00000", "2011-05-31": "77.00000", "2011-02-28": "75.00000", "2010-11-30": "172.00000", "2010-08-31": "359.00000", "2010-05-31": "960.00000", "2010-02-28": "379.00000", "2009-11-30": "202.00000", "2009-08-31": "-114.00000", "2009-05-31": "-334.00000", "2009-02-28": "-814.00000", "2008-11-30": "-731.00000", "2008-08-31": "-390.00000", "2008-05-31": "-236.00000", "2008-02-29": "-777.00000", "2007-11-30": "-262.00000", "2007-08-31": "-158.00000", "2007-05-31": "-225.00000", "2007-02-28": "-52.00000", "2006-11-30": "115.00000", "2006-08-31": "64.00000", "2006-05-31": "88.00000", "2006-02-28": "193.00000", "2005-11-30": "63.00000", "2005-08-31": "43.10000", "2005-05-31": "-127.90000", "2005-02-28": "117.90000"}, "Income From Discontinued Operations": {"2020-11-30": "", "2020-08-31": "", "2020-05-31": "", "2020-02-29": "", "2019-11-30": "", "2019-08-31": "", "2019-05-31": "", "2019-02-28": "", "2018-11-30": "", "2018-08-31": "", "2018-05-31": "", "2018-02-28": "", "2017-11-30": "", "2017-08-31": "", "2017-05-31": "", "2017-02-28": "", "2016-11-30": "", "2016-08-31": "", "2016-05-31": "", "2016-02-29": "", "2015-11-30": "", "2015-08-31": "", "2015-05-31": "", "2015-02-28": "", "2014-11-30": "", "2014-08-31": "", "2014-05-31": "", "2014-02-28": "", "2013-11-30": "", "2013-08-31": "", "2013-05-31": "", "2013-02-28": "", "2012-11-30": "", "2012-08-31": "", "2012-05-31": "", "2012-02-29": "", "2011-11-30": "", "2011-08-31": "", "2011-05-31": "", "2011-02-28": "", "2010-11-30": "", "2010-08-31": "", "2010-05-31": "", "2010-02-28": "", "2009-11-30": "", "2009-08-31": "", "2009-05-31": "", "2009-02-28": "", "2008-11-30": "", "2008-08-31": "", "2008-05-31": "", "2008-02-29": "", "2007-11-30": "", "2007-08-31": "", "2007-05-31": "", "2007-02-28": "", "2006-11-30": "", "2006-08-31": "", "2006-05-31": "", "2006-02-28": "", "2005-11-30": "", "2005-08-31": "", "2005-05-31": "", "2005-02-28": ""}, "Net Income": {"2020-11-30": "803.00000", "2020-08-31": "988.00000", "2020-05-31": "803.00000", "2020-02-29": "405.00000", "2019-11-30": "491.00000", "2019-08-31": "561.00000", "2019-05-31": "840.00000", "2019-02-28": "1619.00000", "2018-11-30": "3293.00000", "2018-08-31": "4325.00000", "2018-05-31": "3823.00000", "2018-02-28": "3309.00000", "2017-11-30": "2678.00000", "2017-08-31": "2368.00000", "2017-05-31": "1647.00000", "2017-02-28": "894.00000", "2016-11-30": "180.00000", "2016-08-31": "-170.00000", "2016-05-31": "-215.00000", "2016-02-29": "-97.00000", "2015-11-30": "206.00000", "2015-08-31": "471.00000", "2015-05-31": "491.00000", "2015-02-28": "934.00000", "2014-11-30": "1003.00000", "2014-08-31": "1150.00000", "2014-05-31": "806.00000", "2014-02-28": "731.00000", "2013-11-30": "358.00000", "2013-08-31": "1708.00000", "2013-05-31": "43.00000", "2013-02-28": "-286.00000", "2012-11-30": "-275.00000", "2012-08-31": "-243.00000", "2012-05-31": "-320.00000", "2012-02-29": "-282.00000", "2011-11-30": "-187.00000", "2011-08-31": "-135.00000", "2011-05-31": "75.00000", "2011-02-28": "72.00000", "2010-11-30": "155.00000", "2010-08-31": "342.00000", "2010-05-31": "939.00000", "2010-02-28": "365.00000", "2009-11-30": "204.00000", "2009-08-31": "-100.00000", "2009-05-31": "-301.00000", "2009-02-28": "-763.00000", "2008-11-30": "-718.00000", "2008-08-31": "-380.00000", "2008-05-31": "-236.00000", "2008-02-29": "-777.00000", "2007-11-30": "-262.00000", "2007-08-31": "-158.00000", "2007-05-31": "-225.00000", "2007-02-28": "-52.00000", "2006-11-30": "115.00000", "2006-08-31": "64.00000", "2006-05-31": "88.00000", "2006-02-28": "193.00000", "2005-11-30": "63.00000", "2005-08-31": "43.10000", "2005-05-31": "-127.90000", "2005-02-28": "117.90000"}, "EBITDA": {"2020-11-30": "2360.00000", "2020-08-31": "2730.00000", "2020-05-31": "2314.00000", "2020-02-29": "1811.00000", "2019-11-30": "1824.00000", "2019-08-31": "2076.00000", "2019-05-31": "2380.00000", "2019-02-28": "3281.00000", "2018-11-30": "5112.00000", "2018-08-31": "5685.00000", "2018-05-31": "5209.00000", "2018-02-28": "4744.00000", "2017-11-30": "4216.00000", "2017-08-31": "3600.00000", "2017-05-31": "3014.00000", "2017-02-28": "2078.00000", "2016-11-30": "1162.00000", "2016-08-31": "714.00000", "2016-05-31": "758.00000", "2016-02-29": "800.00000", "2015-11-30": "1002.00000", "2015-08-31": "1170.00000", "2015-05-31": "1338.00000", "2015-02-28": "1529.00000", "2014-11-30": "1766.00000", "2014-08-31": "1418.00000", "2014-05-31": "1417.00000", "2014-02-28": "1430.00000", "2013-11-30": "1092.00000", "2013-08-31": "693.00000", "2013-05-31": "619.00000", "2013-02-28": "462.00000", "2012-11-30": "388.00000", "2012-08-31": "371.00000", "2012-05-31": "358.00000", "2012-02-29": "382.00000", "2011-11-30": "499.00000", "2011-08-31": "525.00000", "2011-05-31": "796.00000", "2011-02-28": "695.00000", "2010-11-30": "907.00000", "2010-08-31": "964.00000", "2010-05-31": "1036.00000", "2010-02-28": "902.00000", "2009-11-30": "692.00000", "2009-08-31": "396.00000", "2009-05-31": "280.00000", "2009-02-28": "-99.00000", "2008-11-30": "-67.00000", "2008-08-31": "230.00000", "2008-05-31": "288.00000", "2008-02-29": "202.00000", "2007-11-30": "244.00000", "2007-08-31": "313.00000", "2007-05-31": "249.00000", "2007-02-28": "386.00000", "2006-11-30": "490.00000", "2006-08-31": "398.00000", "2006-05-31": "388.00000", "2006-02-28": "480.00000", "2005-11-30": "365.00000", "2005-08-31": "361.19970", "2005-05-31": "188.60000", "2005-02-28": "443.59990"}, "EBIT": {"2020-11-30": "866.00000", "2020-08-31": "1157.00000", "2020-05-31": "888.00000", "2020-02-29": "440.00000", "2019-11-30": "518.00000", "2019-08-31": "650.00000", "2019-05-31": "1010.00000", "2019-02-28": "1957.00000", "2018-11-30": "3759.00000", "2018-08-31": "4377.00000", "2018-05-31": "3953.00000", "2018-02-28": "3567.00000", "2017-11-30": "3097.00000", "2017-08-31": "2502.00000", "2017-05-31": "1963.00000", "2017-02-28": "1044.00000", "2016-11-30": "359.00000", "2016-08-31": "-32.00000", "2016-05-31": "-27.00000", "2016-02-29": "-5.00000", "2015-11-30": "232.00000", "2015-08-31": "427.00000", "2015-05-31": "631.00000", "2015-02-28": "855.00000", "2014-11-30": "1085.00000", "2014-08-31": "828.00000", "2014-05-31": "839.00000", "2014-02-28": "869.00000", "2013-11-30": "551.00000", "2013-08-31": "207.00000", "2013-05-31": "149.00000", "2013-02-28": "-23.00000", "2012-11-30": "-97.00000", "2012-08-31": "-138.00000", "2012-05-31": "-188.00000", "2012-02-29": "-204.00000", "2011-11-30": "-82.00000", "2011-08-31": "-45.00000", "2011-05-31": "237.00000", "2011-02-28": "179.00000", "2010-11-30": "390.00000", "2010-08-31": "433.00000", "2010-05-31": "540.00000", "2010-02-28": "415.00000", "2009-11-30": "201.00000", "2009-08-31": "-49.00000", "2009-05-31": "-246.00000", "2009-02-28": "-709.00000", "2008-11-30": "-672.00000", "2008-08-31": "-338.00000", "2008-05-31": "-225.00000", "2008-02-29": "-772.00000", "2007-11-30": "-260.00000", "2007-08-31": "-161.00000", "2007-05-31": "-195.00000", "2007-02-28": "-34.00000", "2006-11-30": "110.00000", "2006-08-31": "53.00000", "2006-05-31": "47.00000", "2006-02-28": "188.00000", "2005-11-30": "62.00000", "2005-08-31": "45.80010", "2005-05-31": "-130.10000", "2005-02-28": "126.39990"}, "Basic Shares Outstanding": {"2020-11-30": "1115.00000", "2020-08-31": "1110.00000", "2020-05-31": "1111.00000", "2020-02-29": "1111.00000", "2019-11-30": "1107.00000", "2019-08-31": "1114.00000", "2019-05-31": "1105.00000", "2019-02-28": "1114.00000", "2018-11-30": "1133.00000", "2018-08-31": "1152.00000", "2018-05-31": "1159.00000", "2018-02-28": "1156.00000", "2017-11-30": "1134.00000", "2017-08-31": "1089.00000", "2017-05-31": "1106.00000", "2017-02-28": "1099.00000", "2016-11-30": "1040.00000", "2016-08-31": "1036.00000", "2016-05-31": "1036.00000", "2016-02-29": "1036.00000", "2015-11-30": "1035.00000", "2015-08-31": "1070.00000", "2015-05-31": "1073.00000", "2015-02-28": "1074.00000", "2014-11-30": "1070.00000", "2014-08-31": "1060.00000", "2014-05-31": "1067.00000", "2014-02-28": "1060.00000", "2013-11-30": "1046.00000", "2013-08-31": "1022.00000", "2013-05-31": "1024.00000", "2013-02-28": "1016.00000", "2012-11-30": "1014.00000", "2012-08-31": "991.00000", "2012-05-31": "987.30000", "2012-02-29": "982.80000", "2011-11-30": "981.40000", "2011-08-31": "988.00000", "2011-05-31": "998.90000", "2011-02-28": "988.10000", "2010-11-30": "972.90000", "2010-08-31": "887.50000", "2010-05-31": "885.40000", "2010-02-28": "847.60000", "2009-11-30": "846.30000", "2009-08-31": "800.70000", "2009-05-31": "813.30000", "2009-02-28": "773.90000", "2008-11-30": "773.30000", "2008-08-31": "772.50000", "2008-05-31": "772.80000", "2008-02-29": "772.40000", "2007-11-30": "771.90000", "2007-08-31": "769.10000", "2007-05-31": "769.90000", "2007-02-28": "768.70000", "2006-11-30": "767.00000", "2006-08-31": "691.70000", "2006-05-31": "708.60000", "2006-02-28": "661.50000", "2005-11-30": "650.10000", "2005-08-31": "647.70000", "2005-05-31": "648.20000", "2005-02-28": "647.10000"}, "Shares Outstanding": {"2020-11-30": "1135.00000", "2020-08-31": "1131.00000", "2020-05-31": "1129.00000", "2020-02-29": "1133.00000", "2019-11-30": "1129.00000", "2019-08-31": "1143.00000", "2019-05-31": "1129.00000", "2019-02-28": "1141.00000", "2018-11-30": "1174.00000", "2018-08-31": "1229.00000", "2018-05-31": "1235.00000", "2018-02-28": "1238.00000", "2017-11-30": "1225.00000", "2017-08-31": "1154.00000", "2017-05-31": "1177.00000", "2017-02-28": "1160.00000", "2016-11-30": "1091.00000", "2016-08-31": "1036.00000", "2016-05-31": "1036.00000", "2016-02-29": "1036.00000", "2015-11-30": "1085.00000", "2015-08-31": "1170.00000", "2015-05-31": "1170.00000", "2015-02-28": "1190.00000", "2014-11-30": "1195.00000", "2014-08-31": "1198.00000", "2014-05-31": "1190.00000", "2014-02-28": "1201.00000", "2013-11-30": "1196.00000", "2013-08-31": "1057.00000", "2013-05-31": "1047.00000", "2013-02-28": "1016.00000", "2012-11-30": "1014.00000", "2012-08-31": "991.00000", "2012-05-31": "987.30000", "2012-02-29": "982.80000", "2011-11-30": "981.40000", "2011-08-31": "1007.50000", "2011-05-31": "1041.70000", "2011-02-28": "1037.30000", "2010-11-30": "1031.30000", "2010-08-31": "1050.70000", "2010-05-31": "1049.40000", "2010-02-28": "1005.30000", "2009-11-30": "1000.70000", "2009-08-31": "800.70000", "2009-05-31": "813.30000", "2009-02-28": "773.90000", "2008-11-30": "773.30000", "2008-08-31": "772.50000", "2008-05-31": "772.80000", "2008-02-29": "772.40000", "2007-11-30": "771.90000", "2007-08-31": "769.10000", "2007-05-31": "769.90000", "2007-02-28": "768.70000", "2006-11-30": "779.60000", "2006-08-31": "725.10000", "2006-05-31": "720.10000", "2006-02-28": "714.60000", "2005-11-30": "707.10000", "2005-08-31": "702.00000", "2005-05-31": "648.20000", "2005-02-28": "701.30000"}, "Basic EPS": {"2020-11-30": "0.72000", "2020-08-31": "0.89000", "2020-05-31": "0.72000", "2020-02-29": "0.37000", "2019-11-30": "0.44000", "2019-08-31": "0.55000", "2019-05-31": "0.76000", "2019-02-28": "1.45000", "2018-11-30": "2.91000", "2018-08-31": "3.75000", "2018-05-31": "3.30000", "2018-02-28": "2.86000", "2017-11-30": "2.36000", "2017-08-31": "2.20000", "2017-05-31": "1.49000", "2017-02-28": "0.81000", "2016-11-30": "0.17000", "2016-08-31": "-0.17000", "2016-05-31": "-0.21000", "2016-02-29": "-0.09000", "2015-11-30": "0.20000", "2015-08-31": "0.44000", "2015-05-31": "0.46000", "2015-02-28": "0.87000", "2014-11-30": "0.94000", "2014-08-31": "1.08000", "2014-05-31": "0.76000", "2014-02-28": "0.69000", "2013-11-30": "0.34000", "2013-08-31": "1.67000", "2013-05-31": "0.04000", "2013-02-28": "-0.28000", "2012-11-30": "-0.27000", "2012-08-31": "-0.24000", "2012-05-31": "-0.32000", "2012-02-29": "-0.29000", "2011-11-30": "-0.19000", "2011-08-31": "-0.13000", "2011-05-31": "0.07000", "2011-02-28": "0.07000", "2010-11-30": "0.16000", "2010-08-31": "0.36000", "2010-05-31": "1.06000", "2010-02-28": "0.43000", "2009-11-30": "0.24000", "2009-08-31": "-0.06000", "2009-05-31": "-0.37000", "2009-02-28": "-0.99000", "2008-11-30": "-0.93000", "2008-08-31": "-0.49000", "2008-05-31": "-0.30000", "2008-02-29": "-1.01000", "2007-11-30": "-0.34000", "2007-08-31": "-0.21000", "2007-05-31": "-0.29000", "2007-02-28": "-0.07000", "2006-11-30": "0.15000", "2006-08-31": "0.08000", "2006-05-31": "0.12000", "2006-02-28": "0.29000", "2005-11-30": "0.10000", "2005-08-31": "0.07000", "2005-05-31": "-0.20000", "2005-02-28": "0.18000"}, "EPS - Earnings Per Share": {"2020-11-30": "0.71000", "2020-08-31": "0.87000", "2020-05-31": "0.71000", "2020-02-29": "0.36000", "2019-11-30": "0.43000", "2019-08-31": "0.54000", "2019-05-31": "0.74000", "2019-02-28": "1.42000", "2018-11-30": "2.81000", "2018-08-31": "3.55000", "2018-05-31": "3.10000", "2018-02-28": "2.67000", "2017-11-30": "2.19000", "2017-08-31": "2.08000", "2017-05-31": "1.40000", "2017-02-28": "0.77000", "2016-11-30": "0.16000", "2016-08-31": "-0.16000", "2016-05-31": "-0.21000", "2016-02-29": "-0.09000", "2015-11-30": "0.19000", "2015-08-31": "0.43000", "2015-05-31": "0.42000", "2015-02-28": "0.78000", "2014-11-30": "0.84000", "2014-08-31": "0.95000", "2014-05-31": "0.68000", "2014-02-28": "0.61000", "2013-11-30": "0.30000", "2013-08-31": "1.64000", "2013-05-31": "0.04000", "2013-02-28": "-0.28000", "2012-11-30": "-0.27000", "2012-08-31": "-0.24000", "2012-05-31": "-0.32000", "2012-02-29": "-0.29000", "2011-11-30": "-0.19000", "2011-08-31": "-0.12000", "2011-05-31": "0.07000", "2011-02-28": "0.07000", "2010-11-30": "0.15000", "2010-08-31": "0.31000", "2010-05-31": "0.92000", "2010-02-28": "0.39000", "2009-11-30": "0.23000", "2009-08-31": "-0.06000", "2009-05-31": "-0.37000", "2009-02-28": "-0.99000", "2008-11-30": "-0.93000", "2008-08-31": "-0.49000", "2008-05-31": "-0.30000", "2008-02-29": "-1.01000", "2007-11-30": "-0.34000", "2007-08-31": "-0.21000", "2007-05-31": "-0.29000", "2007-02-28": "-0.07000", "2006-11-30": "0.15000", "2006-08-31": "0.09000", "2006-05-31": "0.12000", "2006-02-28": "0.27000", "2005-11-30": "0.09000", "2005-08-31": "0.09000", "2005-05-31": "-0.20000", "2005-02-28": "0.17000"}}, "balance sheet": {"Cash On Hand": {"2020-08-31": "8142.00000", "2019-08-31": "7955.00000", "2018-08-31": "6802.00000", "2017-08-31": "5428.00000", "2016-08-31": "4398.00000", "2015-08-31": "3521.00000", "2014-08-31": "4534.00000", "2013-08-31": "3657.00000", "2012-08-31": "2559.00000", "2011-08-31": "2160.00000", "2010-08-31": "2913.00000", "2009-08-31": "1485.00000", "2008-08-31": "1362.00000", "2007-08-31": "2616.00000", "2006-08-31": "3079.00000", "2005-08-31": "1290.00000"}, "Receivables": {"2020-08-31": "3912.00000", "2019-08-31": "3195.00000", "2018-08-31": "5478.00000", "2017-08-31": "3759.00000", "2016-08-31": "2068.00000", "2015-08-31": "2507.00000", "2014-08-31": "2906.00000", "2013-08-31": "2329.00000", "2012-08-31": "1289.00000", "2011-08-31": "1497.00000", "2010-08-31": "1531.00000", "2009-08-31": "798.00000", "2008-08-31": "1032.00000", "2007-08-31": "994.00000", "2006-08-31": "956.00000", "2005-08-31": "794.00000"}, "Inventory": {"2020-08-31": "5607.00000", "2019-08-31": "5118.00000", "2018-08-31": "3595.00000", "2017-08-31": "3123.00000", "2016-08-31": "2889.00000", "2015-08-31": "2340.00000", "2014-08-31": "2455.00000", "2013-08-31": "2649.00000", "2012-08-31": "1812.00000", "2011-08-31": "2080.00000", "2010-08-31": "1770.00000", "2009-08-31": "987.00000", "2008-08-31": "1291.00000", "2007-08-31": "1532.00000", "2006-08-31": "963.00000", "2005-08-31": "771.00000"}, "Pre-Paid Expenses": {"2020-08-31": "", "2019-08-31": "", "2018-08-31": "", "2017-08-31": "", "2016-08-31": "", "2015-08-31": "", "2014-08-31": "", "2013-08-31": "", "2012-08-31": "", "2011-08-31": "", "2010-08-31": "", "2009-08-31": "", "2008-08-31": "", "2007-08-31": "", "2006-08-31": "77.00000", "2005-08-31": "39.00000"}, "Other Current Assets": {"2020-08-31": "304.00000", "2019-08-31": "235.00000", "2018-08-31": "164.00000", "2017-08-31": "147.00000", "2016-08-31": "140.00000", "2015-08-31": "228.00000", "2014-08-31": "350.00000", "2013-08-31": "276.00000", "2012-08-31": "98.00000", "2011-08-31": "95.00000", "2010-08-31": "119.00000", "2009-08-31": "74.00000", "2008-08-31": "94.00000", "2007-08-31": "92.00000", "2006-08-31": "", "2005-08-31": ""}, "Total Current Assets": {"2020-08-31": "17965.00000", "2019-08-31": "16503.00000", "2018-08-31": "16039.00000", "2017-08-31": "12457.00000", "2016-08-31": "9495.00000", "2015-08-31": "8596.00000", "2014-08-31": "10245.00000", "2013-08-31": "8911.00000", "2012-08-31": "5758.00000", "2011-08-31": "5832.00000", "2010-08-31": "6333.00000", "2009-08-31": "3344.00000", "2008-08-31": "3779.00000", "2007-08-31": "5234.00000", "2006-08-31": "5101.00000", "2005-08-31": "2926.00000"}, "Property, Plant, And Equipment": {"2020-08-31": "31031.00000", "2019-08-31": "28240.00000", "2018-08-31": "23672.00000", "2017-08-31": "19431.00000", "2016-08-31": "14686.00000", "2015-08-31": "10554.00000", "2014-08-31": "8682.00000", "2013-08-31": "7626.00000", "2012-08-31": "7103.00000", "2011-08-31": "7555.00000", "2010-08-31": "6601.00000", "2009-08-31": "7089.00000", "2008-08-31": "8811.00000", "2007-08-31": "8279.00000", "2006-08-31": "5888.00000", "2005-08-31": "4684.00000"}, "Long-Term Investments": {"2020-08-31": "1048.00000", "2019-08-31": "1164.00000", "2018-08-31": "473.00000", "2017-08-31": "617.00000", "2016-08-31": "1778.00000", "2015-08-31": "3492.00000", "2014-08-31": "1790.00000", "2013-08-31": "895.00000", "2012-08-31": "763.00000", "2011-08-31": "535.00000", "2010-08-31": "582.00000", "2009-08-31": "315.00000", "2008-08-31": "84.00000", "2007-08-31": "", "2006-08-31": "", "2005-08-31": ""}, "Goodwill And Intangible Assets": {"2020-08-31": "1562.00000", "2019-08-31": "1568.00000", "2018-08-31": "1559.00000", "2017-08-31": "1615.00000", "2016-08-31": "568.00000", "2015-08-31": "449.00000", "2014-08-31": "468.00000", "2013-08-31": "386.00000", "2012-08-31": "371.00000", "2011-08-31": "414.00000", "2010-08-31": "323.00000", "2009-08-31": "344.00000", "2008-08-31": "364.00000", "2007-08-31": "916.00000", "2006-08-31": "890.00000", "2005-08-31": "276.00000"}, "Other Long-Term Assets": {"2020-08-31": "781.00000", "2019-08-31": "575.00000", "2018-08-31": "611.00000", "2017-08-31": "450.00000", "2016-08-31": "356.00000", "2015-08-31": "455.00000", "2014-08-31": "415.00000", "2013-08-31": "439.00000", "2012-08-31": "286.00000", "2011-08-31": "416.00000", "2010-08-31": "854.00000", "2009-08-31": "367.00000", "2008-08-31": "392.00000", "2007-08-31": "389.00000", "2006-08-31": "293.00000", "2005-08-31": "90.00000"}, "Total Long-Term Assets": {"2020-08-31": "35713.00000", "2019-08-31": "32384.00000", "2018-08-31": "27337.00000", "2017-08-31": "22879.00000", "2016-08-31": "18045.00000", "2015-08-31": "15547.00000", "2014-08-31": "12171.00000", "2013-08-31": "10207.00000", "2012-08-31": "8570.00000", "2011-08-31": "8920.00000", "2010-08-31": "8360.00000", "2009-08-31": "8115.00000", "2008-08-31": "9651.00000", "2007-08-31": "9584.00000", "2006-08-31": "7120.00000", "2005-08-31": "5080.00000"}, "Total Assets": {"2020-08-31": "53678.00000", "2019-08-31": "48887.00000", "2018-08-31": "43376.00000", "2017-08-31": "35336.00000", "2016-08-31": "27540.00000", "2015-08-31": "24143.00000", "2014-08-31": "22416.00000", "2013-08-31": "19118.00000", "2012-08-31": "14328.00000", "2011-08-31": "14752.00000", "2010-08-31": "14693.00000", "2009-08-31": "11459.00000", "2008-08-31": "13430.00000", "2007-08-31": "14818.00000", "2006-08-31": "12221.00000", "2005-08-31": "8006.00000"}, "Total Current Liabilities": {"2020-08-31": "6635.00000", "2019-08-31": "6390.00000", "2018-08-31": "5754.00000", "2017-08-31": "5334.00000", "2016-08-31": "4835.00000", "2015-08-31": "3905.00000", "2014-08-31": "4791.00000", "2013-08-31": "4125.00000", "2012-08-31": "2243.00000", "2011-08-31": "2480.00000", "2010-08-31": "2702.00000", "2009-08-31": "1892.00000", "2008-08-31": "1598.00000", "2007-08-31": "2026.00000", "2006-08-31": "1661.00000", "2005-08-31": "979.00000"}, "Long Term Debt": {"2020-08-31": "6373.00000", "2019-08-31": "4541.00000", "2018-08-31": "3780.00000", "2017-08-31": "9893.00000", "2016-08-31": "9154.00000", "2015-08-31": "6301.00000", "2014-08-31": "4961.00000", "2013-08-31": "4452.00000", "2012-08-31": "3038.00000", "2011-08-31": "1861.00000", "2010-08-31": "1648.00000", "2009-08-31": "2379.00000", "2008-08-31": "2451.00000", "2007-08-31": "1987.00000", "2006-08-31": "405.00000", "2005-08-31": "1020.00000"}, "Other Non-Current Liabilities": {"2020-08-31": "1141.00000", "2019-08-31": "1088.00000", "2018-08-31": "581.00000", "2017-08-31": "639.00000", "2016-08-31": "623.00000", "2015-08-31": "698.00000", "2014-08-31": "1102.00000", "2013-08-31": "535.00000", "2012-08-31": "630.00000", "2011-08-31": "559.00000", "2010-08-31": "527.00000", "2009-08-31": "249.00000", "2008-08-31": "338.00000", "2007-08-31": "446.00000", "2006-08-31": "445.00000", "2005-08-31": "125.00000"}, "Total Long Term Liabilities": {"2020-08-31": "8047.00000", "2019-08-31": "5727.00000", "2018-08-31": "4458.00000", "2017-08-31": "10532.00000", "2016-08-31": "9777.00000", "2015-08-31": "6999.00000", "2014-08-31": "6063.00000", "2013-08-31": "4987.00000", "2012-08-31": "3668.00000", "2011-08-31": "2420.00000", "2010-08-31": "2175.00000", "2009-08-31": "2628.00000", "2008-08-31": "5654.00000", "2007-08-31": "5040.00000", "2006-08-31": "2446.00000", "2005-08-31": "1180.00000"}, "Total Liabilities": {"2020-08-31": "14682.00000", "2019-08-31": "12117.00000", "2018-08-31": "10212.00000", "2017-08-31": "15866.00000", "2016-08-31": "14612.00000", "2015-08-31": "10904.00000", "2014-08-31": "10854.00000", "2013-08-31": "9112.00000", "2012-08-31": "5911.00000", "2011-08-31": "4900.00000", "2010-08-31": "4877.00000", "2009-08-31": "4520.00000", "2008-08-31": "7252.00000", "2007-08-31": "7066.00000", "2006-08-31": "4107.00000", "2005-08-31": "2159.00000"}, "Common Stock Net": {"2020-08-31": "119.00000", "2019-08-31": "118.00000", "2018-08-31": "117.00000", "2017-08-31": "112.00000", "2016-08-31": "109.00000", "2015-08-31": "108.00000", "2014-08-31": "107.00000", "2013-08-31": "104.00000", "2012-08-31": "102.00000", "2011-08-31": "98.00000", "2010-08-31": "99.00000", "2009-08-31": "85.00000", "2008-08-31": "76.00000", "2007-08-31": "76.00000", "2006-08-31": "75.00000", "2005-08-31": "62.00000"}, "Retained Earnings (Accumulated Deficit)": {"2020-08-31": "33384.00000", "2019-08-31": "30761.00000", "2018-08-31": "24395.00000", "2017-08-31": "10260.00000", "2016-08-31": "5299.00000", "2015-08-31": "5588.00000", "2014-08-31": "2729.00000", "2013-08-31": "-212.00000", "2012-08-31": "-1402.00000", "2011-08-31": "-370.00000", "2010-08-31": "-536.00000", "2009-08-31": "-2385.00000", "2008-08-31": "-456.00000", "2007-08-31": "1164.00000", "2006-08-31": "1486.00000", "2005-08-31": "1078.00000"}, "Comprehensive Income": {"2020-08-31": "71.00000", "2019-08-31": "9.00000", "2018-08-31": "10.00000", "2017-08-31": "29.00000", "2016-08-31": "-35.00000", "2015-08-31": "13.00000", "2014-08-31": "56.00000", "2013-08-31": "63.00000", "2012-08-31": "80.00000", "2011-08-31": "132.00000", "2010-08-31": "11.00000", "2009-08-31": "-4.00000", "2008-08-31": "-8.00000", "2007-08-31": "-7.00000", "2006-08-31": "-2.00000", "2005-08-31": ""}, "Other Share Holders Equity": {"2020-08-31": "", "2019-08-31": "", "2018-08-31": "", "2017-08-31": "", "2016-08-31": "", "2015-08-31": "", "2014-08-31": "", "2013-08-31": "", "2012-08-31": "", "2011-08-31": "", "2010-08-31": "", "2009-08-31": "", "2008-08-31": "", "2007-08-31": "", "2006-08-31": "", "2005-08-31": ""}, "Share Holder Equity": {"2020-08-31": "38996.00000", "2019-08-31": "36770.00000", "2018-08-31": "33164.00000", "2017-08-31": "19470.00000", "2016-08-31": "12928.00000", "2015-08-31": "13239.00000", "2014-08-31": "11562.00000", "2013-08-31": "10006.00000", "2012-08-31": "8417.00000", "2011-08-31": "9852.00000", "2010-08-31": "9816.00000", "2009-08-31": "6939.00000", "2008-08-31": "6178.00000", "2007-08-31": "7752.00000", "2006-08-31": "8114.00000", "2005-08-31": "5847.00000"}, "Total Liabilities And Share Holders Equity": {"2020-08-31": "53678.00000", "2019-08-31": "48887.00000", "2018-08-31": "43376.00000", "2017-08-31": "35336.00000", "2016-08-31": "27540.00000", "2015-08-31": "24143.00000", "2014-08-31": "22416.00000", "2013-08-31": "19118.00000", "2012-08-31": "14328.00000", "2011-08-31": "14752.00000", "2010-08-31": "14693.00000", "2009-08-31": "11459.00000", "2008-08-31": "13430.00000", "2007-08-31": "14818.00000", "2006-08-31": "12221.00000", "2005-08-31": "8006.00000"}}, "balance sheet, quarterly": {"Cash On Hand": {"2020-11-30": "7032.00000", "2020-08-31": "8142.00000", "2020-05-31": "8658.00000", "2020-02-29": "7481.00000", "2019-11-30": "7588.00000", "2019-08-31": "7955.00000", "2019-05-31": "6689.00000", "2019-02-28": "7533.00000", "2018-11-30": "5563.00000", "2018-08-31": "6802.00000", "2018-05-31": "7071.00000", "2018-02-28": "8042.00000", "2017-11-30": "6174.00000", "2017-08-31": "5428.00000", "2017-05-31": "4330.00000", "2017-02-28": "3898.00000", "2016-11-30": "4169.00000", "2016-08-31": "4398.00000", "2016-05-31": "4981.00000", "2016-02-29": "4035.00000", "2015-11-30": "3641.00000", "2015-08-31": "3521.00000", "2015-05-31": "4860.00000", "2015-02-28": "4479.00000", "2014-11-30": "4230.00000", "2014-08-31": "4534.00000", "2014-05-31": "4264.00000", "2014-02-28": "4504.00000", "2013-11-30": "3870.00000", "2013-08-31": "3657.00000", "2013-05-31": "2552.00000", "2013-02-28": "2228.00000", "2012-11-30": "2271.00000", "2012-08-31": "2559.00000", "2012-05-31": "2325.00000", "2012-02-29": "2094.00000", "2011-11-30": "1915.00000", "2011-08-31": "2160.00000", "2011-05-31": "2395.00000", "2011-02-28": "2184.00000", "2010-11-30": "2411.00000", "2010-08-31": "2913.00000", "2010-05-31": "2313.00000", "2010-02-28": "1870.00000", "2009-11-30": "1565.00000", "2009-08-31": "1485.00000", "2009-05-31": "1306.00000", "2009-02-28": "932.00000", "2008-11-30": "1028.00000", "2008-08-31": "1362.00000", "2008-05-31": "1584.00000", "2008-02-29": "1853.00000", "2007-11-30": "2031.00000", "2007-08-31": "2616.00000", "2007-05-31": "2920.00000", "2007-02-28": "2193.00000", "2006-11-30": "2638.00000", "2006-08-31": "3079.00000", "2006-05-31": "2830.00000", "2006-02-28": "2584.80000", "2005-11-30": "1377.40000", "2005-08-31": "1290.00000", "2005-05-31": "1295.60000", "2005-02-28": "1133.60000"}, "Receivables": {"2020-11-30": "3691.00000", "2020-08-31": "3912.00000", "2020-05-31": "3603.00000", "2020-02-29": "3049.00000", "2019-11-30": "3419.00000", "2019-08-31": "3195.00000", "2019-05-31": "3257.00000", "2019-02-28": "4416.00000", "2018-11-30": "5418.00000", "2018-08-31": "5478.00000", "2018-05-31": "4912.00000", "2018-02-28": "4437.00000", "2017-11-30": "3876.00000", "2017-08-31": "3759.00000", "2017-05-31": "3497.00000", "2017-02-28": "2891.00000", "2016-11-30": "2453.00000", "2016-08-31": "2068.00000", "2016-05-31": "2073.00000", "2016-02-29": "1984.00000", "2015-11-30": "2223.00000", "2015-08-31": "2507.00000", "2015-05-31": "2530.00000", "2015-02-28": "2761.00000", "2014-11-30": "2663.00000", "2014-08-31": "2906.00000", "2014-05-31": "2715.00000", "2014-02-28": "2826.00000", "2013-11-30": "2833.00000", "2013-08-31": "2329.00000", "2013-05-31": "1503.00000", "2013-02-28": "1226.00000", "2012-11-30": "1139.00000", "2012-08-31": "1289.00000", "2012-05-31": "1333.00000", "2012-02-29": "1241.00000", "2011-11-30": "1383.00000", "2011-08-31": "1497.00000", "2011-05-31": "1495.00000", "2011-02-28": "1393.00000", "2010-11-30": "1362.00000", "2010-08-31": "1531.00000", "2010-05-31": "1568.00000", "2010-02-28": "1072.00000", "2009-11-30": "1091.00000", "2009-08-31": "798.00000", "2009-05-31": "750.00000", "2009-02-28": "654.00000", "2008-11-30": "1031.00000", "2008-08-31": "1032.00000", "2008-05-31": "995.00000", "2008-02-29": "894.00000", "2007-11-30": "1067.00000", "2007-08-31": "994.00000", "2007-05-31": "839.00000", "2007-02-28": "943.00000", "2006-11-30": "996.00000", "2006-08-31": "956.00000", "2006-05-31": "805.70000", "2006-02-28": "926.70000", "2005-11-30": "805.30000", "2005-08-31": "794.00000", "2005-05-31": "735.40000", "2005-02-28": "938.20000"}, "Inventory": {"2020-11-30": "5521.00000", "2020-08-31": "5607.00000", "2020-05-31": "5405.00000", "2020-02-29": "5208.00000", "2019-11-30": "4943.00000", "2019-08-31": "5118.00000", "2019-05-31": "4905.00000", "2019-02-28": "4390.00000", "2018-11-30": "3876.00000", "2018-08-31": "3595.00000", "2018-05-31": "3369.00000", "2018-02-28": "3184.00000", "2017-11-30": "3160.00000", "2017-08-31": "3123.00000", "2017-05-31": "3064.00000", "2017-02-28": "3000.00000", "2016-11-30": "2750.00000", "2016-08-31": "2889.00000", "2016-05-31": "2920.00000", "2016-02-29": "2608.00000", "2015-11-30": "2435.00000", "2015-08-31": "2340.00000", "2015-05-31": "2381.00000", "2015-02-28": "2377.00000", "2014-11-30": "2448.00000", "2014-08-31": "2455.00000", "2014-05-31": "2532.00000", "2014-02-28": "2462.00000", "2013-11-30": "2459.00000", "2013-08-31": "2649.00000", "2013-05-31": "1732.00000", "2013-02-28": "1721.00000", "2012-11-30": "1831.00000", "2012-08-31": "1812.00000", "2012-05-31": "1894.00000", "2012-02-29": "2081.00000", "2011-11-30": "2097.00000", "2011-08-31": "2080.00000", "2011-05-31": "2068.00000", "2011-02-28": "1957.00000", "2010-11-30": "1892.00000", "2010-08-31": "1770.00000", "2010-05-31": "1747.00000", "2010-02-28": "1075.00000", "2009-11-30": "1037.00000", "2009-08-31": "987.00000", "2009-05-31": "999.00000", "2009-02-28": "859.00000", "2008-11-30": "883.00000", "2008-08-31": "1291.00000", "2008-05-31": "1453.00000", "2008-02-29": "1449.00000", "2007-11-30": "1443.00000", "2007-08-31": "1532.00000", "2007-05-31": "1449.00000", "2007-02-28": "1293.00000", "2006-11-30": "1114.00000", "2006-08-31": "963.00000", "2006-05-31": "799.70000", "2006-02-28": "686.00000", "2005-11-30": "682.30000", "2005-08-31": "771.00000", "2005-05-31": "826.70000", "2005-02-28": "752.70000"}, "Pre-Paid Expenses": {"2020-11-30": "", "2020-08-31": "", "2020-05-31": "", "2020-02-29": "", "2019-11-30": "", "2019-08-31": "", "2019-05-31": "", "2019-02-28": "", "2018-11-30": "", "2018-08-31": "", "2018-05-31": "", "2018-02-28": "", "2017-11-30": "", "2017-08-31": "", "2017-05-31": "", "2017-02-28": "", "2016-11-30": "", "2016-08-31": "", "2016-05-31": "", "2016-02-29": "", "2015-11-30": "", "2015-08-31": "", "2015-05-31": "", "2015-02-28": "", "2014-11-30": "", "2014-08-31": "", "2014-05-31": "", "2014-02-28": "", "2013-11-30": "", "2013-08-31": "", "2013-05-31": "", "2013-02-28": "", "2012-11-30": "", "2012-08-31": "", "2012-05-31": "", "2012-02-29": "", "2011-11-30": "", "2011-08-31": "", "2011-05-31": "", "2011-02-28": "", "2010-11-30": "", "2010-08-31": "", "2010-05-31": "", "2010-02-28": "", "2009-11-30": "", "2009-08-31": "", "2009-05-31": "", "2009-02-28": "", "2008-11-30": "", "2008-08-31": "", "2008-05-31": "67.00000", "2008-02-29": "77.00000", "2007-11-30": "84.00000", "2007-08-31": "", "2007-05-31": "61.00000", "2007-02-28": "74.00000", "2006-11-30": "81.00000", "2006-08-31": "77.00000", "2006-05-31": "52.10000", "2006-02-28": "56.90000", "2005-11-30": "54.70000", "2005-08-31": "39.00000", "2005-05-31": "37.70000", "2005-02-28": "45.40000"}, "Other Current Assets": {"2020-11-30": "285.00000", "2020-08-31": "304.00000", "2020-05-31": "233.00000", "2020-02-29": "238.00000", "2019-11-30": "217.00000", "2019-08-31": "235.00000", "2019-05-31": "215.00000", "2019-02-28": "211.00000", "2018-11-30": "182.00000", "2018-08-31": "164.00000", "2018-05-31": "147.00000", "2018-02-28": "173.00000", "2017-11-30": "148.00000", "2017-08-31": "147.00000", "2017-05-31": "132.00000", "2017-02-28": "156.00000", "2016-11-30": "132.00000", "2016-08-31": "140.00000", "2016-05-31": "136.00000", "2016-02-29": "178.00000", "2015-11-30": "211.00000", "2015-08-31": "228.00000", "2015-05-31": "237.00000", "2015-02-28": "301.00000", "2014-11-30": "331.00000", "2014-08-31": "350.00000", "2014-05-31": "194.00000", "2014-02-28": "199.00000", "2013-11-30": "207.00000", "2013-08-31": "276.00000", "2013-05-31": "99.00000", "2013-02-28": "189.00000", "2012-11-30": "74.00000", "2012-08-31": "98.00000", "2012-05-31": "78.00000", "2012-02-29": "243.00000", "2011-11-30": "96.00000", "2011-08-31": "95.00000", "2011-05-31": "87.00000", "2011-02-28": "120.00000", "2010-11-30": "118.00000", "2010-08-31": "119.00000", "2010-05-31": "96.00000", "2010-02-28": "72.00000", "2009-11-30": "76.00000", "2009-08-31": "74.00000", "2009-05-31": "73.00000", "2009-02-28": "78.00000", "2008-11-30": "95.00000", "2008-08-31": "94.00000", "2008-05-31": "", "2008-02-29": "", "2007-11-30": "", "2007-08-31": "92.00000", "2007-05-31": "", "2007-02-28": "", "2006-11-30": "", "2006-08-31": "", "2006-05-31": "", "2006-02-28": "", "2005-11-30": "", "2005-08-31": "", "2005-05-31": "", "2005-02-28": ""}, "Total Current Assets": {"2020-11-30": "16529.00000", "2020-08-31": "17965.00000", "2020-05-31": "17899.00000", "2020-02-29": "15976.00000", "2019-11-30": "16167.00000", "2019-08-31": "16503.00000", "2019-05-31": "15066.00000", "2019-02-28": "16550.00000", "2018-11-30": "15039.00000", "2018-08-31": "16039.00000", "2018-05-31": "15499.00000", "2018-02-28": "15836.00000", "2017-11-30": "13358.00000", "2017-08-31": "12457.00000", "2017-05-31": "11023.00000", "2017-02-28": "9945.00000", "2016-11-30": "9504.00000", "2016-08-31": "9495.00000", "2016-05-31": "10110.00000", "2016-02-29": "8805.00000", "2015-11-30": "8510.00000", "2015-08-31": "8596.00000", "2015-05-31": "10008.00000", "2015-02-28": "9918.00000", "2014-11-30": "9672.00000", "2014-08-31": "10245.00000", "2014-05-31": "9705.00000", "2014-02-28": "9991.00000", "2013-11-30": "9369.00000", "2013-08-31": "8911.00000", "2013-05-31": "5886.00000", "2013-02-28": "5364.00000", "2012-11-30": "5315.00000", "2012-08-31": "5758.00000", "2012-05-31": "5630.00000", "2012-02-29": "5659.00000", "2011-11-30": "5491.00000", "2011-08-31": "5832.00000", "2011-05-31": "6045.00000", "2011-02-28": "5654.00000", "2010-11-30": "5783.00000", "2010-08-31": "6333.00000", "2010-05-31": "5724.00000", "2010-02-28": "4089.00000", "2009-11-30": "3769.00000", "2009-08-31": "3344.00000", "2009-05-31": "3128.00000", "2009-02-28": "2523.00000", "2008-11-30": "3037.00000", "2008-08-31": "3779.00000", "2008-05-31": "4129.00000", "2008-02-29": "4304.00000", "2007-11-30": "4652.00000", "2007-08-31": "5234.00000", "2007-05-31": "5287.00000", "2007-02-28": "4528.00000", "2006-11-30": "4853.00000", "2006-08-31": "5101.00000", "2006-05-31": "4520.90000", "2006-02-28": "4286.00000", "2005-11-30": "2941.90000", "2005-08-31": "2926.00000", "2005-05-31": "2920.40000", "2005-02-28": "2888.60000"}, "Property, Plant, And Equipment": {"2020-11-30": "32229.00000", "2020-08-31": "31031.00000", "2020-05-31": "30081.00000", "2020-02-29": "29647.00000", "2019-11-30": "29352.00000", "2019-08-31": "28240.00000", "2019-05-31": "27138.00000", "2019-02-28": "26204.00000", "2018-11-30": "24807.00000", "2018-08-31": "23672.00000", "2018-05-31": "22705.00000", "2018-02-28": "21864.00000", "2017-11-30": "20723.00000", "2017-08-31": "19431.00000", "2017-05-31": "19014.00000", "2017-02-28": "19098.00000", "2016-11-30": "15321.00000", "2016-08-31": "14686.00000", "2016-05-31": "13209.00000", "2016-02-29": "11819.00000", "2015-11-30": "11060.00000", "2015-08-31": "10554.00000", "2015-05-31": "9857.00000", "2015-02-28": "9233.00000", "2014-11-30": "9132.00000", "2014-08-31": "8682.00000", "2014-05-31": "8021.00000", "2014-02-28": "7859.00000", "2013-11-30": "7733.00000", "2013-08-31": "7626.00000", "2013-05-31": "6830.00000", "2013-02-28": "6973.00000", "2012-11-30": "7199.00000", "2012-08-31": "7103.00000", "2012-05-31": "7158.00000", "2012-02-29": "7357.00000", "2011-11-30": "7472.00000", "2011-08-31": "7555.00000", "2011-05-31": "7103.00000", "2011-02-28": "7055.00000", "2010-11-30": "7044.00000", "2010-08-31": "6601.00000", "2010-05-31": "6635.00000", "2010-02-28": "6525.00000", "2009-11-30": "6876.00000", "2009-08-31": "7089.00000", "2009-05-31": "7536.00000", "2009-02-28": "7910.00000", "2008-11-30": "8460.00000", "2008-08-31": "8811.00000", "2008-05-31": "8721.00000", "2008-02-29": "8634.00000", "2007-11-30": "8576.00000", "2007-08-31": "8279.00000", "2007-05-31": "7866.00000", "2007-02-28": "7593.00000", "2006-11-30": "7010.00000", "2006-08-31": "5888.00000", "2006-05-31": "5438.10000", "2006-02-28": "4711.90000", "2005-11-30": "4676.60000", "2005-08-31": "4684.00000", "2005-05-31": "4770.90000", "2005-02-28": "4791.70000"}, "Long-Term Investments": {"2020-11-30": "1264.00000", "2020-08-31": "1048.00000", "2020-05-31": "577.00000", "2020-02-29": "586.00000", "2019-11-30": "599.00000", "2019-08-31": "1164.00000", "2019-05-31": "1167.00000", "2019-02-28": "1614.00000", "2018-11-30": "1565.00000", "2018-08-31": "473.00000", "2018-05-31": "487.00000", "2018-02-28": "520.00000", "2017-11-30": "314.00000", "2017-08-31": "617.00000", "2017-05-31": "486.00000", "2017-02-28": "627.00000", "2016-11-30": "1556.00000", "2016-08-31": "1778.00000", "2016-05-31": "2032.00000", "2016-02-29": "2468.00000", "2015-11-30": "3122.00000", "2015-08-31": "3492.00000", "2015-05-31": "3794.00000", "2015-02-28": "3108.00000", "2014-11-30": "2157.00000", "2014-08-31": "1790.00000", "2014-05-31": "1289.00000", "2014-02-28": "1170.00000", "2013-11-30": "1028.00000", "2013-08-31": "895.00000", "2013-05-31": "619.00000", "2013-02-28": "837.00000", "2012-11-30": "870.00000", "2012-08-31": "763.00000", "2012-05-31": "764.00000", "2012-02-29": "335.00000", "2011-11-30": "397.00000", "2011-08-31": "535.00000", "2011-05-31": "499.00000", "2011-02-28": "535.00000", "2010-11-30": "581.00000", "2010-08-31": "582.00000", "2010-05-31": "1010.00000", "2010-02-28": "592.00000", "2009-11-30": "366.00000", "2009-08-31": "315.00000", "2009-05-31": "306.00000", "2009-02-28": "371.00000", "2008-11-30": "432.00000", "2008-08-31": "84.00000", "2008-05-31": "", "2008-02-29": "", "2007-11-30": "", "2007-08-31": "", "2007-05-31": "", "2007-02-28": "", "2006-11-30": "", "2006-08-31": "", "2006-05-31": "", "2006-02-28": "", "2005-11-30": "", "2005-08-31": "", "2005-05-31": "", "2005-02-28": ""}, "Goodwill And Intangible Assets": {"2020-11-30": "1564.00000", "2020-08-31": "1562.00000", "2020-05-31": "1560.00000", "2020-02-29": "1560.00000", "2019-11-30": "1561.00000", "2019-08-31": "1568.00000", "2019-05-31": "1567.00000", "2019-02-28": "1578.00000", "2018-11-30": "1584.00000", "2018-08-31": "1559.00000", "2018-05-31": "1562.00000", "2018-02-28": "1576.00000", "2017-11-30": "1596.00000", "2017-08-31": "1615.00000", "2017-05-31": "1633.00000", "2017-02-28": "1615.00000", "2016-11-30": "445.00000", "2016-08-31": "568.00000", "2016-05-31": "491.00000", "2016-02-29": "512.00000", "2015-11-30": "536.00000", "2015-08-31": "449.00000", "2015-05-31": "431.00000", "2015-02-28": "440.00000", "2014-11-30": "450.00000", "2014-08-31": "468.00000", "2014-05-31": "343.00000", "2014-02-28": "367.00000", "2013-11-30": "368.00000", "2013-08-31": "386.00000", "2013-05-31": "331.00000", "2013-02-28": "346.00000", "2012-11-30": "359.00000", "2012-08-31": "371.00000", "2012-05-31": "386.00000", "2012-02-29": "400.00000", "2011-11-30": "401.00000", "2011-08-31": "414.00000", "2011-05-31": "424.00000", "2011-02-28": "309.00000", "2010-11-30": "312.00000", "2010-08-31": "323.00000", "2010-05-31": "341.00000", "2010-02-28": "322.00000", "2009-11-30": "334.00000", "2009-08-31": "344.00000", "2009-05-31": "355.00000", "2009-02-28": "382.00000", "2008-11-30": "354.00000", "2008-08-31": "364.00000", "2008-05-31": "433.00000", "2008-02-29": "440.00000", "2007-11-30": "907.00000", "2007-08-31": "916.00000", "2007-05-31": "926.00000", "2007-02-28": "938.00000", "2006-11-30": "912.00000", "2006-08-31": "890.00000", "2006-05-31": "208.50000", "2006-02-28": "251.60000", "2005-11-30": "255.90000", "2005-08-31": "276.00000", "2005-05-31": "263.30000", "2005-02-28": "267.20000"}, "Other Long-Term Assets": {"2020-11-30": "802.00000", "2020-08-31": "781.00000", "2020-05-31": "514.00000", "2020-02-29": "510.00000", "2019-11-30": "579.00000", "2019-08-31": "575.00000", "2019-05-31": "533.00000", "2019-02-28": "779.00000", "2018-11-30": "758.00000", "2018-08-31": "611.00000", "2018-05-31": "603.00000", "2018-02-28": "441.00000", "2017-11-30": "469.00000", "2017-08-31": "450.00000", "2017-05-31": "444.00000", "2017-02-28": "391.00000", "2016-11-30": "411.00000", "2016-08-31": "356.00000", "2016-05-31": "528.00000", "2016-02-29": "547.00000", "2015-11-30": "565.00000", "2015-08-31": "455.00000", "2015-05-31": "493.00000", "2015-02-28": "468.00000", "2014-11-30": "446.00000", "2014-08-31": "415.00000", "2014-05-31": "444.00000", "2014-02-28": "487.00000", "2013-11-30": "494.00000", "2013-08-31": "439.00000", "2013-05-31": "389.00000", "2013-02-28": "392.00000", "2012-11-30": "324.00000", "2012-08-31": "286.00000", "2012-05-31": "378.00000", "2012-02-29": "388.00000", "2011-11-30": "450.00000", "2011-08-31": "416.00000", "2011-05-31": "499.00000", "2011-02-28": "845.00000", "2010-11-30": "897.00000", "2010-08-31": "854.00000", "2010-05-31": "667.00000", "2010-02-28": "424.00000", "2009-11-30": "381.00000", "2009-08-31": "367.00000", "2009-05-31": "339.00000", "2009-02-28": "340.00000", "2008-11-30": "393.00000", "2008-08-31": "392.00000", "2008-05-31": "261.00000", "2008-02-29": "336.00000", "2007-11-30": "295.00000", "2007-08-31": "389.00000", "2007-05-31": "281.00000", "2007-02-28": "258.00000", "2006-11-30": "244.00000", "2006-08-31": "293.00000", "2006-05-31": "87.60000", "2006-02-28": "87.30000", "2005-11-30": "99.40000", "2005-08-31": "90.00000", "2005-05-31": "100.30000", "2005-02-28": "93.60000"}, "Total Long-Term Assets": {"2020-11-30": "37162.00000", "2020-08-31": "35713.00000", "2020-05-31": "34106.00000", "2020-02-29": "33672.00000", "2019-11-30": "33482.00000", "2019-08-31": "32384.00000", "2019-05-31": "31222.00000", "2019-02-28": "30937.00000", "2018-11-30": "29556.00000", "2018-08-31": "27337.00000", "2018-05-31": "26346.00000", "2018-02-28": "25427.00000", "2017-11-30": "23833.00000", "2017-08-31": "22879.00000", "2017-05-31": "22244.00000", "2017-02-28": "22410.00000", "2016-11-30": "18332.00000", "2016-08-31": "18045.00000", "2016-05-31": "16891.00000", "2016-02-29": "16014.00000", "2015-11-30": "15878.00000", "2015-08-31": "15547.00000", "2015-05-31": "15128.00000", "2015-02-28": "13900.00000", "2014-11-30": "12870.00000", "2014-08-31": "12171.00000", "2014-05-31": "10790.00000", "2014-02-28": "10624.00000", "2013-11-30": "10425.00000", "2013-08-31": "10207.00000", "2013-05-31": "8169.00000", "2013-02-28": "8548.00000", "2012-11-30": "8752.00000", "2012-08-31": "8570.00000", "2012-05-31": "8686.00000", "2012-02-29": "8480.00000", "2011-11-30": "8720.00000", "2011-08-31": "8920.00000", "2011-05-31": "8525.00000", "2011-02-28": "8744.00000", "2010-11-30": "8834.00000", "2010-08-31": "8360.00000", "2010-05-31": "8653.00000", "2010-02-28": "7863.00000", "2009-11-30": "7957.00000", "2009-08-31": "8115.00000", "2009-05-31": "8536.00000", "2009-02-28": "9003.00000", "2008-11-30": "9639.00000", "2008-08-31": "9651.00000", "2008-05-31": "9487.00000", "2008-02-29": "9481.00000", "2007-11-30": "9846.00000", "2007-08-31": "9584.00000", "2007-05-31": "9130.00000", "2007-02-28": "8848.00000", "2006-11-30": "8221.00000", "2006-08-31": "7120.00000", "2006-05-31": "5779.80000", "2006-02-28": "5091.40000", "2005-11-30": "5067.60000", "2005-08-31": "5080.00000", "2005-05-31": "5165.79900", "2005-02-28": "5190.30000"}, "Total Assets": {"2020-11-30": "53691.00000", "2020-08-31": "53678.00000", "2020-05-31": "52005.00000", "2020-02-29": "49648.00000", "2019-11-30": "49649.00000", "2019-08-31": "48887.00000", "2019-05-31": "46288.00000", "2019-02-28": "47487.00000", "2018-11-30": "44595.00000", "2018-08-31": "43376.00000", "2018-05-31": "41845.00000", "2018-02-28": "41263.00000", "2017-11-30": "37191.00000", "2017-08-31": "35336.00000", "2017-05-31": "33267.00000", "2017-02-28": "32355.00000", "2016-11-30": "27836.00000", "2016-08-31": "27540.00000", "2016-05-31": "27001.00000", "2016-02-29": "24819.00000", "2015-11-30": "24388.00000", "2015-08-31": "24143.00000", "2015-05-31": "25136.00000", "2015-02-28": "23818.00000", "2014-11-30": "22542.00000", "2014-08-31": "22416.00000", "2014-05-31": "20495.00000", "2014-02-28": "20615.00000", "2013-11-30": "19794.00000", "2013-08-31": "19118.00000", "2013-05-31": "14055.00000", "2013-02-28": "13912.00000", "2012-11-30": "14067.00000", "2012-08-31": "14328.00000", "2012-05-31": "14316.00000", "2012-02-29": "14139.00000", "2011-11-30": "14211.00000", "2011-08-31": "14752.00000", "2011-05-31": "14570.00000", "2011-02-28": "14398.00000", "2010-11-30": "14617.00000", "2010-08-31": "14693.00000", "2010-05-31": "14377.00000", "2010-02-28": "11952.00000", "2009-11-30": "11726.00000", "2009-08-31": "11459.00000", "2009-05-31": "11664.00000", "2009-02-28": "11526.00000", "2008-11-30": "12676.00000", "2008-08-31": "13430.00000", "2008-05-31": "13616.00000", "2008-02-29": "13785.00000", "2007-11-30": "14498.00000", "2007-08-31": "14818.00000", "2007-05-31": "14417.00000", "2007-02-28": "13376.00000", "2006-11-30": "13074.00000", "2006-08-31": "12221.00000", "2006-05-31": "10300.70000", "2006-02-28": "9377.40000", "2005-11-30": "8009.50000", "2005-08-31": "8006.00000", "2005-05-31": "8086.20000", "2005-02-28": "8078.90000"}, "Total Current Liabilities": {"2020-11-30": "5688.00000", "2020-08-31": "6635.00000", "2020-05-31": "6185.00000", "2020-02-29": "5822.00000", "2019-11-30": "6317.00000", "2019-08-31": "6390.00000", "2019-05-31": "5397.00000", "2019-02-28": "7361.00000", "2018-11-30": "5189.00000", "2018-08-31": "5754.00000", "2018-05-31": "5883.00000", "2018-02-28": "6135.00000", "2017-11-30": "5583.00000", "2017-08-31": "5334.00000", "2017-05-31": "5143.00000", "2017-02-28": "5207.00000", "2016-11-30": "5546.00000", "2016-08-31": "4835.00000", "2016-05-31": "4500.00000", "2016-02-29": "4411.00000", "2015-11-30": "4025.00000", "2015-08-31": "3905.00000", "2015-05-31": "4566.00000", "2015-02-28": "4120.00000", "2014-11-30": "4419.00000", "2014-08-31": "4791.00000", "2014-05-31": "4760.00000", "2014-02-28": "5305.00000", "2013-11-30": "4513.00000", "2013-08-31": "4125.00000", "2013-05-31": "2342.00000", "2013-02-28": "2117.00000", "2012-11-30": "2138.00000", "2012-08-31": "2243.00000", "2012-05-31": "2177.00000", "2012-02-29": "2102.00000", "2011-11-30": "2021.00000", "2011-08-31": "2480.00000", "2011-05-31": "2588.00000", "2011-02-28": "2590.00000", "2010-11-30": "2758.00000", "2010-08-31": "2702.00000", "2010-05-31": "2611.00000", "2010-02-28": "2247.00000", "2009-11-30": "2242.00000", "2009-08-31": "1892.00000", "2009-05-31": "1825.00000", "2009-02-28": "1637.00000", "2008-11-30": "1635.00000", "2008-08-31": "1598.00000", "2008-05-31": "1784.00000", "2008-02-29": "1720.00000", "2007-11-30": "1852.00000", "2007-08-31": "2026.00000", "2007-05-31": "1857.00000", "2007-02-28": "1777.00000", "2006-11-30": "1925.00000", "2006-08-31": "1661.00000", "2006-05-31": "1279.00000", "2006-02-28": "1204.80000", "2005-11-30": "977.30000", "2005-08-31": "979.00000", "2005-05-31": "1093.30000", "2005-02-28": "1093.10000"}, "Long Term Debt": {"2020-11-30": "6356.00000", "2020-08-31": "6373.00000", "2020-05-31": "6356.00000", "2020-02-29": "5188.00000", "2019-11-30": "5188.00000", "2019-08-31": "4541.00000", "2019-05-31": "3564.00000", "2019-02-28": "3606.00000", "2018-11-30": "3736.00000", "2018-08-31": "3780.00000", "2018-05-31": "5895.00000", "2018-02-28": "7816.00000", "2017-11-30": "7662.00000", "2017-08-31": "9893.00000", "2017-05-31": "10510.00000", "2017-02-28": "11336.00000", "2016-11-30": "8521.00000", "2016-08-31": "9154.00000", "2016-05-31": "8919.00000", "2016-02-29": "6533.00000", "2015-11-30": "6368.00000", "2015-08-31": "6301.00000", "2015-05-31": "6451.00000", "2015-02-28": "5570.00000", "2014-11-30": "4661.00000", "2014-08-31": "4961.00000", "2014-05-31": "4225.00000", "2014-02-28": "4408.00000", "2013-11-30": "4260.00000", "2013-08-31": "4452.00000", "2013-05-31": "3267.00000", "2013-02-28": "3301.00000", "2012-11-30": "3169.00000", "2012-08-31": "3038.00000", "2012-05-31": "2936.00000", "2012-02-29": "2165.00000", "2011-11-30": "1973.00000", "2011-08-31": "1861.00000", "2011-05-31": "1388.00000", "2011-02-28": "1320.00000", "2010-11-30": "1348.00000", "2010-08-31": "1648.00000", "2010-05-31": "1717.00000", "2010-02-28": "1994.00000", "2009-11-30": "2143.00000", "2009-08-31": "2379.00000", "2009-05-31": "2752.00000", "2009-02-28": "2542.00000", "2008-11-30": "2523.00000", "2008-08-31": "2451.00000", "2008-05-31": "2159.00000", "2008-02-29": "2162.00000", "2007-11-30": "1936.00000", "2007-08-31": "1987.00000", "2007-05-31": "1913.00000", "2007-02-28": "639.00000", "2006-11-30": "409.00000", "2006-08-31": "405.00000", "2006-05-31": "338.80000", "2006-02-28": "312.10000", "2005-11-30": "960.90000", "2005-08-31": "1020.00000", "2005-05-31": "1045.60000", "2005-02-28": "909.20000"}, "Other Non-Current Liabilities": {"2020-11-30": "1211.00000", "2020-08-31": "1141.00000", "2020-05-31": "1006.00000", "2020-02-29": "969.00000", "2019-11-30": "1035.00000", "2019-08-31": "1088.00000", "2019-05-31": "1039.00000", "2019-02-28": "993.00000", "2018-11-30": "834.00000", "2018-08-31": "581.00000", "2018-05-31": "549.00000", "2018-02-28": "746.00000", "2017-11-30": "553.00000", "2017-08-31": "639.00000", "2017-05-31": "595.00000", "2017-02-28": "677.00000", "2016-11-30": "601.00000", "2016-08-31": "623.00000", "2016-05-31": "548.00000", "2016-02-29": "636.00000", "2015-11-30": "720.00000", "2015-08-31": "698.00000", "2015-05-31": "764.00000", "2015-02-28": "887.00000", "2014-11-30": "969.00000", "2014-08-31": "1102.00000", "2014-05-31": "813.00000", "2014-02-28": "858.00000", "2013-11-30": "875.00000", "2013-08-31": "535.00000", "2013-05-31": "420.00000", "2013-02-28": "534.00000", "2012-11-30": "574.00000", "2012-08-31": "630.00000", "2012-05-31": "717.00000", "2012-02-29": "513.00000", "2011-11-30": "508.00000", "2011-08-31": "559.00000", "2011-05-31": "562.00000", "2011-02-28": "526.00000", "2010-11-30": "517.00000", "2010-08-31": "527.00000", "2010-05-31": "582.00000", "2010-02-28": "293.00000", "2009-11-30": "250.00000", "2009-08-31": "249.00000", "2009-05-31": "260.00000", "2009-02-28": "261.00000", "2008-11-30": "332.00000", "2008-08-31": "338.00000", "2008-05-31": "343.00000", "2008-02-29": "345.00000", "2007-11-30": "438.00000", "2007-08-31": "446.00000", "2007-05-31": "408.00000", "2007-02-28": "402.00000", "2006-11-30": "452.00000", "2006-08-31": "445.00000", "2006-05-31": "446.80000", "2006-02-28": "372.10000", "2005-11-30": "116.80000", "2005-08-31": "125.00000", "2005-05-31": "121.00000", "2005-02-28": "127.10000"}, "Total Long Term Liabilities": {"2020-11-30": "8096.00000", "2020-08-31": "8047.00000", "2020-05-31": "8000.00000", "2020-02-29": "6803.00000", "2019-11-30": "6832.00000", "2019-08-31": "5727.00000", "2019-05-31": "4701.00000", "2019-02-28": "4696.00000", "2018-11-30": "4667.00000", "2018-08-31": "4458.00000", "2018-05-31": "6444.00000", "2018-02-28": "8562.00000", "2017-11-30": "8215.00000", "2017-08-31": "10532.00000", "2017-05-31": "11105.00000", "2017-02-28": "12013.00000", "2016-11-30": "9122.00000", "2016-08-31": "9777.00000", "2016-05-31": "9467.00000", "2016-02-29": "7169.00000", "2015-11-30": "7088.00000", "2015-08-31": "6999.00000", "2015-05-31": "7215.00000", "2015-02-28": "6457.00000", "2014-11-30": "5630.00000", "2014-08-31": "6063.00000", "2014-05-31": "5038.00000", "2014-02-28": "5266.00000", "2013-11-30": "5135.00000", "2013-08-31": "4987.00000", "2013-05-31": "3687.00000", "2013-02-28": "3835.00000", "2012-11-30": "3743.00000", "2012-08-31": "3668.00000", "2012-05-31": "3653.00000", "2012-02-29": "2678.00000", "2011-11-30": "2481.00000", "2011-08-31": "2420.00000", "2011-05-31": "1950.00000", "2011-02-28": "1846.00000", "2010-11-30": "1865.00000", "2010-08-31": "2175.00000", "2010-05-31": "2299.00000", "2010-02-28": "2287.00000", "2009-11-30": "2393.00000", "2009-08-31": "2628.00000", "2009-05-31": "5142.00000", "2009-02-28": "5147.00000", "2008-11-30": "5557.00000", "2008-08-31": "5654.00000", "2008-05-31": "5324.00000", "2008-02-29": "5327.00000", "2007-11-30": "5145.00000", "2007-08-31": "5040.00000", "2007-05-31": "4673.00000", "2007-02-28": "3350.00000", "2006-11-30": "2870.00000", "2006-08-31": "2446.00000", "2006-05-31": "1934.90000", "2006-02-28": "1218.40000", "2005-11-30": "1108.70000", "2005-08-31": "1180.00000", "2005-05-31": "1201.30000", "2005-02-28": "1076.60000"}, "Total Liabilities": {"2020-11-30": "13784.00000", "2020-08-31": "14682.00000", "2020-05-31": "14185.00000", "2020-02-29": "12625.00000", "2019-11-30": "13149.00000", "2019-08-31": "12117.00000", "2019-05-31": "10098.00000", "2019-02-28": "12057.00000", "2018-11-30": "9856.00000", "2018-08-31": "10212.00000", "2018-05-31": "12327.00000", "2018-02-28": "14697.00000", "2017-11-30": "13798.00000", "2017-08-31": "15866.00000", "2017-05-31": "16248.00000", "2017-02-28": "17220.00000", "2016-11-30": "14668.00000", "2016-08-31": "14612.00000", "2016-05-31": "13967.00000", "2016-02-29": "11580.00000", "2015-11-30": "11113.00000", "2015-08-31": "10904.00000", "2015-05-31": "11781.00000", "2015-02-28": "10577.00000", "2014-11-30": "10049.00000", "2014-08-31": "10854.00000", "2014-05-31": "9798.00000", "2014-02-28": "10571.00000", "2013-11-30": "9648.00000", "2013-08-31": "9112.00000", "2013-05-31": "6029.00000", "2013-02-28": "5952.00000", "2012-11-30": "5881.00000", "2012-08-31": "5911.00000", "2012-05-31": "5830.00000", "2012-02-29": "4780.00000", "2011-11-30": "4502.00000", "2011-08-31": "4900.00000", "2011-05-31": "4538.00000", "2011-02-28": "4436.00000", "2010-11-30": "4623.00000", "2010-08-31": "4877.00000", "2010-05-31": "4910.00000", "2010-02-28": "4534.00000", "2009-11-30": "4635.00000", "2009-08-31": "4520.00000", "2009-05-31": "6967.00000", "2009-02-28": "6784.00000", "2008-11-30": "7192.00000", "2008-08-31": "7252.00000", "2008-05-31": "7108.00000", "2008-02-29": "7047.00000", "2007-11-30": "6997.00000", "2007-08-31": "7066.00000", "2007-05-31": "6530.00000", "2007-02-28": "5127.00000", "2006-11-30": "4795.00000", "2006-08-31": "4107.00000", "2006-05-31": "3213.90000", "2006-02-28": "2423.20000", "2005-11-30": "2086.00000", "2005-08-31": "2159.00000", "2005-05-31": "2294.60000", "2005-02-28": "2169.70000"}, "Common Stock Net": {"2020-11-30": "120.00000", "2020-08-31": "119.00000", "2020-05-31": "119.00000", "2020-02-29": "119.00000", "2019-11-30": "119.00000", "2019-08-31": "118.00000", "2019-05-31": "118.00000", "2019-02-28": "118.00000", "2018-11-30": "117.00000", "2018-08-31": "117.00000", "2018-05-31": "117.00000", "2018-02-28": "116.00000", "2017-11-30": "116.00000", "2017-08-31": "112.00000", "2017-05-31": "111.00000", "2017-02-28": "111.00000", "2016-11-30": "110.00000", "2016-08-31": "109.00000", "2016-05-31": "109.00000", "2016-02-29": "109.00000", "2015-11-30": "109.00000", "2015-08-31": "108.00000", "2015-05-31": "108.00000", "2015-02-28": "108.00000", "2014-11-30": "108.00000", "2014-08-31": "107.00000", "2014-05-31": "107.00000", "2014-02-28": "107.00000", "2013-11-30": "106.00000", "2013-08-31": "104.00000", "2013-05-31": "103.00000", "2013-02-28": "103.00000", "2012-11-30": "102.00000", "2012-08-31": "102.00000", "2012-05-31": "99.00000", "2012-02-29": "99.00000", "2011-11-30": "99.00000", "2011-08-31": "98.00000", "2011-05-31": "100.00000", "2011-02-28": "100.00000", "2010-11-30": "100.00000", "2010-08-31": "99.00000", "2010-05-31": "99.00000", "2010-02-28": "86.00000", "2009-11-30": "85.00000", "2009-08-31": "85.00000", "2009-05-31": "85.00000", "2009-02-28": "78.00000", "2008-11-30": "76.00000", "2008-08-31": "76.00000", "2008-05-31": "76.00000", "2008-02-29": "76.00000", "2007-11-30": "76.00000", "2007-08-31": "76.00000", "2007-05-31": "76.00000", "2007-02-28": "76.00000", "2006-11-30": "75.00000", "2006-08-31": "75.00000", "2006-05-31": "67.90000", "2006-02-28": "67.60000", "2005-11-30": "61.80000", "2005-08-31": "62.00000", "2005-05-31": "61.50000", "2005-02-28": "61.40000"}, "Retained Earnings (Accumulated Deficit)": {"2020-11-30": "34138.00000", "2020-08-31": "33384.00000", "2020-05-31": "32402.00000", "2020-02-29": "31602.00000", "2019-11-30": "31218.00000", "2019-08-31": "30761.00000", "2019-05-31": "30201.00000", "2019-02-28": "29364.00000", "2018-11-30": "27769.00000", "2018-08-31": "24395.00000", "2018-05-31": "20070.00000", "2018-02-28": "16247.00000", "2017-11-30": "12938.00000", "2017-08-31": "10260.00000", "2017-05-31": "7893.00000", "2017-02-28": "6247.00000", "2016-11-30": "5469.00000", "2016-08-31": "5299.00000", "2016-05-31": "5470.00000", "2016-02-29": "5685.00000", "2015-11-30": "5788.00000", "2015-08-31": "5588.00000", "2015-05-31": "5117.00000", "2015-02-28": "4627.00000", "2014-11-30": "3713.00000", "2014-08-31": "2729.00000", "2014-05-31": "1579.00000", "2014-02-28": "836.00000", "2013-11-30": "126.00000", "2013-08-31": "-212.00000", "2013-05-31": "-1920.00000", "2013-02-28": "-1963.00000", "2012-11-30": "-1677.00000", "2012-08-31": "-1402.00000", "2012-05-31": "-1159.00000", "2012-02-29": "-839.00000", "2011-11-30": "-557.00000", "2011-08-31": "-370.00000", "2011-05-31": "-234.00000", "2011-02-28": "-309.00000", "2010-11-30": "-381.00000", "2010-08-31": "-536.00000", "2010-05-31": "-877.00000", "2010-02-28": "-1816.00000", "2009-11-30": "-2181.00000", "2009-08-31": "-2385.00000", "2009-05-31": "-2203.00000", "2009-02-28": "-1913.00000", "2008-11-30": "-1162.00000", "2008-08-31": "-456.00000", "2008-05-31": "-112.00000", "2008-02-29": "124.00000", "2007-11-30": "901.00000", "2007-08-31": "1164.00000", "2007-05-31": "1323.00000", "2007-02-28": "1548.00000", "2006-11-30": "1600.00000", "2006-08-31": "1486.00000", "2006-05-31": "1422.20000", "2006-02-28": "1333.70000", "2005-11-30": "1140.70000", "2005-08-31": "1078.00000", "2005-05-31": "1035.00000", "2005-02-28": "1162.90000"}, "Comprehensive Income": {"2020-11-30": "110.00000", "2020-08-31": "71.00000", "2020-05-31": "-11.00000", "2020-02-29": "-9.00000", "2019-11-30": "6.00000", "2019-08-31": "9.00000", "2019-05-31": "8.00000", "2019-02-28": "6.00000", "2018-11-30": "-5.00000", "2018-08-31": "10.00000", "2018-05-31": "22.00000", "2018-02-28": "43.00000", "2017-11-30": "24.00000", "2017-08-31": "29.00000", "2017-05-31": "12.00000", "2017-02-28": "-7.00000", "2016-11-30": "-7.00000", "2016-08-31": "-35.00000", "2016-05-31": "-38.00000", "2016-02-29": "-84.00000", "2015-11-30": "-90.00000", "2015-08-31": "13.00000", "2015-05-31": "-3.00000", "2015-02-28": "-18.00000", "2014-11-30": "35.00000", "2014-08-31": "56.00000", "2014-05-31": "44.00000", "2014-02-28": "59.00000", "2013-11-30": "68.00000", "2013-08-31": "63.00000", "2013-05-31": "69.00000", "2013-02-28": "79.00000", "2012-11-30": "83.00000", "2012-08-31": "80.00000", "2012-05-31": "80.00000", "2012-02-29": "68.00000", "2011-11-30": "101.00000", "2011-08-31": "132.00000", "2011-05-31": "119.00000", "2011-02-28": "101.00000", "2010-11-30": "35.00000", "2010-08-31": "11.00000", "2010-05-31": "17.00000", "2010-02-28": "12.00000", "2009-11-30": "4.00000", "2009-08-31": "-4.00000", "2009-05-31": "-26.00000", "2009-02-28": "-7.00000", "2008-11-30": "-4.00000", "2008-08-31": "-8.00000", "2008-05-31": "-14.00000", "2008-02-29": "-6.00000", "2007-11-30": "-8.00000", "2007-08-31": "-7.00000", "2007-05-31": "-3.00000", "2007-02-28": "-3.00000", "2006-11-30": "", "2006-08-31": "-2.00000", "2006-05-31": "-0.30000", "2006-02-28": "-0.30000", "2005-11-30": "-0.50000", "2005-08-31": "", "2005-05-31": "-0.30000", "2005-02-28": "-0.50000"}, "Other Share Holders Equity": {"2020-11-30": "", "2020-08-31": "", "2020-05-31": "", "2020-02-29": "", "2019-11-30": "", "2019-08-31": "", "2019-05-31": "", "2019-02-28": "", "2018-11-30": "", "2018-08-31": "", "2018-05-31": "", "2018-02-28": "", "2017-11-30": "", "2017-08-31": "", "2017-05-31": "", "2017-02-28": "", "2016-11-30": "", "2016-08-31": "", "2016-05-31": "", "2016-02-29": "", "2015-11-30": "", "2015-08-31": "", "2015-05-31": "", "2015-02-28": "", "2014-11-30": "", "2014-08-31": "", "2014-05-31": "", "2014-02-28": "", "2013-11-30": "", "2013-08-31": "", "2013-05-31": "", "2013-02-28": "", "2012-11-30": "", "2012-08-31": "", "2012-05-31": "", "2012-02-29": "", "2011-11-30": "", "2011-08-31": "", "2011-05-31": "", "2011-02-28": "", "2010-11-30": "", "2010-08-31": "", "2010-05-31": "", "2010-02-28": "", "2009-11-30": "", "2009-08-31": "", "2009-05-31": "", "2009-02-28": "", "2008-11-30": "", "2008-08-31": "", "2008-05-31": "", "2008-02-29": "", "2007-11-30": "", "2007-08-31": "", "2007-05-31": "", "2007-02-28": "", "2006-11-30": "", "2006-08-31": "", "2006-05-31": "", "2006-02-28": "", "2005-11-30": "", "2005-08-31": "", "2005-05-31": "", "2005-02-28": ""}, "Share Holder Equity": {"2020-11-30": "39907.00000", "2020-08-31": "38996.00000", "2020-05-31": "37820.00000", "2020-02-29": "37023.00000", "2019-11-30": "36500.00000", "2019-08-31": "36770.00000", "2019-05-31": "36190.00000", "2019-02-28": "35430.00000", "2018-11-30": "34739.00000", "2018-08-31": "33164.00000", "2018-05-31": "29518.00000", "2018-02-28": "26566.00000", "2017-11-30": "23393.00000", "2017-08-31": "19470.00000", "2017-05-31": "17019.00000", "2017-02-28": "15135.00000", "2016-11-30": "13168.00000", "2016-08-31": "12928.00000", "2016-05-31": "13034.00000", "2016-02-29": "13239.00000", "2015-11-30": "13275.00000", "2015-08-31": "13239.00000", "2015-05-31": "13355.00000", "2015-02-28": "13241.00000", "2014-11-30": "12493.00000", "2014-08-31": "11562.00000", "2014-05-31": "10697.00000", "2014-02-28": "10044.00000", "2013-11-30": "10146.00000", "2013-08-31": "10006.00000", "2013-05-31": "8026.00000", "2013-02-28": "7960.00000", "2012-11-30": "8186.00000", "2012-08-31": "8417.00000", "2012-05-31": "8486.00000", "2012-02-29": "9359.00000", "2011-11-30": "9709.00000", "2011-08-31": "9852.00000", "2011-05-31": "10032.00000", "2011-02-28": "9962.00000", "2010-11-30": "9994.00000", "2010-08-31": "9816.00000", "2010-05-31": "9467.00000", "2010-02-28": "7418.00000", "2009-11-30": "7091.00000", "2009-08-31": "6939.00000", "2009-05-31": "4697.00000", "2009-02-28": "4742.00000", "2008-11-30": "5484.00000", "2008-08-31": "6178.00000", "2008-05-31": "6508.00000", "2008-02-29": "6738.00000", "2007-11-30": "7501.00000", "2007-08-31": "7752.00000", "2007-05-31": "7887.00000", "2007-02-28": "8249.00000", "2006-11-30": "8279.00000", "2006-08-31": "8114.00000", "2006-05-31": "7086.80000", "2006-02-28": "6954.20000", "2005-11-30": "5923.50000", "2005-08-31": "5847.00000", "2005-05-31": "5791.60000", "2005-02-28": "5909.20000"}, "Total Liabilities And Share Holders Equity": {"2020-11-30": "53691.00000", "2020-08-31": "53678.00000", "2020-05-31": "52005.00000", "2020-02-29": "49648.00000", "2019-11-30": "49649.00000", "2019-08-31": "48887.00000", "2019-05-31": "46288.00000", "2019-02-28": "47487.00000", "2018-11-30": "44595.00000", "2018-08-31": "43376.00000", "2018-05-31": "41845.00000", "2018-02-28": "41263.00000", "2017-11-30": "37191.00000", "2017-08-31": "35336.00000", "2017-05-31": "33267.00000", "2017-02-28": "32355.00000", "2016-11-30": "27836.00000", "2016-08-31": "27540.00000", "2016-05-31": "27001.00000", "2016-02-29": "24819.00000", "2015-11-30": "24388.00000", "2015-08-31": "24143.00000", "2015-05-31": "25136.00000", "2015-02-28": "23818.00000", "2014-11-30": "22542.00000", "2014-08-31": "22416.00000", "2014-05-31": "20495.00000", "2014-02-28": "20615.00000", "2013-11-30": "19794.00000", "2013-08-31": "19118.00000", "2013-05-31": "14055.00000", "2013-02-28": "13912.00000", "2012-11-30": "14067.00000", "2012-08-31": "14328.00000", "2012-05-31": "14316.00000", "2012-02-29": "14139.00000", "2011-11-30": "14211.00000", "2011-08-31": "14752.00000", "2011-05-31": "14570.00000", "2011-02-28": "14398.00000", "2010-11-30": "14617.00000", "2010-08-31": "14693.00000", "2010-05-31": "14377.00000", "2010-02-28": "11952.00000", "2009-11-30": "11726.00000", "2009-08-31": "11459.00000", "2009-05-31": "11664.00000", "2009-02-28": "11526.00000", "2008-11-30": "12676.00000", "2008-08-31": "13430.00000", "2008-05-31": "13616.00000", "2008-02-29": "13785.00000", "2007-11-30": "14498.00000", "2007-08-31": "14818.00000", "2007-05-31": "14417.00000", "2007-02-28": "13376.00000", "2006-11-30": "13074.00000", "2006-08-31": "12221.00000", "2006-05-31": "10300.70000", "2006-02-28": "9377.40000", "2005-11-30": "8009.50000", "2005-08-31": "8006.00000", "2005-05-31": "8086.20000", "2005-02-28": "8078.90000"}}, "cash flow statement": {"Net Income/Loss": {"2020-08-31": "2710.00000", "2019-08-31": "6358.00000", "2018-08-31": "14138.00000", "2017-08-31": "5090.00000", "2016-08-31": "-275.00000", "2015-08-31": "2899.00000", "2014-08-31": "3079.00000", "2013-08-31": "1194.00000", "2012-08-31": "-1031.00000", "2011-08-31": "190.00000", "2010-08-31": "1900.00000", "2009-08-31": "-1993.00000", "2008-08-31": "-1665.00000", "2007-08-31": "-320.00000", "2006-08-31": "408.00000", "2005-08-31": "188.00000"}, "Total Depreciation And Amortization - Cash Flow": {"2020-08-31": "5676.00000", "2019-08-31": "5473.00000", "2018-08-31": "4860.00000", "2017-08-31": "3986.00000", "2016-08-31": "3106.00000", "2015-08-31": "2805.00000", "2014-08-31": "2270.00000", "2013-08-31": "1926.00000", "2012-08-31": "2222.00000", "2011-08-31": "2162.00000", "2010-08-31": "2005.00000", "2009-08-31": "2186.00000", "2008-08-31": "2559.00000", "2007-08-31": "1718.00000", "2006-08-31": "1281.00000", "2005-08-31": "1265.00000"}, "Other Non-Cash Items": {"2020-08-31": "288.00000", "2019-08-31": "639.00000", "2018-08-31": "583.00000", "2017-08-31": "221.00000", "2016-08-31": "180.00000", "2015-08-31": "-230.00000", "2014-08-31": "-285.00000", "2013-08-31": "-1006.00000", "2012-08-31": "394.00000", "2011-08-31": "343.00000", "2010-08-31": "-350.00000", "2009-08-31": "982.00000", "2008-08-31": "299.00000", "2007-08-31": "134.00000", "2006-08-31": "-2.00000", "2005-08-31": "-23.00000"}, "Total Non-Cash Items": {"2020-08-31": "5964.00000", "2019-08-31": "6112.00000", "2018-08-31": "5443.00000", "2017-08-31": "4207.00000", "2016-08-31": "3286.00000", "2015-08-31": "2575.00000", "2014-08-31": "1985.00000", "2013-08-31": "920.00000", "2012-08-31": "2616.00000", "2011-08-31": "2505.00000", "2010-08-31": "1655.00000", "2009-08-31": "3168.00000", "2008-08-31": "2858.00000", "2007-08-31": "1852.00000", "2006-08-31": "1279.00000", "2005-08-31": "1242.00000"}, "Change In Accounts Receivable": {"2020-08-31": "-723.00000", "2019-08-31": "2431.00000", "2018-08-31": "-1734.00000", "2017-08-31": "-1651.00000", "2016-08-31": "465.00000", "2015-08-31": "393.00000", "2014-08-31": "-518.00000", "2013-08-31": "-409.00000", "2012-08-31": "238.00000", "2011-08-31": "54.00000", "2010-08-31": "-516.00000", "2009-08-31": "126.00000", "2008-08-31": "-26.00000", "2007-08-31": "5.00000", "2006-08-31": "-62.00000", "2005-08-31": "-22.00000"}, "Change In Inventories": {"2020-08-31": "-489.00000", "2019-08-31": "-1528.00000", "2018-08-31": "-472.00000", "2017-08-31": "50.00000", "2016-08-31": "-549.00000", "2015-08-31": "116.00000", "2014-08-31": "194.00000", "2013-08-31": "83.00000", "2012-08-31": "258.00000", "2011-08-31": "-357.00000", "2010-08-31": "-121.00000", "2009-08-31": "-356.00000", "2008-08-31": "-40.00000", "2007-08-31": "-591.00000", "2006-08-31": "-12.00000", "2005-08-31": "-193.00000"}, "Change In Accounts Payable": {"2020-08-31": "", "2019-08-31": "", "2018-08-31": "", "2017-08-31": "", "2016-08-31": "", "2015-08-31": "", "2014-08-31": "", "2013-08-31": "", "2012-08-31": "", "2011-08-31": "", "2010-08-31": "", "2009-08-31": "", "2008-08-31": "", "2007-08-31": "", "2006-08-31": "", "2005-08-31": ""}, "Change In Assets/Liabilities": {"2020-08-31": "", "2019-08-31": "", "2018-08-31": "", "2017-08-31": "-361.00000", "2016-08-31": "0.00000", "2015-08-31": "-105.00000", "2014-08-31": "243.00000", "2013-08-31": "-15.00000", "2012-08-31": "-89.00000", "2011-08-31": "150.00000", "2010-08-31": "-63.00000", "2009-08-31": "217.00000", "2008-08-31": "21.00000", "2007-08-31": "-9.00000", "2006-08-31": "276.00000", "2005-08-31": "11.00000"}, "Total Change In Assets/Liabilities": {"2020-08-31": "-408.00000", "2019-08-31": "879.00000", "2018-08-31": "-1803.00000", "2017-08-31": "-1506.00000", "2016-08-31": "188.00000", "2015-08-31": "-287.00000", "2014-08-31": "590.00000", "2013-08-31": "-313.00000", "2012-08-31": "592.00000", "2011-08-31": "-241.00000", "2010-08-31": "-499.00000", "2009-08-31": "31.00000", "2008-08-31": "-175.00000", "2007-08-31": "-595.00000", "2006-08-31": "332.00000", "2005-08-31": "-193.00000"}, "Cash Flow From Operating Activities": {"2020-08-31": "8306.00000", "2019-08-31": "13189.00000", "2018-08-31": "17400.00000", "2017-08-31": "8153.00000", "2016-08-31": "3168.00000", "2015-08-31": "5208.00000", "2014-08-31": "5699.00000", "2013-08-31": "1811.00000", "2012-08-31": "2114.00000", "2011-08-31": "2484.00000", "2010-08-31": "3096.00000", "2009-08-31": "1206.00000", "2008-08-31": "1018.00000", "2007-08-31": "937.00000", "2006-08-31": "2019.00000", "2005-08-31": "1237.00000"}, "Net Change In Property, Plant, And Equipment": {"2020-08-31": "-8223.00000", "2019-08-31": "-9780.00000", "2018-08-31": "-8879.00000", "2017-08-31": "-4734.00000", "2016-08-31": "-5817.00000", "2015-08-31": "-4021.00000", "2014-08-31": "-3107.00000", "2013-08-31": "-1442.00000", "2012-08-31": "-1699.00000", "2011-08-31": "-2423.00000", "2010-08-31": "-522.00000", "2009-08-31": "-462.00000", "2008-08-31": "-2342.00000", "2007-08-31": "-3509.00000", "2006-08-31": "-1310.00000", "2005-08-31": "-1018.00000"}, "Net Change In Intangible Assets": {"2020-08-31": "", "2019-08-31": "", "2018-08-31": "", "2017-08-31": "", "2016-08-31": "", "2015-08-31": "", "2014-08-31": "", "2013-08-31": "", "2012-08-31": "", "2011-08-31": "", "2010-08-31": "", "2009-08-31": "", "2008-08-31": "", "2007-08-31": "", "2006-08-31": "", "2005-08-31": ""}, "Net Acquisitions/Divestitures": {"2020-08-31": "", "2019-08-31": "", "2018-08-31": "", "2017-08-31": "-2634.00000", "2016-08-31": "", "2015-08-31": "", "2014-08-31": "", "2013-08-31": "", "2012-08-31": "", "2011-08-31": "", "2010-08-31": "95.00000", "2009-08-31": "", "2008-08-31": "", "2007-08-31": "-73.00000", "2006-08-31": "416.00000", "2005-08-31": ""}, "Net Change In Short-term Investments": {"2020-08-31": "415.00000", "2019-08-31": "-1173.00000", "2018-08-31": "164.00000", "2017-08-31": "-269.00000", "2016-08-31": "2999.00000", "2015-08-31": "-2088.00000", "2014-08-31": "-488.00000", "2013-08-31": "-246.00000", "2012-08-31": "-412.00000", "2011-08-31": "79.00000", "2010-08-31": "0.00000", "2009-08-31": "130.00000", "2008-08-31": "-367.00000", "2007-08-31": "-926.00000", "2006-08-31": "-858.00000", "2005-08-31": "-13.00000"}, "Net Change In Long-Term Investments": {"2020-08-31": "", "2019-08-31": "", "2018-08-31": "", "2017-08-31": "", "2016-08-31": "-152.00000", "2015-08-31": "-132.00000", "2014-08-31": "79.00000", "2013-08-31": "-253.00000", "2012-08-31": "-249.00000", "2011-08-31": "-14.00000", "2010-08-31": "258.00000", "2009-08-31": "-408.00000", "2008-08-31": "547.00000", "2007-08-31": "2156.00000", "2006-08-31": "", "2005-08-31": ""}, "Net Change In Investments - Total": {"2020-08-31": "415.00000", "2019-08-31": "-1173.00000", "2018-08-31": "164.00000", "2017-08-31": "-269.00000", "2016-08-31": "2847.00000", "2015-08-31": "-2220.00000", "2014-08-31": "-409.00000", "2013-08-31": "-499.00000", "2012-08-31": "-661.00000", "2011-08-31": "65.00000", "2010-08-31": "258.00000", "2009-08-31": "-278.00000", "2008-08-31": "180.00000", "2007-08-31": "1230.00000", "2006-08-31": "-858.00000", "2005-08-31": "-13.00000"}, "Investing Activities - Other": {"2020-08-31": "219.00000", "2019-08-31": "868.00000", "2018-08-31": "499.00000", "2017-08-31": "100.00000", "2016-08-31": "-74.00000", "2015-08-31": "25.00000", "2014-08-31": "614.00000", "2013-08-31": "31.00000", "2012-08-31": "48.00000", "2011-08-31": "316.00000", "2010-08-31": "-279.00000", "2009-08-31": "66.00000", "2008-08-31": "70.00000", "2007-08-31": "-39.00000", "2006-08-31": "-4.00000", "2005-08-31": "-53.00000"}, "Cash Flow From Investing Activities": {"2020-08-31": "-7589.00000", "2019-08-31": "-10085.00000", "2018-08-31": "-8216.00000", "2017-08-31": "-7537.00000", "2016-08-31": "-3044.00000", "2015-08-31": "-6216.00000", "2014-08-31": "-2902.00000", "2013-08-31": "-1910.00000", "2012-08-31": "-2312.00000", "2011-08-31": "-2042.00000", "2010-08-31": "-448.00000", "2009-08-31": "-674.00000", "2008-08-31": "-2092.00000", "2007-08-31": "-2391.00000", "2006-08-31": "-1756.00000", "2005-08-31": "-1084.00000"}, "Net Long-Term Debt": {"2020-08-31": "634.00000", "2019-08-31": "210.00000", "2018-08-31": "-9185.00000", "2017-08-31": "753.00000", "2016-08-31": "1329.00000", "2015-08-31": "-117.00000", "2014-08-31": "-1631.00000", "2013-08-31": "378.00000", "2012-08-31": "862.00000", "2011-08-31": "-525.00000", "2010-08-31": "-640.00000", "2009-08-31": "287.00000", "2008-08-31": "139.00000", "2007-08-31": "1107.00000", "2006-08-31": "-415.00000", "2005-08-31": "-79.00000"}, "Net Current Debt": {"2020-08-31": "", "2019-08-31": "", "2018-08-31": "", "2017-08-31": "", "2016-08-31": "", "2015-08-31": "", "2014-08-31": "", "2013-08-31": "", "2012-08-31": "", "2011-08-31": "", "2010-08-31": "", "2009-08-31": "", "2008-08-31": "", "2007-08-31": "", "2006-08-31": "", "2005-08-31": ""}, "Debt Issuance/Retirement Net - Total": {"2020-08-31": "634.00000", "2019-08-31": "210.00000", "2018-08-31": "-9185.00000", "2017-08-31": "753.00000", "2016-08-31": "1329.00000", "2015-08-31": "-117.00000", "2014-08-31": "-1631.00000", "2013-08-31": "378.00000", "2012-08-31": "862.00000", "2011-08-31": "-525.00000", "2010-08-31": "-640.00000", "2009-08-31": "287.00000", "2008-08-31": "139.00000", "2007-08-31": "1107.00000", "2006-08-31": "-415.00000", "2005-08-31": "-79.00000"}, "Net Common Equity Issued/Repurchased": {"2020-08-31": "-26.00000", "2019-08-31": "-2550.00000", "2018-08-31": "1584.00000", "2017-08-31": "106.00000", "2016-08-31": "48.00000", "2015-08-31": "-810.00000", "2014-08-31": "189.00000", "2013-08-31": "145.00000", "2012-08-31": "-1.00000", "2011-08-31": "-135.00000", "2010-08-31": "-21.00000", "2009-08-31": "275.00000", "2008-08-31": "4.00000", "2007-08-31": "69.00000", "2006-08-31": "113.00000", "2005-08-31": "41.00000"}, "Net Total Equity Issued/Repurchased": {"2020-08-31": "-26.00000", "2019-08-31": "-2550.00000", "2018-08-31": "1584.00000", "2017-08-31": "106.00000", "2016-08-31": "48.00000", "2015-08-31": "-810.00000", "2014-08-31": "189.00000", "2013-08-31": "145.00000", "2012-08-31": "-1.00000", "2011-08-31": "-135.00000", "2010-08-31": "-21.00000", "2009-08-31": "275.00000", "2008-08-31": "4.00000", "2007-08-31": "69.00000", "2006-08-31": "113.00000", "2005-08-31": "41.00000"}, "Total Common And Preferred Stock Dividends Paid": {"2020-08-31": "", "2019-08-31": "", "2018-08-31": "", "2017-08-31": "", "2016-08-31": "", "2015-08-31": "", "2014-08-31": "", "2013-08-31": "", "2012-08-31": "", "2011-08-31": "", "2010-08-31": "", "2009-08-31": "", "2008-08-31": "", "2007-08-31": "", "2006-08-31": "", "2005-08-31": ""}, "Financial Activities - Other": {"2020-08-31": "-925.00000", "2019-08-31": "-98.00000", "2018-08-31": "-175.00000", "2017-08-31": "-510.00000", "2016-08-31": "368.00000", "2015-08-31": "209.00000", "2014-08-31": "-57.00000", "2013-08-31": "-3.00000", "2012-08-31": "-364.00000", "2011-08-31": "-535.00000", "2010-08-31": "-559.00000", "2009-08-31": "-852.00000", "2008-08-31": "-18.00000", "2007-08-31": "1039.00000", "2006-08-31": "946.00000", "2005-08-31": "-77.00000"}, "Cash Flow From Financial Activities": {"2020-08-31": "-317.00000", "2019-08-31": "-2438.00000", "2018-08-31": "-7776.00000", "2017-08-31": "349.00000", "2016-08-31": "1745.00000", "2015-08-31": "-718.00000", "2014-08-31": "-1499.00000", "2013-08-31": "520.00000", "2012-08-31": "497.00000", "2011-08-31": "-1195.00000", "2010-08-31": "-1220.00000", "2009-08-31": "-290.00000", "2008-08-31": "125.00000", "2007-08-31": "2215.00000", "2006-08-31": "644.00000", "2005-08-31": "-115.00000"}, "Net Cash Flow": {"2020-08-31": "411.00000", "2019-08-31": "692.00000", "2018-08-31": "1371.00000", "2017-08-31": "953.00000", "2016-08-31": "1888.00000", "2015-08-31": "-1859.00000", "2014-08-31": "1270.00000", "2013-08-31": "421.00000", "2012-08-31": "299.00000", "2011-08-31": "-753.00000", "2010-08-31": "1428.00000", "2009-08-31": "242.00000", "2008-08-31": "-949.00000", "2007-08-31": "761.00000", "2006-08-31": "907.00000", "2005-08-31": "38.00000"}, "Stock-Based Compensation": {"2020-08-31": "328.00000", "2019-08-31": "243.00000", "2018-08-31": "198.00000", "2017-08-31": "215.00000", "2016-08-31": "191.00000", "2015-08-31": "168.00000", "2014-08-31": "115.00000", "2013-08-31": "91.00000", "2012-08-31": "87.00000", "2011-08-31": "76.00000", "2010-08-31": "93.00000", "2009-08-31": "44.00000", "2008-08-31": "48.00000", "2007-08-31": "", "2006-08-31": "", "2005-08-31": "2.00000"}, "Common Stock Dividends Paid": {"2020-08-31": "", "2019-08-31": "", "2018-08-31": "", "2017-08-31": "", "2016-08-31": "", "2015-08-31": "", "2014-08-31": "", "2013-08-31": "", "2012-08-31": "", "2011-08-31": "", "2010-08-31": "", "2009-08-31": "", "2008-08-31": "", "2007-08-31": "", "2006-08-31": "", "2005-08-31": ""}}, "cash flow statement, quarterly": {"Net Income/Loss": {"2020-11-30": "803.00000", "2020-08-31": 990, "2020-05-31": 805, "2020-02-29": 407, "2019-11-30": "508.00000", "2019-08-31": 586, "2019-05-31": 851, "2019-02-28": 1625, "2018-11-30": "3296.00000", "2018-08-31": 4326, "2018-05-31": 3823, "2018-02-28": 3311, "2017-11-30": "2678.00000", "2017-08-31": 2369, "2017-05-31": 1647, "2017-02-28": 894, "2016-11-30": "180.00000", "2016-08-31": -170, "2016-05-31": -215, "2016-02-29": -96, "2015-11-30": "206.00000", "2015-08-31": 471, "2015-05-31": 491, "2015-02-28": 935, "2014-11-30": "1002.00000", "2014-08-31": 1151, "2014-05-31": 806, "2014-02-28": 741, "2013-11-30": "381.00000", "2013-08-31": 1710, "2013-05-31": 43, "2013-02-28": -284, "2012-11-30": "-275.00000", "2012-08-31": -242, "2012-05-31": -320, "2012-02-29": -282, "2011-11-30": "-187.00000", "2011-08-31": -134, "2011-05-31": 77, "2011-02-28": 75, "2010-11-30": "172.00000", "2010-08-31": 359, "2010-05-31": 960, "2010-02-28": 379, "2009-11-30": "202.00000", "2009-08-31": -114, "2009-05-31": -334, "2009-02-28": -814, "2008-11-30": "-731.00000", "2008-08-31": -390, "2008-05-31": -236, "2008-02-29": -777, "2007-11-30": "-262.00000", "2007-08-31": -158, "2007-05-31": -225, "2007-02-28": -52, "2006-11-30": "115.00000", "2006-08-31": 64, "2006-05-31": 88, "2006-02-28": 193, "2005-11-30": "63.00000", "2005-08-31": 43.1, "2005-05-31": -127.9, "2005-02-28": 272.8}, "Total Depreciation And Amortization - Cash Flow": {"2020-11-30": "1494.00000", "2020-08-31": 1573, "2020-05-31": 1426, "2020-02-29": 1371, "2019-11-30": "1306.00000", "2019-08-31": 1426, "2019-05-31": 1370, "2019-02-28": 1324, "2018-11-30": "1353.00000", "2018-08-31": 1308, "2018-05-31": 1256, "2018-02-28": 1177, "2017-11-30": "1119.00000", "2017-08-31": 1098, "2017-05-31": 1051, "2017-02-28": 1034, "2016-11-30": "803.00000", "2016-08-31": 746, "2016-05-31": 785, "2016-02-29": 805, "2015-11-30": "770.00000", "2015-08-31": 743, "2015-05-31": 707, "2015-02-28": 674, "2014-11-30": "681.00000", "2014-08-31": 590, "2014-05-31": 578, "2014-02-28": 561, "2013-11-30": "541.00000", "2013-08-31": 486, "2013-05-31": 470, "2013-02-28": 485, "2012-11-30": "485.00000", "2012-08-31": 509, "2012-05-31": 546, "2012-02-29": 586, "2011-11-30": "581.00000", "2011-08-31": 570, "2011-05-31": 559, "2011-02-28": 516, "2010-11-30": "517.00000", "2010-08-31": 531, "2010-05-31": 496, "2010-02-28": 487, "2009-11-30": "491.00000", "2009-08-31": 445, "2009-05-31": 526, "2009-02-28": 610, "2008-11-30": "605.00000", "2008-08-31": 568, "2008-05-31": 513, "2008-02-29": 974, "2007-11-30": "504.00000", "2007-08-31": 474, "2007-05-31": 444, "2007-02-28": 420, "2006-11-30": "380.00000", "2006-08-31": 345, "2006-05-31": 341, "2006-02-28": 292, "2005-11-30": "303.00000", "2005-08-31": 315.4, "2005-05-31": 318.7, "2005-02-28": 630.9}, "Other Non-Cash Items": {"2020-11-30": "68.00000", "2020-08-31": 63, "2020-05-31": 72, "2020-02-29": 104, "2019-11-30": "49.00000", "2019-08-31": -118, "2019-05-31": 250, "2019-02-28": 268, "2018-11-30": "239.00000", "2018-08-31": 262, "2018-05-31": 0, "2018-02-28": 75, "2017-11-30": "246.00000", "2017-08-31": -8, "2017-05-31": 139, "2017-02-28": 43, "2016-11-30": "47.00000", "2016-08-31": 41, "2016-05-31": 129, "2016-02-29": 24, "2015-11-30": "-14.00000", "2015-08-31": -253, "2015-05-31": 82, "2015-02-28": -126, "2014-11-30": "67.00000", "2014-08-31": -377, "2014-05-31": -30, "2014-02-28": 41, "2013-11-30": "81.00000", "2013-08-31": -1528, "2013-05-31": 168, "2013-02-28": 250, "2012-11-30": "104.00000", "2012-08-31": 25, "2012-05-31": 154, "2012-02-29": 121, "2011-11-30": "94.00000", "2011-08-31": 8, "2011-05-31": 112, "2011-02-28": 67, "2010-11-30": "156.00000", "2010-08-31": 91, "2010-05-31": -442, "2010-02-28": 9, "2009-11-30": "-8.00000", "2009-08-31": -97, "2009-05-31": 118, "2009-02-28": 583, "2008-11-30": "378.00000", "2008-08-31": 288, "2008-05-31": -4, "2008-02-29": -45, "2007-11-30": "60.00000", "2007-08-31": 131, "2007-05-31": 29, "2007-02-28": -1, "2006-11-30": "-25.00000", "2006-08-31": -8, "2006-05-31": -1, "2006-02-28": 7, "2005-11-30": "", "2005-08-31": -7.5, "2005-05-31": -19.2, "2005-02-28": 3.7}, "Total Non-Cash Items": {"2020-11-30": "1562.00000", "2020-08-31": 1636, "2020-05-31": 1498, "2020-02-29": 1475, "2019-11-30": "1355.00000", "2019-08-31": 1308, "2019-05-31": 1620, "2019-02-28": 1592, "2018-11-30": "1592.00000", "2018-08-31": 1570, "2018-05-31": 1256, "2018-02-28": 1252, "2017-11-30": "1365.00000", "2017-08-31": 1090, "2017-05-31": 1190, "2017-02-28": 1077, "2016-11-30": "850.00000", "2016-08-31": 787, "2016-05-31": 914, "2016-02-29": 829, "2015-11-30": "756.00000", "2015-08-31": 490, "2015-05-31": 789, "2015-02-28": 548, "2014-11-30": "748.00000", "2014-08-31": 213, "2014-05-31": 548, "2014-02-28": 602, "2013-11-30": "622.00000", "2013-08-31": -1042, "2013-05-31": 638, "2013-02-28": 735, "2012-11-30": "589.00000", "2012-08-31": 534, "2012-05-31": 700, "2012-02-29": 707, "2011-11-30": "675.00000", "2011-08-31": 578, "2011-05-31": 671, "2011-02-28": 583, "2010-11-30": "673.00000", "2010-08-31": 622, "2010-05-31": 54, "2010-02-28": 496, "2009-11-30": "483.00000", "2009-08-31": 348, "2009-05-31": 644, "2009-02-28": 1193, "2008-11-30": "983.00000", "2008-08-31": 856, "2008-05-31": 509, "2008-02-29": 929, "2007-11-30": "564.00000", "2007-08-31": 605, "2007-05-31": 473, "2007-02-28": 419, "2006-11-30": "355.00000", "2006-08-31": 337, "2006-05-31": 340, "2006-02-28": 299, "2005-11-30": "303.00000", "2005-08-31": 307.9, "2005-05-31": 299.5, "2005-02-28": 634.6}, "Change In Accounts Receivable": {"2020-11-30": "251.00000", "2020-08-31": -262, "2020-05-31": -565, "2020-02-29": 312, "2019-11-30": "-208.00000", "2019-08-31": 58, "2019-05-31": 1171, "2019-02-28": 1013, "2018-11-30": "189.00000", "2018-08-31": -557, "2018-05-31": -547, "2018-02-28": -509, "2017-11-30": "-121.00000", "2017-08-31": -313, "2017-05-31": -565, "2017-02-28": -372, "2016-11-30": "-401.00000", "2016-08-31": -3, "2016-05-31": -74, "2016-02-29": 245, "2015-11-30": "297.00000", "2015-08-31": 56, "2015-05-31": 184, "2015-02-28": -99, "2014-11-30": "252.00000", "2014-08-31": -188, "2014-05-31": 128, "2014-02-28": 36, "2013-11-30": "-494.00000", "2013-08-31": -129, "2013-05-31": -277, "2013-02-28": -101, "2012-11-30": "98.00000", "2012-08-31": 104, "2012-05-31": -91, "2012-02-29": 124, "2011-11-30": "101.00000", "2011-08-31": -56, "2011-05-31": -44, "2011-02-28": -19, "2010-11-30": "173.00000", "2010-08-31": 40, "2010-05-31": -246, "2010-02-28": 14, "2009-11-30": "-324.00000", "2009-08-31": -98, "2009-05-31": -150, "2009-02-28": 236, "2008-11-30": "138.00000", "2008-08-31": -37, "2008-05-31": -96, "2008-02-29": 187, "2007-11-30": "-80.00000", "2007-08-31": -153, "2007-05-31": 99, "2007-02-28": 61, "2006-11-30": "-2.00000", "2006-08-31": -28, "2006-05-31": -73, "2006-02-28": 50, "2005-11-30": "-11.00000", "2005-08-31": -60.7, "2005-05-31": 203, "2005-02-28": -164.3}, "Change In Inventories": {"2020-11-30": "86.00000", "2020-08-31": -203, "2020-05-31": -196, "2020-02-29": -265, "2019-11-30": "175.00000", "2019-08-31": -213, "2019-05-31": -515, "2019-02-28": -514, "2018-11-30": "-286.00000", "2018-08-31": -226, "2018-05-31": -184, "2018-02-28": -25, "2017-11-30": "-37.00000", "2017-08-31": -58, "2017-05-31": -66, "2017-02-28": 35, "2016-11-30": "139.00000", "2016-08-31": 31, "2016-05-31": -312, "2016-02-29": -173, "2015-11-30": "-95.00000", "2015-08-31": 41, "2015-05-31": -3, "2015-02-28": 71, "2014-11-30": "7.00000", "2014-08-31": 77, "2014-05-31": -71, "2014-02-28": -2, "2013-11-30": "190.00000", "2013-08-31": 45, "2013-05-31": 11, "2013-02-28": 53, "2012-11-30": "-26.00000", "2012-08-31": 76, "2012-05-31": 183, "2012-02-29": 16, "2011-11-30": "-17.00000", "2011-08-31": -12, "2011-05-31": -149, "2011-02-28": -68, "2010-11-30": "-128.00000", "2010-08-31": -33, "2010-05-31": 14, "2010-02-28": -43, "2009-11-30": "-59.00000", "2009-08-31": -45, "2009-05-31": -140, "2009-02-28": -210, "2008-11-30": "39.00000", "2008-08-31": -42, "2008-05-31": -4, "2008-02-29": -21, "2007-11-30": "27.00000", "2007-08-31": -104, "2007-05-31": -156, "2007-02-28": -180, "2006-11-30": "-151.00000", "2006-08-31": -88, "2006-05-31": -10, "2006-02-28": -3, "2005-11-30": "89.00000", "2005-08-31": 55.5, "2005-05-31": -74, "2005-02-28": -174.5}, "Change In Accounts Payable": {"2020-11-30": "", "2020-08-31": 0, "2020-05-31": 0, "2020-02-29": 0, "2019-11-30": "", "2019-08-31": 0, "2019-05-31": 0, "2019-02-28": 0, "2018-11-30": "", "2018-08-31": 0, "2018-05-31": 0, "2018-02-28": 0, "2017-11-30": "", "2017-08-31": 0, "2017-05-31": 0, "2017-02-28": 0, "2016-11-30": "", "2016-08-31": 0, "2016-05-31": 0, "2016-02-29": 0, "2015-11-30": "", "2015-08-31": 0, "2015-05-31": 0, "2015-02-28": 0, "2014-11-30": "", "2014-08-31": 0, "2014-05-31": 0, "2014-02-28": 0, "2013-11-30": "", "2013-08-31": 0, "2013-05-31": 0, "2013-02-28": 0, "2012-11-30": "", "2012-08-31": 0, "2012-05-31": 0, "2012-02-29": 0, "2011-11-30": "", "2011-08-31": 0, "2011-05-31": 0, "2011-02-28": 0, "2010-11-30": "", "2010-08-31": 0, "2010-05-31": 0, "2010-02-28": 0, "2009-11-30": "", "2009-08-31": 0, "2009-05-31": 0, "2009-02-28": 0, "2008-11-30": "", "2008-08-31": 0, "2008-05-31": 0, "2008-02-29": 0, "2007-11-30": "", "2007-08-31": 0, "2007-05-31": 0, "2007-02-28": 0, "2006-11-30": "", "2006-08-31": 0, "2006-05-31": 0, "2006-02-28": 0, "2005-11-30": "", "2005-08-31": 0, "2005-05-31": 0, "2005-02-28": 0}, "Change In Assets/Liabilities": {"2020-11-30": "", "2020-08-31": 0, "2020-05-31": 0, "2020-02-29": 0, "2019-11-30": "", "2019-08-31": 0, "2019-05-31": 0, "2019-02-28": 0, "2018-11-30": "", "2018-08-31": 0, "2018-05-31": 0, "2018-02-28": 0, "2017-11-30": "", "2017-08-31": 0, "2017-05-31": 23, "2017-02-28": -384, "2016-11-30": "", "2016-08-31": 0, "2016-05-31": 0, "2016-02-29": 0, "2015-11-30": "", "2015-08-31": -105, "2015-05-31": 0, "2015-02-28": 0, "2014-11-30": "", "2014-08-31": 58, "2014-05-31": 2, "2014-02-28": -3, "2013-11-30": "186.00000", "2013-08-31": 80, "2013-05-31": -32, "2013-02-28": -27, "2012-11-30": "-36.00000", "2012-08-31": -324, "2012-05-31": 310, "2012-02-29": -33, "2011-11-30": "-42.00000", "2011-08-31": 36, "2011-05-31": 125, "2011-02-28": -45, "2010-11-30": "34.00000", "2010-08-31": 13, "2010-05-31": 8, "2010-02-28": -42, "2009-11-30": "-42.00000", "2009-08-31": 216, "2009-05-31": 35, "2009-02-28": -31, "2008-11-30": "-3.00000", "2008-08-31": -62, "2008-05-31": 24, "2008-02-29": 26, "2007-11-30": "33.00000", "2007-08-31": -102, "2007-05-31": 4, "2007-02-28": 49, "2006-11-30": "40.00000", "2006-08-31": -5, "2006-05-31": 85, "2006-02-28": 231, "2005-11-30": "-35.00000", "2005-08-31": 6.2, "2005-05-31": 0.4, "2005-02-28": 4.4}, "Total Change In Assets/Liabilities": {"2020-11-30": "-416.00000", "2020-08-31": -361, "2020-05-31": -318, "2020-02-29": 126, "2019-11-30": "145.00000", "2019-08-31": 524, "2019-05-31": 279, "2019-02-28": 219, "2018-11-30": "-143.00000", "2018-08-31": -531, "2018-05-31": -496, "2018-02-28": -425, "2017-11-30": "-351.00000", "2017-08-31": -426, "2017-05-31": -496, "2017-02-28": -621, "2016-11-30": "37.00000", "2016-08-31": 297, "2016-05-31": -316, "2016-02-29": 3, "2015-11-30": "204.00000", "2015-08-31": -166, "2015-05-31": 136, "2015-02-28": -195, "2014-11-30": "-62.00000", "2014-08-31": -28, "2014-05-31": 63, "2014-02-28": 53, "2013-11-30": "502.00000", "2013-08-31": -20, "2013-05-31": -65, "2013-02-28": -156, "2012-11-30": "-72.00000", "2012-08-31": 142, "2012-05-31": 341, "2012-02-29": 164, "2011-11-30": "-55.00000", "2011-08-31": -160, "2011-05-31": -122, "2011-02-28": 154, "2010-11-30": "-113.00000", "2010-08-31": 56, "2010-05-31": -125, "2010-02-28": -71, "2009-11-30": "-359.00000", "2009-08-31": 123, "2009-05-31": -159, "2009-02-28": -40, "2008-11-30": "107.00000", "2008-08-31": -223, "2008-05-31": -56, "2008-02-29": 130, "2007-11-30": "-26.00000", "2007-08-31": -303, "2007-05-31": -171, "2007-02-28": -80, "2006-11-30": "-41.00000", "2006-08-31": -71, "2006-05-31": -45, "2006-02-28": 389, "2005-11-30": "59.00000", "2005-08-31": -47.4, "2005-05-31": 162, "2005-02-28": -307.6}, "Cash Flow From Operating Activities": {"2020-11-30": "1967.00000", "2020-08-31": 2271, "2020-05-31": 2023, "2020-02-29": 2001, "2019-11-30": "2011.00000", "2019-08-31": 2233, "2019-05-31": 2711, "2019-02-28": 3435, "2018-11-30": "4810.00000", "2018-08-31": 5155, "2018-05-31": 4261, "2018-02-28": 4348, "2017-11-30": "3636.00000", "2017-08-31": 3203, "2017-05-31": 2407, "2017-02-28": 1405, "2016-11-30": "1138.00000", "2016-08-31": 896, "2016-05-31": 389, "2016-02-29": 763, "2015-11-30": "1120.00000", "2015-08-31": 1030, "2015-05-31": 1335, "2015-02-28": 1251, "2014-11-30": "1592.00000", "2014-08-31": 1347, "2014-05-31": 1455, "2014-02-28": 1390, "2013-11-30": "1507.00000", "2013-08-31": 717, "2013-05-31": 624, "2013-02-28": 234, "2012-11-30": "236.00000", "2012-08-31": 450, "2012-05-31": 686, "2012-02-29": 574, "2011-11-30": "404.00000", "2011-08-31": 354, "2011-05-31": 589, "2011-02-28": 809, "2010-11-30": "732.00000", "2010-08-31": 1077, "2010-05-31": 889, "2010-02-28": 804, "2009-11-30": "326.00000", "2009-08-31": 357, "2009-05-31": 151, "2009-02-28": 339, "2008-11-30": "359.00000", "2008-08-31": 243, "2008-05-31": 217, "2008-02-29": 282, "2007-11-30": "276.00000", "2007-08-31": 144, "2007-05-31": 77, "2007-02-28": 287, "2006-11-30": "429.00000", "2006-08-31": 330, "2006-05-31": 383, "2006-02-28": 881, "2005-11-30": "425.00000", "2005-08-31": 303.6, "2005-05-31": 333.6, "2005-02-28": 599.8}, "Net Change In Property, Plant, And Equipment": {"2020-11-30": "-2738.00000", "2020-08-31": -2280, "2020-05-31": -1944, "2020-02-29": -2056, "2019-11-30": "-1943.00000", "2019-08-31": -2028, "2019-05-31": -2403, "2019-02-28": -2649, "2018-11-30": "-2700.00000", "2018-08-31": -2251, "2018-05-31": -2411, "2018-02-28": -2261, "2017-11-30": "-1956.00000", "2017-08-31": -1265, "2017-05-31": -1041, "2017-02-28": -1164, "2016-11-30": "-1264.00000", "2016-08-31": -1923, "2016-05-31": -1685, "2016-02-29": -1219, "2015-11-30": "-990.00000", "2015-08-31": -1765, "2015-05-31": -734, "2015-02-28": -853, "2014-11-30": "-669.00000", "2014-08-31": -1307, "2014-05-31": -566, "2014-02-28": -565, "2013-11-30": "-669.00000", "2013-08-31": -478, "2013-05-31": -203, "2013-02-28": -327, "2012-11-30": "-434.00000", "2012-08-31": -383, "2012-05-31": -275, "2012-02-29": -353, "2011-11-30": "-688.00000", "2011-08-31": -865, "2011-05-31": -465, "2011-02-28": -662, "2010-11-30": "-431.00000", "2010-08-31": -339, "2010-05-31": -64, "2010-02-28": -88, "2009-11-30": "-31.00000", "2009-08-31": -36, "2009-05-31": -59, "2009-02-28": -103, "2008-11-30": "-264.00000", "2008-08-31": -708, "2008-05-31": -462, "2008-02-29": -471, "2007-11-30": "-701.00000", "2007-08-31": -707, "2007-05-31": -676, "2007-02-28": -1068, "2006-11-30": "-1058.00000", "2006-08-31": -552, "2006-05-31": -320, "2006-02-28": -174, "2005-11-30": "-264.00000", "2005-08-31": -135, "2005-05-31": -225.5, "2005-02-28": -657.5}, "Net Change In Intangible Assets": {"2020-11-30": "", "2020-08-31": 0, "2020-05-31": 0, "2020-02-29": 0, "2019-11-30": "", "2019-08-31": 0, "2019-05-31": 0, "2019-02-28": 0, "2018-11-30": "", "2018-08-31": 0, "2018-05-31": 0, "2018-02-28": 0, "2017-11-30": "", "2017-08-31": 0, "2017-05-31": 0, "2017-02-28": 0, "2016-11-30": "", "2016-08-31": 0, "2016-05-31": 0, "2016-02-29": 0, "2015-11-30": "", "2015-08-31": 0, "2015-05-31": 0, "2015-02-28": 0, "2014-11-30": "", "2014-08-31": 0, "2014-05-31": 0, "2014-02-28": 0, "2013-11-30": "", "2013-08-31": 0, "2013-05-31": 0, "2013-02-28": 0, "2012-11-30": "", "2012-08-31": 0, "2012-05-31": 0, "2012-02-29": 0, "2011-11-30": "", "2011-08-31": 0, "2011-05-31": 0, "2011-02-28": 0, "2010-11-30": "", "2010-08-31": 0, "2010-05-31": 0, "2010-02-28": 0, "2009-11-30": "", "2009-08-31": 0, "2009-05-31": 0, "2009-02-28": 0, "2008-11-30": "", "2008-08-31": 0, "2008-05-31": 0, "2008-02-29": 0, "2007-11-30": "", "2007-08-31": 0, "2007-05-31": 0, "2007-02-28": 0, "2006-11-30": "", "2006-08-31": 0, "2006-05-31": 0, "2006-02-28": 0, "2005-11-30": "", "2005-08-31": 0, "2005-05-31": 0, "2005-02-28": 0}, "Net Acquisitions/Divestitures": {"2020-11-30": "", "2020-08-31": 0, "2020-05-31": 0, "2020-02-29": 0, "2019-11-30": "", "2019-08-31": 0, "2019-05-31": 0, "2019-02-28": 0, "2018-11-30": "", "2018-08-31": 0, "2018-05-31": 0, "2018-02-28": 0, "2017-11-30": "", "2017-08-31": 0, "2017-05-31": 0, "2017-02-28": -2634, "2016-11-30": "", "2016-08-31": 0, "2016-05-31": 0, "2016-02-29": 0, "2015-11-30": "", "2015-08-31": 0, "2015-05-31": 0, "2015-02-28": 0, "2014-11-30": "", "2014-08-31": 0, "2014-05-31": 0, "2014-02-28": 0, "2013-11-30": "", "2013-08-31": 0, "2013-05-31": 0, "2013-02-28": 0, "2012-11-30": "", "2012-08-31": 0, "2012-05-31": 0, "2012-02-29": 0, "2011-11-30": "", "2011-08-31": 0, "2011-05-31": 159, "2011-02-28": -159, "2010-11-30": "", "2010-08-31": 0, "2010-05-31": 95, "2010-02-28": 0, "2009-11-30": "", "2009-08-31": 0, "2009-05-31": 0, "2009-02-28": 0, "2008-11-30": "", "2008-08-31": 0, "2008-05-31": 0, "2008-02-29": 0, "2007-11-30": "", "2007-08-31": 0, "2007-05-31": -73, "2007-02-28": 0, "2006-11-30": "", "2006-08-31": 97, "2006-05-31": 319, "2006-02-28": 0, "2005-11-30": "", "2005-08-31": 0, "2005-05-31": 0, "2005-02-28": 0}, "Net Change In Short-term Investments": {"2020-11-30": "-741.00000", "2020-08-31": -585, "2020-05-31": -16, "2020-02-29": 272, "2019-11-30": "744.00000", "2019-08-31": 744, "2019-05-31": 98, "2019-02-28": -105, "2018-11-30": "-1910.00000", "2018-08-31": -18, "2018-05-31": -16, "2018-02-28": -255, "2017-11-30": "453.00000", "2017-08-31": -329, "2017-05-31": 169, "2017-02-28": -599, "2016-11-30": "490.00000", "2016-08-31": 499, "2016-05-31": 1229, "2016-02-29": 737, "2015-11-30": "534.00000", "2015-08-31": 325, "2015-05-31": -822, "2015-02-28": -1253, "2014-11-30": "-338.00000", "2014-08-31": -455, "2014-05-31": 6, "2014-02-28": -1, "2013-11-30": "-38.00000", "2013-08-31": -287, "2013-05-31": 273, "2013-02-28": -24, "2012-11-30": "-208.00000", "2012-08-31": -7, "2012-05-31": -313, "2012-02-29": -92, "2011-11-30": "", "2011-08-31": 87, "2011-05-31": -8, "2011-02-28": 0, "2010-11-30": "", "2010-08-31": 0, "2010-05-31": 0, "2010-02-28": 0, "2009-11-30": "", "2009-08-31": 0, "2009-05-31": 0, "2009-02-28": 7, "2008-11-30": "123.00000", "2008-08-31": -661, "2008-05-31": 26, "2008-02-29": 7, "2007-11-30": "261.00000", "2007-08-31": -2318, "2007-05-31": 365, "2007-02-28": 706, "2006-11-30": "321.00000", "2006-08-31": -275, "2006-05-31": -309, "2006-02-28": -326, "2005-11-30": "52.00000", "2005-08-31": 61.5, "2005-05-31": -48.5, "2005-02-28": -26}, "Net Change In Long-Term Investments": {"2020-11-30": "", "2020-08-31": 0, "2020-05-31": 0, "2020-02-29": 0, "2019-11-30": "", "2019-08-31": 0, "2019-05-31": 0, "2019-02-28": 0, "2018-11-30": "", "2018-08-31": 0, "2018-05-31": 0, "2018-02-28": 0, "2017-11-30": "", "2017-08-31": 267, "2017-05-31": -18, "2017-02-28": -76, "2016-11-30": "-173.00000", "2016-08-31": -45, "2016-05-31": -155, "2016-02-29": 94, "2015-11-30": "-46.00000", "2015-08-31": -38, "2015-05-31": -6, "2015-02-28": -22, "2014-11-30": "-66.00000", "2014-08-31": 104, "2014-05-31": -1, "2014-02-28": -24, "2013-11-30": "", "2013-08-31": -37, "2013-05-31": -216, "2013-02-28": 0, "2012-11-30": "", "2012-08-31": -21, "2012-05-31": -228, "2012-02-29": 0, "2011-11-30": "", "2011-08-31": 8, "2011-05-31": -59, "2011-02-28": 37, "2010-11-30": "", "2010-08-31": 409, "2010-05-31": -8, "2010-02-28": -143, "2009-11-30": "", "2009-08-31": 0, "2009-05-31": 0, "2009-02-28": 1, "2008-11-30": "-409.00000", "2008-08-31": 547, "2008-05-31": 0, "2008-02-29": 0, "2007-11-30": "", "2007-08-31": 2156, "2007-05-31": 0, "2007-02-28": 0, "2006-11-30": "", "2006-08-31": 0, "2006-05-31": 0, "2006-02-28": 0, "2005-11-30": "", "2005-08-31": 0, "2005-05-31": 0, "2005-02-28": 0}, "Net Change In Investments - Total": {"2020-11-30": "-741.00000", "2020-08-31": -585, "2020-05-31": -16, "2020-02-29": 272, "2019-11-30": "744.00000", "2019-08-31": 744, "2019-05-31": 98, "2019-02-28": -105, "2018-11-30": "-1910.00000", "2018-08-31": -18, "2018-05-31": -16, "2018-02-28": -255, "2017-11-30": "453.00000", "2017-08-31": -62, "2017-05-31": 151, "2017-02-28": -675, "2016-11-30": "317.00000", "2016-08-31": 454, "2016-05-31": 1074, "2016-02-29": 831, "2015-11-30": "488.00000", "2015-08-31": 287, "2015-05-31": -828, "2015-02-28": -1275, "2014-11-30": "-404.00000", "2014-08-31": -351, "2014-05-31": 5, "2014-02-28": -25, "2013-11-30": "-38.00000", "2013-08-31": -324, "2013-05-31": 57, "2013-02-28": -24, "2012-11-30": "-208.00000", "2012-08-31": -28, "2012-05-31": -541, "2012-02-29": -92, "2011-11-30": "", "2011-08-31": 95, "2011-05-31": -67, "2011-02-28": 37, "2010-11-30": "", "2010-08-31": 409, "2010-05-31": -8, "2010-02-28": -143, "2009-11-30": "", "2009-08-31": 0, "2009-05-31": 0, "2009-02-28": 8, "2008-11-30": "-286.00000", "2008-08-31": -114, "2008-05-31": 26, "2008-02-29": 7, "2007-11-30": "261.00000", "2007-08-31": -162, "2007-05-31": 365, "2007-02-28": 706, "2006-11-30": "321.00000", "2006-08-31": -275, "2006-05-31": -309, "2006-02-28": -326, "2005-11-30": "52.00000", "2005-08-31": 61.5, "2005-05-31": -48.5, "2005-02-28": -26}, "Investing Activities - Other": {"2020-11-30": "61.00000", "2020-08-31": 127, "2020-05-31": 8, "2020-02-29": 74, "2019-11-30": "10.00000", "2019-08-31": 184, "2019-05-31": 239, "2019-02-28": 262, "2018-11-30": "183.00000", "2018-08-31": 140, "2018-05-31": 183, "2018-02-28": 107, "2017-11-30": "69.00000", "2017-08-31": 49, "2017-05-31": 16, "2017-02-28": 24, "2016-11-30": "11.00000", "2016-08-31": 67, "2016-05-31": -5, "2016-02-29": 22, "2015-11-30": "-158.00000", "2015-08-31": -16, "2015-05-31": 42, "2015-02-28": 2, "2014-11-30": "-3.00000", "2014-08-31": -40, "2014-05-31": 10, "2014-02-28": 59, "2013-11-30": "585.00000", "2013-08-31": 62, "2013-05-31": -25, "2013-02-28": -9, "2012-11-30": "3.00000", "2012-08-31": 79, "2012-05-31": 19, "2012-02-29": -24, "2011-11-30": "-26.00000", "2011-08-31": -59, "2011-05-31": 398, "2011-02-28": -18, "2010-11-30": "-5.00000", "2010-08-31": -299, "2010-05-31": 21, "2010-02-28": -7, "2009-11-30": "6.00000", "2009-08-31": 43, "2009-05-31": -4, "2009-02-28": -34, "2008-11-30": "61.00000", "2008-08-31": 19, "2008-05-31": 72, "2008-02-29": -55, "2007-11-30": "34.00000", "2007-08-31": -9, "2007-05-31": 66, "2007-02-28": -65, "2006-11-30": "-31.00000", "2006-08-31": -13, "2006-05-31": -9, "2006-02-28": 25, "2005-11-30": "-7.00000", "2005-08-31": -5.9, "2005-05-31": -30.4, "2005-02-28": -16.7}, "Cash Flow From Investing Activities": {"2020-11-30": "-3418.00000", "2020-08-31": -2738, "2020-05-31": -1952, "2020-02-29": -1710, "2019-11-30": "-1189.00000", "2019-08-31": -1100, "2019-05-31": -2066, "2019-02-28": -2492, "2018-11-30": "-4427.00000", "2018-08-31": -2129, "2018-05-31": -2244, "2018-02-28": -2409, "2017-11-30": "-1434.00000", "2017-08-31": -1278, "2017-05-31": -874, "2017-02-28": -4449, "2016-11-30": "-936.00000", "2016-08-31": -1402, "2016-05-31": -616, "2016-02-29": -366, "2015-11-30": "-660.00000", "2015-08-31": -1494, "2015-05-31": -1520, "2015-02-28": -2126, "2014-11-30": "-1076.00000", "2014-08-31": -1698, "2014-05-31": -551, "2014-02-28": -531, "2013-11-30": "-122.00000", "2013-08-31": -740, "2013-05-31": -171, "2013-02-28": -360, "2012-11-30": "-639.00000", "2012-08-31": -332, "2012-05-31": -797, "2012-02-29": -469, "2011-11-30": "-714.00000", "2011-08-31": -829, "2011-05-31": 25, "2011-02-28": -802, "2010-11-30": "-436.00000", "2010-08-31": -229, "2010-05-31": 44, "2010-02-28": -238, "2009-11-30": "-25.00000", "2009-08-31": 7, "2009-05-31": -63, "2009-02-28": -129, "2008-11-30": "-489.00000", "2008-08-31": -803, "2008-05-31": -364, "2008-02-29": -519, "2007-11-30": "-406.00000", "2007-08-31": -878, "2007-05-31": -318, "2007-02-28": -427, "2006-11-30": "-768.00000", "2006-08-31": -743, "2006-05-31": -319, "2006-02-28": -475, "2005-11-30": "-219.00000", "2005-08-31": -79.4, "2005-05-31": -304.4, "2005-02-28": -700.2}, "Net Long-Term Debt": {"2020-11-30": "-84.00000", "2020-08-31": -80, "2020-05-31": 1140, "2020-02-29": -261, "2019-11-30": "-165.00000", "2019-08-31": 786, "2019-05-31": -1671, "2019-02-28": 1672, "2018-11-30": "-577.00000", "2018-08-31": -3387, "2018-05-31": -3069, "2018-02-28": -135, "2017-11-30": "-2594.00000", "2017-08-31": -609, "2017-05-31": -1043, "2017-02-28": 2577, "2016-11-30": "-172.00000", "2016-08-31": -148, "2016-05-31": 1822, "2016-02-29": -322, "2015-11-30": "-23.00000", "2015-08-31": -238, "2015-05-31": 270, "2015-02-28": 637, "2014-11-30": "-786.00000", "2014-08-31": 441, "2014-05-31": -1147, "2014-02-28": -188, "2013-11-30": "-737.00000", "2013-08-31": 230, "2013-05-31": -77, "2013-02-28": 104, "2012-11-30": "121.00000", "2012-08-31": -51, "2012-05-31": 1014, "2012-02-29": -53, "2011-11-30": "-48.00000", "2011-08-31": 614, "2011-05-31": -327, "2011-02-28": -177, "2010-11-30": "-635.00000", "2010-08-31": -92, "2010-05-31": -378, "2010-02-28": -90, "2009-11-30": "-80.00000", "2009-08-31": -56, "2009-05-31": 195, "2009-02-28": 26, "2008-11-30": "122.00000", "2008-08-31": 285, "2008-05-31": -59, "2008-02-29": 125, "2007-11-30": "-212.00000", "2007-08-31": -34, "2007-05-31": 1245, "2007-02-28": -48, "2006-11-30": "-56.00000", "2006-08-31": -31, "2006-05-31": -314, "2006-02-28": -21, "2005-11-30": "-49.00000", "2005-08-31": -117.3, "2005-05-31": 101.9, "2005-02-28": -63.6}, "Net Current Debt": {"2020-11-30": "", "2020-08-31": 0, "2020-05-31": 0, "2020-02-29": 0, "2019-11-30": "", "2019-08-31": 0, "2019-05-31": 0, "2019-02-28": 0, "2018-11-30": "", "2018-08-31": 0, "2018-05-31": 0, "2018-02-28": 0, "2017-11-30": "", "2017-08-31": 0, "2017-05-31": 0, "2017-02-28": 0, "2016-11-30": "", "2016-08-31": 0, "2016-05-31": 0, "2016-02-29": 0, "2015-11-30": "", "2015-08-31": 0, "2015-05-31": 0, "2015-02-28": 0, "2014-11-30": "", "2014-08-31": 0, "2014-05-31": 0, "2014-02-28": 0, "2013-11-30": "", "2013-08-31": 0, "2013-05-31": 0, "2013-02-28": 0, "2012-11-30": "", "2012-08-31": 0, "2012-05-31": 0, "2012-02-29": 0, "2011-11-30": "", "2011-08-31": 0, "2011-05-31": 0, "2011-02-28": 0, "2010-11-30": "", "2010-08-31": 0, "2010-05-31": 0, "2010-02-28": 0, "2009-11-30": "", "2009-08-31": 0, "2009-05-31": 0, "2009-02-28": 0, "2008-11-30": "", "2008-08-31": 0, "2008-05-31": 0, "2008-02-29": 0, "2007-11-30": "", "2007-08-31": 0, "2007-05-31": 0, "2007-02-28": 0, "2006-11-30": "", "2006-08-31": 0, "2006-05-31": 0, "2006-02-28": 0, "2005-11-30": "", "2005-08-31": 0, "2005-05-31": 0, "2005-02-28": 0}, "Debt Issuance/Retirement Net - Total": {"2020-11-30": "-84.00000", "2020-08-31": -80, "2020-05-31": 1140, "2020-02-29": -261, "2019-11-30": "-165.00000", "2019-08-31": 786, "2019-05-31": -1671, "2019-02-28": 1672, "2018-11-30": "-577.00000", "2018-08-31": -3387, "2018-05-31": -3069, "2018-02-28": -135, "2017-11-30": "-2594.00000", "2017-08-31": -609, "2017-05-31": -1043, "2017-02-28": 2577, "2016-11-30": "-172.00000", "2016-08-31": -148, "2016-05-31": 1822, "2016-02-29": -322, "2015-11-30": "-23.00000", "2015-08-31": -238, "2015-05-31": 270, "2015-02-28": 637, "2014-11-30": "-786.00000", "2014-08-31": 441, "2014-05-31": -1147, "2014-02-28": -188, "2013-11-30": "-737.00000", "2013-08-31": 230, "2013-05-31": -77, "2013-02-28": 104, "2012-11-30": "121.00000", "2012-08-31": -51, "2012-05-31": 1014, "2012-02-29": -53, "2011-11-30": "-48.00000", "2011-08-31": 614, "2011-05-31": -327, "2011-02-28": -177, "2010-11-30": "-635.00000", "2010-08-31": -92, "2010-05-31": -378, "2010-02-28": -90, "2009-11-30": "-80.00000", "2009-08-31": -56, "2009-05-31": 195, "2009-02-28": 26, "2008-11-30": "122.00000", "2008-08-31": 285, "2008-05-31": -59, "2008-02-29": 125, "2007-11-30": "-212.00000", "2007-08-31": -34, "2007-05-31": 1245, "2007-02-28": -48, "2006-11-30": "-56.00000", "2006-08-31": -31, "2006-05-31": -314, "2006-02-28": -21, "2005-11-30": "-49.00000", "2005-08-31": -117.3, "2005-05-31": 101.9, "2005-02-28": -63.6}, "Net Common Equity Issued/Repurchased": {"2020-11-30": "", "2020-08-31": 177, "2020-05-31": -44, "2020-02-29": -159, "2019-11-30": "", "2019-08-31": 177, "2019-05-31": -159, "2019-02-28": -732, "2018-11-30": "-1836.00000", "2018-08-31": 17, "2018-05-31": 80, "2018-02-28": 38, "2017-11-30": "1449.00000", "2017-08-31": -2, "2017-05-31": 40, "2017-02-28": 39, "2016-11-30": "29.00000", "2016-08-31": 165, "2016-05-31": 6, "2016-02-29": -3, "2015-11-30": "-120.00000", "2015-08-31": -629, "2015-05-31": 13, "2015-02-28": -186, "2014-11-30": "-8.00000", "2014-08-31": 17, "2014-05-31": 21, "2014-02-28": 49, "2013-11-30": "102.00000", "2013-08-31": 82, "2013-05-31": 44, "2013-02-28": 21, "2012-11-30": "-2.00000", "2012-08-31": -1, "2012-05-31": 0, "2012-02-29": 0, "2011-11-30": "", "2011-08-31": -135, "2011-05-31": 0, "2011-02-28": 0, "2010-11-30": "", "2010-08-31": -21, "2010-05-31": 0, "2010-02-28": 0, "2009-11-30": "", "2009-08-31": -1, "2009-05-31": 276, "2009-02-28": 0, "2008-11-30": "", "2008-08-31": 0, "2008-05-31": 4, "2008-02-29": 0, "2007-11-30": "", "2007-08-31": 14, "2007-05-31": 5, "2007-02-28": 9, "2006-11-30": "41.00000", "2006-08-31": 30, "2006-05-31": 36, "2006-02-28": 36, "2005-11-30": "11.00000", "2005-08-31": 11.2, "2005-05-31": 9.3, "2005-02-28": 20.5}, "Net Total Equity Issued/Repurchased": {"2020-11-30": "", "2020-08-31": 177, "2020-05-31": -44, "2020-02-29": -159, "2019-11-30": "", "2019-08-31": 177, "2019-05-31": -159, "2019-02-28": -732, "2018-11-30": "-1836.00000", "2018-08-31": 17, "2018-05-31": 80, "2018-02-28": 38, "2017-11-30": "1449.00000", "2017-08-31": -2, "2017-05-31": 40, "2017-02-28": 39, "2016-11-30": "29.00000", "2016-08-31": 165, "2016-05-31": 6, "2016-02-29": -3, "2015-11-30": "-120.00000", "2015-08-31": -629, "2015-05-31": 13, "2015-02-28": -186, "2014-11-30": "-8.00000", "2014-08-31": 17, "2014-05-31": 21, "2014-02-28": 49, "2013-11-30": "102.00000", "2013-08-31": 82, "2013-05-31": 44, "2013-02-28": 21, "2012-11-30": "-2.00000", "2012-08-31": -1, "2012-05-31": 0, "2012-02-29": 0, "2011-11-30": "", "2011-08-31": -135, "2011-05-31": 0, "2011-02-28": 0, "2010-11-30": "", "2010-08-31": -21, "2010-05-31": 0, "2010-02-28": 0, "2009-11-30": "", "2009-08-31": -1, "2009-05-31": 276, "2009-02-28": 0, "2008-11-30": "", "2008-08-31": 0, "2008-05-31": 4, "2008-02-29": 0, "2007-11-30": "", "2007-08-31": 14, "2007-05-31": 5, "2007-02-28": 9, "2006-11-30": "41.00000", "2006-08-31": 30, "2006-05-31": 36, "2006-02-28": 36, "2005-11-30": "11.00000", "2005-08-31": 11.2, "2005-05-31": 9.3, "2005-02-28": 20.5}, "Total Common And Preferred Stock Dividends Paid": {"2020-11-30": "", "2020-08-31": 0, "2020-05-31": 0, "2020-02-29": 0, "2019-11-30": "", "2019-08-31": 0, "2019-05-31": 0, "2019-02-28": 0, "2018-11-30": "", "2018-08-31": 0, "2018-05-31": 0, "2018-02-28": 0, "2017-11-30": "", "2017-08-31": 0, "2017-05-31": 0, "2017-02-28": 0, "2016-11-30": "", "2016-08-31": 0, "2016-05-31": 0, "2016-02-29": 0, "2015-11-30": "", "2015-08-31": 0, "2015-05-31": 0, "2015-02-28": 0, "2014-11-30": "", "2014-08-31": 0, "2014-05-31": 0, "2014-02-28": 0, "2013-11-30": "", "2013-08-31": 0, "2013-05-31": 0, "2013-02-28": 0, "2012-11-30": "", "2012-08-31": 0, "2012-05-31": 0, "2012-02-29": 0, "2011-11-30": "", "2011-08-31": 0, "2011-05-31": 0, "2011-02-28": 0, "2010-11-30": "", "2010-08-31": 0, "2010-05-31": 0, "2010-02-28": 0, "2009-11-30": "", "2009-08-31": 0, "2009-05-31": 0, "2009-02-28": 0, "2008-11-30": "", "2008-08-31": 0, "2008-05-31": 0, "2008-02-29": 0, "2007-11-30": "", "2007-08-31": 0, "2007-05-31": 0, "2007-02-28": 0, "2006-11-30": "", "2006-08-31": 0, "2006-05-31": 0, "2006-02-28": 0, "2005-11-30": "", "2005-08-31": 0, "2005-05-31": 0, "2005-02-28": 0}, "Financial Activities - Other": {"2020-11-30": "-130.00000", "2020-08-31": -279, "2020-05-31": -24, "2020-02-29": 205, "2019-11-30": "-827.00000", "2019-08-31": -71, "2019-05-31": -17, "2019-02-28": 12, "2018-11-30": "-22.00000", "2018-08-31": 37, "2018-05-31": -34, "2018-02-28": -41, "2017-11-30": "-137.00000", "2017-08-31": -247, "2017-05-31": -131, "2017-02-28": -63, "2016-11-30": "-69.00000", "2016-08-31": 25, "2016-05-31": -57, "2016-02-29": 397, "2015-11-30": "3.00000", "2015-08-31": -66, "2015-05-31": 76, "2015-02-28": 211, "2014-11-30": "-12.00000", "2014-08-31": -4, "2014-05-31": -23, "2014-02-28": -73, "2013-11-30": "43.00000", "2013-08-31": 151, "2013-05-31": -41, "2013-02-28": -40, "2012-11-30": "-73.00000", "2012-08-31": 202, "2012-05-31": -806, "2012-02-29": 127, "2011-11-30": "113.00000", "2011-08-31": -239, "2011-05-31": -76, "2011-02-28": -57, "2010-11-30": "-163.00000", "2010-08-31": -135, "2010-05-31": -112, "2010-02-28": -171, "2009-11-30": "-141.00000", "2009-08-31": -128, "2009-05-31": -185, "2009-02-28": -329, "2008-11-30": "-210.00000", "2008-08-31": 44, "2008-05-31": -32, "2008-02-29": -60, "2007-11-30": "30.00000", "2007-08-31": 279, "2007-05-31": 92, "2007-02-28": 442, "2006-11-30": "226.00000", "2006-08-31": 377, "2006-05-31": 146, "2006-02-28": 454, "2005-11-30": "-31.00000", "2005-08-31": -64.3, "2005-05-31": -29.6, "2005-02-28": 16.9}, "Cash Flow From Financial Activities": {"2020-11-30": "-214.00000", "2020-08-31": -182, "2020-05-31": 1072, "2020-02-29": -215, "2019-11-30": "-992.00000", "2019-08-31": 892, "2019-05-31": -1847, "2019-02-28": 952, "2018-11-30": "-2435.00000", "2018-08-31": -3333, "2018-05-31": -3023, "2018-02-28": -138, "2017-11-30": "-1282.00000", "2017-08-31": -858, "2017-05-31": -1134, "2017-02-28": 2553, "2016-11-30": "-212.00000", "2016-08-31": 42, "2016-05-31": 1771, "2016-02-29": 72, "2015-11-30": "-140.00000", "2015-08-31": -933, "2015-05-31": 359, "2015-02-28": 662, "2014-11-30": "-806.00000", "2014-08-31": 454, "2014-05-31": -1149, "2014-02-28": -212, "2013-11-30": "-592.00000", "2013-08-31": 463, "2013-05-31": -74, "2013-02-28": 85, "2012-11-30": "46.00000", "2012-08-31": 150, "2012-05-31": 208, "2012-02-29": 74, "2011-11-30": "65.00000", "2011-08-31": 240, "2011-05-31": -403, "2011-02-28": -234, "2010-11-30": "-798.00000", "2010-08-31": -248, "2010-05-31": -490, "2010-02-28": -261, "2009-11-30": "-221.00000", "2009-08-31": -185, "2009-05-31": 286, "2009-02-28": -303, "2008-11-30": "-88.00000", "2008-08-31": 329, "2008-05-31": -87, "2008-02-29": 65, "2007-11-30": "-182.00000", "2007-08-31": 259, "2007-05-31": 1342, "2007-02-28": 403, "2006-11-30": "211.00000", "2006-08-31": 376, "2006-05-31": -132, "2006-02-28": 469, "2005-11-30": "-69.00000", "2005-08-31": -170.4, "2005-05-31": 81.6, "2005-02-28": -26.2}, "Net Cash Flow": {"2020-11-30": "-1638.00000", "2020-08-31": -630, "2020-05-31": 1149, "2020-02-29": 76, "2019-11-30": "-184.00000", "2019-08-31": 2045, "2019-05-31": -1195, "2019-02-28": 1904, "2018-11-30": "-2062.00000", "2018-08-31": -340, "2018-05-31": -1014, "2018-02-28": 1811, "2017-11-30": "914.00000", "2017-08-31": 1070, "2017-05-31": 417, "2017-02-28": -482, "2016-11-30": "-52.00000", "2016-08-31": -452, "2016-05-31": 1549, "2016-02-29": 473, "2015-11-30": "318.00000", "2015-08-31": -1403, "2015-05-31": 147, "2015-02-28": -217, "2014-11-30": "-386.00000", "2014-08-31": 88, "2014-05-31": -243, "2014-02-28": 651, "2013-11-30": "774.00000", "2013-08-31": 440, "2013-05-31": 379, "2013-02-28": -41, "2012-11-30": "-357.00000", "2012-08-31": 268, "2012-05-31": 97, "2012-02-29": 179, "2011-11-30": "-245.00000", "2011-08-31": -235, "2011-05-31": 211, "2011-02-28": -227, "2010-11-30": "-502.00000", "2010-08-31": 600, "2010-05-31": 443, "2010-02-28": 305, "2009-11-30": "80.00000", "2009-08-31": 179, "2009-05-31": 374, "2009-02-28": -93, "2008-11-30": "-218.00000", "2008-08-31": -231, "2008-05-31": -234, "2008-02-29": -172, "2007-11-30": "-312.00000", "2007-08-31": -475, "2007-05-31": 1101, "2007-02-28": 263, "2006-11-30": "-128.00000", "2006-08-31": -37, "2006-05-31": -68, "2006-02-28": 875, "2005-11-30": "137.00000", "2005-08-31": 53.8, "2005-05-31": 110.8, "2005-02-28": -126.6}, "Stock-Based Compensation": {"2020-11-30": "92.00000", "2020-08-31": 89, "2020-05-31": 82, "2020-02-29": 85, "2019-11-30": "72.00000", "2019-08-31": 67, "2019-05-31": 58, "2019-02-28": 57, "2018-11-30": "61.00000", "2018-08-31": 47, "2018-05-31": 48, "2018-02-28": 52, "2017-11-30": "51.00000", "2017-08-31": 57, "2017-05-31": 57, "2017-02-28": 55, "2016-11-30": "46.00000", "2016-08-31": 43, "2016-05-31": 47, "2016-02-29": 55, "2015-11-30": "46.00000", "2015-08-31": 41, "2015-05-31": 43, "2015-02-28": 49, "2014-11-30": "35.00000", "2014-08-31": 34, "2014-05-31": 32, "2014-02-28": 27, "2013-11-30": "22.00000", "2013-08-31": 30, "2013-05-31": 21, "2013-02-28": 21, "2012-11-30": "19.00000", "2012-08-31": 16, "2012-05-31": 21, "2012-02-29": 30, "2011-11-30": "20.00000", "2011-08-31": 19, "2011-05-31": 19, "2011-02-28": 19, "2010-11-30": "19.00000", "2010-08-31": 20, "2010-05-31": 20, "2010-02-28": 22, "2009-11-30": "31.00000", "2009-08-31": 10, "2009-05-31": 12, "2009-02-28": 13, "2008-11-30": "9.00000", "2008-08-31": 48, "2008-05-31": 0, "2008-02-29": 0, "2007-11-30": "", "2007-08-31": -30, "2007-05-31": 10, "2007-02-28": 10, "2006-11-30": "10.00000", "2006-08-31": -18, "2006-05-31": 8, "2006-02-28": 6, "2005-11-30": "4.00000", "2005-08-31": 0.8, "2005-05-31": 1.2, "2005-02-28": 0}, "Common Stock Dividends Paid": {"2020-11-30": "", "2020-08-31": 0, "2020-05-31": 0, "2020-02-29": 0, "2019-11-30": "", "2019-08-31": 0, "2019-05-31": 0, "2019-02-28": 0, "2018-11-30": "", "2018-08-31": 0, "2018-05-31": 0, "2018-02-28": 0, "2017-11-30": "", "2017-08-31": 0, "2017-05-31": 0, "2017-02-28": 0, "2016-11-30": "", "2016-08-31": 0, "2016-05-31": 0, "2016-02-29": 0, "2015-11-30": "", "2015-08-31": 0, "2015-05-31": 0, "2015-02-28": 0, "2014-11-30": "", "2014-08-31": 0, "2014-05-31": 0, "2014-02-28": 0, "2013-11-30": "", "2013-08-31": 0, "2013-05-31": 0, "2013-02-28": 0, "2012-11-30": "", "2012-08-31": 0, "2012-05-31": 0, "2012-02-29": 0, "2011-11-30": "", "2011-08-31": 0, "2011-05-31": 0, "2011-02-28": 0, "2010-11-30": "", "2010-08-31": 0, "2010-05-31": 0, "2010-02-28": 0, "2009-11-30": "", "2009-08-31": 0, "2009-05-31": 0, "2009-02-28": 0, "2008-11-30": "", "2008-08-31": 0, "2008-05-31": 0, "2008-02-29": 0, "2007-11-30": "", "2007-08-31": 0, "2007-05-31": 0, "2007-02-28": 0, "2006-11-30": "", "2006-08-31": 0, "2006-05-31": 0, "2006-02-28": 0, "2005-11-30": "", "2005-08-31": 0, "2005-05-31": 0, "2005-02-28": 0}}, "financial ratios": {"Current Ratio": {"2020-08-31": "2.70760", "2019-08-31": "2.58260", "2018-08-31": "2.78750", "2017-08-31": "2.33540", "2016-08-31": "1.96380", "2015-08-31": "2.20130", "2014-08-31": "2.13840", "2013-08-31": "2.16020", "2012-08-31": "2.56710", "2011-08-31": "2.35160", "2010-08-31": "2.34380", "2009-08-31": "1.76740", "2008-08-31": "2.36480", "2007-08-31": "2.58340", "2006-08-31": "3.07100", "2005-08-31": "2.98880"}, "Long-term Debt / Capital": {"2020-08-31": "0.14050", "2019-08-31": "0.10990", "2018-08-31": "0.10230", "2017-08-31": "0.33690", "2016-08-31": "0.41450", "2015-08-31": "0.32250", "2014-08-31": "0.30020", "2013-08-31": "0.30790", "2012-08-31": "0.26520", "2011-08-31": "0.15890", "2010-08-31": "0.14380", "2009-08-31": "0.25530", "2008-08-31": "0.28400", "2007-08-31": "0.20400", "2006-08-31": "0.04750", "2005-08-31": "0.14850"}, "Debt/Equity Ratio": {"2020-08-31": "0.17040", "2019-08-31": "0.15910", "2018-08-31": "0.13990", "2017-08-31": "0.57290", "2016-08-31": "0.76660", "2015-08-31": "0.55820", "2014-08-31": "0.56900", "2013-08-31": "0.60330", "2012-08-31": "0.38750", "2011-08-31": "0.20310", "2010-08-31": "0.24040", "2009-08-31": "0.40390", "2008-08-31": "0.44120", "2007-08-31": "0.31090", "2006-08-31": "0.07040", "2005-08-31": "0.19960"}, "Gross Margin": {"2020-08-31": "30.56680", "2019-08-31": "45.72330", "2018-08-31": "58.86940", "2017-08-31": "41.51170", "2016-08-31": "20.20320", "2015-08-31": "32.20730", "2014-08-31": "33.23760", "2013-08-31": "20.35710", "2012-08-31": "11.75610", "2011-08-31": "20.00460", "2010-08-31": "31.99720", "2009-08-31": "-9.16090", "2008-08-31": "-0.94160", "2007-08-31": "18.95220", "2006-08-31": "22.76180", "2005-08-31": "23.48360"}, "Operating Margin": {"2020-08-31": "14.00980", "2019-08-31": "31.51330", "2018-08-31": "49.33700", "2017-08-31": "28.87510", "2016-08-31": "1.35490", "2015-08-31": "18.51530", "2014-08-31": "18.87150", "2013-08-31": "2.60110", "2012-08-31": "-7.43260", "2011-08-31": "8.65950", "2010-08-31": "18.73380", "2009-08-31": "-34.89490", "2008-08-31": "-27.30700", "2007-08-31": "-4.92260", "2006-08-31": "6.63880", "2005-08-31": "4.44670"}, "EBIT Margin": {"2020-08-31": "14.00980", "2019-08-31": "31.51330", "2018-08-31": "49.33700", "2017-08-31": "28.87510", "2016-08-31": "1.35490", "2015-08-31": "18.51530", "2014-08-31": "18.87150", "2013-08-31": "2.60110", "2012-08-31": "-7.43260", "2011-08-31": "8.65950", "2010-08-31": "18.73380", "2009-08-31": "-34.89490", "2008-08-31": "-27.30700", "2007-08-31": "-4.92260", "2006-08-31": "6.63880", "2005-08-31": "4.44670"}, "EBITDA Margin": {"2020-08-31": "40.48990", "2019-08-31": "54.89620", "2018-08-31": "65.32860", "2017-08-31": "48.48930", "2016-08-31": "26.40540", "2015-08-31": "35.83870", "2014-08-31": "32.74850", "2013-08-31": "23.82890", "2012-08-31": "19.55310", "2011-08-31": "33.26130", "2010-08-31": "42.37210", "2009-08-31": "10.61840", "2008-08-31": "16.50400", "2007-08-31": "25.28130", "2006-08-31": "30.93700", "2005-08-31": "30.36890"}, "Pre-Tax Profit Margin": {"2020-08-31": "13.91650", "2019-08-31": "30.11190", "2018-08-31": "47.07640", "2017-08-31": "25.56840", "2016-08-31": "-2.26630", "2015-08-31": "16.11290", "2014-08-31": "16.70740", "2013-08-31": "14.16290", "2012-08-31": "-9.15720", "2011-08-31": "6.26990", "2010-08-31": "22.63620", "2009-08-31": "-38.55920", "2008-08-31": "-28.19720", "2007-08-31": "-2.95360", "2006-08-31": "8.21320", "2005-08-31": "4.07790"}, "Net Profit Margin": {"2020-08-31": "12.53560", "2019-08-31": "26.97170", "2018-08-31": "46.51050", "2017-08-31": "25.04180", "2016-08-31": "-2.22600", "2015-08-31": "17.90390", "2014-08-31": "18.61480", "2013-08-31": "13.11580", "2012-08-31": "-12.53340", "2011-08-31": "1.90030", "2010-08-31": "21.81090", "2009-08-31": "-39.18380", "2008-08-31": "-28.33420", "2007-08-31": "-5.62590", "2006-08-31": "7.73900", "2005-08-31": "3.85250"}, "Asset Turnover": {"2020-08-31": "0.39930", "2019-08-31": "0.47880", "2018-08-31": "0.70060", "2017-08-31": "0.57510", "2016-08-31": "0.45020", "2015-08-31": "0.67070", "2014-08-31": "0.72970", "2013-08-31": "0.47460", "2012-08-31": "0.57470", "2011-08-31": "0.59570", "2010-08-31": "0.57730", "2009-08-31": "0.41910", "2008-08-31": "0.43490", "2007-08-31": "0.38390", "2006-08-31": "0.43140", "2005-08-31": "0.60950"}, "Inventory Turnover Ratio": {"2020-08-31": "2.65440", "2019-08-31": "2.48220", "2018-08-31": "3.47710", "2017-08-31": "3.80600", "2016-08-31": "3.42470", "2015-08-31": "4.69100", "2014-08-31": "4.44850", "2013-08-31": "2.72780", "2012-08-31": "4.00990", "2011-08-31": "3.37980", "2010-08-31": "3.25880", "2009-08-31": "5.31210", "2008-08-31": "4.56700", "2007-08-31": "3.00910", "2006-08-31": "4.22850", "2005-08-31": "4.84310"}, "Receiveable Turnover": {"2020-08-31": "5.47930", "2019-08-31": "7.32580", "2018-08-31": "5.54780", "2017-08-31": "5.40620", "2016-08-31": "5.99560", "2015-08-31": "6.45870", "2014-08-31": "5.62900", "2013-08-31": "3.89570", "2012-08-31": "6.38790", "2011-08-31": "5.87040", "2010-08-31": "5.54020", "2009-08-31": "6.01880", "2008-08-31": "5.65990", "2007-08-31": "5.72230", "2006-08-31": "5.51460", "2005-08-31": "6.14610"}, "Days Sales In Receivables": {"2020-08-31": "66.61440", "2019-08-31": "49.82380", "2018-08-31": "65.79150", "2017-08-31": "67.51480", "2016-08-31": "60.87750", "2015-08-31": "56.51280", "2014-08-31": "64.84230", "2013-08-31": "93.69390", "2012-08-31": "57.13930", "2011-08-31": "62.17630", "2010-08-31": "65.88250", "2009-08-31": "60.64340", "2008-08-31": "64.48900", "2007-08-31": "63.78520", "2006-08-31": "66.18740", "2005-08-31": "59.38730"}, "ROE - Return On Equity": {"2020-08-31": "6.94940", "2019-08-31": "17.29130", "2018-08-31": "42.63060", "2017-08-31": "26.14280", "2016-08-31": "-2.12720", "2015-08-31": "21.89740", "2014-08-31": "26.63030", "2013-08-31": "11.93280", "2012-08-31": "-12.24900", "2011-08-31": "1.92850", "2010-08-31": "19.35620", "2009-08-31": "-28.72170", "2008-08-31": "-26.95050", "2007-08-31": "-4.12800", "2006-08-31": "5.02830", "2005-08-31": "3.21530"}, "Return On Tangible Equity": {"2020-08-31": "7.23940", "2019-08-31": "18.06150", "2018-08-31": "44.73340", "2017-08-31": "28.50740", "2016-08-31": "-2.22490", "2015-08-31": "22.66620", "2014-08-31": "27.75370", "2013-08-31": "12.41160", "2012-08-31": "-12.81380", "2011-08-31": "2.01310", "2010-08-31": "20.01480", "2009-08-31": "-30.21990", "2008-08-31": "-28.63780", "2007-08-31": "-4.68110", "2006-08-31": "5.64780", "2005-08-31": "3.37460"}, "ROA - Return On Assets": {"2020-08-31": "5.04860", "2019-08-31": "13.00550", "2018-08-31": "32.59410", "2017-08-31": "14.40460", "2016-08-31": "-0.99850", "2015-08-31": "12.00760", "2014-08-31": "13.73570", "2013-08-31": "6.24540", "2012-08-31": "-7.19570", "2011-08-31": "1.28800", "2010-08-31": "12.93130", "2009-08-31": "-17.39240", "2008-08-31": "-12.39760", "2007-08-31": "-2.15950", "2006-08-31": "3.33850", "2005-08-31": "2.34820"}, "ROI - Return On Investment": {"2020-08-31": "5.97320", "2019-08-31": "15.39060", "2018-08-31": "38.26870", "2017-08-31": "17.33470", "2016-08-31": "-1.24540", "2015-08-31": "14.83620", "2014-08-31": "18.63460", "2013-08-31": "8.25840", "2012-08-31": "-9.00040", "2011-08-31": "1.62210", "2010-08-31": "16.57360", "2009-08-31": "-21.38870", "2008-08-31": "-19.29540", "2007-08-31": "-3.28580", "2006-08-31": "4.78930", "2005-08-31": "2.73770"}, "Book Value Per Share": {"2020-08-31": "35.03680", "2019-08-31": "33.24590", "2018-08-31": "28.56500", "2017-08-31": "17.50900", "2016-08-31": "12.43080", "2015-08-31": "12.74210", "2014-08-31": "10.77540", "2013-08-31": "9.58430", "2012-08-31": "8.27060", "2011-08-31": "10.00910", "2010-08-31": "9.87030", "2009-08-31": "8.17600", "2008-08-31": "8.11720", "2007-08-31": "10.22830", "2006-08-31": "10.82730", "2005-08-31": "9.48880"}, "Operating Cash Flow Per Share": {"2020-08-31": -4.195, "2019-08-31": -2.619, "2018-08-31": 7.0929, "2017-08-31": 4.0071, "2016-08-31": -1.3934, "2015-08-31": -0.3058, "2014-08-31": 3.0438, "2013-08-31": -0.4199, "2012-08-31": -0.3323, "2011-08-31": -0.4811, "2010-08-31": 1.4404, "2009-08-31": 0.1884, "2008-08-31": 0.0995, "2007-08-31": -1.5661, "2006-08-31": 1.0223, "2005-08-31": 1.7621}, "Free Cash Flow Per Share": {"2020-08-31": -2.9091, "2019-08-31": -3.9508, "2018-08-31": 3.9706, "2017-08-31": 5.5197, "2016-08-31": -3.5715, "2015-08-31": -1.1491, "2014-08-31": 1.8145, "2013-08-31": -0.0697, "2012-08-31": 0.3583, "2011-08-31": -2.3893, "2010-08-31": 1.5206, "2009-08-31": 2.6431, "2008-08-31": 1.6303, "2007-08-31": -4.322, "2006-08-31": 0.6658, "2005-08-31": 0.312}}, "financial ratios, quarterly": {"Current Ratio": {"2020-11-30": "2.90590", "2020-08-31": "2.70760", "2020-05-31": "2.89390", "2020-02-29": "2.74410", "2019-11-30": "2.55930", "2019-08-31": "2.58260", "2019-05-31": "2.79160", "2019-02-28": "2.24830", "2018-11-30": "2.89820", "2018-08-31": "2.78750", "2018-05-31": "2.63450", "2018-02-28": "2.58130", "2017-11-30": "2.39260", "2017-08-31": "2.33540", "2017-05-31": "2.14330", "2017-02-28": "1.90990", "2016-11-30": "1.71370", "2016-08-31": "1.96380", "2016-05-31": "2.24670", "2016-02-29": "1.99610", "2015-11-30": "2.11430", "2015-08-31": "2.20130", "2015-05-31": "2.19190", "2015-02-28": "2.40730", "2014-11-30": "2.18870", "2014-08-31": "2.13840", "2014-05-31": "2.03890", "2014-02-28": "1.88330", "2013-11-30": "2.07600", "2013-08-31": "2.16020", "2013-05-31": "2.51320", "2013-02-28": "2.53380", "2012-11-30": "2.48600", "2012-08-31": "2.56710", "2012-05-31": "2.58610", "2012-02-29": "2.69220", "2011-11-30": "2.71700", "2011-08-31": "2.35160", "2011-05-31": "2.33580", "2011-02-28": "2.18300", "2010-11-30": "2.09680", "2010-08-31": "2.34380", "2010-05-31": "2.19230", "2010-02-28": "1.81980", "2009-11-30": "1.68110", "2009-08-31": "1.76740", "2009-05-31": "1.71400", "2009-02-28": "1.54120", "2008-11-30": "1.85750", "2008-08-31": "2.36480", "2008-05-31": "2.31450", "2008-02-29": "2.50230", "2007-11-30": "2.51190", "2007-08-31": "2.58340", "2007-05-31": "2.84710", "2007-02-28": "2.54810", "2006-11-30": "2.52100", "2006-08-31": "3.07100", "2006-05-31": "3.53470", "2006-02-28": "3.55740", "2005-11-30": "3.01020", "2005-08-31": "2.98880", "2005-05-31": "2.67120", "2005-02-28": "2.64260"}, "Long-term Debt / Capital": {"2020-11-30": "0.13740", "2020-08-31": "0.14050", "2020-05-31": "0.14390", "2020-02-29": "0.12290", "2019-11-30": "0.12440", "2019-08-31": "0.10990", "2019-05-31": "0.08970", "2019-02-28": "0.09240", "2018-11-30": "0.09710", "2018-08-31": "0.10230", "2018-05-31": "0.16650", "2018-02-28": "0.22730", "2017-11-30": "0.24670", "2017-08-31": "0.33690", "2017-05-31": "0.38180", "2017-02-28": "0.42820", "2016-11-30": "0.39290", "2016-08-31": "0.41450", "2016-05-31": "0.40630", "2016-02-29": "0.33040", "2015-11-30": "0.32420", "2015-08-31": "0.32250", "2015-05-31": "0.32570", "2015-02-28": "0.29610", "2014-11-30": "0.27170", "2014-08-31": "0.30020", "2014-05-31": "0.28310", "2014-02-28": "0.30500", "2013-11-30": "0.29570", "2013-08-31": "0.30790", "2013-05-31": "0.28930", "2013-02-28": "0.29310", "2012-11-30": "0.27910", "2012-08-31": "0.26520", "2012-05-31": "0.25700", "2012-02-29": "0.18790", "2011-11-30": "0.16890", "2011-08-31": "0.15890", "2011-05-31": "0.12150", "2011-02-28": "0.11700", "2010-11-30": "0.11890", "2010-08-31": "0.14380", "2010-05-31": "0.15350", "2010-02-28": "0.21190", "2009-11-30": "0.23210", "2009-08-31": "0.25530", "2009-05-31": "0.36940", "2009-02-28": "0.34900", "2008-11-30": "0.31510", "2008-08-31": "0.28400", "2008-05-31": "0.24910", "2008-02-29": "0.24290", "2007-11-30": "0.20510", "2007-08-31": "0.20400", "2007-05-31": "0.19520", "2007-02-28": "0.07190", "2006-11-30": "0.04710", "2006-08-31": "0.04750", "2006-05-31": "0.04560", "2006-02-28": "0.04300", "2005-11-30": "0.13960", "2005-08-31": "0.14850", "2005-05-31": "0.15290", "2005-02-28": "0.13330"}, "Debt/Equity Ratio": {"2020-11-30": "0.16610", "2020-08-31": "0.17040", "2020-05-31": "0.17680", "2020-02-29": "0.14650", "2019-11-30": "0.15480", "2019-08-31": "0.15910", "2019-05-31": "0.13570", "2019-02-28": "0.17610", "2018-11-30": "0.11900", "2018-08-31": "0.13990", "2018-05-31": "0.24900", "2018-02-28": "0.35120", "2017-11-30": "0.38740", "2017-08-31": "0.57290", "2017-05-31": "0.68580", "2017-02-28": "0.82280", "2016-11-30": "0.73480", "2016-08-31": "0.76660", "2016-05-31": "0.73890", "2016-02-29": "0.57840", "2015-11-30": "0.55890", "2015-08-31": "0.55820", "2015-05-31": "0.56900", "2015-02-28": "0.51120", "2014-11-30": "0.46660", "2014-08-31": "0.56900", "2014-05-31": "0.53590", "2014-02-28": "0.66090", "2013-11-30": "0.57190", "2013-08-31": "0.60330", "2013-05-31": "0.45150", "2013-02-28": "0.45870", "2012-11-30": "0.41960", "2012-08-31": "0.38750", "2012-05-31": "0.37690", "2012-02-29": "0.24740", "2011-11-30": "0.21830", "2011-08-31": "0.20310", "2011-05-31": "0.15670", "2011-02-28": "0.17470", "2010-11-30": "0.18170", "2010-08-31": "0.24040", "2010-05-31": "0.25020", "2010-02-28": "0.36650", "2009-11-30": "0.38940", "2009-08-31": "0.40390", "2009-05-31": "0.66510", "2009-02-28": "0.61050", "2008-11-30": "0.52260", "2008-08-31": "0.44120", "2008-05-31": "0.37200", "2008-02-29": "0.35710", "2007-11-30": "0.29560", "2007-08-31": "0.31090", "2007-05-31": "0.29470", "2007-02-28": "0.09960", "2006-11-30": "0.06860", "2006-08-31": "0.07040", "2006-05-31": "0.07330", "2006-02-28": "0.06620", "2005-11-30": "0.18690", "2005-08-31": "0.19960", "2005-05-31": "0.22350", "2005-02-28": "0.20180"}, "Gross Margin": {"2020-11-30": "30.07100", "2020-08-31": "34.14800", "2020-05-31": "32.42000", "2020-02-29": "28.24680", "2019-11-30": "26.55520", "2019-08-31": "28.64480", "2019-05-31": "38.17880", "2019-02-28": "49.08310", "2018-11-30": "58.32180", "2018-08-31": "61.03080", "2018-05-31": "60.57460", "2018-02-28": "58.08730", "2017-11-30": "55.07860", "2017-08-31": "50.70060", "2017-05-31": "46.87390", "2017-02-28": "36.66090", "2016-11-30": "25.46600", "2016-08-31": "17.99810", "2016-05-31": "17.18430", "2016-02-29": "19.73420", "2015-11-30": "25.34330", "2015-08-31": "26.94440", "2015-05-31": "31.19650", "2015-02-28": "33.72540", "2014-11-30": "35.81890", "2014-08-31": "32.76560", "2014-05-31": "34.35460", "2014-02-28": "34.16120", "2013-11-30": "31.69220", "2013-08-31": "24.90330", "2013-05-31": "23.98620", "2013-02-28": "17.61310", "2012-11-30": "11.83210", "2012-08-31": "11.15640", "2012-05-31": "10.77350", "2012-02-29": "10.45300", "2011-11-30": "14.59330", "2011-08-31": "15.00000", "2011-05-31": "22.34690", "2011-02-28": "19.27340", "2010-11-30": "23.26820", "2010-08-31": "31.32770", "2010-05-31": "37.06290", "2010-02-28": "32.73840", "2009-11-30": "25.45980", "2009-08-31": "12.98000", "2009-05-31": "9.67450", "2009-02-28": "-26.88820", "2008-11-30": "-32.02570", "2008-08-31": "-4.48590", "2008-05-31": "3.20430", "2008-02-29": "-3.16410", "2007-11-30": "0.32570", "2007-08-31": "12.03900", "2007-05-31": "8.19170", "2007-02-28": "25.01750", "2006-11-30": "28.88890", "2006-08-31": "23.59800", "2006-05-31": "25.07620", "2006-02-28": "19.26530", "2005-11-30": "22.83410", "2005-08-31": "22.45550", "2005-05-31": "8.21480", "2005-02-28": "27.06630"}, "Operating Margin": {"2020-11-30": "15.00090", "2020-08-31": "19.10500", "2020-05-31": "16.32950", "2020-02-29": "9.17240", "2019-11-30": "10.07000", "2019-08-31": "13.34700", "2019-05-31": "21.09440", "2019-02-28": "33.53900", "2018-11-30": "47.50410", "2018-08-31": "51.86020", "2018-05-31": "50.69900", "2018-02-28": "48.52400", "2017-11-30": "45.52400", "2017-08-31": "40.76250", "2017-05-31": "35.26770", "2017-02-28": "22.46130", "2016-11-30": "9.04280", "2016-08-31": "-0.99470", "2016-05-31": "-0.93170", "2016-02-29": "-0.17040", "2015-11-30": "6.92540", "2015-08-31": "11.86110", "2015-05-31": "16.37690", "2015-02-28": "20.52330", "2014-11-30": "23.72620", "2014-08-31": "19.58840", "2014-05-31": "21.06980", "2014-02-28": "21.15900", "2013-11-30": "13.63190", "2013-08-31": "7.28100", "2013-05-31": "6.42800", "2013-02-28": "-1.10680", "2012-11-30": "-5.28900", "2012-08-31": "-7.03010", "2012-05-31": "-8.65560", "2012-02-29": "-10.15430", "2011-11-30": "-3.92340", "2011-08-31": "-2.10280", "2011-05-31": "11.07990", "2011-02-28": "7.93090", "2010-11-30": "17.31790", "2010-08-31": "17.36860", "2010-05-31": "23.60140", "2010-02-28": "21.16270", "2009-11-30": "11.55170", "2009-08-31": "-3.76340", "2009-05-31": "-22.24230", "2009-02-28": "-71.39980", "2008-11-30": "-47.93150", "2008-08-31": "-23.32640", "2008-05-31": "-15.02000", "2008-02-29": "-56.80650", "2007-11-30": "-16.93810", "2007-08-31": "-11.20390", "2007-05-31": "-15.06960", "2007-02-28": "-2.38260", "2006-11-30": "7.18950", "2006-08-31": "3.86020", "2006-05-31": "3.58230", "2006-02-28": "15.34690", "2005-11-30": "4.55210", "2005-08-31": "3.64180", "2005-05-31": "-12.34110", "2005-02-28": "9.66430"}, "EBIT Margin": {"2020-11-30": "15.00090", "2020-08-31": "19.10500", "2020-05-31": "16.32950", "2020-02-29": "9.17240", "2019-11-30": "10.07000", "2019-08-31": "13.34700", "2019-05-31": "21.09440", "2019-02-28": "33.53900", "2018-11-30": "47.50410", "2018-08-31": "51.86020", "2018-05-31": "50.69900", "2018-02-28": "48.52400", "2017-11-30": "45.52400", "2017-08-31": "40.76250", "2017-05-31": "35.26770", "2017-02-28": "22.46130", "2016-11-30": "9.04280", "2016-08-31": "-0.99470", "2016-05-31": "-0.93170", "2016-02-29": "-0.17040", "2015-11-30": "6.92540", "2015-08-31": "11.86110", "2015-05-31": "16.37690", "2015-02-28": "20.52330", "2014-11-30": "23.72620", "2014-08-31": "19.58840", "2014-05-31": "21.06980", "2014-02-28": "21.15900", "2013-11-30": "13.63190", "2013-08-31": "7.28100", "2013-05-31": "6.42800", "2013-02-28": "-1.10680", "2012-11-30": "-5.28900", "2012-08-31": "-7.03010", "2012-05-31": "-8.65560", "2012-02-29": "-10.15430", "2011-11-30": "-3.92340", "2011-08-31": "-2.10280", "2011-05-31": "11.07990", "2011-02-28": "7.93090", "2010-11-30": "17.31790", "2010-08-31": "17.36860", "2010-05-31": "23.60140", "2010-02-28": "21.16270", "2009-11-30": "11.55170", "2009-08-31": "-3.76340", "2009-05-31": "-22.24230", "2009-02-28": "-71.39980", "2008-11-30": "-47.93150", "2008-08-31": "-23.32640", "2008-05-31": "-15.02000", "2008-02-29": "-56.80650", "2007-11-30": "-16.93810", "2007-08-31": "-11.20390", "2007-05-31": "-15.06960", "2007-02-28": "-2.38260", "2006-11-30": "7.18950", "2006-08-31": "3.86020", "2006-05-31": "3.58230", "2006-02-28": "15.34690", "2005-11-30": "4.55210", "2005-08-31": "3.64190", "2005-05-31": "-12.34110", "2005-02-28": "9.66430"}, "EBITDA Margin": {"2020-11-30": "", "2020-08-31": "", "2020-05-31": "", "2020-02-29": "", "2019-11-30": "", "2019-08-31": "", "2019-05-31": "", "2019-02-28": "", "2018-11-30": "", "2018-08-31": "", "2018-05-31": "", "2018-02-28": "", "2017-11-30": "", "2017-08-31": "", "2017-05-31": "", "2017-02-28": "", "2016-11-30": "", "2016-08-31": "", "2016-05-31": "", "2016-02-29": "", "2015-11-30": "", "2015-08-31": "", "2015-05-31": "", "2015-02-28": "", "2014-11-30": "", "2014-08-31": "", "2014-05-31": "", "2014-02-28": "", "2013-11-30": "", "2013-08-31": "", "2013-05-31": "", "2013-02-28": "", "2012-11-30": "", "2012-08-31": "", "2012-05-31": "", "2012-02-29": "", "2011-11-30": "", "2011-08-31": "", "2011-05-31": "", "2011-02-28": "", "2010-11-30": "", "2010-08-31": "", "2010-05-31": "", "2010-02-28": "", "2009-11-30": "", "2009-08-31": "", "2009-05-31": "", "2009-02-28": "", "2008-11-30": "", "2008-08-31": "", "2008-05-31": "", "2008-02-29": "", "2007-11-30": "", "2007-08-31": "", "2007-05-31": "", "2007-02-28": "", "2006-11-30": "", "2006-08-31": "", "2006-05-31": "", "2006-02-28": "", "2005-11-30": "", "2005-08-31": "", "2005-05-31": "", "2005-02-28": ""}, "Pre-Tax Profit Margin": {"2020-11-30": "14.56780", "2020-08-31": "18.57660", "2020-05-31": "15.99850", "2020-02-29": "8.90140", "2019-11-30": "10.90590", "2019-08-31": "13.44970", "2019-05-31": "14.95410", "2019-02-28": "32.63070", "2018-11-30": "47.68100", "2018-08-31": "51.49290", "2018-05-31": "47.65940", "2018-02-28": "46.97320", "2017-11-30": "41.04070", "2017-08-31": "37.81360", "2017-05-31": "31.20730", "2017-02-28": "19.90100", "2016-11-30": "5.36520", "2016-08-31": "-5.22230", "2016-05-31": "-5.52100", "2016-02-29": "-3.27200", "2015-11-30": "4.26870", "2015-08-31": "9.86110", "2015-05-31": "13.67770", "2015-02-28": "18.57900", "2014-11-30": "20.83970", "2014-08-31": "22.35630", "2014-05-31": "18.65900", "2014-02-28": "16.31360", "2013-11-30": "9.27760", "2013-08-31": "59.02220", "2013-05-31": "2.24330", "2013-02-28": "-11.30900", "2012-11-30": "-11.45040", "2012-08-31": "-9.98470", "2012-05-31": "-11.18790", "2012-02-29": "-9.95520", "2011-11-30": "-5.50240", "2011-08-31": "-3.64490", "2011-05-31": "10.51890", "2011-02-28": "7.00040", "2010-11-30": "10.92360", "2010-08-31": "16.04490", "2010-05-31": "40.99650", "2010-02-28": "18.86790", "2009-11-30": "12.18390", "2009-08-31": "-7.14290", "2009-05-31": "-26.49190", "2009-02-28": "-75.83080", "2008-11-30": "-50.85590", "2008-08-31": "-26.84610", "2008-05-31": "-15.42060", "2008-02-29": "-57.02720", "2007-11-30": "-16.41690", "2007-08-31": "-10.16010", "2007-05-31": "-13.67850", "2007-02-28": "0.14020", "2006-11-30": "10.00000", "2006-08-31": "6.70070", "2006-05-31": "5.94510", "2006-02-28": "16.32650", "2005-11-30": "4.62560", "2005-08-31": "3.46690", "2005-05-31": "-12.82490", "2005-02-28": "9.28970"}, "Net Profit Margin": {"2020-11-30": "13.90960", "2020-08-31": "16.31440", "2020-05-31": "14.76650", "2020-02-29": "8.44280", "2019-11-30": "9.54510", "2019-08-31": "11.51950", "2019-05-31": "17.54390", "2019-02-28": "27.74640", "2018-11-30": "41.61510", "2018-08-31": "51.24410", "2018-05-31": "49.03170", "2018-02-28": "45.01430", "2017-11-30": "39.36500", "2017-08-31": "38.57930", "2017-05-31": "29.59040", "2017-02-28": "19.23410", "2016-11-30": "4.53400", "2016-08-31": "-5.28440", "2016-05-31": "-7.41890", "2016-02-29": "-3.30610", "2015-11-30": "6.14930", "2015-08-31": "13.08330", "2015-05-31": "12.74330", "2015-02-28": "22.41960", "2014-11-30": "21.93310", "2014-08-31": "27.20610", "2014-05-31": "20.24110", "2014-02-28": "17.79890", "2013-11-30": "8.85700", "2013-08-31": "60.07740", "2013-05-31": "1.85500", "2013-02-28": "-13.76320", "2012-11-30": "-14.99460", "2012-08-31": "-12.37900", "2012-05-31": "-14.73300", "2012-02-29": "-14.03680", "2011-11-30": "-8.94740", "2011-08-31": "-6.30840", "2011-05-31": "3.50630", "2011-02-28": "3.19010", "2010-11-30": "6.88280", "2010-08-31": "13.71840", "2010-05-31": "41.04020", "2010-02-28": "18.61300", "2009-11-30": "11.72410", "2009-08-31": "-7.68050", "2009-05-31": "-27.21520", "2009-02-28": "-76.83790", "2008-11-30": "-51.21260", "2008-08-31": "-26.22500", "2008-05-31": "-15.75430", "2008-02-29": "-57.17440", "2007-11-30": "-17.06840", "2007-08-31": "-10.99510", "2007-05-31": "-17.38800", "2007-02-28": "-3.64400", "2006-11-30": "7.51630", "2006-08-31": "4.66130", "2006-05-31": "6.70730", "2006-02-28": "15.75510", "2005-11-30": "4.62560", "2005-08-31": "3.42720", "2005-05-31": "-12.13240", "2005-02-28": "9.01450"}, "Asset Turnover": {"2020-11-30": "0.10750", "2020-08-31": "0.11280", "2020-05-31": "0.10460", "2020-02-29": "0.09660", "2019-11-30": "0.10360", "2019-08-31": "0.09960", "2019-05-31": "0.10340", "2019-02-28": "0.12290", "2018-11-30": "0.17740", "2018-08-31": "0.19460", "2018-05-31": "0.18630", "2018-02-28": "0.17810", "2017-11-30": "0.18290", "2017-08-31": "0.17370", "2017-05-31": "0.16730", "2017-02-28": "0.14370", "2016-11-30": "0.14260", "2016-08-31": "0.11680", "2016-05-31": "0.10730", "2016-02-29": "0.11820", "2015-11-30": "0.13740", "2015-08-31": "0.14910", "2015-05-31": "0.15330", "2015-02-28": "0.17490", "2014-11-30": "0.20290", "2014-08-31": "0.18860", "2014-05-31": "0.19430", "2014-02-28": "0.19920", "2013-11-30": "0.20420", "2013-08-31": "0.14870", "2013-05-31": "0.16490", "2013-02-28": "0.14940", "2012-11-30": "0.13040", "2012-08-31": "0.13700", "2012-05-31": "0.15170", "2012-02-29": "0.14210", "2011-11-30": "0.14710", "2011-08-31": "0.14510", "2011-05-31": "0.14680", "2011-02-28": "0.15680", "2010-11-30": "0.15410", "2010-08-31": "0.16970", "2010-05-31": "0.15910", "2010-02-28": "0.16410", "2009-11-30": "0.14840", "2009-08-31": "0.11360", "2009-05-31": "0.09480", "2009-02-28": "0.08620", "2008-11-30": "0.11060", "2008-08-31": "0.10790", "2008-05-31": "0.11000", "2008-02-29": "0.09860", "2007-11-30": "0.10590", "2007-08-31": "0.09700", "2007-05-31": "0.08980", "2007-02-28": "0.10670", "2006-11-30": "0.11700", "2006-08-31": "0.11230", "2006-05-31": "0.12740", "2006-02-28": "0.13060", "2005-11-30": "0.17000", "2005-08-31": "0.15710", "2005-05-31": "0.13040", "2005-02-28": "0.16190"}, "Inventory Turnover Ratio": {"2020-11-30": "0.73120", "2020-08-31": "0.71130", "2020-05-31": "0.67990", "2020-02-29": "0.66090", "2019-11-30": "0.76430", "2019-08-31": "0.67900", "2019-05-31": "0.60350", "2019-02-28": "0.67680", "2018-11-30": "0.85090", "2018-08-31": "0.91490", "2018-05-31": "0.91240", "2018-02-28": "0.96770", "2017-11-30": "0.96710", "2017-08-31": "0.96890", "2017-05-31": "0.96510", "2017-02-28": "0.98130", "2016-11-30": "1.07600", "2016-08-31": "0.91310", "2016-05-31": "0.82190", "2016-02-29": "0.90300", "2015-11-30": "1.02710", "2015-08-31": "1.12390", "2015-05-31": "1.11340", "2015-02-28": "1.16150", "2014-11-30": "1.19890", "2014-08-31": "1.15760", "2014-05-31": "1.03240", "2014-02-28": "1.09830", "2013-11-30": "1.12280", "2013-08-31": "0.80600", "2013-05-31": "1.01730", "2013-02-28": "0.99480", "2012-11-30": "0.88310", "2012-08-31": "0.96250", "2012-05-31": "1.02320", "2012-02-29": "0.86450", "2011-11-30": "0.85120", "2011-08-31": "0.87450", "2011-05-31": "0.80320", "2011-02-28": "0.93100", "2010-11-30": "0.91330", "2010-08-31": "0.96720", "2010-05-31": "0.82430", "2010-02-28": "1.22700", "2009-11-30": "1.25070", "2009-08-31": "1.14790", "2009-05-31": "1.00000", "2009-02-28": "1.46680", "2008-11-30": "2.09630", "2008-08-31": "1.17270", "2008-05-31": "0.99790", "2008-02-29": "0.96760", "2007-11-30": "1.06030", "2007-08-31": "0.82510", "2007-05-31": "0.81990", "2007-02-28": "0.82750", "2006-11-30": "0.97670", "2006-08-31": "1.08930", "2006-05-31": "1.22920", "2006-02-28": "1.44170", "2005-11-30": "1.54040", "2005-08-31": "1.26490", "2005-05-31": "1.17040", "2005-02-28": "1.26730"}, "Receiveable Turnover": {"2020-11-30": "1.56410", "2020-08-31": "1.54810", "2020-05-31": "1.50930", "2020-02-29": "1.57330", "2019-11-30": "1.50450", "2019-08-31": "1.52430", "2019-05-31": "1.47010", "2019-02-28": "1.32130", "2018-11-30": "1.46050", "2018-08-31": "1.54070", "2018-05-31": "1.58730", "2018-02-28": "1.65680", "2017-11-30": "1.75520", "2017-08-31": "1.63290", "2017-05-31": "1.59170", "2017-02-28": "1.60770", "2016-11-30": "1.61840", "2016-08-31": "1.55560", "2016-05-31": "1.39800", "2016-02-29": "1.47880", "2015-11-30": "1.50700", "2015-08-31": "1.43600", "2015-05-31": "1.52290", "2015-02-28": "1.50890", "2014-11-30": "1.71720", "2014-08-31": "1.45460", "2014-05-31": "1.46670", "2014-02-28": "1.45330", "2013-11-30": "1.42680", "2013-08-31": "1.22070", "2013-05-31": "1.54220", "2013-02-28": "1.69490", "2012-11-30": "1.61020", "2012-08-31": "1.52290", "2012-05-31": "1.62940", "2012-02-29": "1.61890", "2011-11-30": "1.51120", "2011-08-31": "1.42950", "2011-05-31": "1.43080", "2011-02-28": "1.62020", "2010-11-30": "1.65350", "2010-08-31": "1.62830", "2010-05-31": "1.45920", "2010-02-28": "1.82930", "2009-11-30": "1.59490", "2009-08-31": "1.63160", "2009-05-31": "1.47470", "2009-02-28": "1.51830", "2008-11-30": "1.35980", "2008-08-31": "1.40410", "2008-05-31": "1.50550", "2008-02-29": "1.52010", "2007-11-30": "1.43860", "2007-08-31": "1.44570", "2007-05-31": "1.54230", "2007-02-28": "1.51330", "2006-11-30": "1.53610", "2006-08-31": "1.43620", "2006-05-31": "1.62840", "2006-02-28": "1.32190", "2005-11-30": "1.69130", "2005-08-31": "1.58390", "2005-05-31": "1.43350", "2005-02-28": "1.39410"}, "Days Sales In Receivables": {"2020-11-30": "57.54200", "2020-08-31": "58.13740", "2020-05-31": "59.63040", "2020-02-29": "57.20450", "2019-11-30": "59.81920", "2019-08-31": "59.04520", "2019-05-31": "61.22180", "2019-02-28": "68.11310", "2018-11-30": "61.62270", "2018-08-31": "58.41470", "2018-05-31": "56.69870", "2018-02-28": "54.32320", "2017-11-30": "51.27740", "2017-08-31": "55.11730", "2017-05-31": "56.54510", "2017-02-28": "55.97890", "2016-11-30": "55.60960", "2016-08-31": "57.85520", "2016-05-31": "64.37890", "2016-02-29": "60.85890", "2015-11-30": "59.72240", "2015-08-31": "62.67500", "2015-05-31": "59.09680", "2015-02-28": "59.64710", "2014-11-30": "52.40980", "2014-08-31": "61.87370", "2014-05-31": "61.36360", "2014-02-28": "61.92840", "2013-11-30": "63.08020", "2013-08-31": "73.72850", "2013-05-31": "58.35630", "2013-02-28": "53.09910", "2012-11-30": "55.89420", "2012-08-31": "59.09830", "2012-05-31": "55.23480", "2012-02-29": "55.59480", "2011-11-30": "59.55500", "2011-08-31": "62.95790", "2011-05-31": "62.90320", "2011-02-28": "55.54720", "2010-11-30": "54.43160", "2010-08-31": "55.27080", "2010-05-31": "61.67830", "2010-02-28": "49.19940", "2009-11-30": "56.43100", "2009-08-31": "55.16130", "2009-05-31": "61.03070", "2009-02-28": "59.27490", "2008-11-30": "66.18400", "2008-08-31": "64.09940", "2008-05-31": "59.77970", "2008-02-29": "59.20530", "2007-11-30": "62.56030", "2007-08-31": "62.25470", "2007-05-31": "58.35390", "2007-02-28": "59.47440", "2006-11-30": "58.58820", "2006-08-31": "62.66570", "2006-05-31": "55.26910", "2006-02-28": "68.08410", "2005-11-30": "53.21370", "2005-08-31": "56.82250", "2005-05-31": "62.78320", "2005-02-28": "64.56000"}, "ROE - Return On Equity": {"2020-11-30": "2.01220", "2020-08-31": "2.53870", "2020-05-31": "2.12850", "2020-02-29": "1.09930", "2019-11-30": "1.39180", "2019-08-31": "1.59370", "2019-05-31": "2.35150", "2019-02-28": "4.58650", "2018-11-30": "9.48790", "2018-08-31": "13.04430", "2018-05-31": "12.95140", "2018-02-28": "12.46330", "2017-11-30": "11.44790", "2017-08-31": "12.16740", "2017-05-31": "9.67740", "2017-02-28": "5.90680", "2016-11-30": "1.36700", "2016-08-31": "-1.31500", "2016-05-31": "-1.64950", "2016-02-29": "-0.72510", "2015-11-30": "1.55180", "2015-08-31": "3.55770", "2015-05-31": "3.67650", "2015-02-28": "7.06140", "2014-11-30": "8.02050", "2014-08-31": "9.95500", "2014-05-31": "7.53480", "2014-02-28": "7.37750", "2013-11-30": "3.75520", "2013-08-31": "17.08980", "2013-05-31": "0.53580", "2013-02-28": "-3.56780", "2012-11-30": "-3.35940", "2012-08-31": "-2.87510", "2012-05-31": "-3.77090", "2012-02-29": "-3.01310", "2011-11-30": "-1.92600", "2011-08-31": "-1.36010", "2011-05-31": "0.76750", "2011-02-28": "0.75290", "2010-11-30": "1.72100", "2010-08-31": "3.65730", "2010-05-31": "10.14050", "2010-02-28": "5.10920", "2009-11-30": "2.84870", "2009-08-31": "-1.64290", "2009-05-31": "-7.11090", "2009-02-28": "-17.16580", "2008-11-30": "-13.32970", "2008-08-31": "-6.31270", "2008-05-31": "-3.62630", "2008-02-29": "-11.53160", "2007-11-30": "-3.49290", "2007-08-31": "-2.03820", "2007-05-31": "-2.85280", "2007-02-28": "-0.63040", "2006-11-30": "1.38910", "2006-08-31": "0.78880", "2006-05-31": "1.24170", "2006-02-28": "2.77530", "2005-11-30": "1.06360", "2005-08-31": "0.73710", "2005-05-31": "-2.20840", "2005-02-28": "1.99520"}, "Return On Tangible Equity": {"2020-11-30": "2.09430", "2020-08-31": "2.64470", "2020-05-31": "2.22010", "2020-02-29": "1.14770", "2019-11-30": "1.45400", "2019-08-31": "1.66470", "2019-05-31": "2.45790", "2019-02-28": "4.80030", "2018-11-30": "9.94120", "2018-08-31": "13.68770", "2018-05-31": "13.67510", "2018-02-28": "13.24930", "2017-11-30": "12.28610", "2017-08-31": "13.26800", "2017-05-31": "10.70450", "2017-02-28": "6.61240", "2016-11-30": "1.41480", "2016-08-31": "-1.37540", "2016-05-31": "-1.71410", "2016-02-29": "-0.75430", "2015-11-30": "1.61710", "2015-08-31": "3.68260", "2015-05-31": "3.79910", "2015-02-28": "7.30410", "2014-11-30": "8.32020", "2014-08-31": "10.37500", "2014-05-31": "7.78440", "2014-02-28": "7.65730", "2013-11-30": "3.89650", "2013-08-31": "17.77550", "2013-05-31": "0.55880", "2013-02-28": "-3.73000", "2012-11-30": "-3.51350", "2012-08-31": "-3.00770", "2012-05-31": "-3.95060", "2012-02-29": "-3.14770", "2011-11-30": "-2.00900", "2011-08-31": "-1.41980", "2011-05-31": "0.80140", "2011-02-28": "0.77700", "2010-11-30": "1.77650", "2010-08-31": "3.78170", "2010-05-31": "10.51940", "2010-02-28": "5.34100", "2009-11-30": "2.98950", "2009-08-31": "-1.72860", "2009-05-31": "-7.69230", "2009-02-28": "-18.66970", "2008-11-30": "-14.24950", "2008-08-31": "-6.70790", "2008-05-31": "-3.88480", "2008-02-29": "-12.33730", "2007-11-30": "-3.97330", "2007-08-31": "-2.31130", "2007-05-31": "-3.23230", "2007-02-28": "-0.71130", "2006-11-30": "1.56100", "2006-08-31": "0.88590", "2006-05-31": "1.27940", "2006-02-28": "2.87950", "2005-11-30": "1.11160", "2005-08-31": "0.77360", "2005-05-31": "-2.31360", "2005-02-28": "2.08970"}, "ROA - Return On Assets": {"2020-11-30": "1.49560", "2020-08-31": "1.84430", "2020-05-31": "1.54790", "2020-02-29": "0.81980", "2019-11-30": "1.02320", "2019-08-31": "1.19870", "2019-05-31": "1.83850", "2019-02-28": "3.42200", "2018-11-30": "7.39100", "2018-08-31": "9.97330", "2018-05-31": "9.13610", "2018-02-28": "8.02410", "2017-11-30": "7.20070", "2017-08-31": "6.70420", "2017-05-31": "4.95090", "2017-02-28": "2.76310", "2016-11-30": "0.64660", "2016-08-31": "-0.61730", "2016-05-31": "-0.79630", "2016-02-29": "-0.38680", "2015-11-30": "0.84470", "2015-08-31": "1.95090", "2015-05-31": "1.95340", "2015-02-28": "3.92560", "2014-11-30": "4.44500", "2014-08-31": "5.13470", "2014-05-31": "3.93270", "2014-02-28": "3.59450", "2013-11-30": "1.92480", "2013-08-31": "8.94450", "2013-05-31": "0.30590", "2013-02-28": "-2.04140", "2012-11-30": "-1.95490", "2012-08-31": "-1.68900", "2012-05-31": "-2.23530", "2012-02-29": "-1.99450", "2011-11-30": "-1.31590", "2011-08-31": "-0.90840", "2011-05-31": "0.52850", "2011-02-28": "0.52090", "2010-11-30": "1.17670", "2010-08-31": "2.44330", "2010-05-31": "6.67730", "2010-02-28": "3.17100", "2009-11-30": "1.72270", "2009-08-31": "-0.99490", "2009-05-31": "-2.86350", "2009-02-28": "-7.06230", "2008-11-30": "-5.76680", "2008-08-31": "-2.90390", "2008-05-31": "-1.73330", "2008-02-29": "-5.63660", "2007-11-30": "-1.80710", "2007-08-31": "-1.06630", "2007-05-31": "-1.56070", "2007-02-28": "-0.38880", "2006-11-30": "0.87960", "2006-08-31": "0.52370", "2006-05-31": "0.85430", "2006-02-28": "2.05810", "2005-11-30": "0.78660", "2005-08-31": "0.53830", "2005-05-31": "-1.58170", "2005-02-28": "1.45940"}, "ROI - Return On Investment": {"2020-11-30": "1.73570", "2020-08-31": "2.18210", "2020-05-31": "1.82230", "2020-02-29": "0.96420", "2019-11-30": "1.21860", "2019-08-31": "1.41850", "2019-05-31": "2.14070", "2019-02-28": "4.16280", "2018-11-30": "8.56660", "2018-08-31": "11.70960", "2018-05-31": "10.79550", "2018-02-28": "9.63000", "2017-11-30": "8.62340", "2017-08-31": "8.06800", "2017-05-31": "5.98280", "2017-02-28": "3.37730", "2016-11-30": "0.82990", "2016-08-31": "-0.76990", "2016-05-31": "-0.97940", "2016-02-29": "-0.48550", "2015-11-30": "1.04870", "2015-08-31": "2.41040", "2015-05-31": "2.47900", "2015-02-28": "4.97050", "2014-11-30": "5.84120", "2014-08-31": "6.96600", "2014-05-31": "5.40140", "2014-02-28": "5.12730", "2013-11-30": "2.64470", "2013-08-31": "11.82740", "2013-05-31": "0.38080", "2013-02-28": "-2.52200", "2012-11-30": "-2.42180", "2012-08-31": "-2.11260", "2012-05-31": "-2.80160", "2012-02-29": "-2.44710", "2011-11-30": "-1.60080", "2011-08-31": "-1.14400", "2011-05-31": "0.67430", "2011-02-28": "0.66480", "2010-11-30": "1.51650", "2010-08-31": "3.13150", "2010-05-31": "8.58370", "2010-02-28": "4.02680", "2009-11-30": "2.18760", "2009-08-31": "-1.22340", "2009-05-31": "-4.48380", "2009-02-28": "-11.17520", "2008-11-30": "-9.12950", "2008-08-31": "-4.51960", "2008-05-31": "-2.72300", "2008-02-29": "-8.73030", "2007-11-30": "-2.77630", "2007-08-31": "-1.62230", "2007-05-31": "-2.29590", "2007-02-28": "-0.58510", "2006-11-30": "1.32370", "2006-08-31": "0.75130", "2006-05-31": "1.18510", "2006-02-28": "2.65610", "2005-11-30": "0.91510", "2005-08-31": "0.62760", "2005-05-31": "-1.87060", "2005-02-28": "1.72910"}, "Book Value Per Share": {"2020-11-30": "35.72700", "2020-08-31": "35.03680", "2020-05-31": "34.01080", "2020-02-29": "33.29410", "2019-11-30": "32.94220", "2019-08-31": "33.24590", "2019-05-31": "32.78080", "2019-02-28": "32.03440", "2018-11-30": "31.01700", "2018-08-31": "28.56500", "2018-05-31": "25.44660", "2018-02-28": "22.94130", "2017-11-30": "20.20120", "2017-08-31": "17.50900", "2017-05-31": "15.33240", "2017-02-28": "13.68450", "2016-11-30": "11.99270", "2016-08-31": "12.43080", "2016-05-31": "12.56900", "2016-02-29": "12.76660", "2015-11-30": "12.82610", "2015-08-31": "12.74210", "2015-05-31": "12.33150", "2015-02-28": "12.24880", "2014-11-30": "11.62140", "2014-08-31": "10.77540", "2014-05-31": "9.99720", "2014-02-28": "9.38690", "2013-11-30": "9.58980", "2013-08-31": "9.58430", "2013-05-31": "7.75680", "2013-02-28": "7.75380", "2012-11-30": "8.01760", "2012-08-31": "8.27060", "2012-05-31": "8.53210", "2012-02-29": "9.45930", "2011-11-30": "9.82990", "2011-08-31": "10.00910", "2011-05-31": "9.99300", "2011-02-28": "9.95300", "2010-11-30": "10.02610", "2010-08-31": "9.87030", "2010-05-31": "9.52510", "2010-02-28": "8.67100", "2009-11-30": "8.34430", "2009-08-31": "8.17600", "2009-05-31": "5.54680", "2009-02-28": "6.09900", "2008-11-30": "7.17990", "2008-08-31": "8.11720", "2008-05-31": "8.55190", "2008-02-29": "8.85650", "2007-11-30": "9.86320", "2007-08-31": "10.22830", "2007-05-31": "10.42430", "2007-02-28": "10.91430", "2006-11-30": "10.97430", "2006-08-31": "10.82730", "2006-05-31": "10.44480", "2006-02-28": "10.29340", "2005-11-30": "9.57880", "2005-08-31": "9.48880", "2005-05-31": "9.41880", "2005-02-28": "9.62720"}, "Operating Cash Flow Per Share": {"2020-11-30": "1.73300", "2020-08-31": 1.9985, "2020-05-31": 1.8044, "2020-02-29": 1.7598, "2019-11-30": "1.78120", "2019-08-31": 1.8347, "2019-05-31": 2.4781, "2019-02-28": 3.129, "2018-11-30": "4.09710", "2018-08-31": 4.2429, "2018-05-31": 3.4659, "2018-02-28": 3.4809, "2017-11-30": "2.96820", "2017-08-31": 2.8594, "2017-05-31": 2.0134, "2017-02-28": 1.1491, "2016-11-30": "1.04310", "2016-08-31": 0.8648, "2016-05-31": 0.3755, "2016-02-29": 0.7853, "2015-11-30": "1.03230", "2015-08-31": 0.8804, "2015-05-31": 1.1818, "2015-02-28": 1.0569, "2014-11-30": "1.33220", "2014-08-31": 1.1, "2014-05-31": 1.2449, "2014-02-28": 1.1522, "2013-11-30": "1.26000", "2013-08-31": 0.6684, "2013-05-31": 0.5823, "2013-02-28": 0.2299, "2012-11-30": "0.23270", "2012-08-31": 0.4478, "2012-05-31": 0.6903, "2012-02-29": 0.5834, "2011-11-30": "0.41170", "2011-08-31": 0.4208, "2011-05-31": 0.5591, "2011-02-28": 0.7758, "2010-11-30": "0.70980", "2010-08-31": 1.0226, "2010-05-31": 0.8, "2010-02-28": 0.7982, "2009-11-30": "0.32580", "2009-08-31": 0.4623, "2009-05-31": 0.142, "2009-02-28": 0.4377, "2008-11-30": "0.46420", "2008-08-31": 0.315, "2008-05-31": 0.2804, "2008-02-29": 0.3648, "2007-11-30": "0.35760", "2007-08-31": 0.1883, "2007-05-31": 0.0986, "2007-02-28": 0.3811, "2006-11-30": "0.55030", "2006-08-31": 0.4389, "2006-05-31": 0.5179, "2006-02-28": 1.2266, "2005-11-30": "0.60100", "2005-08-31": 0.3221, "2005-05-31": 0.5847, "2005-02-28": 0.8553}, "Free Cash Flow Per Share": {"2020-11-30": "-0.67930", "2020-08-31": -0.0081, "2020-05-31": 0.07, "2020-02-29": -0.0487, "2019-11-30": "0.06020", "2019-08-31": 0.1446, "2019-05-31": 0.2998, "2019-02-28": 0.7408, "2018-11-30": "1.79730", "2018-08-31": 2.3851, "2018-05-31": 1.5054, "2018-02-28": 1.6714, "2017-11-30": "1.37140", "2017-08-31": 1.7044, "2017-05-31": 1.1592, "2017-02-28": 0.2146, "2016-11-30": "-0.11550", "2016-08-31": -0.9914, "2016-05-31": -1.2509, "2016-02-29": -0.4345, "2015-11-30": "0.11980", "2015-08-31": -0.6282, "2015-05-31": 0.5326, "2015-02-28": 0.3377, "2014-11-30": "0.77240", "2014-08-31": 0.0191, "2014-05-31": 0.7598, "2014-02-28": 0.684, "2013-11-30": "0.70070", "2013-08-31": 0.2249, "2013-05-31": 0.4106, "2013-02-28": -0.0911, "2012-11-30": "-0.19530", "2012-08-31": 0.0663, "2012-05-31": 0.4166, "2012-02-29": 0.2253, "2011-11-30": "-0.28940", "2011-08-31": -0.4886, "2011-05-31": 0.1172, "2011-02-28": 0.14, "2010-11-30": "0.29190", "2010-08-31": 0.7002, "2010-05-31": 0.7439, "2010-02-28": 0.7109, "2009-11-30": "0.29480", "2009-08-31": 0.4091, "2009-05-31": 0.0924, "2009-02-28": 0.3048, "2008-11-30": "0.12290", "2008-08-31": -0.6024, "2008-05-31": -0.3166, "2008-02-29": -0.2443, "2007-11-30": "-0.55060", "2007-08-31": -0.7348, "2007-05-31": -0.7751, "2007-02-28": -1.0275, "2006-11-30": "-0.80680", "2006-08-31": -0.3151, "2006-05-31": 0.0782, "2006-02-28": 0.987, "2005-11-30": "0.22770", "2005-08-31": 0.2342, "2005-05-31": 0.1601, "2005-02-28": -0.0823}}, "revenue": {"Micron Technology Annual Revenue (Millions of US $)": {"2020": "$21,435", "2019": "$23,406", "2018": "$30,391", "2017": "$20,322", "2016": "$12,399", "2015": "$16,192", "2014": "$16,358", "2013": "$9,073", "2012": "$8,234", "2011": "$8,788", "2010": "$8,482", "2009": "$4,803", "2008": "$5,841", "2007": "$5,688", "2006": "$5,272", "2005": "$4,880"}, "Micron Technology Quarterly Revenue (Millions of US $)": {"2020-11-30": "$5,773", "2020-08-31": "$6,056", "2020-05-31": "$5,438", "2020-02-29": "$4,797", "2019-11-30": "$5,144", "2019-08-31": "$4,870", "2019-05-31": "$4,788", "2019-02-28": "$5,835", "2018-11-30": "$7,913", "2018-08-31": "$8,440", "2018-05-31": "$7,797", "2018-02-28": "$7,351", "2017-11-30": "$6,803", "2017-08-31": "$6,138", "2017-05-31": "$5,566", "2017-02-28": "$4,648", "2016-11-30": "$3,970", "2016-08-31": "$3,217", "2016-05-31": "$2,898", "2016-02-29": "$2,934", "2015-11-30": "$3,350", "2015-08-31": "$3,600", "2015-05-31": "$3,853", "2015-02-28": "$4,166", "2014-11-30": "$4,573", "2014-08-31": "$4,227", "2014-05-31": "$3,982", "2014-02-28": "$4,107", "2013-11-30": "$4,042", "2013-08-31": "$2,843", "2013-05-31": "$2,318", "2013-02-28": "$2,078", "2012-11-30": "$1,834", "2012-08-31": "$1,963", "2012-05-31": "$2,172", "2012-02-29": "$2,009", "2011-11-30": "$2,090", "2011-08-31": "$2,140", "2011-05-31": "$2,139", "2011-02-28": "$2,257", "2010-11-30": "$2,252", "2010-08-31": "$2,493", "2010-05-31": "$2,288", "2010-02-28": "$1,961", "2009-11-30": "$1,740", "2009-08-31": "$1,302", "2009-05-31": "$1,106", "2009-02-28": "$993", "2008-11-30": "$1,402", "2008-08-31": "$1,449", "2008-05-31": "$1,498", "2008-02-29": "$1,359", "2007-11-30": "$1,535", "2007-08-31": "$1,437", "2007-05-31": "$1,294", "2007-02-28": "$1,427", "2006-11-30": "$1,530", "2006-08-31": "$1,373", "2006-05-31": "$1,312", "2006-02-28": "$1,225", "2005-11-30": "$1,362", "2005-08-31": "$1,258", "2005-05-31": "$1,054", "2005-02-28": "$1,308"}}, "gross-profit": {"Micron Technology Annual Gross Profit (Millions of US $)": {"2020": "$6,552", "2019": "$10,702", "2018": "$17,891", "2017": "$8,436", "2016": "$2,505", "2015": "$5,215", "2014": "$5,437", "2013": "$1,847", "2012": "$968", "2011": "$1,758", "2010": "$2,714", "2009": "$-440", "2008": "$-55", "2007": "$1,078", "2006": "$1,200", "2005": "$1,146"}, "Micron Technology Quarterly Gross Profit (Millions of US $)": {"2020-11-30": "$1,736", "2020-08-31": "$2,068", "2020-05-31": "$1,763", "2020-02-29": "$1,355", "2019-11-30": "$1,366", "2019-08-31": "$1,395", "2019-05-31": "$1,828", "2019-02-28": "$2,864", "2018-11-30": "$4,615", "2018-08-31": "$5,151", "2018-05-31": "$4,723", "2018-02-28": "$4,270", "2017-11-30": "$3,747", "2017-08-31": "$3,112", "2017-05-31": "$2,609", "2017-02-28": "$1,704", "2016-11-30": "$1,011", "2016-08-31": "$579", "2016-05-31": "$498", "2016-02-29": "$579", "2015-11-30": "$849", "2015-08-31": "$970", "2015-05-31": "$1,202", "2015-02-28": "$1,405", "2014-11-30": "$1,638", "2014-08-31": "$1,385", "2014-05-31": "$1,368", "2014-02-28": "$1,403", "2013-11-30": "$1,281", "2013-08-31": "$708", "2013-05-31": "$556", "2013-02-28": "$366", "2012-11-30": "$217", "2012-08-31": "$219", "2012-05-31": "$234", "2012-02-29": "$210", "2011-11-30": "$305", "2011-08-31": "$321", "2011-05-31": "$478", "2011-02-28": "$435", "2010-11-30": "$524", "2010-08-31": "$781", "2010-05-31": "$848", "2010-02-28": "$642", "2009-11-30": "$443", "2009-08-31": "$169", "2009-05-31": "$107", "2009-02-28": "$-267", "2008-11-30": "$-449", "2008-08-31": "$-65", "2008-05-31": "$48", "2008-02-29": "$-43", "2007-11-30": "$5", "2007-08-31": "$173", "2007-05-31": "$106", "2007-02-28": "$357", "2006-11-30": "$442", "2006-08-31": "$324", "2006-05-31": "$329", "2006-02-28": "$236", "2005-11-30": "$311", "2005-08-31": "$282", "2005-05-31": "$87", "2005-02-28": "$354"}}, "operating-income": {"Micron Technology Annual Operating Income (Millions of US $)": {"2020": "$3,003", "2019": "$7,376", "2018": "$14,994", "2017": "$5,868", "2016": "$168", "2015": "$2,998", "2014": "$3,087", "2013": "$236", "2012": "$-612", "2011": "$761", "2010": "$1,589", "2009": "$-1,676", "2008": "$-1,595", "2007": "$-280", "2006": "$350", "2005": "$217"}, "Micron Technology Quarterly Operating Income (Millions of US $)": {"2020-11-30": "$866", "2020-08-31": "$1,157", "2020-05-31": "$888", "2020-02-29": "$440", "2019-11-30": "$518", "2019-08-31": "$650", "2019-05-31": "$1,010", "2019-02-28": "$1,957", "2018-11-30": "$3,759", "2018-08-31": "$4,377", "2018-05-31": "$3,953", "2018-02-28": "$3,567", "2017-11-30": "$3,097", "2017-08-31": "$2,502", "2017-05-31": "$1,963", "2017-02-28": "$1,044", "2016-11-30": "$359", "2016-08-31": "$-32", "2016-05-31": "$-27", "2016-02-29": "$-5", "2015-11-30": "$232", "2015-08-31": "$427", "2015-05-31": "$631", "2015-02-28": "$855", "2014-11-30": "$1,085", "2014-08-31": "$828", "2014-05-31": "$839", "2014-02-28": "$869", "2013-11-30": "$551", "2013-08-31": "$207", "2013-05-31": "$149", "2013-02-28": "$-23", "2012-11-30": "$-97", "2012-08-31": "$-138", "2012-05-31": "$-188", "2012-02-29": "$-204", "2011-11-30": "$-82", "2011-08-31": "$-45", "2011-05-31": "$237", "2011-02-28": "$179", "2010-11-30": "$390", "2010-08-31": "$433", "2010-05-31": "$540", "2010-02-28": "$415", "2009-11-30": "$201", "2009-08-31": "$-49", "2009-05-31": "$-246", "2009-02-28": "$-709", "2008-11-30": "$-672", "2008-08-31": "$-338", "2008-05-31": "$-225", "2008-02-29": "$-772", "2007-11-30": "$-260", "2007-08-31": "$-161", "2007-05-31": "$-195", "2007-02-28": "$-34", "2006-11-30": "$110", "2006-08-31": "$53", "2006-05-31": "$47", "2006-02-28": "$188", "2005-11-30": "$62", "2005-08-31": "$46", "2005-05-31": "$-130", "2005-02-28": "$126"}}, "ebitda": {"Micron Technology Annual EBITDA (Millions of US $)": {"2020": "$8,679", "2019": "$12,849", "2018": "$19,854", "2017": "$9,854", "2016": "$3,274", "2015": "$5,803", "2014": "$5,357", "2013": "$2,162", "2012": "$1,610", "2011": "$2,923", "2010": "$3,594", "2009": "$510", "2008": "$964", "2007": "$1,438", "2006": "$1,631", "2005": "$1,482"}, "Micron Technology Quarterly EBITDA (Millions of US $)": {"2020-11-30": "$2,360", "2020-08-31": "$2,730", "2020-05-31": "$2,314", "2020-02-29": "$1,811", "2019-11-30": "$1,824", "2019-08-31": "$2,076", "2019-05-31": "$2,380", "2019-02-28": "$3,281", "2018-11-30": "$5,112", "2018-08-31": "$5,685", "2018-05-31": "$5,209", "2018-02-28": "$4,744", "2017-11-30": "$4,216", "2017-08-31": "$3,600", "2017-05-31": "$3,014", "2017-02-28": "$2,078", "2016-11-30": "$1,162", "2016-08-31": "$714", "2016-05-31": "$758", "2016-02-29": "$800", "2015-11-30": "$1,002", "2015-08-31": "$1,170", "2015-05-31": "$1,338", "2015-02-28": "$1,529", "2014-11-30": "$1,766", "2014-08-31": "$1,418", "2014-05-31": "$1,417", "2014-02-28": "$1,430", "2013-11-30": "$1,092", "2013-08-31": "$693", "2013-05-31": "$619", "2013-02-28": "$462", "2012-11-30": "$388", "2012-08-31": "$371", "2012-05-31": "$358", "2012-02-29": "$382", "2011-11-30": "$499", "2011-08-31": "$525", "2011-05-31": "$796", "2011-02-28": "$695", "2010-11-30": "$907", "2010-08-31": "$964", "2010-05-31": "$1,036", "2010-02-28": "$902", "2009-11-30": "$692", "2009-08-31": "$396", "2009-05-31": "$280", "2009-02-28": "$-99", "2008-11-30": "$-67", "2008-08-31": "$230", "2008-05-31": "$288", "2008-02-29": "$202", "2007-11-30": "$244", "2007-08-31": "$313", "2007-05-31": "$249", "2007-02-28": "$386", "2006-11-30": "$490", "2006-08-31": "$398", "2006-05-31": "$388", "2006-02-28": "$480", "2005-11-30": "$365", "2005-08-31": "$361", "2005-05-31": "$189", "2005-02-28": "$444"}}, "net-income": {"Micron Technology Annual Net Income (Millions of US $)": {"2020": "$2,687", "2019": "$6,313", "2018": "$14,135", "2017": "$5,089", "2016": "$-276", "2015": "$2,899", "2014": "$3,045", "2013": "$1,190", "2012": "$-1,032", "2011": "$167", "2010": "$1,850", "2009": "$-1,882", "2008": "$-1,655", "2007": "$-320", "2006": "$408", "2005": "$188"}, "Micron Technology Quarterly Net Income (Millions of US $)": {"2020-11-30": "$803", "2020-08-31": "$988", "2020-05-31": "$803", "2020-02-29": "$405", "2019-11-30": "$491", "2019-08-31": "$561", "2019-05-31": "$840", "2019-02-28": "$1,619", "2018-11-30": "$3,293", "2018-08-31": "$4,325", "2018-05-31": "$3,823", "2018-02-28": "$3,309", "2017-11-30": "$2,678", "2017-08-31": "$2,368", "2017-05-31": "$1,647", "2017-02-28": "$894", "2016-11-30": "$180", "2016-08-31": "$-170", "2016-05-31": "$-215", "2016-02-29": "$-97", "2015-11-30": "$206", "2015-08-31": "$471", "2015-05-31": "$491", "2015-02-28": "$934", "2014-11-30": "$1,003", "2014-08-31": "$1,150", "2014-05-31": "$806", "2014-02-28": "$731", "2013-11-30": "$358", "2013-08-31": "$1,708", "2013-05-31": "$43", "2013-02-28": "$-286", "2012-11-30": "$-275", "2012-08-31": "$-243", "2012-05-31": "$-320", "2012-02-29": "$-282", "2011-11-30": "$-187", "2011-08-31": "$-135", "2011-05-31": "$75", "2011-02-28": "$72", "2010-11-30": "$155", "2010-08-31": "$342", "2010-05-31": "$939", "2010-02-28": "$365", "2009-11-30": "$204", "2009-08-31": "$-100", "2009-05-31": "$-301", "2009-02-28": "$-763", "2008-11-30": "$-718", "2008-08-31": "$-380", "2008-05-31": "$-236", "2008-02-29": "$-777", "2007-11-30": "$-262", "2007-08-31": "$-158", "2007-05-31": "$-225", "2007-02-28": "$-52", "2006-11-30": "$115", "2006-08-31": "$64", "2006-05-31": "$88", "2006-02-28": "$193", "2005-11-30": "$63", "2005-08-31": "$43", "2005-05-31": "$-128", "2005-02-28": "$118"}}, "eps-earnings-per-share-diluted": {"Micron Technology Annual EPS": {"2020": "$2.37", "2019": "$5.51", "2018": "$11.51", "2017": "$4.41", "2016": "$-0.27", "2015": "$2.47", "2014": "$2.54", "2013": "$1.13", "2012": "$-1.04", "2011": "$0.17", "2010": "$1.85", "2009": "$-2.35", "2008": "$-2.14", "2007": "$-0.42", "2006": "$0.57", "2005": "$0.29"}, "Micron Technology Quarterly EPS": {"2020-11-30": "$0.71", "2020-08-31": "$0.87", "2020-05-31": "$0.71", "2020-02-29": "$0.36", "2019-11-30": "$0.43", "2019-08-31": "$0.54", "2019-05-31": "$0.74", "2019-02-28": "$1.42", "2018-11-30": "$2.81", "2018-08-31": "$3.55", "2018-05-31": "$3.10", "2018-02-28": "$2.67", "2017-11-30": "$2.19", "2017-08-31": "$2.08", "2017-05-31": "$1.40", "2017-02-28": "$0.77", "2016-11-30": "$0.16", "2016-08-31": "$-0.16", "2016-05-31": "$-0.21", "2016-02-29": "$-0.09", "2015-11-30": "$0.19", "2015-08-31": "$0.43", "2015-05-31": "$0.42", "2015-02-28": "$0.78", "2014-11-30": "$0.84", "2014-08-31": "$0.95", "2014-05-31": "$0.68", "2014-02-28": "$0.61", "2013-11-30": "$0.30", "2013-08-31": "$1.64", "2013-05-31": "$0.04", "2013-02-28": "$-0.28", "2012-11-30": "$-0.27", "2012-08-31": "$-0.24", "2012-05-31": "$-0.32", "2012-02-29": "$-0.29", "2011-11-30": "$-0.19", "2011-08-31": "$-0.12", "2011-05-31": "$0.07", "2011-02-28": "$0.07", "2010-11-30": "$0.15", "2010-08-31": "$0.31", "2010-05-31": "$0.92", "2010-02-28": "$0.39", "2009-11-30": "$0.23", "2009-08-31": "$-0.06", "2009-05-31": "$-0.37", "2009-02-28": "$-0.99", "2008-11-30": "$-0.93", "2008-08-31": "$-0.49", "2008-05-31": "$-0.30", "2008-02-29": "$-1.01", "2007-11-30": "$-0.34", "2007-08-31": "$-0.21", "2007-05-31": "$-0.29", "2007-02-28": "$-0.07", "2006-11-30": "$0.15", "2006-08-31": "$0.09", "2006-05-31": "$0.12", "2006-02-28": "$0.27", "2005-11-30": "$0.09", "2005-08-31": "$0.09", "2005-05-31": "$-0.20", "2005-02-28": "$0.17"}}, "shares-outstanding": {"Micron Technology Annual Shares Outstanding (Millions of Shares)": {"2020": "1,131", "2019": "1,143", "2018": "1,229", "2017": "1,154", "2016": "1,036", "2015": "1,170", "2014": "1,198", "2013": "1,057", "2012": "991", "2011": "1,008", "2010": "1,051", "2009": "801", "2008": "773", "2007": "769", "2006": "725", "2005": "702"}, "Micron Technology Quarterly Shares Outstanding (Millions of Shares)": {"2020-11-30": "1,135", "2020-08-31": "1,131", "2020-05-31": "1,129", "2020-02-29": "1,133", "2019-11-30": "1,129", "2019-08-31": "1,143", "2019-05-31": "1,129", "2019-02-28": "1,141", "2018-11-30": "1,174", "2018-08-31": "1,229", "2018-05-31": "1,235", "2018-02-28": "1,238", "2017-11-30": "1,225", "2017-08-31": "1,154", "2017-05-31": "1,177", "2017-02-28": "1,160", "2016-11-30": "1,091", "2016-08-31": "1,036", "2016-05-31": "1,036", "2016-02-29": "1,036", "2015-11-30": "1,085", "2015-08-31": "1,170", "2015-05-31": "1,170", "2015-02-28": "1,190", "2014-11-30": "1,195", "2014-08-31": "1,198", "2014-05-31": "1,190", "2014-02-28": "1,201", "2013-11-30": "1,196", "2013-08-31": "1,057", "2013-05-31": "1,047", "2013-02-28": "1,016", "2012-11-30": "1,014", "2012-08-31": "991", "2012-05-31": "987", "2012-02-29": "983", "2011-11-30": "981", "2011-08-31": "1,008", "2011-05-31": "1,042", "2011-02-28": "1,037", "2010-11-30": "1,031", "2010-08-31": "1,051", "2010-05-31": "1,049", "2010-02-28": "1,005", "2009-11-30": "1,001", "2009-08-31": "801", "2009-05-31": "813", "2009-02-28": "774", "2008-11-30": "773", "2008-08-31": "773", "2008-05-31": "773", "2008-02-29": "772", "2007-11-30": "772", "2007-08-31": "769", "2007-05-31": "770", "2007-02-28": "769", "2006-11-30": "780", "2006-08-31": "725", "2006-05-31": "720", "2006-02-28": "715", "2005-11-30": "707", "2005-08-31": "702", "2005-05-31": "648", "2005-02-28": "701"}}, "total-assets": {"Micron Technology Annual Total Assets (Millions of US $)": {"2020": "$53,678", "2019": "$48,887", "2018": "$43,376", "2017": "$35,336", "2016": "$27,540", "2015": "$24,143", "2014": "$22,416", "2013": "$19,118", "2012": "$14,328", "2011": "$14,752", "2010": "$14,693", "2009": "$11,459", "2008": "$13,430", "2007": "$14,818", "2006": "$12,221", "2005": "$8,006"}, "Micron Technology Quarterly Total Assets (Millions of US $)": {"2020-11-30": "$53,691", "2020-08-31": "$53,678", "2020-05-31": "$52,005", "2020-02-29": "$49,648", "2019-11-30": "$49,649", "2019-08-31": "$48,887", "2019-05-31": "$46,288", "2019-02-28": "$47,487", "2018-11-30": "$44,595", "2018-08-31": "$43,376", "2018-05-31": "$41,845", "2018-02-28": "$41,263", "2017-11-30": "$37,191", "2017-08-31": "$35,336", "2017-05-31": "$33,267", "2017-02-28": "$32,355", "2016-11-30": "$27,836", "2016-08-31": "$27,540", "2016-05-31": "$27,001", "2016-02-29": "$24,819", "2015-11-30": "$24,388", "2015-08-31": "$24,143", "2015-05-31": "$25,136", "2015-02-28": "$23,818", "2014-11-30": "$22,542", "2014-08-31": "$22,416", "2014-05-31": "$20,495", "2014-02-28": "$20,615", "2013-11-30": "$19,794", "2013-08-31": "$19,118", "2013-05-31": "$14,055", "2013-02-28": "$13,912", "2012-11-30": "$14,067", "2012-08-31": "$14,328", "2012-05-31": "$14,316", "2012-02-29": "$14,139", "2011-11-30": "$14,211", "2011-08-31": "$14,752", "2011-05-31": "$14,570", "2011-02-28": "$14,398", "2010-11-30": "$14,617", "2010-08-31": "$14,693", "2010-05-31": "$14,377", "2010-02-28": "$11,952", "2009-11-30": "$11,726", "2009-08-31": "$11,459", "2009-05-31": "$11,664", "2009-02-28": "$11,526", "2008-11-30": "$12,676", "2008-08-31": "$13,430", "2008-05-31": "$13,616", "2008-02-29": "$13,785", "2007-11-30": "$14,498", "2007-08-31": "$14,818", "2007-05-31": "$14,417", "2007-02-28": "$13,376", "2006-11-30": "$13,074", "2006-08-31": "$12,221", "2006-05-31": "$10,301", "2006-02-28": "$9,377", "2005-11-30": "$8,010", "2005-08-31": "$8,006", "2005-05-31": "$8,086", "2005-02-28": "$8,079"}}, "cash-on-hand": {"Micron Technology Annual Cash on Hand (Millions of US $)": {"2020": "$8,142", "2019": "$7,955", "2018": "$6,802", "2017": "$5,428", "2016": "$4,398", "2015": "$3,521", "2014": "$4,534", "2013": "$3,657", "2012": "$2,559", "2011": "$2,160", "2010": "$2,913", "2009": "$1,485", "2008": "$1,362", "2007": "$2,616", "2006": "$3,079", "2005": "$1,290"}, "Micron Technology Quarterly Cash on Hand (Millions of US $)": {"2020-11-30": "$7,032", "2020-08-31": "$8,142", "2020-05-31": "$8,658", "2020-02-29": "$7,481", "2019-11-30": "$7,588", "2019-08-31": "$7,955", "2019-05-31": "$6,689", "2019-02-28": "$7,533", "2018-11-30": "$5,563", "2018-08-31": "$6,802", "2018-05-31": "$7,071", "2018-02-28": "$8,042", "2017-11-30": "$6,174", "2017-08-31": "$5,428", "2017-05-31": "$4,330", "2017-02-28": "$3,898", "2016-11-30": "$4,169", "2016-08-31": "$4,398", "2016-05-31": "$4,981", "2016-02-29": "$4,035", "2015-11-30": "$3,641", "2015-08-31": "$3,521", "2015-05-31": "$4,860", "2015-02-28": "$4,479", "2014-11-30": "$4,230", "2014-08-31": "$4,534", "2014-05-31": "$4,264", "2014-02-28": "$4,504", "2013-11-30": "$3,870", "2013-08-31": "$3,657", "2013-05-31": "$2,552", "2013-02-28": "$2,228", "2012-11-30": "$2,271", "2012-08-31": "$2,559", "2012-05-31": "$2,325", "2012-02-29": "$2,094", "2011-11-30": "$1,915", "2011-08-31": "$2,160", "2011-05-31": "$2,395", "2011-02-28": "$2,184", "2010-11-30": "$2,411", "2010-08-31": "$2,913", "2010-05-31": "$2,313", "2010-02-28": "$1,870", "2009-11-30": "$1,565", "2009-08-31": "$1,485", "2009-05-31": "$1,306", "2009-02-28": "$932", "2008-11-30": "$1,028", "2008-08-31": "$1,362", "2008-05-31": "$1,584", "2008-02-29": "$1,853", "2007-11-30": "$2,031", "2007-08-31": "$2,616", "2007-05-31": "$2,920", "2007-02-28": "$2,193", "2006-11-30": "$2,638", "2006-08-31": "$3,079", "2006-05-31": "$2,830", "2006-02-28": "$2,585", "2005-11-30": "$1,377", "2005-08-31": "$1,290", "2005-05-31": "$1,296", "2005-02-28": "$1,134"}}, "long-term-debt": {"Micron Technology Annual Long Term Debt (Millions of US $)": {"2020": "$6,373", "2019": "$4,541", "2018": "$3,780", "2017": "$9,893", "2016": "$9,154", "2015": "$6,301", "2014": "$4,961", "2013": "$4,452", "2012": "$3,038", "2011": "$1,861", "2010": "$1,648", "2009": "$2,379", "2008": "$2,451", "2007": "$1,987", "2006": "$405", "2005": "$1,020"}, "Micron Technology Quarterly Long Term Debt (Millions of US $)": {"2020-11-30": "$6,356", "2020-08-31": "$6,373", "2020-05-31": "$6,356", "2020-02-29": "$5,188", "2019-11-30": "$5,188", "2019-08-31": "$4,541", "2019-05-31": "$3,564", "2019-02-28": "$3,606", "2018-11-30": "$3,736", "2018-08-31": "$3,780", "2018-05-31": "$5,895", "2018-02-28": "$7,816", "2017-11-30": "$7,662", "2017-08-31": "$9,893", "2017-05-31": "$10,510", "2017-02-28": "$11,336", "2016-11-30": "$8,521", "2016-08-31": "$9,154", "2016-05-31": "$8,919", "2016-02-29": "$6,533", "2015-11-30": "$6,368", "2015-08-31": "$6,301", "2015-05-31": "$6,451", "2015-02-28": "$5,570", "2014-11-30": "$4,661", "2014-08-31": "$4,961", "2014-05-31": "$4,225", "2014-02-28": "$4,408", "2013-11-30": "$4,260", "2013-08-31": "$4,452", "2013-05-31": "$3,267", "2013-02-28": "$3,301", "2012-11-30": "$3,169", "2012-08-31": "$3,038", "2012-05-31": "$2,936", "2012-02-29": "$2,165", "2011-11-30": "$1,973", "2011-08-31": "$1,861", "2011-05-31": "$1,388", "2011-02-28": "$1,320", "2010-11-30": "$1,348", "2010-08-31": "$1,648", "2010-05-31": "$1,717", "2010-02-28": "$1,994", "2009-11-30": "$2,143", "2009-08-31": "$2,379", "2009-05-31": "$2,752", "2009-02-28": "$2,542", "2008-11-30": "$2,523", "2008-08-31": "$2,451", "2008-05-31": "$2,159", "2008-02-29": "$2,162", "2007-11-30": "$1,936", "2007-08-31": "$1,987", "2007-05-31": "$1,913", "2007-02-28": "$639", "2006-11-30": "$409", "2006-08-31": "$405", "2006-05-31": "$339", "2006-02-28": "$312", "2005-11-30": "$961", "2005-08-31": "$1,020", "2005-05-31": "$1,046", "2005-02-28": "$909"}}, "total-liabilities": {"Micron Technology Annual Total Liabilities (Millions of US $)": {"2020": "$14,682", "2019": "$12,117", "2018": "$10,212", "2017": "$15,866", "2016": "$14,612", "2015": "$10,904", "2014": "$10,854", "2013": "$9,112", "2012": "$5,911", "2011": "$4,900", "2010": "$4,877", "2009": "$4,520", "2008": "$7,252", "2007": "$7,066", "2006": "$4,107", "2005": "$2,159"}, "Micron Technology Quarterly Total Liabilities (Millions of US $)": {"2020-11-30": "$13,784", "2020-08-31": "$14,682", "2020-05-31": "$14,185", "2020-02-29": "$12,625", "2019-11-30": "$13,149", "2019-08-31": "$12,117", "2019-05-31": "$10,098", "2019-02-28": "$12,057", "2018-11-30": "$9,856", "2018-08-31": "$10,212", "2018-05-31": "$12,327", "2018-02-28": "$14,697", "2017-11-30": "$13,798", "2017-08-31": "$15,866", "2017-05-31": "$16,248", "2017-02-28": "$17,220", "2016-11-30": "$14,668", "2016-08-31": "$14,612", "2016-05-31": "$13,967", "2016-02-29": "$11,580", "2015-11-30": "$11,113", "2015-08-31": "$10,904", "2015-05-31": "$11,781", "2015-02-28": "$10,577", "2014-11-30": "$10,049", "2014-08-31": "$10,854", "2014-05-31": "$9,798", "2014-02-28": "$10,571", "2013-11-30": "$9,648", "2013-08-31": "$9,112", "2013-05-31": "$6,029", "2013-02-28": "$5,952", "2012-11-30": "$5,881", "2012-08-31": "$5,911", "2012-05-31": "$5,830", "2012-02-29": "$4,780", "2011-11-30": "$4,502", "2011-08-31": "$4,900", "2011-05-31": "$4,538", "2011-02-28": "$4,436", "2010-11-30": "$4,623", "2010-08-31": "$4,877", "2010-05-31": "$4,910", "2010-02-28": "$4,534", "2009-11-30": "$4,635", "2009-08-31": "$4,520", "2009-05-31": "$6,967", "2009-02-28": "$6,784", "2008-11-30": "$7,192", "2008-08-31": "$7,252", "2008-05-31": "$7,108", "2008-02-29": "$7,047", "2007-11-30": "$6,997", "2007-08-31": "$7,066", "2007-05-31": "$6,530", "2007-02-28": "$5,127", "2006-11-30": "$4,795", "2006-08-31": "$4,107", "2006-05-31": "$3,214", "2006-02-28": "$2,423", "2005-11-30": "$2,086", "2005-08-31": "$2,159", "2005-05-31": "$2,295", "2005-02-28": "$2,170"}}, "total-share-holder-equity": {"Micron Technology Annual Share Holder Equity (Millions of US $)": {"2020": "$38,996", "2019": "$36,770", "2018": "$33,164", "2017": "$19,470", "2016": "$12,928", "2015": "$13,239", "2014": "$11,562", "2013": "$10,006", "2012": "$8,417", "2011": "$9,852", "2010": "$9,816", "2009": "$6,939", "2008": "$6,178", "2007": "$7,752", "2006": "$8,114", "2005": "$5,847"}, "Micron Technology Quarterly Share Holder Equity (Millions of US $)": {"2020-11-30": "$39,907", "2020-08-31": "$38,996", "2020-05-31": "$37,820", "2020-02-29": "$37,023", "2019-11-30": "$36,500", "2019-08-31": "$36,770", "2019-05-31": "$36,190", "2019-02-28": "$35,430", "2018-11-30": "$34,739", "2018-08-31": "$33,164", "2018-05-31": "$29,518", "2018-02-28": "$26,566", "2017-11-30": "$23,393", "2017-08-31": "$19,470", "2017-05-31": "$17,019", "2017-02-28": "$15,135", "2016-11-30": "$13,168", "2016-08-31": "$12,928", "2016-05-31": "$13,034", "2016-02-29": "$13,239", "2015-11-30": "$13,275", "2015-08-31": "$13,239", "2015-05-31": "$13,355", "2015-02-28": "$13,241", "2014-11-30": "$12,493", "2014-08-31": "$11,562", "2014-05-31": "$10,697", "2014-02-28": "$10,044", "2013-11-30": "$10,146", "2013-08-31": "$10,006", "2013-05-31": "$8,026", "2013-02-28": "$7,960", "2012-11-30": "$8,186", "2012-08-31": "$8,417", "2012-05-31": "$8,486", "2012-02-29": "$9,359", "2011-11-30": "$9,709", "2011-08-31": "$9,852", "2011-05-31": "$10,032", "2011-02-28": "$9,962", "2010-11-30": "$9,994", "2010-08-31": "$9,816", "2010-05-31": "$9,467", "2010-02-28": "$7,418", "2009-11-30": "$7,091", "2009-08-31": "$6,939", "2009-05-31": "$4,697", "2009-02-28": "$4,742", "2008-11-30": "$5,484", "2008-08-31": "$6,178", "2008-05-31": "$6,508", "2008-02-29": "$6,738", "2007-11-30": "$7,501", "2007-08-31": "$7,752", "2007-05-31": "$7,887", "2007-02-28": "$8,249", "2006-11-30": "$8,279", "2006-08-31": "$8,114", "2006-05-31": "$7,087", "2006-02-28": "$6,954", "2005-11-30": "$5,924", "2005-08-31": "$5,847", "2005-05-31": "$5,792", "2005-02-28": "$5,909"}}, "profit-margins": {"current": "13.59%"}, "gross margin": {"2020-11-30": "31.37%", "2020-08-31": "30.57%", "2020-05-31": "29.03%", "2020-02-29": "30.33%", "2019-11-30": "36.11%", "2019-08-31": "45.72%", "2019-05-31": "53.60%", "2019-02-28": "57.87%", "2018-11-30": "59.55%", "2018-08-31": "58.87%", "2018-05-31": "56.43%", "2018-02-28": "53.13%", "2017-11-30": "48.25%", "2017-08-31": "41.51%", "2017-05-31": "33.92%", "2017-02-28": "25.74%", "2016-11-30": "20.49%", "2016-08-31": "20.20%", "2016-05-31": "22.66%", "2016-02-29": "26.21%", "2015-11-30": "29.57%", "2015-08-31": "32.21%", "2015-05-31": "33.47%", "2015-02-28": "34.20%", "2014-11-30": "34.31%", "2014-08-31": "33.24%", "2014-05-31": "31.79%", "2014-02-28": "29.66%", "2013-11-30": "25.80%", "2013-08-31": "20.36%", "2013-05-31": "16.58%", "2013-02-28": "12.87%", "2012-11-30": "11.03%", "2012-08-31": "11.76%", "2012-05-31": "12.72%", "2012-02-29": "15.68%", "2011-11-30": "17.84%", "2011-08-31": "20.00%", "2011-05-31": "24.26%", "2011-02-28": "27.86%", "2010-11-30": "31.08%", "2010-08-31": "32.00%", "2010-05-31": "28.83%", "2010-02-28": "22.28%", "2009-11-30": "8.79%", "2009-08-31": "-9.16%", "2009-05-31": "-13.62%", "2009-02-28": "-13.72%", "2008-11-30": "-8.92%", "2008-08-31": "-0.94%", "2008-05-31": "3.14%", "2008-02-29": "4.28%", "2007-11-30": "11.26%", "2007-08-31": "18.95%", "2007-05-31": "21.85%", "2007-02-28": "25.74%", "2006-11-30": "24.47%", "2006-08-31": "22.76%", "2006-05-31": "22.45%", "2006-02-28": "18.70%", "2005-11-30": "20.75%"}, "operating margin": {"2020-11-30": "15.19%", "2020-08-31": "14.01%", "2020-05-31": "12.33%", "2020-02-29": "13.36%", "2019-11-30": "20.04%", "2019-08-31": "31.51%", "2019-05-31": "41.16%", "2019-02-28": "46.84%", "2018-11-30": "49.70%", "2018-08-31": "49.34%", "2018-05-31": "46.71%", "2018-02-28": "43.04%", "2017-11-30": "37.17%", "2017-08-31": "28.88%", "2017-05-31": "19.16%", "2017-02-28": "9.12%", "2016-11-30": "2.27%", "2016-08-31": "1.35%", "2016-05-31": "4.91%", "2016-02-29": "9.35%", "2015-11-30": "14.33%", "2015-08-31": "18.52%", "2015-05-31": "20.21%", "2015-02-28": "21.28%", "2014-11-30": "21.44%", "2014-08-31": "18.87%", "2014-05-31": "16.47%", "2014-02-28": "13.34%", "2013-11-30": "7.84%", "2013-08-31": "2.60%", "2013-05-31": "-1.33%", "2013-02-28": "-5.54%", "2012-11-30": "-7.86%", "2012-08-31": "-7.43%", "2012-05-31": "-6.17%", "2012-02-29": "-1.12%", "2011-11-30": "3.35%", "2011-08-31": "8.66%", "2011-05-31": "13.55%", "2011-02-28": "16.60%", "2010-11-30": "19.77%", "2010-08-31": "18.73%", "2010-05-31": "15.18%", "2010-02-28": "5.25%", "2009-11-30": "-15.62%", "2009-08-31": "-34.89%", "2009-05-31": "-39.70%", "2009-02-28": "-36.39%", "2008-11-30": "-35.16%", "2008-08-31": "-27.31%", "2008-05-31": "-24.33%", "2008-02-29": "-24.68%", "2007-11-30": "-11.42%", "2007-08-31": "-4.92%", "2007-05-31": "-1.17%", "2007-02-28": "3.12%", "2006-11-30": "7.32%", "2006-08-31": "6.64%", "2006-05-31": "6.65%", "2006-02-28": "3.39%", "2005-11-30": "2.09%"}, "ebitda margin": {"2020-11-30": "41.76%", "2020-08-31": "40.49%", "2020-05-31": "39.63%", "2020-02-29": "41.28%", "2019-11-30": "46.33%", "2019-08-31": "54.90%", "2019-05-31": "61.01%", "2019-02-28": "64.32%", "2018-11-30": "65.87%", "2018-08-31": "65.33%", "2018-05-31": "63.26%", "2018-02-28": "60.23%", "2017-11-30": "55.75%", "2017-08-31": "48.49%", "2017-05-31": "40.04%", "2017-02-28": "31.98%", "2016-11-30": "26.38%", "2016-08-31": "26.41%", "2016-05-31": "29.18%", "2016-02-29": "31.38%", "2015-11-30": "33.66%", "2015-08-31": "35.84%", "2015-05-31": "35.98%", "2015-02-28": "36.17%", "2014-11-30": "35.71%", "2014-08-31": "32.75%", "2014-05-31": "30.93%", "2014-02-28": "28.81%", "2013-11-30": "25.41%", "2013-08-31": "23.83%", "2013-05-31": "22.46%", "2013-02-28": "19.62%", "2012-11-30": "18.79%", "2012-08-31": "19.55%", "2012-05-31": "20.97%", "2012-02-29": "26.28%", "2011-11-30": "29.16%", "2011-08-31": "33.26%", "2011-05-31": "36.78%", "2011-02-28": "38.77%", "2010-11-30": "42.35%", "2010-08-31": "42.37%", "2010-05-31": "41.50%", "2010-02-28": "37.16%", "2009-11-30": "24.68%", "2009-08-31": "10.62%", "2009-05-31": "6.95%", "2009-02-28": "6.59%", "2008-11-30": "11.44%", "2008-08-31": "16.50%", "2008-05-31": "17.96%", "2008-02-29": "17.92%", "2007-11-30": "20.94%", "2007-08-31": "25.28%", "2007-05-31": "27.08%", "2007-02-28": "29.46%", "2006-11-30": "32.28%", "2006-08-31": "30.94%", "2006-05-31": "30.91%", "2006-02-28": "28.48%", "2005-11-30": "27.28%"}, "pre tax profit margin": {"2020-11-30": "14.79%", "2020-08-31": "13.92%", "2020-05-31": "12.41%", "2020-02-29": "12.04%", "2019-11-30": "18.59%", "2019-08-31": "30.11%", "2019-05-31": "39.81%", "2019-02-28": "45.82%", "2018-11-30": "48.53%", "2018-08-31": "47.08%", "2018-05-31": "43.73%", "2018-02-28": "39.84%", "2017-11-30": "33.58%", "2017-08-31": "25.57%", "2017-05-31": "15.56%", "2017-02-28": "5.50%", "2016-11-30": "-1.62%", "2016-08-31": "-2.27%", "2016-05-31": "1.89%", "2016-02-29": "6.76%", "2015-11-30": "12.02%", "2015-08-31": "16.11%", "2015-05-31": "19.02%", "2015-02-28": "20.15%", "2014-11-30": "19.60%", "2014-08-31": "16.71%", "2014-05-31": "23.15%", "2014-02-28": "20.85%", "2013-11-30": "16.58%", "2013-08-31": "14.16%", "2013-05-31": "-7.19%", "2013-02-28": "-10.99%", "2012-11-30": "-10.64%", "2012-08-31": "-9.16%", "2012-05-31": "-7.56%", "2012-02-29": "-2.01%", "2011-11-30": "2.20%", "2011-08-31": "6.27%", "2011-05-31": "11.26%", "2011-02-28": "18.75%", "2010-11-30": "21.73%", "2010-08-31": "22.64%", "2010-05-31": "19.57%", "2010-02-28": "3.21%", "2009-11-30": "-18.03%", "2009-08-31": "-38.56%", "2009-05-31": "-43.39%", "2009-02-28": "-39.05%", "2008-11-30": "-36.93%", "2008-08-31": "-28.20%", "2008-05-31": "-24.09%", "2008-02-29": "-24.00%", "2007-11-30": "-10.06%", "2007-08-31": "-2.95%", "2007-05-31": "1.24%", "2007-02-28": "5.76%", "2006-11-30": "9.61%", "2006-08-31": "8.21%", "2006-05-31": "7.47%", "2006-02-28": "3.51%", "2005-11-30": "1.89%"}, "net profit margin": {"2020-11-30": "13.59%", "2020-08-31": "12.54%", "2020-05-31": "11.16%", "2020-02-29": "11.72%", "2019-11-30": "17.01%", "2019-08-31": "26.97%", "2019-05-31": "37.36%", "2019-02-28": "43.56%", "2018-11-30": "46.82%", "2018-08-31": "46.51%", "2018-05-31": "43.36%", "2018-02-28": "38.68%", "2017-11-30": "32.77%", "2017-08-31": "25.04%", "2017-05-31": "14.66%", "2017-02-28": "4.68%", "2016-11-30": "-2.32%", "2016-08-31": "-2.23%", "2016-05-31": "2.86%", "2016-02-29": "7.80%", "2015-11-30": "14.04%", "2015-08-31": "17.90%", "2015-05-31": "21.27%", "2015-02-28": "22.97%", "2014-11-30": "21.85%", "2014-08-31": "18.61%", "2014-05-31": "24.06%", "2014-02-28": "21.34%", "2013-11-30": "16.16%", "2013-08-31": "13.12%", "2013-05-31": "-9.29%", "2013-02-28": "-13.97%", "2012-11-30": "-14.04%", "2012-08-31": "-12.53%", "2012-05-31": "-10.99%", "2012-02-29": "-6.31%", "2011-11-30": "-2.03%", "2011-08-31": "1.90%", "2011-05-31": "7.05%", "2011-02-28": "16.23%", "2010-11-30": "20.02%", "2010-08-31": "21.81%", "2010-05-31": "19.31%", "2010-02-28": "2.75%", "2009-11-30": "-18.67%", "2009-08-31": "-39.18%", "2009-05-31": "-43.68%", "2009-02-28": "-39.25%", "2008-11-30": "-36.98%", "2008-08-31": "-28.33%", "2008-05-31": "-24.58%", "2008-02-29": "-25.28%", "2007-11-30": "-12.24%", "2007-08-31": "-5.63%", "2007-05-31": "-1.74%", "2007-02-28": "3.81%", "2006-11-30": "8.46%", "2006-08-31": "7.74%", "2006-05-31": "7.50%", "2006-02-28": "3.49%", "2005-11-30": "1.93%"}, "pe ratio": {"current": "28.46", "2021-02-05": "30.60", "2020-11-30": "24.18", "2020-08-31": "19.20", "2020-05-31": "24.08", "2020-02-29": "26.02", "2019-11-30": "15.43", "2019-08-31": "8.29", "2019-05-31": "3.82", "2019-02-28": "3.75", "2018-11-30": "3.18", "2018-08-31": "4.56", "2018-05-31": "5.79", "2018-02-28": "5.92", "2017-11-30": "6.68", "2017-08-31": "7.40", "2017-05-31": "14.18", "2017-02-28": "41.86", "2016-11-30": "0.00", "2016-08-31": "0.00", "2016-05-31": "41.03", "2016-02-29": "11.31", "2015-11-30": "8.80", "2015-08-31": "6.67", "2015-05-31": "9.31", "2015-02-28": "9.41", "2014-11-30": "11.63", "2014-08-31": "12.78", "2014-05-31": "9.22", "2014-02-28": "9.83", "2013-11-30": "13.44", "2013-08-31": "13.57", "2013-05-31": "0.00", "2013-02-28": "0.00", "2012-11-30": "0.00", "2012-08-31": "0.00", "2012-05-31": "0.00", "2012-02-29": "0.00", "2011-11-30": "0.00", "2011-08-31": "39.40", "2011-05-31": "16.72", "2011-02-28": "7.62", "2010-11-30": "4.08", "2010-08-31": "3.47", "2010-05-31": "6.31", "2010-02-28": "56.63", "2009-11-30": "0.00", "2009-08-31": "0.00", "2009-05-31": "0.00", "2009-02-28": "0.00", "2008-11-30": "0.00", "2008-08-31": "0.00", "2008-05-31": "0.00", "2008-02-29": "0.00", "2007-11-30": "0.00", "2007-08-31": "0.00", "2007-05-31": "0.00", "2007-02-28": "31.21", "2006-11-30": "20.28"}, "price sales": {"2021-02-05": "4.16", "2020-11-30": "3.29", "2020-08-31": "2.40", "2020-05-31": "2.68", "2020-02-29": "3.04", "2019-11-30": "2.61", "2019-08-31": "2.22", "2019-05-31": "1.42", "2019-02-28": "1.63", "2018-11-30": "1.49", "2018-08-31": "2.13", "2018-05-31": "2.49", "2018-02-28": "2.27", "2017-11-30": "2.16", "2017-08-31": "1.81", "2017-05-31": "1.99", "2017-02-28": "1.73", "2016-11-30": "1.58", "2016-08-31": "1.39", "2016-05-31": "1.08", "2016-02-29": "0.86", "2015-11-30": "1.23", "2015-08-31": "1.20", "2015-05-31": "1.97", "2015-02-28": "2.16", "2014-11-30": "2.55", "2014-08-31": "2.38", "2014-05-31": "2.23", "2014-02-28": "2.07", "2013-11-30": "2.04", "2013-08-31": "1.55", "2013-05-31": "1.45", "2013-02-28": "1.04", "2012-11-30": "0.74", "2012-08-31": "0.74", "2012-05-31": "0.69", "2012-02-29": "1.02", "2011-11-30": "0.71", "2011-08-31": "0.69", "2011-05-31": "1.16", "2011-02-28": "1.25", "2010-11-30": "0.84", "2010-08-31": "0.78", "2010-05-31": "1.21", "2010-02-28": "1.36", "2009-11-30": "1.25", "2009-08-31": "1.21", "2009-05-31": "0.80", "2009-02-28": "0.47", "2008-11-30": "0.37", "2008-08-31": "0.56", "2008-05-31": "1.07", "2008-02-29": "1.03", "2007-11-30": "1.13", "2007-08-31": "1.55", "2007-05-31": "1.65", "2007-02-28": "1.57", "2006-11-30": "1.98"}, "price book": {"current": "2.27", "2021-02-05": "2.27", "2020-11-30": "1.79", "2020-08-31": "1.30", "2020-05-31": "1.41", "2020-02-29": "1.58", "2019-11-30": "1.44", "2019-08-31": "1.36", "2019-05-31": "0.99", "2019-02-28": "1.28", "2018-11-30": "1.24", "2018-08-31": "1.84", "2018-05-31": "2.26", "2018-02-28": "2.13", "2017-11-30": "2.10", "2017-08-31": "1.83", "2017-05-31": "2.01", "2017-02-28": "1.71", "2016-11-30": "1.63", "2016-08-31": "1.33", "2016-05-31": "1.01", "2016-02-29": "0.83", "2015-11-30": "1.24", "2015-08-31": "1.29", "2015-05-31": "2.26", "2015-02-28": "2.50", "2014-11-30": "3.09", "2014-08-31": "3.03", "2014-05-31": "2.86", "2014-02-28": "2.58", "2013-11-30": "2.20", "2013-08-31": "1.42", "2013-05-31": "1.51", "2013-02-28": "1.08", "2012-11-30": "0.74", "2012-08-31": "0.75", "2012-05-31": "0.68", "2012-02-29": "0.90", "2011-11-30": "0.61", "2011-08-31": "0.59", "2011-05-31": "1.02", "2011-02-28": "1.12", "2010-11-30": "0.73", "2010-08-31": "0.65", "2010-05-31": "0.95", "2010-02-28": "1.04", "2009-11-30": "0.90", "2009-08-31": "0.90", "2009-05-31": "0.91", "2009-02-28": "0.53", "2008-11-30": "0.38", "2008-08-31": "0.52", "2008-05-31": "0.94", "2008-02-29": "0.85", "2007-11-30": "0.84", "2007-08-31": "1.12", "2007-05-31": "1.17", "2007-02-28": "1.09", "2006-11-30": "1.33", "2006-08-31": "1.60", "2006-05-31": "1.59", "2006-02-28": "1.51"}, "price fcf": {"2021-02-05": "", "2020-11-30": "$-0.67", "2020-08-31": "$0.07", "2020-05-31": "$0.23", "2020-02-29": "$0.46", "2019-11-30": "$1.25", "2019-08-31": "$2.98", "2019-05-31": "$5.22", "2019-02-28": "$6.43", "2018-11-30": "$7.36", "2018-08-31": "$6.93", "2018-05-31": "$6.25", "2018-02-28": "$5.91", "2017-11-30": "$4.45", "2017-08-31": "$2.96", "2017-05-31": "$0.27", "2017-02-28": "$-2.14", "2016-11-30": "$-2.79", "2016-08-31": "$-2.56", "2016-05-31": "$-2.19", "2016-02-29": "$-0.41", "2015-11-30": "$0.36", "2015-08-31": "$1.01", "2015-05-31": "$1.66", "2015-02-28": "$1.89", "2014-11-30": "$2.24", "2014-08-31": "$2.16", "2014-05-31": "$2.37", "2014-02-28": "$2.02", "2013-11-30": "$1.25", "2013-08-31": "$0.35", "2013-05-31": "$0.19", "2013-02-28": "$0.20", "2012-11-30": "$0.51", "2012-08-31": "$0.42", "2012-05-31": "$-0.14", "2012-02-29": "$-0.44", "2011-11-30": "$-0.52", "2011-08-31": "$0.06", "2011-05-31": "$1.25", "2011-02-28": "$1.88", "2010-11-30": "$2.45", "2010-08-31": "$2.45", "2010-05-31": "$2.16", "2010-02-28": "$1.51", "2009-11-30": "$1.10", "2009-08-31": "$0.93", "2009-05-31": "$-0.08", "2009-02-28": "$-0.49", "2008-11-30": "$-1.04", "2008-08-31": "$-1.71", "2008-05-31": "$-1.85", "2008-02-29": "$-2.30", "2007-11-30": "$-3.09", "2007-08-31": "$-3.34", "2007-05-31": "$-2.92", "2007-02-28": "$-2.07", "2006-11-30": "$0.17"}, "net worth": {"value": "$90.72B"}, "current ratio": {"current": "2.91", "2020-11-30": "2.91", "2020-08-31": "2.71", "2020-05-31": "2.89", "2020-02-29": "2.74", "2019-11-30": "2.56", "2019-08-31": "2.58", "2019-05-31": "2.79", "2019-02-28": "2.25", "2018-11-30": "2.90", "2018-08-31": "2.79", "2018-05-31": "2.64", "2018-02-28": "2.58", "2017-11-30": "2.39", "2017-08-31": "2.34", "2017-05-31": "2.14", "2017-02-28": "1.91", "2016-11-30": "1.71", "2016-08-31": "1.96", "2016-05-31": "2.25", "2016-02-29": "2.00", "2015-11-30": "2.11", "2015-08-31": "2.20", "2015-05-31": "2.19", "2015-02-28": "2.41", "2014-11-30": "2.19", "2014-08-31": "2.14", "2014-05-31": "2.04", "2014-02-28": "1.88", "2013-11-30": "2.08", "2013-08-31": "2.16", "2013-05-31": "2.51", "2013-02-28": "2.53", "2012-11-30": "2.49", "2012-08-31": "2.57", "2012-05-31": "2.59", "2012-02-29": "2.69", "2011-11-30": "2.72", "2011-08-31": "2.35", "2011-05-31": "2.34", "2011-02-28": "2.18", "2010-11-30": "2.10", "2010-08-31": "2.34", "2010-05-31": "2.19", "2010-02-28": "1.82", "2009-11-30": "1.68", "2009-08-31": "1.77", "2009-05-31": "1.71", "2009-02-28": "1.54", "2008-11-30": "1.86", "2008-08-31": "2.37", "2008-05-31": "2.31", "2008-02-29": "2.50", "2007-11-30": "2.51", "2007-08-31": "2.58", "2007-05-31": "2.85", "2007-02-28": "2.55", "2006-11-30": "2.52", "2006-08-31": "3.07", "2006-05-31": "3.54", "2006-02-28": "3.56", "2005-11-30": "3.01", "2005-08-31": "2.99", "2005-05-31": "2.67", "2005-02-28": "2.64"}, "quick ratio": {"2020-11-30": "1.94", "2020-08-31": "1.86", "2020-05-31": "2.02", "2020-02-29": "1.85", "2019-11-30": "1.78", "2019-08-31": "1.78", "2019-05-31": "1.88", "2019-02-28": "1.65", "2018-11-30": "2.15", "2018-08-31": "2.16", "2018-05-31": "2.06", "2018-02-28": "2.06", "2017-11-30": "1.83", "2017-08-31": "1.75", "2017-05-31": "1.55", "2017-02-28": "1.33", "2016-11-30": "1.22", "2016-08-31": "1.37", "2016-05-31": "1.60", "2016-02-29": "1.41", "2015-11-30": "1.51", "2015-08-31": "1.60", "2015-05-31": "1.67", "2015-02-28": "1.83", "2014-11-30": "1.64", "2014-08-31": "1.63", "2014-05-31": "1.51", "2014-02-28": "1.42", "2013-11-30": "1.53", "2013-08-31": "1.52", "2013-05-31": "1.77", "2013-02-28": "1.72", "2012-11-30": "1.63", "2012-08-31": "1.76", "2012-05-31": "1.72", "2012-02-29": "1.70", "2011-11-30": "1.68", "2011-08-31": "1.51", "2011-05-31": "1.54", "2011-02-28": "1.43", "2010-11-30": "1.41", "2010-08-31": "1.69", "2010-05-31": "1.52", "2010-02-28": "1.34", "2009-11-30": "1.22", "2009-08-31": "1.25", "2009-05-31": "1.17", "2009-02-28": "1.02", "2008-11-30": "1.32", "2008-08-31": "1.56", "2008-05-31": "1.50", "2008-02-29": "1.66", "2007-11-30": "1.73", "2007-08-31": "1.83", "2007-05-31": "2.07", "2007-02-28": "1.82", "2006-11-30": "1.94", "2006-08-31": "2.49", "2006-05-31": "2.91", "2006-02-28": "2.99", "2005-11-30": "2.31", "2005-08-31": "2.20", "2005-05-31": "1.92", "2005-02-28": "1.95"}, "debt equity ratio": {"current": "0.16", "2020-11-30": "0.35", "2020-08-31": "0.38", "2020-05-31": "0.38", "2020-02-29": "0.34", "2019-11-30": "0.36", "2019-08-31": "0.33", "2019-05-31": "0.28", "2019-02-28": "0.34", "2018-11-30": "0.28", "2018-08-31": "0.31", "2018-05-31": "0.42", "2018-02-28": "0.55", "2017-11-30": "0.59", "2017-08-31": "0.82", "2017-05-31": "0.96", "2017-02-28": "1.14", "2016-11-30": "1.11", "2016-08-31": "1.13", "2016-05-31": "1.07", "2016-02-29": "0.88", "2015-11-30": "0.84", "2015-08-31": "0.82", "2015-05-31": "0.88", "2015-02-28": "0.80", "2014-11-30": "0.80", "2014-08-31": "0.94", "2014-05-31": "0.92", "2014-02-28": "1.05", "2013-11-30": "0.95", "2013-08-31": "0.91", "2013-05-31": "0.75", "2013-02-28": "0.75", "2012-11-30": "0.72", "2012-08-31": "0.70", "2012-05-31": "0.69", "2012-02-29": "0.51", "2011-11-30": "0.46", "2011-08-31": "0.50", "2011-05-31": "0.45", "2011-02-28": "0.45", "2010-11-30": "0.46", "2010-08-31": "0.50", "2010-05-31": "0.52", "2010-02-28": "0.61", "2009-11-30": "0.65", "2009-08-31": "0.65", "2009-05-31": "1.48", "2009-02-28": "1.43", "2008-11-30": "1.31", "2008-08-31": "1.17", "2008-05-31": "1.09", "2008-02-29": "1.05", "2007-11-30": "0.93", "2007-08-31": "0.91", "2007-05-31": "0.83", "2007-02-28": "0.62", "2006-11-30": "0.58", "2006-08-31": "0.51", "2006-05-31": "0.45", "2006-02-28": "0.35", "2005-11-30": "0.35", "2005-08-31": "0.37", "2005-05-31": "0.40", "2005-02-28": "0.37"}, "return on equity": {"2020-11-30": "7.80%", "2020-08-31": "7.15%", "2020-05-31": "6.10%", "2020-02-29": "6.27%", "2019-11-30": "9.69%", "2019-08-31": "17.64%", "2019-05-31": "28.89%", "2019-02-28": "39.32%", "2018-11-30": "47.59%", "2018-08-31": "50.19%", "2018-05-31": "49.23%", "2018-02-28": "46.28%", "2017-11-30": "40.45%", "2017-08-31": "31.42%", "2017-05-31": "17.52%", "2017-02-28": "5.08%", "2016-11-30": "-2.31%", "2016-08-31": "-2.10%", "2016-05-31": "2.77%", "2016-02-29": "8.07%", "2015-11-30": "15.83%", "2015-08-31": "22.16%", "2015-05-31": "28.26%", "2015-02-28": "32.45%", "2014-11-30": "32.95%", "2014-08-31": "28.69%", "2014-05-31": "35.24%", "2014-02-28": "29.72%", "2013-11-30": "20.18%", "2013-08-31": "13.93%", "2013-05-31": "-9.34%", "2013-02-28": "-13.60%", "2012-11-30": "-13.01%", "2012-08-31": "-11.48%", "2012-05-31": "-9.88%", "2012-02-29": "-5.43%", "2011-11-30": "-1.77%", "2011-08-31": "1.68%", "2011-05-31": "6.47%", "2011-02-28": "15.37%", "2010-11-30": "19.63%", "2010-08-31": "21.90%", "2010-05-31": "18.22%", "2010-02-28": "2.57%", "2009-11-30": "-16.36%", "2009-08-31": "-34.43%", "2009-05-31": "-40.98%", "2009-02-28": "-36.61%", "2008-11-30": "-33.90%", "2008-08-31": "-24.59%", "2008-05-31": "-20.11%", "2008-02-29": "-19.04%", "2007-11-30": "-8.88%", "2007-08-31": "-3.98%", "2007-05-31": "-1.21%", "2007-02-28": "2.71%", "2006-11-30": "6.05%", "2006-08-31": "5.81%", "2006-05-31": "6.00%", "2006-02-28": "2.79%", "2005-11-30": "1.64%"}, "return on assets": {"2020-11-30": "5.74%", "2020-08-31": "5.24%", "2020-05-31": "4.52%", "2020-02-29": "4.72%", "2019-11-30": "7.30%", "2019-08-31": "13.49%", "2019-05-31": "22.18%", "2019-02-28": "29.46%", "2018-11-30": "34.49%", "2018-08-31": "34.54%", "2018-05-31": "31.30%", "2018-02-28": "27.21%", "2017-11-30": "21.97%", "2017-08-31": "15.81%", "2017-05-31": "8.43%", "2017-02-28": "2.40%", "2016-11-30": "-1.13%", "2016-08-31": "-1.06%", "2016-05-31": "1.45%", "2016-02-29": "4.35%", "2015-11-30": "8.62%", "2015-08-31": "12.12%", "2015-05-31": "15.24%", "2015-02-28": "17.44%", "2014-11-30": "17.15%", "2014-08-31": "14.62%", "2014-05-31": "18.01%", "2014-02-28": "15.44%", "2013-11-30": "10.90%", "2013-08-31": "7.78%", "2013-05-31": "-5.40%", "2013-02-28": "-7.94%", "2012-11-30": "-7.88%", "2012-08-31": "-7.24%", "2012-05-31": "-6.44%", "2012-02-29": "-3.67%", "2011-11-30": "-1.21%", "2011-08-31": "1.15%", "2011-05-31": "4.42%", "2011-02-28": "10.38%", "2010-11-30": "12.95%", "2010-08-31": "14.03%", "2010-05-31": "11.37%", "2010-02-28": "1.44%", "2009-11-30": "-8.28%", "2009-08-31": "-15.91%", "2009-05-31": "-17.54%", "2009-02-28": "-16.37%", "2008-11-30": "-15.78%", "2008-08-31": "-11.96%", "2008-05-31": "-10.11%", "2008-02-29": "-9.89%", "2007-11-30": "-4.88%", "2007-08-31": "-2.30%", "2007-05-31": "-0.74%", "2007-02-28": "1.76%", "2006-11-30": "4.09%", "2006-08-31": "4.09%", "2006-05-31": "4.34%", "2006-02-28": "2.04%", "2005-11-30": "1.19%"}, "return on investments": {"2020-11-30": "7.53%", "2020-08-31": "6.93%", "2020-05-31": "5.89%", "2020-02-29": "6.35%", "2019-11-30": "10.22%", "2019-08-31": "18.61%", "2019-05-31": "28.80%", "2019-02-28": "37.49%", "2018-11-30": "43.13%", "2018-08-31": "43.53%", "2018-05-31": "40.30%", "2018-02-28": "36.39%", "2017-11-30": "30.09%", "2017-08-31": "22.34%", "2017-05-31": "13.64%", "2017-02-28": "5.83%", "2016-11-30": "1.38%", "2016-08-31": "0.81%", "2016-05-31": "3.10%", "2016-02-29": "6.53%", "2015-11-30": "11.03%", "2015-08-31": "15.92%", "2015-05-31": "18.81%", "2015-02-28": "21.40%", "2014-11-30": "22.97%", "2014-08-31": "20.48%", "2014-05-31": "16.94%", "2014-02-28": "13.01%", "2013-11-30": "6.88%", "2013-08-31": "1.95%", "2013-05-31": "-0.96%", "2013-02-28": "-3.92%", "2012-11-30": "-5.48%", "2012-08-31": "-5.31%", "2012-05-31": "-4.48%", "2012-02-29": "-0.81%", "2011-11-30": "2.51%", "2011-08-31": "6.65%", "2011-05-31": "10.89%", "2011-02-28": "13.62%", "2010-11-30": "16.39%", "2010-08-31": "15.39%", "2010-05-31": "11.31%", "2010-02-28": "3.63%", "2009-11-30": "-9.65%", "2009-08-31": "-20.91%", "2009-05-31": "-25.06%", "2009-02-28": "-23.86%", "2008-11-30": "-23.47%", "2008-08-31": "-17.90%", "2008-05-31": "-15.44%", "2008-02-29": "-14.66%", "2007-11-30": "-6.87%", "2007-08-31": "-3.02%", "2007-05-31": "-0.74%", "2007-02-28": "2.10%", "2006-11-30": "4.99%", "2006-08-31": "4.65%", "2006-05-31": "4.82%", "2006-02-28": "2.38%", "2005-11-30": "1.52%"}, "return on tangible equity": {"2020-11-30": "8.13%", "2020-08-31": "7.46%", "2020-05-31": "6.37%", "2020-02-29": "6.55%", "2019-11-30": "10.13%", "2019-08-31": "18.45%", "2019-05-31": "30.25%", "2019-02-28": "41.27%", "2018-11-30": "50.12%", "2018-08-31": "53.17%", "2018-05-31": "52.61%", "2018-02-28": "49.99%", "2017-11-30": "44.27%", "2017-08-31": "34.22%", "2017-05-31": "18.90%", "2017-02-28": "5.39%", "2016-11-30": "-2.40%", "2016-08-31": "-2.19%", "2016-05-31": "2.87%", "2016-02-29": "8.37%", "2015-11-30": "16.40%", "2015-08-31": "22.94%", "2015-05-31": "29.29%", "2015-02-28": "33.64%", "2014-11-30": "34.19%", "2014-08-31": "29.78%", "2014-05-31": "36.55%", "2014-02-28": "30.89%", "2013-11-30": "21.01%", "2013-08-31": "14.53%", "2013-05-31": "-9.76%", "2013-02-28": "-14.23%", "2012-11-30": "-13.60%", "2012-08-31": "-12.00%", "2012-05-31": "-10.32%", "2012-02-29": "-5.67%", "2011-11-30": "-1.84%", "2011-08-31": "1.74%", "2011-05-31": "6.70%", "2011-02-28": "15.89%", "2010-11-30": "20.35%", "2010-08-31": "22.79%", "2010-05-31": "19.04%", "2010-02-28": "2.71%", "2009-11-30": "-17.41%", "2009-08-31": "-36.85%", "2009-05-31": "-44.02%", "2009-02-28": "-39.23%", "2008-11-30": "-36.21%", "2008-08-31": "-26.71%", "2008-05-31": "-22.21%", "2008-02-29": "-21.31%", "2007-11-30": "-10.06%", "2007-08-31": "-4.50%", "2007-05-31": "-1.36%", "2007-02-28": "2.99%", "2006-11-30": "6.53%", "2006-08-31": "6.16%", "2006-05-31": "6.24%", "2006-02-28": "2.91%", "2005-11-30": "1.71%"}, "dividend yield history": {"last payout": "$0.00", "last yield": "0.00%"}}