{"ticker": "MIDD", "price": {"title": "Middleby Historical Annual Stock Price Data", "value": 137.93, "historical": {"2021": {"Average Stock Price": "136.1538", "Year Open": "126.1600", "Year High": "141.1800", "Year Low": "126.1600", "Year Close": "137.9300", "Annual % Change": "6.99%"}, "2020": {"Average Stock Price": "93.6071", "Year Open": "108.9800", "Year High": "139.0200", "Year Low": "43.8600", "Year Close": "128.9200", "Annual % Change": "17.71%"}, "2019": {"Average Stock Price": "122.9690", "Year Open": "101.9600", "Year High": "142.1600", "Year Low": "100.7000", "Year Close": "109.5200", "Annual % Change": "6.61%"}, "2018": {"Average Stock Price": "117.9046", "Year Open": "135.2800", "Year High": "138.7500", "Year Low": "98.1000", "Year Close": "102.7300", "Annual % Change": "-23.88%"}, "2017": {"Average Stock Price": "128.3921", "Year Open": "128.5900", "Year High": "141.7400", "Year Low": "108.7200", "Year Close": "134.9500", "Annual % Change": "4.77%"}, "2016": {"Average Stock Price": "114.5471", "Year Open": "106.3500", "Year High": "142.3800", "Year Low": "80.6200", "Year Close": "128.8100", "Annual % Change": "19.41%"}, "2015": {"Average Stock Price": "108.8819", "Year Open": "99.0400", "Year High": "124.0800", "Year Low": "93.3400", "Year Close": "107.8700", "Annual % Change": "8.85%"}, "2014": {"Average Stock Price": "85.9579", "Year Open": "82.6200", "Year High": "99.9300", "Year Low": "71.7700", "Year Close": "99.1000", "Annual % Change": "24.02%"}, "2013": {"Average Stock Price": "59.8673", "Year Open": "43.7967", "Year High": "81.6167", "Year Low": "43.3833", "Year Close": "79.9080", "Annual % Change": "86.98%"}, "2012": {"Average Stock Price": "35.7833", "Year Open": "32.0767", "Year High": "44.1300", "Year Low": "30.8000", "Year Close": "42.7367", "Annual % Change": "36.34%"}, "2011": {"Average Stock Price": "28.4268", "Year Open": "28.9767", "Year High": "32.5400", "Year Low": "22.6300", "Year Close": "31.3467", "Annual % Change": "11.40%"}, "2010": {"Average Stock Price": "20.2828", "Year Open": "16.6533", "Year High": "28.7833", "Year Low": "14.0567", "Year Close": "28.1400", "Annual % Change": "72.22%"}, "2009": {"Average Stock Price": "13.8610", "Year Open": "9.5367", "Year High": "18.8367", "Year Low": "6.9200", "Year Close": "16.3400", "Annual % Change": "79.76%"}, "2008": {"Average Stock Price": "16.9654", "Year Open": "25.3033", "Year High": "25.3200", "Year Low": "8.2667", "Year Close": "9.0900", "Annual % Change": "-64.41%"}, "2007": {"Average Stock Price": "21.5508", "Year Open": "17.7483", "Year High": "25.7333", "Year Low": "16.9783", "Year Close": "25.5400", "Annual % Change": "46.40%"}, "2006": {"Average Stock Price": "14.6217", "Year Open": "14.6900", "Year High": "17.5667", "Year Low": "12.2650", "Year Close": "17.4450", "Annual % Change": "21.01%"}, "2005": {"Average Stock Price": "10.1944", "Year Open": "8.4483", "Year High": "14.6083", "Year Low": "7.3400", "Year Close": "14.4167", "Annual % Change": "70.55%"}, "2004": {"Average Stock Price": "8.3429", "Year Open": "6.8267", "Year High": "10.5000", "Year Low": "6.3000", "Year Close": "8.4533", "Annual % Change": "25.33%"}, "2003": {"Average Stock Price": "2.9746", "Year Open": "1.7583", "Year High": "7.2817", "Year Low": "1.7150", "Year Close": "6.7450", "Annual % Change": "281.79%"}, "2002": {"Average Stock Price": "1.3318", "Year Open": "0.8750", "Year High": "1.8000", "Year Low": "0.8750", "Year Close": "1.7667", "Annual % Change": "103.84%"}, "2001": {"Average Stock Price": "0.9465", "Year Open": "1.0000", "Year High": "1.3333", "Year Low": "0.6833", "Year Close": "0.8667", "Annual % Change": "-13.33%"}, "2000": {"Average Stock Price": "1.0667", "Year Open": "0.9683", "Year High": "1.2813", "Year Low": "0.8333", "Year Close": "1.0000", "Annual % Change": "6.67%"}, "1999": {"Average Stock Price": "0.8488", "Year Open": "0.6042", "Year High": "1.3125", "Year Low": "0.6042", "Year Close": "0.9375", "Annual % Change": "55.16%"}, "1998": {"Average Stock Price": "0.9707", "Year Open": "1.3125", "Year High": "1.3958", "Year Low": "0.5208", "Year Close": "0.6042", "Annual % Change": "-53.60%"}, "1997": {"Average Stock Price": "1.4964", "Year Open": "1.0417", "Year High": "1.9800", "Year Low": "1.0417", "Year Close": "1.3022", "Annual % Change": "22.47%"}, "1996": {"Average Stock Price": "1.2985", "Year Open": "1.3750", "Year High": "2.2917", "Year Low": "0.7917", "Year Close": "1.0633", "Annual % Change": "-32.84%"}, "1995": {"Average Stock Price": "1.0572", "Year Open": "0.6980", "Year High": "1.5833", "Year Low": "0.6667", "Year Close": "1.5833", "Annual % Change": "123.54%"}, "1994": {"Average Stock Price": "0.6185", "Year Open": "0.4688", "Year High": "0.8125", "Year Low": "0.4367", "Year Close": "0.7083", "Annual % Change": "61.90%"}, "1993": {"Average Stock Price": "0.4072", "Year Open": "0.3750", "Year High": "0.6875", "Year Low": "0.3125", "Year Close": "0.4375", "Annual % Change": "10.54%"}}}, "market cap": {"value": "$7.67B"}, "income statement": {"Revenue": {"2019-12-31": "2959.44600", "2018-12-31": "2722.93100", "2017-12-31": "2335.54200", "2016-12-31": "2267.85200", "2015-12-31": "1826.59800", "2014-12-31": "1636.53800", "2013-12-31": "1428.68500", "2012-12-31": "1038.17400", "2011-12-31": "855.90700", "2010-12-31": "719.12100", "2009-12-31": "646.62900", "2008-12-31": "651.88800", "2007-12-31": "500.47200", "2006-12-31": "403.13100", "2005-12-31": "316.66800"}, "Cost Of Goods Sold": {"2019-12-31": "1855.94900", "2018-12-31": "1718.79100", "2017-12-31": "1422.80100", "2016-12-31": "1366.67200", "2015-12-31": "1120.09300", "2014-12-31": "995.95300", "2013-12-31": "878.67400", "2012-12-31": "635.18500", "2011-12-31": "511.77000", "2010-12-31": "432.44400", "2009-12-31": "396.00100", "2008-12-31": "403.74600", "2007-12-31": "308.10700", "2006-12-31": "246.25400", "2005-12-31": "195.01500"}, "Gross Profit": {"2019-12-31": "1103.49700", "2018-12-31": "1004.14000", "2017-12-31": "912.74100", "2016-12-31": "901.18010", "2015-12-31": "706.50500", "2014-12-31": "640.58500", "2013-12-31": "550.01100", "2012-12-31": "402.98900", "2011-12-31": "344.13700", "2010-12-31": "286.67700", "2009-12-31": "250.62800", "2008-12-31": "248.14200", "2007-12-31": "192.36500", "2006-12-31": "156.87700", "2005-12-31": "121.65300"}, "Research And Development Expenses": {"2019-12-31": "", "2018-12-31": "", "2017-12-31": "", "2016-12-31": "", "2015-12-31": "", "2014-12-31": "", "2013-12-31": "", "2012-12-31": "", "2011-12-31": "", "2010-12-31": "", "2009-12-31": "", "2008-12-31": "", "2007-12-31": "", "2006-12-31": "", "2005-12-31": ""}, "SG&A Expenses": {"2019-12-31": "593.81300", "2018-12-31": "538.84200", "2017-12-31": "468.21900", "2016-12-31": "471.63800", "2015-12-31": "375.14800", "2014-12-31": "339.59400", "2013-12-31": "296.44800", "2012-12-31": "214.90500", "2011-12-31": "195.42700", "2010-12-31": "163.88900", "2009-12-31": "139.18700", "2008-12-31": "128.52400", "2007-12-31": "99.43200", "2006-12-31": "79.97600", "2005-12-31": "63.68100"}, "Other Operating Income Or Expenses": {"2019-12-31": "14.83900", "2018-12-31": "", "2017-12-31": "-45.95800", "2016-12-31": "", "2015-12-31": "", "2014-12-31": "6.51900", "2013-12-31": "", "2012-12-31": "", "2011-12-31": "", "2010-12-31": "", "2009-12-31": "", "2008-12-31": "", "2007-12-31": "", "2006-12-31": "", "2005-12-31": ""}, "Operating Expenses": {"2019-12-31": "2445.40300", "2018-12-31": "2276.96500", "2017-12-31": "1956.92900", "2016-12-31": "1848.83400", "2015-12-31": "1523.99500", "2014-12-31": "1336.10600", "2013-12-31": "1184.22300", "2012-12-31": "850.09000", "2011-12-31": "707.19700", "2010-12-31": "596.33300", "2009-12-31": "535.18800", "2008-12-31": "532.27000", "2007-12-31": "407.53900", "2006-12-31": "326.23000", "2005-12-31": "258.69600"}, "Operating Income": {"2019-12-31": "514.04320", "2018-12-31": "445.96580", "2017-12-31": "378.61290", "2016-12-31": "419.01790", "2015-12-31": "302.60300", "2014-12-31": "300.43200", "2013-12-31": "244.46200", "2012-12-31": "188.08400", "2011-12-31": "148.71000", "2010-12-31": "122.78800", "2009-12-31": "111.44100", "2008-12-31": "119.61800", "2007-12-31": "92.93300", "2006-12-31": "76.90100", "2005-12-31": "57.97200"}, "Total Non-Operating Income/Expense": {"2019-12-31": "-51.42400", "2018-12-31": "-22.45300", "2017-12-31": "4.91600", "2016-12-31": "2.28700", "2015-12-31": "-21.43600", "2014-12-31": "-19.64200", "2013-12-31": "-18.68100", "2012-12-31": "-13.64400", "2011-12-31": "-8.26200", "2010-12-31": "-8.55200", "2009-12-31": "-11.71500", "2008-12-31": "-15.39600", "2007-12-31": "-4.95400", "2006-12-31": "-7.09300", "2005-12-31": "-6.57400"}, "Pre-Tax Income": {"2019-12-31": "462.61900", "2018-12-31": "423.51300", "2017-12-31": "383.52900", "2016-12-31": "421.30500", "2015-12-31": "281.16700", "2014-12-31": "280.79000", "2013-12-31": "225.78100", "2012-12-31": "174.44000", "2011-12-31": "140.44800", "2010-12-31": "114.23600", "2009-12-31": "99.72600", "2008-12-31": "104.22200", "2007-12-31": "87.97900", "2006-12-31": "69.80800", "2005-12-31": "51.39800"}, "Income Taxes": {"2019-12-31": "110.37900", "2018-12-31": "106.36100", "2017-12-31": "85.40100", "2016-12-31": "137.08900", "2015-12-31": "89.55700", "2014-12-31": "87.47800", "2013-12-31": "71.85300", "2012-12-31": "53.74300", "2011-12-31": "44.97500", "2010-12-31": "41.36900", "2009-12-31": "38.57000", "2008-12-31": "40.32100", "2007-12-31": "35.36500", "2006-12-31": "27.43100", "2005-12-31": "19.22000"}, "Income After Taxes": {"2019-12-31": "352.24000", "2018-12-31": "317.15200", "2017-12-31": "298.12800", "2016-12-31": "284.21600", "2015-12-31": "191.61000", "2014-12-31": "193.31200", "2013-12-31": "153.92800", "2012-12-31": "120.69700", "2011-12-31": "95.47300", "2010-12-31": "72.86700", "2009-12-31": "61.15600", "2008-12-31": "63.90100", "2007-12-31": "52.61400", "2006-12-31": "42.37700", "2005-12-31": "32.17800"}, "Other Income": {"2019-12-31": "", "2018-12-31": "", "2017-12-31": "", "2016-12-31": "", "2015-12-31": "", "2014-12-31": "", "2013-12-31": "", "2012-12-31": "", "2011-12-31": "", "2010-12-31": "", "2009-12-31": "", "2008-12-31": "", "2007-12-31": "", "2006-12-31": "", "2005-12-31": ""}, "Income From Continuous Operations": {"2019-12-31": "352.24000", "2018-12-31": "317.15200", "2017-12-31": "298.12800", "2016-12-31": "284.21600", "2015-12-31": "191.61000", "2014-12-31": "193.31200", "2013-12-31": "153.92800", "2012-12-31": "120.69700", "2011-12-31": "95.47300", "2010-12-31": "72.86700", "2009-12-31": "61.15600", "2008-12-31": "63.90100", "2007-12-31": "52.61400", "2006-12-31": "42.37700", "2005-12-31": "32.17800"}, "Income From Discontinued Operations": {"2019-12-31": "", "2018-12-31": "", "2017-12-31": "", "2016-12-31": "", "2015-12-31": "", "2014-12-31": "", "2013-12-31": "", "2012-12-31": "", "2011-12-31": "", "2010-12-31": "", "2009-12-31": "", "2008-12-31": "", "2007-12-31": "", "2006-12-31": "", "2005-12-31": ""}, "Net Income": {"2019-12-31": "352.24000", "2018-12-31": "317.15200", "2017-12-31": "298.12800", "2016-12-31": "284.21600", "2015-12-31": "191.61000", "2014-12-31": "193.31200", "2013-12-31": "153.92800", "2012-12-31": "120.69700", "2011-12-31": "95.47300", "2010-12-31": "72.86700", "2009-12-31": "61.15600", "2008-12-31": "63.90100", "2007-12-31": "52.61400", "2006-12-31": "42.37700", "2005-12-31": "32.17800"}, "EBITDA": {"2019-12-31": "617.47120", "2018-12-31": "543.20380", "2017-12-31": "448.38690", "2016-12-31": "477.25200", "2015-12-31": "356.67700", "2014-12-31": "341.68400", "2013-12-31": "287.62600", "2012-12-31": "214.98700", "2011-12-31": "168.41800", "2010-12-31": "139.80200", "2009-12-31": "127.32900", "2008-12-31": "132.00800", "2007-12-31": "99.29300", "2006-12-31": "81.76200", "2005-12-31": "61.52600"}, "EBIT": {"2019-12-31": "514.04320", "2018-12-31": "445.96580", "2017-12-31": "378.61290", "2016-12-31": "419.01790", "2015-12-31": "302.60300", "2014-12-31": "300.43200", "2013-12-31": "244.46200", "2012-12-31": "188.08400", "2011-12-31": "148.71000", "2010-12-31": "122.78800", "2009-12-31": "111.44100", "2008-12-31": "119.61800", "2007-12-31": "92.93300", "2006-12-31": "76.90100", "2005-12-31": "57.97200"}, "Basic Shares Outstanding": {"2019-12-31": "55.64700", "2018-12-31": "55.57600", "2017-12-31": "56.71500", "2016-12-31": "57.03000", "2015-12-31": "56.95100", "2014-12-31": "56.76400", "2013-12-31": "55.83100", "2012-12-31": "54.37700", "2011-12-31": "53.99400", "2010-12-31": "53.40300", "2009-12-31": "52.81500", "2008-12-31": "47.93400", "2007-12-31": "47.08200", "2006-12-31": "45.85800", "2005-12-31": "45.08400"}, "Shares Outstanding": {"2019-12-31": "55.65600", "2018-12-31": "55.60400", "2017-12-31": "56.71900", "2016-12-31": "57.08500", "2015-12-31": "56.97300", "2014-12-31": "56.78400", "2013-12-31": "56.14800", "2012-12-31": "54.80700", "2011-12-31": "55.60200", "2010-12-31": "55.01100", "2009-12-31": "55.72500", "2008-12-31": "51.09000", "2007-12-31": "50.81400", "2006-12-31": "49.55400", "2005-12-31": "48.55800"}, "Basic EPS": {"2019-12-31": "6.33000", "2018-12-31": "5.71000", "2017-12-31": "5.26000", "2016-12-31": "4.98000", "2015-12-31": "3.36000", "2014-12-31": "3.41000", "2013-12-31": "2.76000", "2012-12-31": "2.22000", "2011-12-31": "1.76670", "2010-12-31": "1.36330", "2009-12-31": "1.15670", "2008-12-31": "1.33330", "2007-12-31": "1.11670", "2006-12-31": "0.92330", "2005-12-31": "0.71330"}, "EPS - Earnings Per Share": {"2019-12-31": "6.33000", "2018-12-31": "5.70000", "2017-12-31": "5.26000", "2016-12-31": "4.98000", "2015-12-31": "3.36000", "2014-12-31": "3.40000", "2013-12-31": "2.74000", "2012-12-31": "2.20000", "2011-12-31": "1.71670", "2010-12-31": "1.32330", "2009-12-31": "1.09670", "2008-12-31": "1.25000", "2007-12-31": "1.03670", "2006-12-31": "0.85670", "2005-12-31": "0.66330"}}, "income statement, quarterly": {"Revenue": {"2020-09-30": "634.52500", "2020-06-30": "471.97700", "2020-03-31": "677.45900", "2019-12-31": "787.62610", "2019-09-30": "724.01400", "2019-06-30": "761.00400", "2019-03-31": "686.80200", "2018-12-31": "756.67190", "2018-09-30": "713.33100", "2018-06-30": "668.12800", "2018-03-31": "584.80000", "2017-12-31": "632.85900", "2017-09-30": "593.04300", "2017-06-30": "579.34300", "2017-03-31": "530.29700", "2016-12-31": "596.81710", "2016-09-30": "574.22400", "2016-06-30": "580.45600", "2016-03-31": "516.35500", "2015-12-31": "534.70700", "2015-09-30": "449.00400", "2015-06-30": "436.29100", "2015-03-31": "406.59600", "2014-12-31": "434.99500", "2014-09-30": "404.28900", "2014-06-30": "424.77600", "2014-03-31": "372.47800", "2013-12-31": "377.42010", "2013-09-30": "360.01300", "2013-06-30": "363.80100", "2013-03-31": "327.45100", "2012-12-31": "291.61190", "2012-09-30": "257.69900", "2012-06-30": "260.04000", "2012-03-31": "228.82300", "2011-12-31": "243.76000", "2011-09-30": "218.72000", "2011-06-30": "210.85500", "2011-03-31": "182.57200", "2010-12-31": "207.23300", "2010-09-30": "177.79300", "2010-06-30": "173.41200", "2010-03-31": "160.68300", "2009-12-31": "152.49300", "2009-09-30": "153.98900", "2009-06-30": "158.60100", "2009-03-31": "181.54600", "2008-12-31": "151.02000", "2008-09-30": "166.47200", "2008-06-30": "173.51300", "2008-03-31": "160.88300", "2007-12-31": "145.53300", "2007-09-30": "135.99600", "2007-06-30": "113.24800", "2007-03-31": "105.69500", "2006-12-31": "98.29400", "2006-09-30": "103.23900", "2006-06-30": "104.84900", "2006-03-31": "96.74900", "2005-12-31": "76.93000", "2005-09-30": "80.93700", "2005-06-30": "83.91200", "2005-03-31": "74.88900"}, "Cost Of Goods Sold": {"2020-09-30": "411.77600", "2020-06-30": "318.85100", "2020-03-31": "427.26900", "2019-12-31": "497.94800", "2019-09-30": "453.98600", "2019-06-30": "474.52500", "2019-03-31": "429.49000", "2018-12-31": "476.08400", "2018-09-30": "452.17100", "2018-06-30": "417.36900", "2018-03-31": "373.16700", "2017-12-31": "392.69510", "2017-09-30": "364.52400", "2017-06-30": "344.73500", "2017-03-31": "320.84700", "2016-12-31": "357.64000", "2016-09-30": "342.49600", "2016-06-30": "346.95400", "2016-03-31": "319.58200", "2015-12-31": "335.83500", "2015-09-30": "271.82200", "2015-06-30": "263.40200", "2015-03-31": "249.03400", "2014-12-31": "265.94000", "2014-09-30": "241.90900", "2014-06-30": "258.60200", "2014-03-31": "229.50200", "2013-12-31": "226.68900", "2013-09-30": "218.57500", "2013-06-30": "227.22700", "2013-03-31": "206.18300", "2012-12-31": "178.36700", "2012-09-30": "157.25400", "2012-06-30": "158.22400", "2012-03-31": "141.34000", "2011-12-31": "144.10800", "2011-09-30": "131.40200", "2011-06-30": "125.51800", "2011-03-31": "110.74200", "2010-12-31": "124.14000", "2010-09-30": "107.10600", "2010-06-30": "103.98800", "2010-03-31": "97.21000", "2009-12-31": "94.01200", "2009-09-30": "91.95200", "2009-06-30": "97.26100", "2009-03-31": "112.77600", "2008-12-31": "93.52500", "2008-09-30": "101.73500", "2008-06-30": "106.50500", "2008-03-31": "101.98100", "2007-12-31": "90.55500", "2007-09-30": "84.60000", "2007-06-30": "68.36200", "2007-03-31": "64.59000", "2006-12-31": "59.24300", "2006-09-30": "62.66400", "2006-06-30": "63.12200", "2006-03-31": "61.22500", "2005-12-31": "47.41100", "2005-09-30": "48.46100", "2005-06-30": "51.32600", "2005-03-31": "47.81700"}, "Gross Profit": {"2020-09-30": "222.74900", "2020-06-30": "153.12600", "2020-03-31": "250.19000", "2019-12-31": "289.67810", "2019-09-30": "270.02800", "2019-06-30": "286.47900", "2019-03-31": "257.31200", "2018-12-31": "280.58800", "2018-09-30": "261.16000", "2018-06-30": "250.75900", "2018-03-31": "211.63300", "2017-12-31": "240.16390", "2017-09-30": "228.51900", "2017-06-30": "234.60800", "2017-03-31": "209.45000", "2016-12-31": "239.17710", "2016-09-30": "231.72800", "2016-06-30": "233.50200", "2016-03-31": "196.77300", "2015-12-31": "198.87190", "2015-09-30": "177.18200", "2015-06-30": "172.88900", "2015-03-31": "157.56200", "2014-12-31": "169.05500", "2014-09-30": "162.38000", "2014-06-30": "166.17400", "2014-03-31": "142.97600", "2013-12-31": "150.73110", "2013-09-30": "141.43800", "2013-06-30": "136.57400", "2013-03-31": "121.26800", "2012-12-31": "113.24490", "2012-09-30": "100.44500", "2012-06-30": "101.81600", "2012-03-31": "87.48300", "2011-12-31": "99.65210", "2011-09-30": "87.31800", "2011-06-30": "85.33700", "2011-03-31": "71.83000", "2010-12-31": "83.09300", "2010-09-30": "70.68700", "2010-06-30": "69.42400", "2010-03-31": "63.47300", "2009-12-31": "58.48100", "2009-09-30": "62.03700", "2009-06-30": "61.34000", "2009-03-31": "68.77000", "2008-12-31": "57.49500", "2008-09-30": "64.73700", "2008-06-30": "67.00800", "2008-03-31": "58.90200", "2007-12-31": "54.97800", "2007-09-30": "51.39600", "2007-06-30": "44.88600", "2007-03-31": "41.10500", "2006-12-31": "39.05100", "2006-09-30": "40.57500", "2006-06-30": "41.72700", "2006-03-31": "35.52400", "2005-12-31": "29.51900", "2005-09-30": "32.47600", "2005-06-30": "32.58600", "2005-03-31": "27.07200"}, "Research And Development Expenses": {"2020-09-30": "", "2020-06-30": "", "2020-03-31": "", "2019-12-31": "", "2019-09-30": "", "2019-06-30": "", "2019-03-31": "", "2018-12-31": "", "2018-09-30": "", "2018-06-30": "", "2018-03-31": "", "2017-12-31": "", "2017-09-30": "", "2017-06-30": "", "2017-03-31": "", "2016-12-31": "", "2016-09-30": "", "2016-06-30": "", "2016-03-31": "", "2015-12-31": "", "2015-09-30": "", "2015-06-30": "", "2015-03-31": "", "2014-12-31": "", "2014-09-30": "", "2014-06-30": "", "2014-03-31": "", "2013-12-31": "", "2013-09-30": "", "2013-06-30": "", "2013-03-31": "", "2012-12-31": "", "2012-09-30": "", "2012-06-30": "", "2012-03-31": "", "2011-12-31": "", "2011-09-30": "", "2011-06-30": "", "2011-03-31": "", "2010-12-31": "", "2010-09-30": "", "2010-06-30": "", "2010-03-31": "", "2009-12-31": "", "2009-09-30": "", "2009-06-30": "", "2009-03-31": "", "2008-12-31": "", "2008-09-30": "", "2008-06-30": "", "2008-03-31": "", "2007-12-31": "", "2007-09-30": "", "2007-06-30": "", "2007-03-31": "", "2006-12-31": "", "2006-09-30": "", "2006-06-30": "", "2006-03-31": "", "2005-12-31": "", "2005-09-30": "", "2005-06-30": "", "2005-03-31": ""}, "SG&A Expenses": {"2020-09-30": "128.81400", "2020-06-30": "111.82400", "2020-03-31": "143.94200", "2019-12-31": "148.81300", "2019-09-30": "144.46000", "2019-06-30": "144.63100", "2019-03-31": "155.90900", "2018-12-31": "139.51400", "2018-09-30": "141.37200", "2018-06-30": "135.00800", "2018-03-31": "122.94800", "2017-12-31": "116.74600", "2017-09-30": "114.85700", "2017-06-30": "121.63200", "2017-03-31": "114.98400", "2016-12-31": "137.50700", "2016-09-30": "109.14000", "2016-06-30": "115.19900", "2016-03-31": "109.79200", "2015-12-31": "109.30900", "2015-09-30": "91.40600", "2015-06-30": "88.05100", "2015-03-31": "86.38200", "2014-12-31": "79.68200", "2014-09-30": "82.43400", "2014-06-30": "90.43500", "2014-03-31": "87.04300", "2013-12-31": "67.17600", "2013-09-30": "73.95000", "2013-06-30": "76.24900", "2013-03-31": "79.07300", "2012-12-31": "54.58800", "2012-09-30": "53.01600", "2012-06-30": "56.47800", "2012-03-31": "50.82300", "2011-12-31": "54.74000", "2011-09-30": "50.13200", "2011-06-30": "50.08900", "2011-03-31": "40.46600", "2010-12-31": "48.48000", "2010-09-30": "38.67600", "2010-06-30": "39.69500", "2010-03-31": "37.03800", "2009-12-31": "30.15000", "2009-09-30": "33.96300", "2009-06-30": "34.39500", "2009-03-31": "40.67900", "2008-12-31": "27.33800", "2008-09-30": "33.78400", "2008-06-30": "34.51600", "2008-03-31": "32.88600", "2007-12-31": "27.47700", "2007-09-30": "25.97200", "2007-06-30": "23.68400", "2007-03-31": "22.29900", "2006-12-31": "18.59800", "2006-09-30": "19.55400", "2006-06-30": "21.44800", "2006-03-31": "20.37600", "2005-12-31": "16.17100", "2005-09-30": "16.19200", "2005-06-30": "16.24900", "2005-03-31": "15.06900"}, "Other Operating Income Or Expenses": {"2020-09-30": "", "2020-06-30": "", "2020-03-31": "", "2019-12-31": "", "2019-09-30": "", "2019-06-30": "", "2019-03-31": "", "2018-12-31": "", "2018-09-30": "", "2018-06-30": "", "2018-03-31": "", "2017-12-31": "-58.00000", "2017-09-30": "", "2017-06-30": "12.04200", "2017-03-31": "", "2016-12-31": "", "2016-09-30": "", "2016-06-30": "", "2016-03-31": "", "2015-12-31": "", "2015-09-30": "", "2015-06-30": "", "2015-03-31": "", "2014-12-31": "", "2014-09-30": "6.51900", "2014-06-30": "", "2014-03-31": "", "2013-12-31": "", "2013-09-30": "", "2013-06-30": "", "2013-03-31": "", "2012-12-31": "", "2012-09-30": "", "2012-06-30": "", "2012-03-31": "", "2011-12-31": "", "2011-09-30": "", "2011-06-30": "", "2011-03-31": "", "2010-12-31": "", "2010-09-30": "", "2010-06-30": "", "2010-03-31": "", "2009-12-31": "", "2009-09-30": "", "2009-06-30": "", "2009-03-31": "", "2008-12-31": "", "2008-09-30": "", "2008-06-30": "", "2008-03-31": "", "2007-12-31": "", "2007-09-30": "", "2007-06-30": "", "2007-03-31": "", "2006-12-31": "", "2006-09-30": "", "2006-06-30": "", "2006-03-31": "", "2005-12-31": "", "2005-09-30": "", "2005-06-30": "", "2005-03-31": ""}, "Operating Expenses": {"2020-09-30": "547.85300", "2020-06-30": "432.85900", "2020-03-31": "572.04500", "2019-12-31": "635.59590", "2019-09-30": "602.66900", "2019-06-30": "621.39700", "2019-03-31": "585.74100", "2018-12-31": "616.68520", "2018-09-30": "605.65400", "2018-06-30": "556.81790", "2018-03-31": "497.80800", "2017-12-31": "569.95510", "2017-09-30": "483.59900", "2017-06-30": "465.81900", "2017-03-31": "437.55600", "2016-12-31": "497.52610", "2016-09-30": "452.78500", "2016-06-30": "468.54300", "2016-03-31": "429.98000", "2015-12-31": "462.07390", "2015-09-30": "368.97400", "2015-06-30": "352.93100", "2015-03-31": "340.01600", "2014-12-31": "352.70000", "2014-09-30": "317.82400", "2014-06-30": "349.03700", "2014-03-31": "316.54500", "2013-12-31": "302.96600", "2013-09-30": "292.52500", "2013-06-30": "303.47600", "2013-03-31": "285.25600", "2012-12-31": "232.95500", "2012-09-30": "210.27000", "2012-06-30": "214.70200", "2012-03-31": "192.16300", "2011-12-31": "198.84800", "2011-09-30": "181.53400", "2011-06-30": "175.60700", "2011-03-31": "151.20800", "2010-12-31": "172.62000", "2010-09-30": "145.78200", "2010-06-30": "143.68300", "2010-03-31": "134.24800", "2009-12-31": "124.16200", "2009-09-30": "125.91500", "2009-06-30": "131.65600", "2009-03-31": "153.45500", "2008-12-31": "120.86300", "2008-09-30": "135.51900", "2008-06-30": "141.02100", "2008-03-31": "134.86700", "2007-12-31": "118.03200", "2007-09-30": "110.57200", "2007-06-30": "92.04600", "2007-03-31": "86.88900", "2006-12-31": "77.84100", "2006-09-30": "82.21800", "2006-06-30": "84.57000", "2006-03-31": "81.60100", "2005-12-31": "63.58200", "2005-09-30": "64.65300", "2005-06-30": "67.57500", "2005-03-31": "62.88600"}, "Operating Income": {"2020-09-30": "86.67210", "2020-06-30": "39.11800", "2020-03-31": "105.41400", "2019-12-31": "152.03020", "2019-09-30": "121.34500", "2019-06-30": "139.60700", "2019-03-31": "101.06100", "2018-12-31": "139.98680", "2018-09-30": "107.67700", "2018-06-30": "111.31010", "2018-03-31": "86.99200", "2017-12-31": "62.90390", "2017-09-30": "109.44410", "2017-06-30": "113.52400", "2017-03-31": "92.74100", "2016-12-31": "99.29110", "2016-09-30": "121.43900", "2016-06-30": "111.91300", "2016-03-31": "86.37500", "2015-12-31": "72.63300", "2015-09-30": "80.03000", "2015-06-30": "83.36000", "2015-03-31": "66.58000", "2014-12-31": "82.29500", "2014-09-30": "86.46500", "2014-06-30": "75.73900", "2014-03-31": "55.93300", "2013-12-31": "74.45410", "2013-09-30": "67.48800", "2013-06-30": "60.32500", "2013-03-31": "42.19500", "2012-12-31": "58.65700", "2012-09-30": "47.42900", "2012-06-30": "45.33800", "2012-03-31": "36.66000", "2011-12-31": "44.91200", "2011-09-30": "37.18600", "2011-06-30": "35.24800", "2011-03-31": "31.36400", "2010-12-31": "34.61300", "2010-09-30": "32.01100", "2010-06-30": "29.72900", "2010-03-31": "26.43500", "2009-12-31": "28.33100", "2009-09-30": "28.07400", "2009-06-30": "26.94500", "2009-03-31": "28.09100", "2008-12-31": "30.15700", "2008-09-30": "30.95300", "2008-06-30": "32.49200", "2008-03-31": "26.01600", "2007-12-31": "27.50100", "2007-09-30": "25.42400", "2007-06-30": "21.20200", "2007-03-31": "18.80600", "2006-12-31": "20.45300", "2006-09-30": "21.02100", "2006-06-30": "20.27900", "2006-03-31": "15.14800", "2005-12-31": "13.34800", "2005-09-30": "16.28400", "2005-06-30": "16.33700", "2005-03-31": "12.00300"}, "Total Non-Operating Income/Expense": {"2020-09-30": "-7.97500", "2020-06-30": "-12.36600", "2020-03-31": "-8.95000", "2019-12-31": "-10.81200", "2019-09-30": "-15.11500", "2019-06-30": "-14.15100", "2019-03-31": "-11.34600", "2018-12-31": "-11.75800", "2018-09-30": "-9.65800", "2018-06-30": "-0.74600", "2018-03-31": "-0.29100", "2017-12-31": "-1.68900", "2017-09-30": "3.33100", "2017-06-30": "2.60800", "2017-03-31": "0.66600", "2016-12-31": "18.57600", "2016-09-30": "-9.59200", "2016-06-30": "-2.22100", "2016-03-31": "-4.47600", "2015-12-31": "-3.27900", "2015-09-30": "-6.16500", "2015-06-30": "-3.68200", "2015-03-31": "-8.31000", "2014-12-31": "-5.53800", "2014-09-30": "-4.88800", "2014-06-30": "-4.36400", "2014-03-31": "-4.85200", "2013-12-31": "-4.95400", "2013-09-30": "-5.64300", "2013-06-30": "-4.43700", "2013-03-31": "-3.64700", "2012-12-31": "-2.94600", "2012-09-30": "-5.75300", "2012-06-30": "-1.58700", "2012-03-31": "-3.35800", "2011-12-31": "-0.73700", "2011-09-30": "-1.90000", "2011-06-30": "-3.72700", "2011-03-31": "-1.89800", "2010-12-31": "-1.21100", "2010-09-30": "-2.05600", "2010-06-30": "-2.46600", "2010-03-31": "-2.81900", "2009-12-31": "-2.30800", "2009-09-30": "-2.66000", "2009-06-30": "-3.31700", "2009-03-31": "-3.43000", "2008-12-31": "-3.68800", "2008-09-30": "-4.01800", "2008-06-30": "-3.60000", "2008-03-31": "-4.09000", "2007-12-31": "-1.86900", "2007-09-30": "-1.30500", "2007-06-30": "-0.64300", "2007-03-31": "-1.13700", "2006-12-31": "-1.61300", "2006-09-30": "-1.58100", "2006-06-30": "-2.19600", "2006-03-31": "-1.70300", "2005-12-31": "-1.46400", "2005-09-30": "-1.89100", "2005-06-30": "-1.63600", "2005-03-31": "-1.58300"}, "Pre-Tax Income": {"2020-09-30": "78.69700", "2020-06-30": "26.75200", "2020-03-31": "96.46400", "2019-12-31": "141.21800", "2019-09-30": "106.23000", "2019-06-30": "125.45600", "2019-03-31": "89.71500", "2018-12-31": "128.22900", "2018-09-30": "98.01900", "2018-06-30": "110.56400", "2018-03-31": "86.70100", "2017-12-31": "61.21500", "2017-09-30": "112.77500", "2017-06-30": "116.13200", "2017-03-31": "93.40700", "2016-12-31": "117.86700", "2016-09-30": "111.84700", "2016-06-30": "109.69200", "2016-03-31": "81.89900", "2015-12-31": "69.35400", "2015-09-30": "73.86500", "2015-06-30": "79.67800", "2015-03-31": "58.27000", "2014-12-31": "76.75700", "2014-09-30": "81.57700", "2014-06-30": "71.37500", "2014-03-31": "51.08100", "2013-12-31": "69.50000", "2013-09-30": "61.84500", "2013-06-30": "55.88800", "2013-03-31": "38.54800", "2012-12-31": "55.71100", "2012-09-30": "41.67600", "2012-06-30": "43.75100", "2012-03-31": "33.30200", "2011-12-31": "44.17500", "2011-09-30": "35.28600", "2011-06-30": "31.52100", "2011-03-31": "29.46600", "2010-12-31": "33.40200", "2010-09-30": "29.95500", "2010-06-30": "27.26300", "2010-03-31": "23.61600", "2009-12-31": "26.02300", "2009-09-30": "25.41400", "2009-06-30": "23.62800", "2009-03-31": "24.66100", "2008-12-31": "26.46900", "2008-09-30": "26.93500", "2008-06-30": "28.89200", "2008-03-31": "21.92600", "2007-12-31": "25.63200", "2007-09-30": "24.11900", "2007-06-30": "20.55900", "2007-03-31": "17.66900", "2006-12-31": "18.84000", "2006-09-30": "19.44000", "2006-06-30": "18.08300", "2006-03-31": "13.44500", "2005-12-31": "11.88400", "2005-09-30": "14.39300", "2005-06-30": "14.70100", "2005-03-31": "10.42000"}, "Income Taxes": {"2020-09-30": "18.18100", "2020-06-30": "5.59000", "2020-03-31": "22.68500", "2019-12-31": "32.22100", "2019-09-30": "24.21000", "2019-06-30": "33.24600", "2019-03-31": "20.70200", "2018-12-31": "33.39000", "2018-09-30": "25.11400", "2018-06-30": "26.57600", "2018-03-31": "21.28100", "2017-12-31": "-13.97100", "2017-09-30": "38.10400", "2017-06-30": "38.56300", "2017-03-31": "22.70500", "2016-12-31": "36.93100", "2016-09-30": "35.99600", "2016-06-30": "36.80100", "2016-03-31": "27.36100", "2015-12-31": "19.06700", "2015-09-30": "25.04000", "2015-06-30": "25.41100", "2015-03-31": "20.03900", "2014-12-31": "25.00800", "2014-09-30": "21.86400", "2014-06-30": "22.97000", "2014-03-31": "17.63600", "2013-12-31": "19.57900", "2013-09-30": "20.90300", "2013-06-30": "18.72500", "2013-03-31": "12.64600", "2012-12-31": "17.92300", "2012-09-30": "11.90700", "2012-06-30": "12.70600", "2012-03-31": "11.20700", "2011-12-31": "9.61600", "2011-09-30": "11.82500", "2011-06-30": "11.89300", "2011-03-31": "11.64100", "2010-12-31": "12.40800", "2010-09-30": "9.35300", "2010-06-30": "9.75400", "2010-03-31": "9.85400", "2009-12-31": "8.14900", "2009-09-30": "9.91300", "2009-06-30": "9.91400", "2009-03-31": "10.59400", "2008-12-31": "9.15600", "2008-09-30": "10.64500", "2008-06-30": "11.77500", "2008-03-31": "8.74500", "2007-12-31": "10.37600", "2007-09-30": "10.06300", "2007-06-30": "7.97700", "2007-03-31": "6.94900", "2006-12-31": "7.78100", "2006-09-30": "7.26300", "2006-06-30": "6.99300", "2006-03-31": "5.39400", "2005-12-31": "4.65100", "2005-09-30": "4.76500", "2005-06-30": "5.73200", "2005-03-31": "4.07200"}, "Income After Taxes": {"2020-09-30": "60.51600", "2020-06-30": "21.16200", "2020-03-31": "73.77900", "2019-12-31": "108.99700", "2019-09-30": "82.02000", "2019-06-30": "92.21000", "2019-03-31": "69.01300", "2018-12-31": "94.83900", "2018-09-30": "72.90500", "2018-06-30": "83.98800", "2018-03-31": "65.42000", "2017-12-31": "75.18600", "2017-09-30": "74.67100", "2017-06-30": "77.56900", "2017-03-31": "70.70200", "2016-12-31": "80.93600", "2016-09-30": "75.85100", "2016-06-30": "72.89100", "2016-03-31": "54.53800", "2015-12-31": "50.28700", "2015-09-30": "48.82500", "2015-06-30": "54.26700", "2015-03-31": "38.23100", "2014-12-31": "51.74900", "2014-09-30": "59.71300", "2014-06-30": "48.40500", "2014-03-31": "33.44500", "2013-12-31": "49.92100", "2013-09-30": "40.94200", "2013-06-30": "37.16300", "2013-03-31": "25.90200", "2012-12-31": "37.78800", "2012-09-30": "29.76900", "2012-06-30": "31.04500", "2012-03-31": "22.09500", "2011-12-31": "34.55900", "2011-09-30": "23.46100", "2011-06-30": "19.62800", "2011-03-31": "17.82500", "2010-12-31": "20.99400", "2010-09-30": "20.60200", "2010-06-30": "17.50900", "2010-03-31": "13.76200", "2009-12-31": "17.87400", "2009-09-30": "15.50100", "2009-06-30": "13.71400", "2009-03-31": "14.06700", "2008-12-31": "17.31300", "2008-09-30": "16.29000", "2008-06-30": "17.11700", "2008-03-31": "13.18100", "2007-12-31": "15.25600", "2007-09-30": "14.05600", "2007-06-30": "12.58200", "2007-03-31": "10.72000", "2006-12-31": "11.05900", "2006-09-30": "12.17700", "2006-06-30": "11.09000", "2006-03-31": "8.05100", "2005-12-31": "7.23300", "2005-09-30": "9.62800", "2005-06-30": "8.96900", "2005-03-31": "6.34800"}, "Other Income": {"2020-09-30": "", "2020-06-30": "", "2020-03-31": "", "2019-12-31": "", "2019-09-30": "", "2019-06-30": "", "2019-03-31": "", "2018-12-31": "", "2018-09-30": "", "2018-06-30": "", "2018-03-31": "", "2017-12-31": "", "2017-09-30": "", "2017-06-30": "", "2017-03-31": "", "2016-12-31": "", "2016-09-30": "", "2016-06-30": "", "2016-03-31": "", "2015-12-31": "", "2015-09-30": "", "2015-06-30": "", "2015-03-31": "", "2014-12-31": "", "2014-09-30": "", "2014-06-30": "", "2014-03-31": "", "2013-12-31": "", "2013-09-30": "", "2013-06-30": "", "2013-03-31": "", "2012-12-31": "", "2012-09-30": "", "2012-06-30": "", "2012-03-31": "", "2011-12-31": "", "2011-09-30": "", "2011-06-30": "", "2011-03-31": "", "2010-12-31": "", "2010-09-30": "", "2010-06-30": "", "2010-03-31": "", "2009-12-31": "", "2009-09-30": "", "2009-06-30": "", "2009-03-31": "", "2008-12-31": "", "2008-09-30": "", "2008-06-30": "", "2008-03-31": "", "2007-12-31": "", "2007-09-30": "", "2007-06-30": "", "2007-03-31": "", "2006-12-31": "", "2006-09-30": "", "2006-06-30": "", "2006-03-31": "", "2005-12-31": "", "2005-09-30": "", "2005-06-30": "", "2005-03-31": ""}, "Income From Continuous Operations": {"2020-09-30": "60.51600", "2020-06-30": "21.16200", "2020-03-31": "73.77900", "2019-12-31": "108.99700", "2019-09-30": "82.02000", "2019-06-30": "92.21000", "2019-03-31": "69.01300", "2018-12-31": "94.83900", "2018-09-30": "72.90500", "2018-06-30": "83.98800", "2018-03-31": "65.42000", "2017-12-31": "75.18600", "2017-09-30": "74.67100", "2017-06-30": "77.56900", "2017-03-31": "70.70200", "2016-12-31": "80.93600", "2016-09-30": "75.85100", "2016-06-30": "72.89100", "2016-03-31": "54.53800", "2015-12-31": "50.28700", "2015-09-30": "48.82500", "2015-06-30": "54.26700", "2015-03-31": "38.23100", "2014-12-31": "51.74900", "2014-09-30": "59.71300", "2014-06-30": "48.40500", "2014-03-31": "33.44500", "2013-12-31": "49.92100", "2013-09-30": "40.94200", "2013-06-30": "37.16300", "2013-03-31": "25.90200", "2012-12-31": "37.78800", "2012-09-30": "29.76900", "2012-06-30": "31.04500", "2012-03-31": "22.09500", "2011-12-31": "34.55900", "2011-09-30": "23.46100", "2011-06-30": "19.62800", "2011-03-31": "17.82500", "2010-12-31": "20.99400", "2010-09-30": "20.60200", "2010-06-30": "17.50900", "2010-03-31": "13.76200", "2009-12-31": "17.87400", "2009-09-30": "15.50100", "2009-06-30": "13.71400", "2009-03-31": "14.06700", "2008-12-31": "17.31300", "2008-09-30": "16.29000", "2008-06-30": "17.11700", "2008-03-31": "13.18100", "2007-12-31": "15.25600", "2007-09-30": "14.05600", "2007-06-30": "12.58200", "2007-03-31": "10.72000", "2006-12-31": "11.05900", "2006-09-30": "12.17700", "2006-06-30": "11.09000", "2006-03-31": "8.05100", "2005-12-31": "7.23300", "2005-09-30": "9.62800", "2005-06-30": "8.96900", "2005-03-31": "6.34800"}, "Income From Discontinued Operations": {"2020-09-30": "", "2020-06-30": "", "2020-03-31": "", "2019-12-31": "", "2019-09-30": "", "2019-06-30": "", "2019-03-31": "", "2018-12-31": "", "2018-09-30": "", "2018-06-30": "", "2018-03-31": "", "2017-12-31": "", "2017-09-30": "", "2017-06-30": "", "2017-03-31": "", "2016-12-31": "", "2016-09-30": "", "2016-06-30": "", "2016-03-31": "", "2015-12-31": "", "2015-09-30": "", "2015-06-30": "", "2015-03-31": "", "2014-12-31": "", "2014-09-30": "", "2014-06-30": "", "2014-03-31": "", "2013-12-31": "", "2013-09-30": "", "2013-06-30": "", "2013-03-31": "", "2012-12-31": "", "2012-09-30": "", "2012-06-30": "", "2012-03-31": "", "2011-12-31": "", "2011-09-30": "", "2011-06-30": "", "2011-03-31": "", "2010-12-31": "", "2010-09-30": "", "2010-06-30": "", "2010-03-31": "", "2009-12-31": "", "2009-09-30": "", "2009-06-30": "", "2009-03-31": "", "2008-12-31": "", "2008-09-30": "", "2008-06-30": "", "2008-03-31": "", "2007-12-31": "", "2007-09-30": "", "2007-06-30": "", "2007-03-31": "", "2006-12-31": "", "2006-09-30": "", "2006-06-30": "", "2006-03-31": "", "2005-12-31": "", "2005-09-30": "", "2005-06-30": "", "2005-03-31": ""}, "Net Income": {"2020-09-30": "60.51600", "2020-06-30": "21.16200", "2020-03-31": "73.77900", "2019-12-31": "108.99700", "2019-09-30": "82.02000", "2019-06-30": "92.21000", "2019-03-31": "69.01300", "2018-12-31": "94.83900", "2018-09-30": "72.90500", "2018-06-30": "83.98800", "2018-03-31": "65.42000", "2017-12-31": "75.18600", "2017-09-30": "74.67100", "2017-06-30": "77.56900", "2017-03-31": "70.70200", "2016-12-31": "80.93600", "2016-09-30": "75.85100", "2016-06-30": "72.89100", "2016-03-31": "54.53800", "2015-12-31": "50.28700", "2015-09-30": "48.82500", "2015-06-30": "54.26700", "2015-03-31": "38.23100", "2014-12-31": "51.74900", "2014-09-30": "59.71300", "2014-06-30": "48.40500", "2014-03-31": "33.44500", "2013-12-31": "49.92100", "2013-09-30": "40.94200", "2013-06-30": "37.16300", "2013-03-31": "25.90200", "2012-12-31": "37.78800", "2012-09-30": "29.76900", "2012-06-30": "31.04500", "2012-03-31": "22.09500", "2011-12-31": "34.55900", "2011-09-30": "23.46100", "2011-06-30": "19.62800", "2011-03-31": "17.82500", "2010-12-31": "20.99400", "2010-09-30": "20.60200", "2010-06-30": "17.50900", "2010-03-31": "13.76200", "2009-12-31": "17.87400", "2009-09-30": "15.50100", "2009-06-30": "13.71400", "2009-03-31": "14.06700", "2008-12-31": "17.31300", "2008-09-30": "16.29000", "2008-06-30": "17.11700", "2008-03-31": "13.18100", "2007-12-31": "15.25600", "2007-09-30": "14.05600", "2007-06-30": "12.58200", "2007-03-31": "10.72000", "2006-12-31": "11.05900", "2006-09-30": "12.17700", "2006-06-30": "11.09000", "2006-03-31": "8.05100", "2005-12-31": "7.23300", "2005-09-30": "9.62800", "2005-06-30": "8.96900", "2005-03-31": "6.34800"}, "EBITDA": {"2020-09-30": "114.05610", "2020-06-30": "66.72900", "2020-03-31": "132.01300", "2019-12-31": "178.18620", "2019-09-30": "148.48200", "2019-06-30": "164.22800", "2019-03-31": "126.57500", "2018-12-31": "170.76970", "2018-09-30": "135.51000", "2018-06-30": "129.90810", "2018-03-31": "107.01600", "2017-12-31": "83.40190", "2017-09-30": "126.40510", "2017-06-30": "131.78200", "2017-03-31": "106.79800", "2016-12-31": "113.11610", "2016-09-30": "134.60800", "2016-06-30": "128.22300", "2016-03-31": "101.30500", "2015-12-31": "92.72400", "2015-09-30": "91.85300", "2015-06-30": "94.28800", "2015-03-31": "77.81200", "2014-12-31": "91.61300", "2014-09-30": "97.08500", "2014-06-30": "86.53200", "2014-03-31": "66.45400", "2013-12-31": "82.60110", "2013-09-30": "76.68800", "2013-06-30": "72.11900", "2013-03-31": "56.21800", "2012-12-31": "64.87000", "2012-09-30": "54.53000", "2012-06-30": "51.88000", "2012-03-31": "43.70700", "2011-12-31": "49.95300", "2011-09-30": "42.52000", "2011-06-30": "40.53400", "2011-03-31": "35.41100", "2010-12-31": "39.97100", "2010-09-30": "35.86000", "2010-06-30": "33.62000", "2010-03-31": "30.35100", "2009-12-31": "32.34600", "2009-09-30": "31.87200", "2009-06-30": "29.81500", "2009-03-31": "33.29600", "2008-12-31": "32.29100", "2008-09-30": "34.34700", "2008-06-30": "35.82100", "2008-03-31": "29.54900", "2007-12-31": "29.01100", "2007-09-30": "27.52700", "2007-06-30": "22.63100", "2007-03-31": "20.12400", "2006-12-31": "21.67100", "2006-09-30": "22.23100", "2006-06-30": "21.45600", "2006-03-31": "16.40400", "2005-12-31": "14.30500", "2005-09-30": "17.08100", "2005-06-30": "17.20800", "2005-03-31": "12.93200"}, "EBIT": {"2020-09-30": "86.67210", "2020-06-30": "39.11800", "2020-03-31": "105.41400", "2019-12-31": "152.03020", "2019-09-30": "121.34500", "2019-06-30": "139.60700", "2019-03-31": "101.06100", "2018-12-31": "139.98680", "2018-09-30": "107.67700", "2018-06-30": "111.31010", "2018-03-31": "86.99200", "2017-12-31": "62.90380", "2017-09-30": "109.44410", "2017-06-30": "113.52400", "2017-03-31": "92.74100", "2016-12-31": "99.29100", "2016-09-30": "121.43900", "2016-06-30": "111.91300", "2016-03-31": "86.37500", "2015-12-31": "72.63310", "2015-09-30": "80.03000", "2015-06-30": "83.36000", "2015-03-31": "66.58000", "2014-12-31": "82.29500", "2014-09-30": "86.46500", "2014-06-30": "75.73900", "2014-03-31": "55.93300", "2013-12-31": "74.45400", "2013-09-30": "67.48800", "2013-06-30": "60.32500", "2013-03-31": "42.19500", "2012-12-31": "58.65700", "2012-09-30": "47.42900", "2012-06-30": "45.33800", "2012-03-31": "36.66000", "2011-12-31": "44.91190", "2011-09-30": "37.18600", "2011-06-30": "35.24800", "2011-03-31": "31.36400", "2010-12-31": "34.61300", "2010-09-30": "32.01100", "2010-06-30": "29.72900", "2010-03-31": "26.43500", "2009-12-31": "28.33110", "2009-09-30": "28.07400", "2009-06-30": "26.94500", "2009-03-31": "28.09100", "2008-12-31": "30.15700", "2008-09-30": "30.95300", "2008-06-30": "32.49200", "2008-03-31": "26.01600", "2007-12-31": "27.50100", "2007-09-30": "25.42400", "2007-06-30": "21.20200", "2007-03-31": "18.80600", "2006-12-31": "20.45300", "2006-09-30": "21.02100", "2006-06-30": "20.27900", "2006-03-31": "15.14800", "2005-12-31": "13.34800", "2005-09-30": "16.28400", "2005-06-30": "16.33700", "2005-03-31": "12.00300"}, "Basic Shares Outstanding": {"2020-09-30": "54.98200", "2020-06-30": "54.93500", "2020-03-31": "55.39600", "2019-12-31": "55.64700", "2019-09-30": "55.66300", "2019-06-30": "55.66000", "2019-03-31": "55.60100", "2018-12-31": "55.57600", "2018-09-30": "55.57700", "2018-06-30": "55.57600", "2018-03-31": "55.57300", "2017-12-31": "56.71500", "2017-09-30": "56.81000", "2017-06-30": "57.29900", "2017-03-31": "57.10300", "2016-12-31": "57.03000", "2016-09-30": "57.02200", "2016-06-30": "57.02200", "2016-03-31": "57.05100", "2015-12-31": "56.95100", "2015-09-30": "56.96300", "2015-06-30": "56.96300", "2015-03-31": "56.91700", "2014-12-31": "56.76400", "2014-09-30": "56.86600", "2014-06-30": "56.86600", "2014-03-31": "56.45700", "2013-12-31": "55.83100", "2013-09-30": "56.17900", "2013-06-30": "55.75500", "2013-03-31": "55.18500", "2012-12-31": "54.37700", "2012-09-30": "54.88800", "2012-06-30": "54.80100", "2012-03-31": "54.44400", "2011-12-31": "53.99400", "2011-09-30": "54.12000", "2011-06-30": "54.15600", "2011-03-31": "53.70300", "2010-12-31": "53.40300", "2010-09-30": "53.44500", "2010-06-30": "53.58900", "2010-03-31": "53.26200", "2009-12-31": "52.81500", "2009-09-30": "52.80000", "2009-06-30": "52.75200", "2009-03-31": "52.75200", "2008-12-31": "47.93400", "2008-09-30": "47.73300", "2008-06-30": "47.97000", "2008-03-31": "48.16500", "2007-12-31": "47.08200", "2007-09-30": "47.22900", "2007-06-30": "46.92300", "2007-03-31": "46.53000", "2006-12-31": "45.85800", "2006-09-30": "45.87000", "2006-06-30": "45.73800", "2006-03-31": "45.70800", "2005-12-31": "45.08400", "2005-09-30": "45.09600", "2005-06-30": "45.04800", "2005-03-31": "44.83800"}, "Shares Outstanding": {"2020-09-30": "55.10000", "2020-06-30": "54.95700", "2020-03-31": "55.39800", "2019-12-31": "55.65600", "2019-09-30": "55.66300", "2019-06-30": "55.66000", "2019-03-31": "55.60100", "2018-12-31": "55.60400", "2018-09-30": "55.57700", "2018-06-30": "55.57600", "2018-03-31": "55.57300", "2017-12-31": "56.71900", "2017-09-30": "56.81000", "2017-06-30": "57.29900", "2017-03-31": "57.10300", "2016-12-31": "57.08500", "2016-09-30": "57.02200", "2016-06-30": "57.02200", "2016-03-31": "57.05100", "2015-12-31": "56.97300", "2015-09-30": "56.96600", "2015-06-30": "56.96500", "2015-03-31": "56.91800", "2014-12-31": "56.78400", "2014-09-30": "56.86800", "2014-06-30": "56.86700", "2014-03-31": "56.45900", "2013-12-31": "56.14800", "2013-09-30": "56.22700", "2013-06-30": "55.84400", "2013-03-31": "55.85400", "2012-12-31": "54.80700", "2012-09-30": "55.74000", "2012-06-30": "55.72200", "2012-03-31": "55.39500", "2011-12-31": "55.60200", "2011-09-30": "55.74000", "2011-06-30": "55.73700", "2011-03-31": "55.33500", "2010-12-31": "55.01100", "2010-09-30": "54.82200", "2010-06-30": "54.96600", "2010-03-31": "56.14800", "2009-12-31": "55.72500", "2009-09-30": "56.26200", "2009-06-30": "55.90500", "2009-03-31": "54.51000", "2008-12-31": "51.09000", "2008-09-30": "51.05100", "2008-06-30": "51.73200", "2008-03-31": "51.51000", "2007-12-31": "50.81400", "2007-09-30": "50.80200", "2007-06-30": "50.62500", "2007-03-31": "50.22000", "2006-12-31": "49.55400", "2006-09-30": "49.48800", "2006-06-30": "49.58400", "2006-03-31": "49.60800", "2005-12-31": "48.55800", "2005-09-30": "48.66000", "2005-06-30": "48.30000", "2005-03-31": "48.12000"}, "Basic EPS": {"2020-09-30": "1.10000", "2020-06-30": "0.39000", "2020-03-31": "1.33000", "2019-12-31": "1.96000", "2019-09-30": "1.47000", "2019-06-30": "1.66000", "2019-03-31": "1.24000", "2018-12-31": "1.71000", "2018-09-30": "1.31000", "2018-06-30": "1.51000", "2018-03-31": "1.18000", "2017-12-31": "1.36000", "2017-09-30": "1.31000", "2017-06-30": "1.35000", "2017-03-31": "1.24000", "2016-12-31": "1.41000", "2016-09-30": "1.33000", "2016-06-30": "1.28000", "2016-03-31": "0.96000", "2015-12-31": "0.88000", "2015-09-30": "0.86000", "2015-06-30": "0.95000", "2015-03-31": "0.67000", "2014-12-31": "0.92000", "2014-09-30": "1.05000", "2014-06-30": "0.85000", "2014-03-31": "0.59000", "2013-12-31": "0.89000", "2013-09-30": "0.73000", "2013-06-30": "0.67000", "2013-03-31": "0.47000", "2012-12-31": "0.70330", "2012-09-30": "0.54330", "2012-06-30": "0.56670", "2012-03-31": "0.40670", "2011-12-31": "0.63670", "2011-09-30": "0.43330", "2011-06-30": "0.36330", "2011-03-31": "0.33330", "2010-12-31": "0.39000", "2010-09-30": "0.38670", "2010-06-30": "0.32670", "2010-03-31": "0.26000", "2009-12-31": "0.33670", "2009-09-30": "0.29330", "2009-06-30": "0.26000", "2009-03-31": "0.26670", "2008-12-31": "0.36330", "2008-09-30": "0.34000", "2008-06-30": "0.35670", "2008-03-31": "0.27330", "2007-12-31": "0.32330", "2007-09-30": "0.29670", "2007-06-30": "0.26670", "2007-03-31": "0.23000", "2006-12-31": "0.23670", "2006-09-30": "0.26670", "2006-06-30": "0.24330", "2006-03-31": "0.17670", "2005-12-31": "0.16000", "2005-09-30": "0.21330", "2005-06-30": "0.19830", "2005-03-31": "0.14170"}, "EPS - Earnings Per Share": {"2020-09-30": "1.10000", "2020-06-30": "0.39000", "2020-03-31": "1.33000", "2019-12-31": "1.96000", "2019-09-30": "1.47000", "2019-06-30": "1.66000", "2019-03-31": "1.24000", "2018-12-31": "1.70000", "2018-09-30": "1.31000", "2018-06-30": "1.51000", "2018-03-31": "1.18000", "2017-12-31": "1.36000", "2017-09-30": "1.31000", "2017-06-30": "1.35000", "2017-03-31": "1.24000", "2016-12-31": "1.41000", "2016-09-30": "1.33000", "2016-06-30": "1.28000", "2016-03-31": "0.96000", "2015-12-31": "0.88000", "2015-09-30": "0.86000", "2015-06-30": "0.95000", "2015-03-31": "0.67000", "2014-12-31": "0.91000", "2014-09-30": "1.05000", "2014-06-30": "0.85000", "2014-03-31": "0.59000", "2013-12-31": "0.87670", "2013-09-30": "0.73000", "2013-06-30": "0.67000", "2013-03-31": "0.46330", "2012-12-31": "0.71000", "2012-09-30": "0.53330", "2012-06-30": "0.55670", "2012-03-31": "0.40000", "2011-12-31": "0.62000", "2011-09-30": "0.42000", "2011-06-30": "0.35330", "2011-03-31": "0.32330", "2010-12-31": "0.38000", "2010-09-30": "0.37670", "2010-06-30": "0.32000", "2010-03-31": "0.24670", "2009-12-31": "0.31670", "2009-09-30": "0.27670", "2009-06-30": "0.24670", "2009-03-31": "0.25670", "2008-12-31": "0.34330", "2008-09-30": "0.32000", "2008-06-30": "0.33000", "2008-03-31": "0.25670", "2007-12-31": "0.29670", "2007-09-30": "0.27670", "2007-06-30": "0.25000", "2007-03-31": "0.21330", "2006-12-31": "0.22500", "2006-09-30": "0.24670", "2006-06-30": "0.22330", "2006-03-31": "0.16170", "2005-12-31": "0.14830", "2005-09-30": "0.19830", "2005-06-30": "0.18500", "2005-03-31": "0.13170"}}, "balance sheet": {"Cash On Hand": {"2019-12-31": "94.50000", "2018-12-31": "71.70100", "2017-12-31": "89.65400", "2016-12-31": "68.48500", "2015-12-31": "55.52800", "2014-12-31": "43.94500", "2013-12-31": "36.89400", "2012-12-31": "34.36600", "2011-12-31": "40.21600", "2010-12-31": "7.65600", "2009-12-31": "8.36300", "2008-12-31": "6.14400", "2007-12-31": "7.46300", "2006-12-31": "3.53400", "2005-12-31": "3.90800"}, "Receivables": {"2019-12-31": "447.61200", "2018-12-31": "398.66000", "2017-12-31": "328.42100", "2016-12-31": "325.86800", "2015-12-31": "282.53400", "2014-12-31": "229.87500", "2013-12-31": "205.26400", "2012-12-31": "162.23000", "2011-12-31": "151.44100", "2010-12-31": "112.04900", "2009-12-31": "78.89700", "2008-12-31": "85.96900", "2007-12-31": "73.09000", "2006-12-31": "51.58000", "2005-12-31": "38.55200"}, "Inventory": {"2019-12-31": "585.69900", "2018-12-31": "521.81000", "2017-12-31": "424.63900", "2016-12-31": "368.24300", "2015-12-31": "354.15000", "2014-12-31": "255.77600", "2013-12-31": "220.11600", "2012-12-31": "153.49000", "2011-12-31": "124.30000", "2010-12-31": "106.46300", "2009-12-31": "90.64000", "2008-12-31": "91.55100", "2007-12-31": "66.43800", "2006-12-31": "47.29200", "2005-12-31": "40.98900"}, "Pre-Paid Expenses": {"2019-12-31": "81.38500", "2018-12-31": "69.42300", "2017-12-31": "89.17500", "2016-12-31": "49.10300", "2015-12-31": "51.22700", "2014-12-31": "33.51800", "2013-12-31": "33.12300", "2012-12-31": "19.15100", "2011-12-31": "12.33600", "2010-12-31": "11.97100", "2009-12-31": "15.78700", "2008-12-31": "7.64600", "2007-12-31": "28.32700", "2006-12-31": "4.41800", "2005-12-31": "7.86700"}, "Other Current Assets": {"2019-12-31": "", "2018-12-31": "", "2017-12-31": "", "2016-12-31": "", "2015-12-31": "", "2014-12-31": "", "2013-12-31": "", "2012-12-31": "", "2011-12-31": "", "2010-12-31": "", "2009-12-31": "", "2008-12-31": "", "2007-12-31": "", "2006-12-31": "", "2005-12-31": ""}, "Total Current Assets": {"2019-12-31": "1209.19600", "2018-12-31": "1061.59400", "2017-12-31": "931.88900", "2016-12-31": "811.69900", "2015-12-31": "795.16200", "2014-12-31": "614.13100", "2013-12-31": "545.73400", "2012-12-31": "412.60200", "2011-12-31": "367.38300", "2010-12-31": "263.65900", "2009-12-31": "217.02600", "2008-12-31": "209.69700", "2007-12-31": "186.41300", "2006-12-31": "117.67500", "2005-12-31": "101.63500"}, "Property, Plant, And Equipment": {"2019-12-31": "352.14500", "2018-12-31": "314.56900", "2017-12-31": "281.91500", "2016-12-31": "221.57100", "2015-12-31": "199.75000", "2014-12-31": "129.69700", "2013-12-31": "125.45700", "2012-12-31": "63.88600", "2011-12-31": "62.50700", "2010-12-31": "43.65600", "2009-12-31": "47.34000", "2008-12-31": "44.75700", "2007-12-31": "36.77400", "2006-12-31": "28.53400", "2005-12-31": "25.33100"}, "Long-Term Investments": {"2019-12-31": "", "2018-12-31": "", "2017-12-31": "", "2016-12-31": "", "2015-12-31": "", "2014-12-31": "", "2013-12-31": "", "2012-12-31": "", "2011-12-31": "", "2010-12-31": "", "2009-12-31": "", "2008-12-31": "", "2007-12-31": "", "2006-12-31": "", "2005-12-31": ""}, "Goodwill And Intangible Assets": {"2019-12-31": "3293.12800", "2018-12-31": "3104.19900", "2017-12-31": "2045.23600", "2016-12-31": "1788.89300", "2015-12-31": "1732.76900", "2014-12-31": "1300.52200", "2013-12-31": "1135.89900", "2012-12-31": "759.35200", "2011-12-31": "712.53800", "2010-12-31": "559.24300", "2009-12-31": "548.07800", "2008-12-31": "392.16400", "2007-12-31": "187.38100", "2006-12-31": "136.56400", "2005-12-31": "134.25500"}, "Other Long-Term Assets": {"2019-12-31": "110.74200", "2018-12-31": "37.23100", "2017-12-31": "36.10800", "2016-12-31": "43.27400", "2015-12-31": "22.03200", "2014-12-31": "18.85600", "2013-12-31": "10.47500", "2012-12-31": "8.44000", "2011-12-31": "4.08400", "2010-12-31": "6.61400", "2009-12-31": "3.90200", "2008-12-31": "7.88000", "2007-12-31": "3.07900", "2006-12-31": "2.24900", "2005-12-31": "2.69700"}, "Total Long-Term Assets": {"2019-12-31": "3792.94700", "2018-12-31": "3488.18700", "2017-12-31": "2407.82400", "2016-12-31": "2105.43700", "2015-12-31": "1965.98900", "2014-12-31": "1452.00000", "2013-12-31": "1273.47200", "2012-12-31": "831.67800", "2011-12-31": "779.12900", "2010-12-31": "609.51310", "2009-12-31": "599.32000", "2008-12-31": "444.80100", "2007-12-31": "227.23400", "2006-12-31": "167.34700", "2005-12-31": "162.28300"}, "Total Assets": {"2019-12-31": "5002.14300", "2018-12-31": "4549.78100", "2017-12-31": "3339.71300", "2016-12-31": "2917.13600", "2015-12-31": "2761.15100", "2014-12-31": "2066.13100", "2013-12-31": "1819.20600", "2012-12-31": "1244.28000", "2011-12-31": "1146.51200", "2010-12-31": "873.17200", "2009-12-31": "816.34600", "2008-12-31": "654.49800", "2007-12-31": "413.64700", "2006-12-31": "285.02200", "2005-12-31": "263.91800"}, "Total Current Liabilities": {"2019-12-31": "593.13700", "2018-12-31": "558.95200", "2017-12-31": "473.65300", "2016-12-31": "488.40900", "2015-12-31": "510.04500", "2014-12-31": "328.31400", "2013-12-31": "311.38500", "2012-12-31": "242.43500", "2011-12-31": "549.61700", "2010-12-31": "183.85200", "2009-12-31": "146.35600", "2008-12-31": "141.49900", "2007-12-31": "124.84000", "2006-12-31": "106.16300", "2005-12-31": "94.04500"}, "Long Term Debt": {"2019-12-31": "1870.24600", "2018-12-31": "1888.89800", "2017-12-31": "1023.73200", "2016-12-31": "726.24300", "2015-12-31": "734.00200", "2014-12-31": "588.76500", "2013-12-31": "570.19000", "2012-12-31": "258.22000", "2011-12-31": "1.50400", "2010-12-31": "208.92000", "2009-12-31": "268.12400", "2008-12-31": "228.32300", "2007-12-31": "93.51400", "2006-12-31": "65.96400", "2005-12-31": "107.81500"}, "Other Non-Current Liabilities": {"2019-12-31": "458.44600", "2018-12-31": "322.83200", "2017-12-31": "58.85400", "2016-12-31": "36.41800", "2015-12-31": "29.77400", "2014-12-31": "32.35200", "2013-12-31": "37.85100", "2012-12-31": "48.76000", "2011-12-31": "46.57700", "2010-12-31": "43.62900", "2009-12-31": "45.02400", "2008-12-31": "23.02900", "2007-12-31": "9.81300", "2006-12-31": "6.45500", "2005-12-31": "5.35100"}, "Total Long Term Liabilities": {"2019-12-31": "2462.19200", "2018-12-31": "2325.62600", "2017-12-31": "1504.91200", "2016-12-31": "1163.40900", "2015-12-31": "1084.27600", "2014-12-31": "731.05700", "2013-12-31": "669.47400", "2012-12-31": "351.81800", "2011-12-31": "85.92600", "2010-12-31": "264.40700", "2009-12-31": "327.33500", "2008-12-31": "285.03900", "2007-12-31": "105.89500", "2006-12-31": "78.28600", "2005-12-31": "121.37300"}, "Total Liabilities": {"2019-12-31": "3055.32900", "2018-12-31": "2884.57800", "2017-12-31": "1978.56500", "2016-12-31": "1651.81800", "2015-12-31": "1594.32100", "2014-12-31": "1059.37100", "2013-12-31": "980.85900", "2012-12-31": "594.25300", "2011-12-31": "635.54300", "2010-12-31": "448.25900", "2009-12-31": "473.69100", "2008-12-31": "426.53800", "2007-12-31": "230.73500", "2006-12-31": "184.44900", "2005-12-31": "215.41800"}, "Common Stock Net": {"2019-12-31": "0.14500", "2018-12-31": "0.14500", "2017-12-31": "0.14500", "2016-12-31": "0.14400", "2015-12-31": "0.14400", "2014-12-31": "0.14400", "2013-12-31": "0.14400", "2012-12-31": "0.14100", "2011-12-31": "0.13700", "2010-12-31": "0.13700", "2009-12-31": "0.13600", "2008-12-31": "0.12000", "2007-12-31": "0.12000", "2006-12-31": "0.11700", "2005-12-31": "0.11700"}, "Retained Earnings (Accumulated Deficit)": {"2019-12-31": "2361.46200", "2018-12-31": "2009.23300", "2017-12-31": "1697.61800", "2016-12-31": "1399.49000", "2015-12-31": "1115.27400", "2014-12-31": "923.66400", "2013-12-31": "730.35200", "2012-12-31": "576.42400", "2011-12-31": "455.72700", "2010-12-31": "360.25400", "2009-12-31": "287.38700", "2008-12-31": "230.79700", "2007-12-31": "166.89600", "2006-12-31": "115.91700", "2005-12-31": "73.54000"}, "Comprehensive Income": {"2019-12-31": "-350.93300", "2018-12-31": "-276.47600", "2017-12-31": "-266.41900", "2016-12-31": "-284.32300", "2015-12-31": "-76.41200", "2014-12-31": "-31.43100", "2013-12-31": "-8.63500", "2012-12-31": "-12.39900", "2011-12-31": "-20.53400", "2010-12-31": "-4.03400", "2009-12-31": "-4.86900", "2008-12-31": "-8.26200", "2007-12-31": "0.75500", "2006-12-31": "0.43700", "2005-12-31": "-0.59400"}, "Other Share Holders Equity": {"2019-12-31": "", "2018-12-31": "", "2017-12-31": "", "2016-12-31": "", "2015-12-31": "", "2014-12-31": "", "2013-12-31": "", "2012-12-31": "", "2011-12-31": "", "2010-12-31": "", "2009-12-31": "", "2008-12-31": "", "2007-12-31": "", "2006-12-31": "", "2005-12-31": ""}, "Share Holder Equity": {"2019-12-31": "1946.81400", "2018-12-31": "1665.20300", "2017-12-31": "1361.14800", "2016-12-31": "1265.31800", "2015-12-31": "1166.83000", "2014-12-31": "1006.76000", "2013-12-31": "838.34700", "2012-12-31": "650.02700", "2011-12-31": "510.96900", "2010-12-31": "424.91300", "2009-12-31": "342.65500", "2008-12-31": "227.96000", "2007-12-31": "182.91200", "2006-12-31": "100.57300", "2005-12-31": "48.50000"}, "Total Liabilities And Share Holders Equity": {"2019-12-31": "5002.14300", "2018-12-31": "4549.78100", "2017-12-31": "3339.71300", "2016-12-31": "2917.13600", "2015-12-31": "2761.15100", "2014-12-31": "2066.13100", "2013-12-31": "1819.20600", "2012-12-31": "1244.28000", "2011-12-31": "1146.51200", "2010-12-31": "873.17200", "2009-12-31": "816.34600", "2008-12-31": "654.49800", "2007-12-31": "413.64700", "2006-12-31": "285.02200", "2005-12-31": "263.91800"}}, "balance sheet, quarterly": {"Cash On Hand": {"2020-09-30": "220.31000", "2020-06-30": "649.72000", "2020-03-31": "381.04300", "2019-12-31": "94.50000", "2019-09-30": "87.18100", "2019-06-30": "81.68700", "2019-03-31": "81.21000", "2018-12-31": "71.70100", "2018-09-30": "76.58800", "2018-06-30": "92.28400", "2018-03-31": "103.29000", "2017-12-31": "89.65400", "2017-09-30": "81.72600", "2017-06-30": "64.87300", "2017-03-31": "76.57600", "2016-12-31": "68.48500", "2016-09-30": "61.78000", "2016-06-30": "74.03100", "2016-03-31": "55.68100", "2015-12-31": "55.52800", "2015-09-30": "55.06200", "2015-06-30": "38.58600", "2015-03-31": "54.25900", "2014-12-31": "43.94500", "2014-09-30": "38.15200", "2014-06-30": "32.25800", "2014-03-31": "39.05000", "2013-12-31": "36.89400", "2013-09-30": "29.35500", "2013-06-30": "34.40600", "2013-03-31": "43.76900", "2012-12-31": "34.36600", "2012-09-30": "35.10500", "2012-06-30": "35.22700", "2012-03-31": "28.71300", "2011-12-31": "40.21600", "2011-09-30": "13.41600", "2011-06-30": "21.38900", "2011-03-31": "9.25800", "2010-12-31": "7.65600", "2010-09-30": "5.98600", "2010-06-30": "7.37200", "2010-03-31": "8.29500", "2009-12-31": "8.36300", "2009-09-30": "10.99100", "2009-06-30": "8.03300", "2009-03-31": "8.84900", "2008-12-31": "6.14400", "2008-09-30": "7.02700", "2008-06-30": "7.04900", "2008-03-31": "5.51800", "2007-12-31": "7.46300", "2007-09-30": "7.61600", "2007-06-30": "5.79100", "2007-03-31": "4.05300", "2006-12-31": "3.53400", "2006-09-30": "3.02500", "2006-06-30": "3.15600", "2006-03-31": "3.51000", "2005-12-31": "3.90800", "2005-09-30": "3.27300", "2005-06-30": "3.76700", "2005-03-31": "2.63900"}, "Receivables": {"2020-09-30": "381.27300", "2020-06-30": "313.08400", "2020-03-31": "425.57700", "2019-12-31": "447.61200", "2019-09-30": "417.62200", "2019-06-30": "411.30300", "2019-03-31": "388.33300", "2018-12-31": "398.66000", "2018-09-30": "410.15000", "2018-06-30": "400.26600", "2018-03-31": "331.60900", "2017-12-31": "328.42100", "2017-09-30": "336.80500", "2017-06-30": "327.14800", "2017-03-31": "307.43900", "2016-12-31": "325.86800", "2016-09-30": "329.06600", "2016-06-30": "316.79700", "2016-03-31": "300.90700", "2015-12-31": "282.53400", "2015-09-30": "296.61100", "2015-06-30": "239.58800", "2015-03-31": "239.34200", "2014-12-31": "229.87500", "2014-09-30": "228.46400", "2014-06-30": "229.79500", "2014-03-31": "224.19300", "2013-12-31": "205.26400", "2013-09-30": "195.47700", "2013-06-30": "194.16600", "2013-03-31": "189.97100", "2012-12-31": "162.23000", "2012-09-30": "145.10900", "2012-06-30": "140.66500", "2012-03-31": "138.90300", "2011-12-31": "151.44100", "2011-09-30": "136.67000", "2011-06-30": "130.73700", "2011-03-31": "111.77400", "2010-12-31": "112.04900", "2010-09-30": "102.71000", "2010-06-30": "94.88200", "2010-03-31": "83.73500", "2009-12-31": "78.89700", "2009-09-30": "79.03300", "2009-06-30": "81.35100", "2009-03-31": "107.43600", "2008-12-31": "85.96900", "2008-09-30": "91.63300", "2008-06-30": "102.78300", "2008-03-31": "83.92800", "2007-12-31": "73.09000", "2007-09-30": "69.69800", "2007-06-30": "56.34300", "2007-03-31": "53.74900", "2006-12-31": "51.58000", "2006-09-30": "52.61100", "2006-06-30": "47.90800", "2006-03-31": "41.31200", "2005-12-31": "38.55200", "2005-09-30": "35.75200", "2005-06-30": "33.57300", "2005-03-31": "32.02200"}, "Inventory": {"2020-09-30": "557.51200", "2020-06-30": "608.48400", "2020-03-31": "623.82200", "2019-12-31": "585.69900", "2019-09-30": "614.10200", "2019-06-30": "611.85900", "2019-03-31": "580.17400", "2018-12-31": "521.81000", "2018-09-30": "512.82400", "2018-06-30": "493.66700", "2018-03-31": "459.15100", "2017-12-31": "424.63900", "2017-09-30": "425.93200", "2017-06-30": "421.93400", "2017-03-31": "396.19400", "2016-12-31": "368.24300", "2016-09-30": "385.44400", "2016-06-30": "389.87800", "2016-03-31": "367.63900", "2015-12-31": "354.15000", "2015-09-30": "373.84600", "2015-06-30": "291.93600", "2015-03-31": "276.38300", "2014-12-31": "255.77600", "2014-09-30": "260.00500", "2014-06-30": "260.03300", "2014-03-31": "260.47500", "2013-12-31": "220.11600", "2013-09-30": "209.75800", "2013-06-30": "204.24500", "2013-03-31": "187.02600", "2012-12-31": "153.49000", "2012-09-30": "147.02100", "2012-06-30": "131.55900", "2012-03-31": "138.06900", "2011-12-31": "124.30000", "2011-09-30": "123.54300", "2011-06-30": "122.11400", "2011-03-31": "116.22500", "2010-12-31": "106.46300", "2010-09-30": "106.05300", "2010-06-30": "90.16100", "2010-03-31": "89.32800", "2009-12-31": "90.64000", "2009-09-30": "93.87900", "2009-06-30": "95.34900", "2009-03-31": "96.59600", "2008-12-31": "91.55100", "2008-09-30": "94.36000", "2008-06-30": "91.57400", "2008-03-31": "81.51300", "2007-12-31": "66.43800", "2007-09-30": "68.32600", "2007-06-30": "58.67900", "2007-03-31": "52.14600", "2006-12-31": "47.29200", "2006-09-30": "46.50700", "2006-06-30": "43.76900", "2006-03-31": "43.26000", "2005-12-31": "40.98900", "2005-09-30": "31.98100", "2005-06-30": "34.97700", "2005-03-31": "37.18600"}, "Pre-Paid Expenses": {"2020-09-30": "82.08700", "2020-06-30": "79.97800", "2020-03-31": "77.22000", "2019-12-31": "81.38500", "2019-09-30": "81.54200", "2019-06-30": "80.07400", "2019-03-31": "61.42800", "2018-12-31": "69.42300", "2018-09-30": "79.01800", "2018-06-30": "94.24000", "2018-03-31": "65.60500", "2017-12-31": "89.17500", "2017-09-30": "57.06200", "2017-06-30": "70.36400", "2017-03-31": "57.21400", "2016-12-31": "49.10300", "2016-09-30": "53.72200", "2016-06-30": "54.27900", "2016-03-31": "49.81800", "2015-12-31": "51.22700", "2015-09-30": "43.76400", "2015-06-30": "30.03700", "2015-03-31": "40.30900", "2014-12-31": "33.51800", "2014-09-30": "26.57500", "2014-06-30": "40.56500", "2014-03-31": "57.06400", "2013-12-31": "33.12300", "2013-09-30": "35.15500", "2013-06-30": "41.84100", "2013-03-31": "25.82100", "2012-12-31": "19.15100", "2012-09-30": "20.20000", "2012-06-30": "19.31800", "2012-03-31": "20.58800", "2011-12-31": "12.33600", "2011-09-30": "9.59100", "2011-06-30": "11.32500", "2011-03-31": "10.30800", "2010-12-31": "11.97100", "2010-09-30": "13.31500", "2010-06-30": "15.66200", "2010-03-31": "8.67200", "2009-12-31": "15.78700", "2009-09-30": "8.33400", "2009-06-30": "6.77800", "2009-03-31": "7.62100", "2008-12-31": "7.64600", "2008-09-30": "17.32400", "2008-06-30": "16.10700", "2008-03-31": "28.73000", "2007-12-31": "28.32700", "2007-09-30": "9.13300", "2007-06-30": "2.87800", "2007-03-31": "5.02400", "2006-12-31": "4.41800", "2006-09-30": "4.67300", "2006-06-30": "6.58100", "2006-03-31": "4.44400", "2005-12-31": "7.86700", "2005-09-30": "1.20400", "2005-06-30": "1.96700", "2005-03-31": "8.78500"}, "Other Current Assets": {"2020-09-30": "", "2020-06-30": "", "2020-03-31": "", "2019-12-31": "", "2019-09-30": "", "2019-06-30": "", "2019-03-31": "", "2018-12-31": "", "2018-09-30": "", "2018-06-30": "", "2018-03-31": "", "2017-12-31": "", "2017-09-30": "", "2017-06-30": "", "2017-03-31": "", "2016-12-31": "", "2016-09-30": "", "2016-06-30": "", "2016-03-31": "", "2015-12-31": "", "2015-09-30": "", "2015-06-30": "", "2015-03-31": "", "2014-12-31": "", "2014-09-30": "", "2014-06-30": "", "2014-03-31": "", "2013-12-31": "", "2013-09-30": "", "2013-06-30": "", "2013-03-31": "", "2012-12-31": "", "2012-09-30": "", "2012-06-30": "", "2012-03-31": "", "2011-12-31": "", "2011-09-30": "", "2011-06-30": "", "2011-03-31": "", "2010-12-31": "", "2010-09-30": "", "2010-06-30": "", "2010-03-31": "", "2009-12-31": "", "2009-09-30": "", "2009-06-30": "", "2009-03-31": "", "2008-12-31": "", "2008-09-30": "", "2008-06-30": "", "2008-03-31": "", "2007-12-31": "", "2007-09-30": "", "2007-06-30": "", "2007-03-31": "", "2006-12-31": "", "2006-09-30": "", "2006-06-30": "", "2006-03-31": "", "2005-12-31": "", "2005-09-30": "", "2005-06-30": "", "2005-03-31": ""}, "Total Current Assets": {"2020-09-30": "1241.18200", "2020-06-30": "1651.26600", "2020-03-31": "1507.66200", "2019-12-31": "1209.19600", "2019-09-30": "1200.44700", "2019-06-30": "1184.92300", "2019-03-31": "1111.14500", "2018-12-31": "1061.59400", "2018-09-30": "1078.58000", "2018-06-30": "1080.45700", "2018-03-31": "959.65500", "2017-12-31": "931.88900", "2017-09-30": "901.52500", "2017-06-30": "884.31900", "2017-03-31": "837.42300", "2016-12-31": "811.69900", "2016-09-30": "830.01200", "2016-06-30": "834.98500", "2016-03-31": "825.94700", "2015-12-31": "795.16200", "2015-09-30": "823.71600", "2015-06-30": "653.62900", "2015-03-31": "661.99000", "2014-12-31": "614.13100", "2014-09-30": "602.13500", "2014-06-30": "611.33800", "2014-03-31": "629.27100", "2013-12-31": "545.73400", "2013-09-30": "514.14800", "2013-06-30": "518.13700", "2013-03-31": "490.15300", "2012-12-31": "412.60200", "2012-09-30": "384.55400", "2012-06-30": "363.32300", "2012-03-31": "365.72600", "2011-12-31": "367.38300", "2011-09-30": "309.18000", "2011-06-30": "311.37800", "2011-03-31": "273.23200", "2010-12-31": "263.65900", "2010-09-30": "253.29300", "2010-06-30": "233.36700", "2010-03-31": "213.63900", "2009-12-31": "217.02600", "2009-09-30": "225.28400", "2009-06-30": "221.46800", "2009-03-31": "250.60700", "2008-12-31": "209.69700", "2008-09-30": "225.13200", "2008-06-30": "232.12700", "2008-03-31": "215.31900", "2007-12-31": "186.41300", "2007-09-30": "166.22200", "2007-06-30": "134.54200", "2007-03-31": "125.03300", "2006-12-31": "117.67500", "2006-09-30": "116.82900", "2006-06-30": "112.84200", "2006-03-31": "103.86800", "2005-12-31": "101.63500", "2005-09-30": "82.80300", "2005-06-30": "83.12000", "2005-03-31": "89.46300"}, "Property, Plant, And Equipment": {"2020-09-30": "343.86000", "2020-06-30": "343.36900", "2020-03-31": "345.82400", "2019-12-31": "352.14500", "2019-09-30": "342.97100", "2019-06-30": "336.92900", "2019-03-31": "318.21200", "2018-12-31": "314.56900", "2018-09-30": "311.74100", "2018-06-30": "317.15000", "2018-03-31": "296.47300", "2017-12-31": "281.91500", "2017-09-30": "275.36500", "2017-06-30": "264.78600", "2017-03-31": "224.84100", "2016-12-31": "221.57100", "2016-09-30": "227.43500", "2016-06-30": "216.09700", "2016-03-31": "199.08100", "2015-12-31": "199.75000", "2015-09-30": "209.88900", "2015-06-30": "148.83800", "2015-03-31": "142.08000", "2014-12-31": "129.69700", "2014-09-30": "128.62200", "2014-06-30": "130.67600", "2014-03-31": "127.23900", "2013-12-31": "125.45700", "2013-09-30": "117.73900", "2013-06-30": "111.78300", "2013-03-31": "139.31700", "2012-12-31": "63.88600", "2012-09-30": "64.04200", "2012-06-30": "62.20600", "2012-03-31": "62.90700", "2011-12-31": "62.50700", "2011-09-30": "59.46000", "2011-06-30": "57.14200", "2011-03-31": "44.26800", "2010-12-31": "43.65600", "2010-09-30": "44.79100", "2010-06-30": "44.41600", "2010-03-31": "47.37100", "2009-12-31": "47.34000", "2009-09-30": "46.18400", "2009-06-30": "46.98000", "2009-03-31": "48.79200", "2008-12-31": "44.75700", "2008-09-30": "44.56200", "2008-06-30": "46.20800", "2008-03-31": "45.88300", "2007-12-31": "36.77400", "2007-09-30": "36.14100", "2007-06-30": "32.12400", "2007-03-31": "28.27500", "2006-12-31": "28.53400", "2006-09-30": "28.34600", "2006-06-30": "24.50900", "2006-03-31": "24.93800", "2005-12-31": "25.33100", "2005-09-30": "22.82400", "2005-06-30": "23.08000", "2005-03-31": "23.60800"}, "Long-Term Investments": {"2020-09-30": "", "2020-06-30": "", "2020-03-31": "", "2019-12-31": "", "2019-09-30": "", "2019-06-30": "", "2019-03-31": "", "2018-12-31": "", "2018-09-30": "", "2018-06-30": "", "2018-03-31": "", "2017-12-31": "", "2017-09-30": "", "2017-06-30": "", "2017-03-31": "", "2016-12-31": "", "2016-09-30": "", "2016-06-30": "", "2016-03-31": "", "2015-12-31": "", "2015-09-30": "", "2015-06-30": "", "2015-03-31": "", "2014-12-31": "", "2014-09-30": "", "2014-06-30": "", "2014-03-31": "", "2013-12-31": "", "2013-09-30": "", "2013-06-30": "", "2013-03-31": "", "2012-12-31": "", "2012-09-30": "", "2012-06-30": "", "2012-03-31": "", "2011-12-31": "", "2011-09-30": "", "2011-06-30": "", "2011-03-31": "", "2010-12-31": "", "2010-09-30": "", "2010-06-30": "", "2010-03-31": "", "2009-12-31": "", "2009-09-30": "", "2009-06-30": "", "2009-03-31": "", "2008-12-31": "", "2008-09-30": "", "2008-06-30": "", "2008-03-31": "", "2007-12-31": "", "2007-09-30": "", "2007-06-30": "", "2007-03-31": "", "2006-12-31": "", "2006-09-30": "", "2006-06-30": "", "2006-03-31": "", "2005-12-31": "", "2005-09-30": "", "2005-06-30": "", "2005-03-31": ""}, "Goodwill And Intangible Assets": {"2020-09-30": "3275.96100", "2020-06-30": "3271.48600", "2020-03-31": "3269.92600", "2019-12-31": "3293.12800", "2019-09-30": "3249.78000", "2019-06-30": "3224.52700", "2019-03-31": "3110.12200", "2018-12-31": "3104.19900", "2018-09-30": "3098.40000", "2018-06-30": "3117.52600", "2018-03-31": "2081.40900", "2017-12-31": "2045.23600", "2017-09-30": "1945.00600", "2017-06-30": "1909.97000", "2017-03-31": "1790.33300", "2016-12-31": "1788.89300", "2016-09-30": "1811.18000", "2016-06-30": "1844.89900", "2016-03-31": "1718.79300", "2015-12-31": "1732.76900", "2015-09-30": "1646.94700", "2015-06-30": "1327.71000", "2015-03-31": "1313.65300", "2014-12-31": "1300.52200", "2014-09-30": "1161.37200", "2014-06-30": "1160.72600", "2014-03-31": "1147.65700", "2013-12-31": "1135.89900", "2013-09-30": "1055.66900", "2013-06-30": "1066.93600", "2013-03-31": "1047.04100", "2012-12-31": "759.35200", "2012-09-30": "735.24500", "2012-06-30": "710.76400", "2012-03-31": "719.08800", "2011-12-31": "712.53800", "2011-09-30": "656.12600", "2011-06-30": "643.67400", "2011-03-31": "557.83700", "2010-12-31": "559.24300", "2010-09-30": "563.04900", "2010-06-30": "541.67900", "2010-03-31": "545.10800", "2009-12-31": "548.07800", "2009-09-30": "548.31000", "2009-06-30": "549.73200", "2009-03-31": "529.59200", "2008-12-31": "392.16400", "2008-09-30": "374.50500", "2008-06-30": "375.36700", "2008-03-31": "337.29800", "2007-12-31": "187.38100", "2007-09-30": "183.08500", "2007-06-30": "147.14200", "2007-03-31": "136.21000", "2006-12-31": "136.56400", "2006-09-30": "135.86900", "2006-06-30": "133.72700", "2006-03-31": "133.95300", "2005-12-31": "134.25500", "2005-09-30": "107.45800", "2005-06-30": "107.81500", "2005-03-31": "107.81500"}, "Other Long-Term Assets": {"2020-09-30": "124.06600", "2020-06-30": "115.79300", "2020-03-31": "121.39900", "2019-12-31": "110.74200", "2019-09-30": "108.78900", "2019-06-30": "111.92000", "2019-03-31": "118.07600", "2018-12-31": "37.23100", "2018-09-30": "50.40500", "2018-06-30": "46.26300", "2018-03-31": "43.07300", "2017-12-31": "36.10800", "2017-09-30": "34.02200", "2017-06-30": "34.58400", "2017-03-31": "43.57100", "2016-12-31": "43.27400", "2016-09-30": "30.54900", "2016-06-30": "24.34800", "2016-03-31": "23.29000", "2015-12-31": "22.03200", "2015-09-30": "21.45900", "2015-06-30": "20.99800", "2015-03-31": "21.40200", "2014-12-31": "18.85600", "2014-09-30": "18.93500", "2014-06-30": "20.02200", "2014-03-31": "8.80500", "2013-12-31": "10.47500", "2013-09-30": "12.93200", "2013-06-30": "13.69500", "2013-03-31": "21.24300", "2012-12-31": "8.44000", "2012-09-30": "10.16100", "2012-06-30": "4.72100", "2012-03-31": "3.91200", "2011-12-31": "4.08400", "2011-09-30": "5.60100", "2011-06-30": "6.89200", "2011-03-31": "6.42700", "2010-12-31": "6.61400", "2010-09-30": "5.50500", "2010-06-30": "4.39500", "2010-03-31": "4.54200", "2009-12-31": "3.90200", "2009-09-30": "3.40300", "2009-06-30": "2.87700", "2009-03-31": "2.98900", "2008-12-31": "7.88000", "2008-09-30": "3.83600", "2008-06-30": "3.04100", "2008-03-31": "2.52600", "2007-12-31": "3.07900", "2007-09-30": "1.84900", "2007-06-30": "2.11300", "2007-03-31": "2.05500", "2006-12-31": "2.24900", "2006-09-30": "2.41800", "2006-06-30": "3.06100", "2006-03-31": "2.92400", "2005-12-31": "2.69700", "2005-09-30": "2.55500", "2005-06-30": "2.10700", "2005-03-31": "2.46900"}, "Total Long-Term Assets": {"2020-09-30": "3779.00200", "2020-06-30": "3763.43500", "2020-03-31": "3770.31700", "2019-12-31": "3792.94700", "2019-09-30": "3728.08100", "2019-06-30": "3701.74600", "2019-03-31": "3576.97200", "2018-12-31": "3488.18700", "2018-09-30": "3500.02900", "2018-06-30": "3521.74600", "2018-03-31": "2467.23900", "2017-12-31": "2407.82400", "2017-09-30": "2299.61800", "2017-06-30": "2256.21600", "2017-03-31": "2105.60800", "2016-12-31": "2105.43700", "2016-09-30": "2085.45600", "2016-06-30": "2096.68500", "2016-03-31": "1951.99700", "2015-12-31": "1965.98900", "2015-09-30": "1887.06300", "2015-06-30": "1502.31900", "2015-03-31": "1480.84600", "2014-12-31": "1452.00000", "2014-09-30": "1311.78200", "2014-06-30": "1314.76100", "2014-03-31": "1286.57100", "2013-12-31": "1273.47200", "2013-09-30": "1186.34000", "2013-06-30": "1192.41400", "2013-03-31": "1207.60100", "2012-12-31": "831.67800", "2012-09-30": "809.44800", "2012-06-30": "777.69100", "2012-03-31": "785.90700", "2011-12-31": "779.12900", "2011-09-30": "721.18700", "2011-06-30": "707.70810", "2011-03-31": "608.53200", "2010-12-31": "609.51310", "2010-09-30": "613.34500", "2010-06-30": "590.49010", "2010-03-31": "597.02100", "2009-12-31": "599.32000", "2009-09-30": "597.89700", "2009-06-30": "599.58900", "2009-03-31": "581.37300", "2008-12-31": "444.80100", "2008-09-30": "422.90300", "2008-06-30": "424.61600", "2008-03-31": "391.50700", "2007-12-31": "227.23400", "2007-09-30": "221.07500", "2007-06-30": "181.37900", "2007-03-31": "166.54000", "2006-12-31": "167.34700", "2006-09-30": "166.63300", "2006-06-30": "161.29700", "2006-03-31": "161.81500", "2005-12-31": "162.28300", "2005-09-30": "132.83700", "2005-06-30": "133.00200", "2005-03-31": "133.89200"}, "Total Assets": {"2020-09-30": "5020.18400", "2020-06-30": "5414.70100", "2020-03-31": "5277.97900", "2019-12-31": "5002.14300", "2019-09-30": "4928.52800", "2019-06-30": "4886.66900", "2019-03-31": "4688.11700", "2018-12-31": "4549.78100", "2018-09-30": "4578.60900", "2018-06-30": "4602.20300", "2018-03-31": "3426.89400", "2017-12-31": "3339.71300", "2017-09-30": "3201.14300", "2017-06-30": "3140.53500", "2017-03-31": "2943.03100", "2016-12-31": "2917.13600", "2016-09-30": "2915.46800", "2016-06-30": "2931.67000", "2016-03-31": "2777.94400", "2015-12-31": "2761.15100", "2015-09-30": "2710.77900", "2015-06-30": "2155.94800", "2015-03-31": "2142.83600", "2014-12-31": "2066.13100", "2014-09-30": "1913.91700", "2014-06-30": "1926.09900", "2014-03-31": "1915.84200", "2013-12-31": "1819.20600", "2013-09-30": "1700.48800", "2013-06-30": "1710.55100", "2013-03-31": "1697.75400", "2012-12-31": "1244.28000", "2012-09-30": "1194.00200", "2012-06-30": "1141.01400", "2012-03-31": "1151.63300", "2011-12-31": "1146.51200", "2011-09-30": "1030.36700", "2011-06-30": "1019.08600", "2011-03-31": "881.76400", "2010-12-31": "873.17200", "2010-09-30": "866.63800", "2010-06-30": "823.85700", "2010-03-31": "810.66000", "2009-12-31": "816.34600", "2009-09-30": "823.18100", "2009-06-30": "821.05700", "2009-03-31": "831.98000", "2008-12-31": "654.49800", "2008-09-30": "648.03500", "2008-06-30": "656.74300", "2008-03-31": "606.82600", "2007-12-31": "413.64700", "2007-09-30": "387.29700", "2007-06-30": "315.92100", "2007-03-31": "291.57300", "2006-12-31": "285.02200", "2006-09-30": "283.46200", "2006-06-30": "274.13900", "2006-03-31": "265.68300", "2005-12-31": "263.91800", "2005-09-30": "215.64000", "2005-06-30": "216.12200", "2005-03-31": "223.35500"}, "Total Current Liabilities": {"2020-09-30": "596.99400", "2020-06-30": "504.55300", "2020-03-31": "607.23200", "2019-12-31": "593.13700", "2019-09-30": "585.24400", "2019-06-30": "565.29700", "2019-03-31": "561.55700", "2018-12-31": "558.95200", "2018-09-30": "574.17200", "2018-06-30": "556.05400", "2018-03-31": "455.61100", "2017-12-31": "473.65300", "2017-09-30": "466.64900", "2017-06-30": "444.62800", "2017-03-31": "449.89600", "2016-12-31": "488.40900", "2016-09-30": "485.60700", "2016-06-30": "517.39200", "2016-03-31": "513.23200", "2015-12-31": "510.04500", "2015-09-30": "519.70000", "2015-06-30": "341.34200", "2015-03-31": "333.73700", "2014-12-31": "328.31400", "2014-09-30": "329.90900", "2014-06-30": "316.10400", "2014-03-31": "300.84300", "2013-12-31": "311.38500", "2013-09-30": "282.53300", "2013-06-30": "272.71600", "2013-03-31": "290.02700", "2012-12-31": "242.43500", "2012-09-30": "233.37200", "2012-06-30": "219.52000", "2012-03-31": "522.57400", "2011-12-31": "549.61700", "2011-09-30": "190.01000", "2011-06-30": "182.63600", "2011-03-31": "155.43800", "2010-12-31": "183.85200", "2010-09-30": "170.18400", "2010-06-30": "146.02500", "2010-03-31": "128.92700", "2009-12-31": "146.35600", "2009-09-30": "173.00100", "2009-06-30": "160.76000", "2009-03-31": "170.57400", "2008-12-31": "141.49900", "2008-09-30": "140.71500", "2008-06-30": "144.34500", "2008-03-31": "124.17200", "2007-12-31": "124.84000", "2007-09-30": "133.82600", "2007-06-30": "99.80800", "2007-03-31": "89.86400", "2006-12-31": "106.16300", "2006-09-30": "102.91600", "2006-06-30": "94.09300", "2006-03-31": "86.85100", "2005-12-31": "94.04500", "2005-09-30": "74.56000", "2005-06-30": "69.21700", "2005-03-31": "68.15500"}, "Long Term Debt": {"2020-09-30": "1808.97300", "2020-06-30": "2372.94500", "2020-03-31": "2177.15400", "2019-12-31": "1870.24600", "2019-09-30": "1955.90000", "2019-06-30": "1991.98000", "2019-03-31": "1889.29400", "2018-12-31": "1888.89800", "2018-09-30": "1955.24300", "2018-06-30": "2060.32800", "2018-03-31": "1043.88500", "2017-12-31": "1023.73200", "2017-09-30": "945.51600", "2017-06-30": "798.41400", "2017-03-31": "723.74500", "2016-12-31": "726.24300", "2016-09-30": "826.51000", "2016-06-30": "862.57100", "2016-03-31": "706.07400", "2015-12-31": "734.00200", "2015-09-30": "717.70400", "2015-06-30": "564.10400", "2015-03-31": "630.10800", "2014-12-31": "588.76500", "2014-09-30": "506.55200", "2014-06-30": "584.48800", "2014-03-31": "648.54300", "2013-12-31": "570.19000", "2013-09-30": "536.60800", "2013-06-30": "617.40900", "2013-03-31": "636.75700", "2012-12-31": "258.22000", "2012-09-30": "265.90500", "2012-06-30": "268.50300", "2012-03-31": "1.51900", "2011-12-31": "1.50400", "2011-09-30": "296.86800", "2011-06-30": "302.41100", "2011-03-31": "233.45500", "2010-12-31": "208.92000", "2010-09-30": "238.25900", "2010-06-30": "243.33100", "2010-03-31": "263.96100", "2009-12-31": "268.12400", "2009-09-30": "288.11800", "2009-06-30": "315.07900", "2009-03-31": "340.46100", "2008-12-31": "228.32300", "2008-09-30": "249.85000", "2008-06-30": "265.86800", "2008-03-31": "269.99600", "2007-12-31": "93.51400", "2007-09-30": "91.08300", "2007-06-30": "68.85600", "2007-03-31": "71.13400", "2006-12-31": "65.96400", "2006-09-30": "80.52500", "2006-06-30": "94.00700", "2006-03-31": "106.13500", "2005-12-31": "107.81500", "2005-09-30": "91.74400", "2005-06-30": "109.56400", "2005-03-31": "127.35700"}, "Other Non-Current Liabilities": {"2020-09-30": "445.61900", "2020-06-30": "464.36200", "2020-03-31": "468.04500", "2019-12-31": "458.44600", "2019-09-30": "181.20800", "2019-06-30": "163.01400", "2019-03-31": "142.03700", "2018-12-31": "322.83200", "2018-09-30": "65.94900", "2018-06-30": "72.45600", "2018-03-31": "56.46400", "2017-12-31": "58.85400", "2017-09-30": "44.15900", "2017-06-30": "43.51700", "2017-03-31": "37.41900", "2016-12-31": "36.41800", "2016-09-30": "31.75700", "2016-06-30": "32.48300", "2016-03-31": "30.28400", "2015-12-31": "29.77400", "2015-09-30": "254.26200", "2015-06-30": "63.59500", "2015-03-31": "58.31300", "2014-12-31": "32.35200", "2014-09-30": "45.99200", "2014-06-30": "42.02900", "2014-03-31": "38.47700", "2013-12-31": "37.85100", "2013-09-30": "54.77900", "2013-06-30": "51.25900", "2013-03-31": "52.94200", "2012-12-31": "48.76000", "2012-09-30": "51.72200", "2012-06-30": "46.40500", "2012-03-31": "45.59800", "2011-12-31": "46.57700", "2011-09-30": "46.12300", "2011-06-30": "45.41000", "2011-03-31": "44.24500", "2010-12-31": "43.62900", "2010-09-30": "44.11600", "2010-06-30": "43.53700", "2010-03-31": "44.12400", "2009-12-31": "45.02400", "2009-09-30": "30.45200", "2009-06-30": "30.82500", "2009-03-31": "21.98400", "2008-12-31": "23.02900", "2008-09-30": "18.84700", "2008-06-30": "22.61700", "2008-03-31": "15.47200", "2007-12-31": "9.81300", "2007-09-30": "9.45600", "2007-06-30": "14.05900", "2007-03-31": "13.76400", "2006-12-31": "6.45500", "2006-09-30": "6.46700", "2006-06-30": "6.33800", "2006-03-31": "5.70200", "2005-12-31": "5.35100", "2005-09-30": "4.92400", "2005-06-30": "5.00700", "2005-03-31": "4.89200"}, "Total Long Term Liabilities": {"2020-09-30": "2391.86800", "2020-06-30": "2970.63100", "2020-03-31": "2776.04100", "2019-12-31": "2462.19200", "2019-09-30": "2487.25300", "2019-06-30": "2523.12100", "2019-03-31": "2400.50100", "2018-12-31": "2325.62600", "2018-09-30": "2430.80400", "2018-06-30": "2544.99300", "2018-03-31": "1530.62500", "2017-12-31": "1504.91200", "2017-09-30": "1422.99200", "2017-06-30": "1268.34700", "2017-03-31": "1169.40200", "2016-12-31": "1163.40900", "2016-09-30": "1083.40000", "2016-06-30": "1129.35100", "2016-03-31": "1040.37600", "2015-12-31": "1084.27600", "2015-09-30": "1056.76500", "2015-06-30": "719.65300", "2015-03-31": "780.66200", "2014-12-31": "731.05700", "2014-09-30": "620.99000", "2014-06-30": "698.98500", "2014-03-31": "758.72600", "2013-12-31": "669.47400", "2013-09-30": "636.45200", "2013-06-30": "713.25600", "2013-03-31": "733.64610", "2012-12-31": "351.81800", "2012-09-30": "354.44700", "2012-06-30": "355.18900", "2012-03-31": "89.31600", "2011-12-31": "85.92600", "2011-09-30": "364.49600", "2011-06-30": "374.31800", "2011-03-31": "290.37200", "2010-12-31": "264.40700", "2010-09-30": "296.75400", "2010-06-30": "301.24300", "2010-03-31": "322.46000", "2009-12-31": "327.33500", "2009-09-30": "331.02000", "2009-06-30": "358.02700", "2009-03-31": "377.69300", "2008-12-31": "285.03900", "2008-09-30": "289.55300", "2008-06-30": "313.26200", "2008-03-31": "285.46800", "2007-12-31": "105.89500", "2007-09-30": "105.77900", "2007-06-30": "86.66400", "2007-03-31": "87.56300", "2006-12-31": "78.28600", "2006-09-30": "97.36400", "2006-06-30": "109.54500", "2006-03-31": "121.34600", "2005-12-31": "121.37300", "2005-09-30": "102.64600", "2005-06-30": "122.57300", "2005-03-31": "140.39800"}, "Total Liabilities": {"2020-09-30": "2988.86200", "2020-06-30": "3475.18400", "2020-03-31": "3383.27300", "2019-12-31": "3055.32900", "2019-09-30": "3072.49700", "2019-06-30": "3088.41800", "2019-03-31": "2962.05800", "2018-12-31": "2884.57800", "2018-09-30": "3004.97600", "2018-06-30": "3101.04700", "2018-03-31": "1986.23600", "2017-12-31": "1978.56500", "2017-09-30": "1889.64100", "2017-06-30": "1712.97500", "2017-03-31": "1619.29800", "2016-12-31": "1651.81800", "2016-09-30": "1569.00700", "2016-06-30": "1646.74300", "2016-03-31": "1553.60800", "2015-12-31": "1594.32100", "2015-09-30": "1576.46500", "2015-06-30": "1060.99500", "2015-03-31": "1114.39900", "2014-12-31": "1059.37100", "2014-09-30": "950.89900", "2014-06-30": "1015.08900", "2014-03-31": "1059.56900", "2013-12-31": "980.85900", "2013-09-30": "918.98500", "2013-06-30": "985.97200", "2013-03-31": "1023.67300", "2012-12-31": "594.25300", "2012-09-30": "587.81900", "2012-06-30": "574.70900", "2012-03-31": "611.89000", "2011-12-31": "635.54300", "2011-09-30": "554.50600", "2011-06-30": "556.95400", "2011-03-31": "445.81000", "2010-12-31": "448.25900", "2010-09-30": "466.93800", "2010-06-30": "447.26800", "2010-03-31": "451.38700", "2009-12-31": "473.69100", "2009-09-30": "504.02100", "2009-06-30": "518.78700", "2009-03-31": "548.26700", "2008-12-31": "426.53800", "2008-09-30": "430.26800", "2008-06-30": "457.60700", "2008-03-31": "409.64000", "2007-12-31": "230.73500", "2007-09-30": "239.60500", "2007-06-30": "186.47200", "2007-03-31": "177.42700", "2006-12-31": "184.44900", "2006-09-30": "200.28000", "2006-06-30": "203.63800", "2006-03-31": "208.19700", "2005-12-31": "215.41800", "2005-09-30": "177.20600", "2005-06-30": "191.79000", "2005-03-31": "208.55300"}, "Common Stock Net": {"2020-09-30": "0.14600", "2020-06-30": "0.14500", "2020-03-31": "0.14500", "2019-12-31": "0.14500", "2019-09-30": "0.14500", "2019-06-30": "0.14500", "2019-03-31": "0.14500", "2018-12-31": "0.14500", "2018-09-30": "0.14500", "2018-06-30": "0.14500", "2018-03-31": "0.14500", "2017-12-31": "0.14500", "2017-09-30": "0.14500", "2017-06-30": "0.14500", "2017-03-31": "0.14400", "2016-12-31": "0.14400", "2016-09-30": "0.14400", "2016-06-30": "0.14400", "2016-03-31": "0.14400", "2015-12-31": "0.14400", "2015-09-30": "0.14400", "2015-06-30": "0.14400", "2015-03-31": "0.14400", "2014-12-31": "0.14400", "2014-09-30": "0.14400", "2014-06-30": "0.14400", "2014-03-31": "0.14400", "2013-12-31": "0.14400", "2013-09-30": "0.14400", "2013-06-30": "0.14400", "2013-03-31": "0.14100", "2012-12-31": "0.14100", "2012-09-30": "0.14000", "2012-06-30": "0.13900", "2012-03-31": "0.13900", "2011-12-31": "0.13700", "2011-09-30": "0.13800", "2011-06-30": "0.13800", "2011-03-31": "0.13700", "2010-12-31": "0.13700", "2010-09-30": "0.13700", "2010-06-30": "0.13700", "2010-03-31": "0.13600", "2009-12-31": "0.13600", "2009-09-30": "0.13600", "2009-06-30": "0.13500", "2009-03-31": "0.13600", "2008-12-31": "0.12000", "2008-09-30": "0.12000", "2008-06-30": "0.12000", "2008-03-31": "0.12000", "2007-12-31": "0.12000", "2007-09-30": "0.11900", "2007-06-30": "0.11800", "2007-03-31": "0.11700", "2006-12-31": "0.11700", "2006-09-30": "0.11700", "2006-06-30": "0.11700", "2006-03-31": "0.11700", "2005-12-31": "0.11700", "2005-09-30": "-14.91500", "2005-06-30": "-15.74200", "2005-03-31": "-11.27200"}, "Retained Earnings (Accumulated Deficit)": {"2020-09-30": "2516.91900", "2020-06-30": "2456.40300", "2020-03-31": "2435.24100", "2019-12-31": "2361.46200", "2019-09-30": "2252.46500", "2019-06-30": "2170.44500", "2019-03-31": "2078.23500", "2018-12-31": "2009.23300", "2018-09-30": "1914.39400", "2018-06-30": "1841.48900", "2018-03-31": "1757.50000", "2017-12-31": "1697.61800", "2017-09-30": "1622.43200", "2017-06-30": "1547.76100", "2017-03-31": "1470.19200", "2016-12-31": "1399.49000", "2016-09-30": "1318.55400", "2016-06-30": "1242.70300", "2016-03-31": "1169.81200", "2015-12-31": "1115.27400", "2015-09-30": "1064.98700", "2015-06-30": "1016.16100", "2015-03-31": "961.89500", "2014-12-31": "923.66400", "2014-09-30": "871.91500", "2014-06-30": "812.20200", "2014-03-31": "763.79700", "2013-12-31": "730.35200", "2013-09-30": "680.43100", "2013-06-30": "639.48900", "2013-03-31": "602.32500", "2012-12-31": "576.42400", "2012-09-30": "538.63500", "2012-06-30": "508.86700", "2012-03-31": "477.82200", "2011-12-31": "455.72700", "2011-09-30": "421.16800", "2011-06-30": "397.70700", "2011-03-31": "378.07900", "2010-12-31": "360.25400", "2010-09-30": "339.26000", "2010-06-30": "318.65700", "2010-03-31": "301.14900", "2009-12-31": "287.38700", "2009-09-30": "269.51300", "2009-06-30": "254.01200", "2009-03-31": "240.29800", "2008-12-31": "230.79700", "2008-09-30": "213.48400", "2008-06-30": "197.19400", "2008-03-31": "180.07700", "2007-12-31": "166.89600", "2007-09-30": "151.64000", "2007-06-30": "137.58400", "2007-03-31": "125.00200", "2006-12-31": "115.91700", "2006-09-30": "104.85800", "2006-06-30": "92.68100", "2006-03-31": "81.59100", "2005-12-31": "73.54000", "2005-09-30": "66.30600", "2005-06-30": "56.67800", "2005-03-31": "47.71000"}, "Comprehensive Income": {"2020-09-30": "-373.18900", "2020-06-30": "-395.56000", "2020-03-31": "-410.26000", "2019-12-31": "-350.93300", "2019-09-30": "-327.84300", "2019-06-30": "-301.73800", "2019-03-31": "-280.42300", "2018-12-31": "-276.47600", "2018-09-30": "-275.97800", "2018-06-30": "-272.10000", "2018-03-31": "-246.93600", "2017-12-31": "-266.41900", "2017-09-30": "-254.89300", "2017-06-30": "-264.54200", "2017-03-31": "-275.51500", "2016-12-31": "-284.32300", "2016-09-30": "-112.16000", "2016-06-30": "-91.65400", "2016-03-31": "-73.15100", "2015-12-31": "-76.41200", "2015-09-30": "-54.44600", "2015-06-30": "-40.69800", "2015-03-31": "-47.58000", "2014-12-31": "-31.43100", "2014-09-30": "-17.82600", "2014-06-30": "-5.22100", "2014-03-31": "-6.85400", "2013-12-31": "-8.63500", "2013-09-30": "-13.03100", "2013-06-30": "-19.21200", "2013-03-31": "-17.22300", "2012-12-31": "-12.39900", "2012-09-30": "-15.80100", "2012-06-30": "-21.98700", "2012-03-31": "-14.53500", "2011-12-31": "-20.53400", "2011-09-30": "-13.96900", "2011-06-30": "-2.38800", "2011-03-31": "-3.40100", "2010-12-31": "-4.03400", "2010-09-30": "-4.62900", "2010-06-30": "-7.10700", "2010-03-31": "-5.51500", "2009-12-31": "-4.86900", "2009-09-30": "-5.88800", "2009-06-30": "-6.71900", "2009-03-31": "-8.78300", "2008-12-31": "-8.26200", "2008-09-30": "-0.57600", "2008-06-30": "1.96100", "2008-03-31": "1.05600", "2007-12-31": "0.75500", "2007-09-30": "0.73200", "2007-06-30": "0.61400", "2007-03-31": "0.33300", "2006-12-31": "0.43700", "2006-09-30": "-0.37300", "2006-06-30": "-0.12000", "2006-03-31": "-0.49500", "2005-12-31": "-0.59400", "2005-09-30": "-0.37700", "2005-06-30": "-0.76800", "2005-03-31": "-0.21000"}, "Other Share Holders Equity": {"2020-09-30": "", "2020-06-30": "", "2020-03-31": "", "2019-12-31": "", "2019-09-30": "", "2019-06-30": "", "2019-03-31": "", "2018-12-31": "", "2018-09-30": "", "2018-06-30": "", "2018-03-31": "", "2017-12-31": "", "2017-09-30": "", "2017-06-30": "", "2017-03-31": "", "2016-12-31": "", "2016-09-30": "", "2016-06-30": "", "2016-03-31": "", "2015-12-31": "", "2015-09-30": "", "2015-06-30": "", "2015-03-31": "", "2014-12-31": "", "2014-09-30": "", "2014-06-30": "", "2014-03-31": "", "2013-12-31": "", "2013-09-30": "", "2013-06-30": "", "2013-03-31": "", "2012-12-31": "", "2012-09-30": "", "2012-06-30": "", "2012-03-31": "", "2011-12-31": "", "2011-09-30": "", "2011-06-30": "", "2011-03-31": "", "2010-12-31": "", "2010-09-30": "", "2010-06-30": "", "2010-03-31": "", "2009-12-31": "", "2009-09-30": "", "2009-06-30": "", "2009-03-31": "", "2008-12-31": "", "2008-09-30": "", "2008-06-30": "", "2008-03-31": "", "2007-12-31": "", "2007-09-30": "", "2007-06-30": "", "2007-03-31": "", "2006-12-31": "", "2006-09-30": "", "2006-06-30": "", "2006-03-31": "", "2005-12-31": "", "2005-09-30": "", "2005-06-30": "", "2005-03-31": ""}, "Share Holder Equity": {"2020-09-30": "2031.32200", "2020-06-30": "1939.51700", "2020-03-31": "1894.70600", "2019-12-31": "1946.81400", "2019-09-30": "1856.03100", "2019-06-30": "1798.25100", "2019-03-31": "1726.05900", "2018-12-31": "1665.20300", "2018-09-30": "1573.63300", "2018-06-30": "1501.15600", "2018-03-31": "1440.65800", "2017-12-31": "1361.14800", "2017-09-30": "1311.50200", "2017-06-30": "1427.56000", "2017-03-31": "1323.73300", "2016-12-31": "1265.31800", "2016-09-30": "1346.46100", "2016-06-30": "1284.92700", "2016-03-31": "1224.33600", "2015-12-31": "1166.83000", "2015-09-30": "1134.31400", "2015-06-30": "1094.95300", "2015-03-31": "1028.43700", "2014-12-31": "1006.76000", "2014-09-30": "963.01800", "2014-06-30": "911.01000", "2014-03-31": "856.27300", "2013-12-31": "838.34700", "2013-09-30": "781.50300", "2013-06-30": "724.57900", "2013-03-31": "674.08100", "2012-12-31": "650.02700", "2012-09-30": "606.18300", "2012-06-30": "566.30500", "2012-03-31": "539.74300", "2011-12-31": "510.96900", "2011-09-30": "475.86100", "2011-06-30": "462.13200", "2011-03-31": "435.95400", "2010-12-31": "424.91300", "2010-09-30": "399.70000", "2010-06-30": "376.58900", "2010-03-31": "359.27300", "2009-12-31": "342.65500", "2009-09-30": "319.16000", "2009-06-30": "302.27000", "2009-03-31": "283.71300", "2008-12-31": "227.96000", "2008-09-30": "217.76700", "2008-06-30": "199.13600", "2008-03-31": "197.18600", "2007-12-31": "182.91200", "2007-09-30": "147.69200", "2007-06-30": "129.44900", "2007-03-31": "114.14600", "2006-12-31": "100.57300", "2006-09-30": "83.18200", "2006-06-30": "70.50100", "2006-03-31": "57.48600", "2005-12-31": "48.50000", "2005-09-30": "38.43400", "2005-06-30": "24.33200", "2005-03-31": "14.80200"}, "Total Liabilities And Share Holders Equity": {"2020-09-30": "5020.18400", "2020-06-30": "5414.70100", "2020-03-31": "5277.97900", "2019-12-31": "5002.14300", "2019-09-30": "4928.52800", "2019-06-30": "4886.66900", "2019-03-31": "4688.11700", "2018-12-31": "4549.78100", "2018-09-30": "4578.60900", "2018-06-30": "4602.20300", "2018-03-31": "3426.89400", "2017-12-31": "3339.71300", "2017-09-30": "3201.14300", "2017-06-30": "3140.53500", "2017-03-31": "2943.03100", "2016-12-31": "2917.13600", "2016-09-30": "2915.46800", "2016-06-30": "2931.67000", "2016-03-31": "2777.94400", "2015-12-31": "2761.15100", "2015-09-30": "2710.77900", "2015-06-30": "2155.94800", "2015-03-31": "2142.83600", "2014-12-31": "2066.13100", "2014-09-30": "1913.91700", "2014-06-30": "1926.09900", "2014-03-31": "1915.84200", "2013-12-31": "1819.20600", "2013-09-30": "1700.48800", "2013-06-30": "1710.55100", "2013-03-31": "1697.75400", "2012-12-31": "1244.28000", "2012-09-30": "1194.00200", "2012-06-30": "1141.01400", "2012-03-31": "1151.63300", "2011-12-31": "1146.51200", "2011-09-30": "1030.36700", "2011-06-30": "1019.08600", "2011-03-31": "881.76400", "2010-12-31": "873.17200", "2010-09-30": "866.63800", "2010-06-30": "823.85700", "2010-03-31": "810.66000", "2009-12-31": "816.34600", "2009-09-30": "823.18100", "2009-06-30": "821.05700", "2009-03-31": "831.98000", "2008-12-31": "654.49800", "2008-09-30": "648.03500", "2008-06-30": "656.74300", "2008-03-31": "606.82600", "2007-12-31": "413.64700", "2007-09-30": "387.29700", "2007-06-30": "315.92100", "2007-03-31": "291.57300", "2006-12-31": "285.02200", "2006-09-30": "283.46200", "2006-06-30": "274.13900", "2006-03-31": "265.68300", "2005-12-31": "263.91800", "2005-09-30": "215.64000", "2005-06-30": "216.12200", "2005-03-31": "223.35500"}}, "cash flow statement": {"Net Income/Loss": {"2019-12-31": "352.24000", "2018-12-31": "317.15200", "2017-12-31": "298.12800", "2016-12-31": "284.21600", "2015-12-31": "191.61000", "2014-12-31": "193.31200", "2013-12-31": "153.92800", "2012-12-31": "120.69700", "2011-12-31": "95.47300", "2010-12-31": "72.86700", "2009-12-31": "61.15600", "2008-12-31": "63.90100", "2007-12-31": "52.61400", "2006-12-31": "42.37700", "2005-12-31": "32.17800"}, "Total Depreciation And Amortization - Cash Flow": {"2019-12-31": "103.42800", "2018-12-31": "97.23800", "2017-12-31": "69.77400", "2016-12-31": "58.23400", "2015-12-31": "54.07400", "2014-12-31": "41.25200", "2013-12-31": "43.16400", "2012-12-31": "26.90300", "2011-12-31": "19.70800", "2010-12-31": "17.01400", "2009-12-31": "15.88800", "2008-12-31": "12.39000", "2007-12-31": "6.36000", "2006-12-31": "4.86100", "2005-12-31": "3.55400"}, "Other Non-Cash Items": {"2019-12-31": "1.48800", "2018-12-31": "-8.70800", "2017-12-31": "9.08900", "2016-12-31": "49.26800", "2015-12-31": "17.78300", "2014-12-31": "32.03100", "2013-12-31": "8.88700", "2012-12-31": "11.90100", "2011-12-31": "23.55800", "2010-12-31": "16.09500", "2009-12-31": "21.84400", "2008-12-31": "10.04900", "2007-12-31": "12.85000", "2006-12-31": "5.26100", "2005-12-31": "4.11700"}, "Total Non-Cash Items": {"2019-12-31": "104.91600", "2018-12-31": "88.53000", "2017-12-31": "78.86300", "2016-12-31": "107.50200", "2015-12-31": "71.85700", "2014-12-31": "73.28300", "2013-12-31": "52.05100", "2012-12-31": "38.80400", "2011-12-31": "43.26600", "2010-12-31": "33.10900", "2009-12-31": "37.73200", "2008-12-31": "22.43900", "2007-12-31": "19.21000", "2006-12-31": "10.12200", "2005-12-31": "7.67100"}, "Change In Accounts Receivable": {"2019-12-31": "-27.74800", "2018-12-31": "-25.34700", "2017-12-31": "26.18000", "2016-12-31": "-33.90800", "2015-12-31": "17.11200", "2014-12-31": "-20.57700", "2013-12-31": "-17.52400", "2012-12-31": "-3.88000", "2011-12-31": "-18.99000", "2010-12-31": "-28.30600", "2009-12-31": "23.14500", "2008-12-31": "5.22200", "2007-12-31": "-9.00400", "2006-12-31": "-11.36600", "2005-12-31": "-3.60800"}, "Change In Inventories": {"2019-12-31": "-28.28800", "2018-12-31": "-28.37800", "2017-12-31": "-9.74400", "2016-12-31": "-22.24600", "2015-12-31": "7.82600", "2014-12-31": "-2.06400", "2013-12-31": "-19.81900", "2012-12-31": "-19.02600", "2011-12-31": "-2.28700", "2010-12-31": "-6.31100", "2009-12-31": "17.25700", "2008-12-31": "-7.10500", "2007-12-31": "-1.15000", "2006-12-31": "-4.03000", "2005-12-31": "-1.32300"}, "Change In Accounts Payable": {"2019-12-31": "-29.39600", "2018-12-31": "13.61100", "2017-12-31": "-21.63100", "2016-12-31": "-7.73000", "2015-12-31": "-18.03600", "2014-12-31": "-7.87200", "2013-12-31": "-9.24800", "2012-12-31": "2.68400", "2011-12-31": "-2.58100", "2010-12-31": "10.91200", "2009-12-31": "-4.56400", "2008-12-31": "-3.95100", "2007-12-31": "1.19300", "2006-12-31": "1.06200", "2005-12-31": "0.53600"}, "Change In Assets/Liabilities": {"2019-12-31": "5.06700", "2018-12-31": "18.14500", "2017-12-31": "-34.12200", "2016-12-31": "-11.55000", "2015-12-31": "-5.68500", "2014-12-31": "-0.38400", "2013-12-31": "-7.76800", "2012-12-31": "-7.19800", "2011-12-31": "2.45500", "2010-12-31": "0.98700", "2009-12-31": "-8.73100", "2008-12-31": "18.54800", "2007-12-31": "-15.58100", "2006-12-31": "3.58200", "2005-12-31": "7.22200"}, "Total Change In Assets/Liabilities": {"2019-12-31": "-79.73100", "2018-12-31": "-36.76800", "2017-12-31": "-72.53600", "2016-12-31": "-97.60800", "2015-12-31": "-13.87500", "2014-12-31": "-32.71300", "2013-12-31": "-59.82100", "2012-12-31": "-31.15500", "2011-12-31": "-8.34600", "2010-12-31": "-8.02100", "2009-12-31": "1.88600", "2008-12-31": "-0.99100", "2007-12-31": "-12.33100", "2006-12-31": "-2.43000", "2005-12-31": "2.41000"}, "Cash Flow From Operating Activities": {"2019-12-31": "377.42500", "2018-12-31": "368.91400", "2017-12-31": "304.45500", "2016-12-31": "294.11000", "2015-12-31": "249.59200", "2014-12-31": "233.88200", "2013-12-31": "146.15800", "2012-12-31": "128.34600", "2011-12-31": "130.39300", "2010-12-31": "97.95500", "2009-12-31": "100.77400", "2008-12-31": "85.34900", "2007-12-31": "59.49300", "2006-12-31": "50.06900", "2005-12-31": "42.25900"}, "Net Change In Property, Plant, And Equipment": {"2019-12-31": "-46.60900", "2018-12-31": "-36.04000", "2017-12-31": "-40.21500", "2016-12-31": "-24.81700", "2015-12-31": "-22.36200", "2014-12-31": "-13.14300", "2013-12-31": "-7.64000", "2012-12-31": "-7.65200", "2011-12-31": "-7.84000", "2010-12-31": "-3.15900", "2009-12-31": "-5.73100", "2008-12-31": "-7.65800", "2007-12-31": "-47.48400", "2006-12-31": "-2.26700", "2005-12-31": "-1.37600"}, "Net Change In Intangible Assets": {"2019-12-31": "", "2018-12-31": "-5.39900", "2017-12-31": "", "2016-12-31": "", "2015-12-31": "", "2014-12-31": "", "2013-12-31": "", "2012-12-31": "", "2011-12-31": "", "2010-12-31": "", "2009-12-31": "", "2008-12-31": "", "2007-12-31": "", "2006-12-31": "", "2005-12-31": ""}, "Net Acquisitions/Divestitures": {"2019-12-31": "-281.05800", "2018-12-31": "-1197.98400", "2017-12-31": "-305.25100", "2016-12-31": "-210.92100", "2015-12-31": "-348.62500", "2014-12-31": "-219.91500", "2013-12-31": "-466.55000", "2012-12-31": "-62.24300", "2011-12-31": "-181.07000", "2010-12-31": "-25.71800", "2009-12-31": "-133.30600", "2008-12-31": "-202.43600", "2007-12-31": "-24.20000", "2006-12-31": "-6.39600", "2005-12-31": "-39.64500"}, "Net Change In Short-term Investments": {"2019-12-31": "", "2018-12-31": "", "2017-12-31": "", "2016-12-31": "", "2015-12-31": "", "2014-12-31": "", "2013-12-31": "", "2012-12-31": "", "2011-12-31": "", "2010-12-31": "", "2009-12-31": "", "2008-12-31": "", "2007-12-31": "", "2006-12-31": "", "2005-12-31": ""}, "Net Change In Long-Term Investments": {"2019-12-31": "", "2018-12-31": "", "2017-12-31": "", "2016-12-31": "", "2015-12-31": "", "2014-12-31": "", "2013-12-31": "", "2012-12-31": "", "2011-12-31": "", "2010-12-31": "", "2009-12-31": "", "2008-12-31": "", "2007-12-31": "", "2006-12-31": "", "2005-12-31": ""}, "Net Change In Investments - Total": {"2019-12-31": "", "2018-12-31": "", "2017-12-31": "", "2016-12-31": "", "2015-12-31": "", "2014-12-31": "", "2013-12-31": "", "2012-12-31": "", "2011-12-31": "", "2010-12-31": "", "2009-12-31": "", "2008-12-31": "", "2007-12-31": "", "2006-12-31": "", "2005-12-31": ""}, "Investing Activities - Other": {"2019-12-31": "", "2018-12-31": "", "2017-12-31": "", "2016-12-31": "", "2015-12-31": "", "2014-12-31": "", "2013-12-31": "", "2012-12-31": "", "2011-12-31": "", "2010-12-31": "", "2009-12-31": "", "2008-12-31": "", "2007-12-31": "", "2006-12-31": "", "2005-12-31": ""}, "Cash Flow From Investing Activities": {"2019-12-31": "-327.66700", "2018-12-31": "-1239.42300", "2017-12-31": "-345.46600", "2016-12-31": "-235.73800", "2015-12-31": "-370.98700", "2014-12-31": "-233.05800", "2013-12-31": "-474.19000", "2012-12-31": "-69.89500", "2011-12-31": "-188.91000", "2010-12-31": "-28.87700", "2009-12-31": "-139.03700", "2008-12-31": "-210.09400", "2007-12-31": "-71.68400", "2006-12-31": "-8.66300", "2005-12-31": "-41.02100"}, "Net Long-Term Debt": {"2019-12-31": "-560.36300", "2018-12-31": "-746.28100", "2017-12-31": "-462.11200", "2016-12-31": "", "2015-12-31": "", "2014-12-31": "", "2013-12-31": "", "2012-12-31": "", "2011-12-31": "", "2010-12-31": "", "2009-12-31": "", "2008-12-31": "", "2007-12-31": "", "2006-12-31": "", "2005-12-31": ""}, "Net Current Debt": {"2019-12-31": "542.71000", "2018-12-31": "1604.01900", "2017-12-31": "757.78600", "2016-12-31": "-29.33800", "2015-12-31": "139.18000", "2014-12-31": "27.68000", "2013-12-31": "311.43600", "2012-12-31": "-57.32100", "2011-12-31": "103.01200", "2010-12-31": "-61.07100", "2009-12-31": "39.29800", "2008-12-31": "134.19700", "2007-12-31": "12.78100", "2006-12-31": "-42.73100", "2005-12-31": "-2.12800"}, "Debt Issuance/Retirement Net - Total": {"2019-12-31": "-17.65300", "2018-12-31": "857.73800", "2017-12-31": "295.67400", "2016-12-31": "-29.33800", "2015-12-31": "139.18000", "2014-12-31": "27.68000", "2013-12-31": "311.43600", "2012-12-31": "-57.32100", "2011-12-31": "103.01200", "2010-12-31": "-61.07100", "2009-12-31": "39.29800", "2008-12-31": "134.19700", "2007-12-31": "12.78100", "2006-12-31": "-42.73100", "2005-12-31": "-2.12800"}, "Net Common Equity Issued/Repurchased": {"2019-12-31": "-6.14400", "2018-12-31": "", "2017-12-31": "-239.83800", "2016-12-31": "-4.41800", "2015-12-31": "-4.83600", "2014-12-31": "-44.28300", "2013-12-31": "-0.54900", "2012-12-31": "-17.86600", "2011-12-31": "-15.43900", "2010-12-31": "-8.35300", "2009-12-31": "0.39100", "2008-12-31": "-12.08900", "2007-12-31": "4.54800", "2006-12-31": "0.79800", "2005-12-31": "0.97700"}, "Net Total Equity Issued/Repurchased": {"2019-12-31": "-6.14400", "2018-12-31": "", "2017-12-31": "-239.83800", "2016-12-31": "-4.41800", "2015-12-31": "-4.83600", "2014-12-31": "-44.28300", "2013-12-31": "-0.54900", "2012-12-31": "-17.86600", "2011-12-31": "-15.43900", "2010-12-31": "-8.35300", "2009-12-31": "0.39100", "2008-12-31": "-12.08900", "2007-12-31": "4.54800", "2006-12-31": "0.79800", "2005-12-31": "0.97700"}, "Total Common And Preferred Stock Dividends Paid": {"2019-12-31": "", "2018-12-31": "", "2017-12-31": "", "2016-12-31": "", "2015-12-31": "", "2014-12-31": "", "2013-12-31": "", "2012-12-31": "", "2011-12-31": "", "2010-12-31": "", "2009-12-31": "", "2008-12-31": "", "2007-12-31": "", "2006-12-31": "", "2005-12-31": ""}, "Financial Activities - Other": {"2019-12-31": "-1.64800", "2018-12-31": "-1.60900", "2017-12-31": "", "2016-12-31": "-7.61400", "2015-12-31": "2.41400", "2014-12-31": "25.49000", "2013-12-31": "19.31500", "2012-12-31": "10.24600", "2011-12-31": "4.01600", "2010-12-31": "-0.45000", "2009-12-31": "-0.44800", "2008-12-31": "1.96900", "2007-12-31": "-1.33300", "2006-12-31": "", "2005-12-31": ""}, "Cash Flow From Financial Activities": {"2019-12-31": "-25.44500", "2018-12-31": "856.12900", "2017-12-31": "55.83600", "2016-12-31": "-41.37000", "2015-12-31": "136.75800", "2014-12-31": "8.88700", "2013-12-31": "330.20200", "2012-12-31": "-64.94100", "2011-12-31": "91.58900", "2010-12-31": "-69.87400", "2009-12-31": "39.24100", "2008-12-31": "124.07700", "2007-12-31": "15.99600", "2006-12-31": "-41.93300", "2005-12-31": "-1.15100"}, "Net Cash Flow": {"2019-12-31": "22.79900", "2018-12-31": "-17.95300", "2017-12-31": "21.16900", "2016-12-31": "12.95700", "2015-12-31": "11.58300", "2014-12-31": "7.05100", "2013-12-31": "2.52800", "2012-12-31": "-5.85000", "2011-12-31": "32.56000", "2010-12-31": "-0.70700", "2009-12-31": "2.21900", "2008-12-31": "-1.31900", "2007-12-31": "3.92900", "2006-12-31": "-0.37400", "2005-12-31": "0.10500"}, "Stock-Based Compensation": {"2019-12-31": "8.13300", "2018-12-31": "2.49700", "2017-12-31": "6.23700", "2016-12-31": "27.90500", "2015-12-31": "15.86400", "2014-12-31": "16.69000", "2013-12-31": "11.86200", "2012-12-31": "11.98400", "2011-12-31": "18.13300", "2010-12-31": "14.68200", "2009-12-31": "10.72100", "2008-12-31": "11.41100", "2007-12-31": "7.78700", "2006-12-31": "4.58400", "2005-12-31": "3.31000"}, "Common Stock Dividends Paid": {"2019-12-31": "", "2018-12-31": "", "2017-12-31": "", "2016-12-31": "", "2015-12-31": "", "2014-12-31": "", "2013-12-31": "", "2012-12-31": "", "2011-12-31": "", "2010-12-31": "", "2009-12-31": "", "2008-12-31": "", "2007-12-31": "", "2006-12-31": "", "2005-12-31": ""}}, "cash flow statement, quarterly": {"Net Income/Loss": {"2020-09-30": 60.516, "2020-06-30": 21.162, "2020-03-31": "73.77900", "2019-12-31": 108.997, "2019-09-30": 82.02, "2019-06-30": 92.21, "2019-03-31": "69.01300", "2018-12-31": 94.839, "2018-09-30": 72.905, "2018-06-30": 83.988, "2018-03-31": "65.42000", "2017-12-31": 75.186, "2017-09-30": 74.671, "2017-06-30": 77.569, "2017-03-31": "70.70200", "2016-12-31": 80.936, "2016-09-30": 75.851, "2016-06-30": 72.891, "2016-03-31": "54.53800", "2015-12-31": 50.287, "2015-09-30": 48.825, "2015-06-30": 54.267, "2015-03-31": "38.23100", "2014-12-31": 51.749, "2014-09-30": 59.713, "2014-06-30": 48.405, "2014-03-31": "33.44500", "2013-12-31": 49.921, "2013-09-30": 40.942, "2013-06-30": 37.163, "2013-03-31": "25.90200", "2012-12-31": 37.788, "2012-09-30": 29.769, "2012-06-30": 31.045, "2012-03-31": "22.09500", "2011-12-31": 34.559, "2011-09-30": 23.461, "2011-06-30": 19.628, "2011-03-31": "17.82500", "2010-12-31": 20.994, "2010-09-30": 20.602, "2010-06-30": 17.509, "2010-03-31": "13.76200", "2009-12-31": 17.874, "2009-09-30": 15.501, "2009-06-30": 13.714, "2009-03-31": "14.06700", "2008-12-31": 17.313, "2008-09-30": 16.29, "2008-06-30": 17.117, "2008-03-31": "13.18100", "2007-12-31": 15.256, "2007-09-30": 14.056, "2007-06-30": 12.582, "2007-03-31": "10.72000", "2006-12-31": 11.059, "2006-09-30": 12.177, "2006-06-30": 11.09, "2006-03-31": "8.05100", "2005-12-31": 7.233, "2005-09-30": 9.628, "2005-06-30": 8.969, "2005-03-31": "6.34800"}, "Total Depreciation And Amortization - Cash Flow": {"2020-09-30": 27.384, "2020-06-30": 27.611, "2020-03-31": "26.59900", "2019-12-31": 26.156, "2019-09-30": 27.137, "2019-06-30": 24.621, "2019-03-31": "25.51400", "2018-12-31": 30.783, "2018-09-30": 27.833, "2018-06-30": 18.598, "2018-03-31": "20.02400", "2017-12-31": 20.498, "2017-09-30": 16.961, "2017-06-30": 18.258, "2017-03-31": "14.05700", "2016-12-31": 13.825, "2016-09-30": 13.169, "2016-06-30": 16.31, "2016-03-31": "14.93000", "2015-12-31": 20.091, "2015-09-30": 11.823, "2015-06-30": 10.928, "2015-03-31": "11.23200", "2014-12-31": 9.318, "2014-09-30": 10.62, "2014-06-30": 10.793, "2014-03-31": "10.52100", "2013-12-31": 8.147, "2013-09-30": 9.2, "2013-06-30": 11.794, "2013-03-31": "14.02300", "2012-12-31": 6.213, "2012-09-30": 7.101, "2012-06-30": 6.542, "2012-03-31": "7.04700", "2011-12-31": 5.041, "2011-09-30": 5.334, "2011-06-30": 5.286, "2011-03-31": "4.04700", "2010-12-31": 5.358, "2010-09-30": 3.849, "2010-06-30": 3.891, "2010-03-31": "3.91600", "2009-12-31": 4.015, "2009-09-30": 3.798, "2009-06-30": 2.87, "2009-03-31": "5.20500", "2008-12-31": 2.134, "2008-09-30": 3.394, "2008-06-30": 3.329, "2008-03-31": "3.53300", "2007-12-31": 1.51, "2007-09-30": 2.103, "2007-06-30": 1.429, "2007-03-31": "1.31800", "2006-12-31": 1.218, "2006-09-30": 1.21, "2006-06-30": 1.177, "2006-03-31": "1.25600", "2005-12-31": 0.957, "2005-09-30": 0.797, "2005-06-30": 0.871, "2005-03-31": "0.92900"}, "Other Non-Cash Items": {"2020-09-30": -2.998, "2020-06-30": -1.5, "2020-03-31": "2.74200", "2019-12-31": 10.533, "2019-09-30": -5.378, "2019-06-30": 2.041, "2019-03-31": "-5.70800", "2018-12-31": -33.25, "2018-09-30": 17.151, "2018-06-30": 4.678, "2018-03-31": "2.71300", "2017-12-31": -9.61, "2017-09-30": 3.728, "2017-06-30": -3.864, "2017-03-31": "18.83500", "2016-12-31": 12.597, "2016-09-30": 16.918, "2016-06-30": 5.703, "2016-03-31": "14.05000", "2015-12-31": 7.633, "2015-09-30": 4.395, "2015-06-30": 0.751, "2015-03-31": "5.00400", "2014-12-31": 6.749, "2014-09-30": 4.91, "2014-06-30": 5.634, "2014-03-31": "14.73800", "2013-12-31": -2.488, "2013-09-30": 3.657, "2013-06-30": 3.633, "2013-03-31": "4.08500", "2012-12-31": 2.006, "2012-09-30": 1.603, "2012-06-30": 3.234, "2012-03-31": "5.05800", "2011-12-31": 11.663, "2011-09-30": 5.149, "2011-06-30": 5.13, "2011-03-31": "1.61600", "2010-12-31": 6.731, "2010-09-30": 3.742, "2010-06-30": 2.478, "2010-03-31": "3.14400", "2009-12-31": 16.496, "2009-09-30": -0.068, "2009-06-30": 2.912, "2009-03-31": "2.50400", "2008-12-31": -1.134, "2008-09-30": 2.959, "2008-06-30": 3.158, "2008-03-31": "5.06600", "2007-12-31": 5.893, "2007-09-30": 3.664, "2007-06-30": 1.946, "2007-03-31": "1.34700", "2006-12-31": 1.596, "2006-09-30": 1.589, "2006-06-30": 1.607, "2006-03-31": "0.46900", "2005-12-31": 2.723, "2005-09-30": -0.495, "2005-06-30": 0.676, "2005-03-31": "1.21300"}, "Total Non-Cash Items": {"2020-09-30": 24.386, "2020-06-30": 26.111, "2020-03-31": "29.34100", "2019-12-31": 36.689, "2019-09-30": 21.759, "2019-06-30": 26.662, "2019-03-31": "19.80600", "2018-12-31": -2.467, "2018-09-30": 44.984, "2018-06-30": 23.276, "2018-03-31": "22.73700", "2017-12-31": 10.888, "2017-09-30": 20.689, "2017-06-30": 14.394, "2017-03-31": "32.89200", "2016-12-31": 26.422, "2016-09-30": 30.087, "2016-06-30": 22.013, "2016-03-31": "28.98000", "2015-12-31": 27.724, "2015-09-30": 16.218, "2015-06-30": 11.679, "2015-03-31": "16.23600", "2014-12-31": 16.067, "2014-09-30": 15.53, "2014-06-30": 16.427, "2014-03-31": "25.25900", "2013-12-31": 5.659, "2013-09-30": 12.857, "2013-06-30": 15.427, "2013-03-31": "18.10800", "2012-12-31": 8.219, "2012-09-30": 8.704, "2012-06-30": 9.776, "2012-03-31": "12.10500", "2011-12-31": 16.704, "2011-09-30": 10.483, "2011-06-30": 10.416, "2011-03-31": "5.66300", "2010-12-31": 12.089, "2010-09-30": 7.591, "2010-06-30": 6.369, "2010-03-31": "7.06000", "2009-12-31": 20.511, "2009-09-30": 3.73, "2009-06-30": 5.782, "2009-03-31": "7.70900", "2008-12-31": 1, "2008-09-30": 6.353, "2008-06-30": 6.487, "2008-03-31": "8.59900", "2007-12-31": 7.403, "2007-09-30": 5.767, "2007-06-30": 3.375, "2007-03-31": "2.66500", "2006-12-31": 2.814, "2006-09-30": 2.799, "2006-06-30": 2.784, "2006-03-31": "1.72500", "2005-12-31": 3.68, "2005-09-30": 0.302, "2005-06-30": 1.547, "2005-03-31": "2.14200"}, "Change In Accounts Receivable": {"2020-09-30": -68.032, "2020-06-30": 103.8, "2020-03-31": "33.40800", "2019-12-31": -26.632, "2019-09-30": -2.05, "2019-06-30": -10.809, "2019-03-31": "11.74300", "2018-12-31": 13.589, "2018-09-30": -10.703, "2018-06-30": -29.274, "2018-03-31": "1.04100", "2017-12-31": 12.346, "2017-09-30": -3.423, "2017-06-30": -2.16, "2017-03-31": "19.41700", "2016-12-31": 2.076, "2016-09-30": -19.239, "2016-06-30": 2.831, "2016-03-31": "-19.57600", "2015-12-31": 12.61, "2015-09-30": 5.773, "2015-06-30": 3.938, "2015-03-31": "-5.20900", "2014-12-31": 0.209, "2014-09-30": -0.489, "2014-06-30": -4.511, "2014-03-31": "-15.78600", "2013-12-31": -4.239, "2013-09-30": -1.468, "2013-06-30": -3.214, "2013-03-31": "-8.60300", "2012-12-31": -16.449, "2012-09-30": 2.078, "2012-06-30": -4.918, "2012-03-31": "15.40900", "2011-12-31": -7.249, "2011-09-30": -4.637, "2011-06-30": -7.628, "2011-03-31": "0.52400", "2010-12-31": -8.962, "2010-09-30": -1.782, "2010-06-30": -11.974, "2010-03-31": "-5.58800", "2009-12-31": 1.08, "2009-09-30": 2.697, "2009-06-30": 28.036, "2009-03-31": "-8.66800", "2008-12-31": 5.122, "2008-09-30": 9.35, "2008-06-30": -10.065, "2008-03-31": "0.81500", "2007-12-31": -3.33, "2007-09-30": -7.163, "2007-06-30": 3.61, "2007-03-31": "-2.12100", "2006-12-31": 0.606, "2006-09-30": -2.714, "2006-06-30": -6.435, "2006-03-31": "-2.82300", "2005-12-31": 4.61, "2005-09-30": -2.146, "2005-06-30": -1.63, "2005-03-31": "-4.44200"}, "Change In Inventories": {"2020-09-30": 54.586, "2020-06-30": 16.696, "2020-03-31": "-28.09400", "2019-12-31": 37.576, "2019-09-30": -0.71, "2019-06-30": -10.622, "2019-03-31": "-54.53200", "2018-12-31": -2.774, "2018-09-30": -25.996, "2018-06-30": 9.521, "2018-03-31": "-9.12900", "2017-12-31": 10.223, "2017-09-30": 5.64, "2017-06-30": -1.519, "2017-03-31": "-24.08800", "2016-12-31": 12.983, "2016-09-30": -11.871, "2016-06-30": -10.556, "2016-03-31": "-12.80200", "2015-12-31": 33.422, "2015-09-30": 1.106, "2015-06-30": -11.679, "2015-03-31": "-15.02300", "2014-12-31": 8.394, "2014-09-30": 0.123, "2014-06-30": -4.943, "2014-03-31": "-5.63800", "2013-12-31": -1.061, "2013-09-30": -8.162, "2013-06-30": 2.633, "2013-03-31": "-13.22900", "2012-12-31": -4.684, "2012-09-30": -8.678, "2012-06-30": 3.746, "2012-03-31": "-9.41000", "2011-12-31": 6.7, "2011-09-30": -1.359, "2011-06-30": 2.681, "2011-03-31": "-10.30900", "2010-12-31": -0.748, "2010-09-30": -5.077, "2010-06-30": -1.038, "2010-03-31": "0.55200", "2009-12-31": 5.539, "2009-09-30": 2.004, "2009-06-30": 4.152, "2009-03-31": "5.56200", "2008-12-31": -0.083, "2008-09-30": -4.693, "2008-06-30": -0.771, "2008-03-31": "-1.55800", "2007-12-31": 1.842, "2007-09-30": -0.221, "2007-06-30": 2.052, "2007-03-31": "-4.82300", "2006-12-31": -0.885, "2006-09-30": -0.477, "2006-06-30": -0.398, "2006-03-31": "-2.27000", "2005-12-31": -3.084, "2005-09-30": 3.067, "2005-06-30": 1.906, "2005-03-31": "-3.21200"}, "Change In Accounts Payable": {"2020-09-30": 25.998, "2020-06-30": -69.17, "2020-03-31": "15.00100", "2019-12-31": -11.737, "2019-09-30": -13.098, "2019-06-30": -9.134, "2019-03-31": "4.57300", "2018-12-31": -11.014, "2018-09-30": 11.007, "2018-06-30": 17.022, "2018-03-31": "-3.40400", "2017-12-31": -3.992, "2017-09-30": -6.807, "2017-06-30": -8.631, "2017-03-31": "-2.20100", "2016-12-31": 5.203, "2016-09-30": -12.969, "2016-06-30": 1.276, "2016-03-31": "-1.24000", "2015-12-31": -24.57, "2015-09-30": 1.298, "2015-06-30": -3.097, "2015-03-31": "8.33300", "2014-12-31": -7.721, "2014-09-30": -3.969, "2014-06-30": 6.233, "2014-03-31": "-2.41500", "2013-12-31": -3.829, "2013-09-30": 1.581, "2013-06-30": -6.059, "2013-03-31": "-0.94100", "2012-12-31": -5.479, "2012-09-30": 5.147, "2012-06-30": 6.244, "2012-03-31": "-3.22800", "2011-12-31": 6.744, "2011-09-30": -3.687, "2011-06-30": 1.232, "2011-03-31": "-6.87000", "2010-12-31": 1.633, "2010-09-30": 2.558, "2010-06-30": 5.98, "2010-03-31": "0.74100", "2009-12-31": -1.928, "2009-09-30": 3.997, "2009-06-30": -12.192, "2009-03-31": "5.55900", "2008-12-31": -1.843, "2008-09-30": -7.729, "2008-06-30": 0.16, "2008-03-31": "5.46100", "2007-12-31": -5.673, "2007-09-30": 5.847, "2007-06-30": 0.112, "2007-03-31": "0.90700", "2006-12-31": 0.772, "2006-09-30": -1.859, "2006-06-30": -1.084, "2006-03-31": "3.23300", "2005-12-31": -0.601, "2005-09-30": 0.031, "2005-06-30": -2.484, "2005-03-31": "3.59000"}, "Change In Assets/Liabilities": {"2020-09-30": 2.869, "2020-06-30": 4.141, "2020-03-31": "9.56600", "2019-12-31": 3.164, "2019-09-30": 10.158, "2019-06-30": -16.372, "2019-03-31": "8.11700", "2018-12-31": 7.745, "2018-09-30": 14.229, "2018-06-30": -23.155, "2018-03-31": "19.32600", "2017-12-31": -30.763, "2017-09-30": 14.083, "2017-06-30": -10.042, "2017-03-31": "-7.40000", "2016-12-31": -3.196, "2016-09-30": 0.221, "2016-06-30": -9.735, "2016-03-31": "1.16000", "2015-12-31": -9.485, "2015-09-30": -11.147, "2015-06-30": 12.759, "2015-03-31": "2.18800", "2014-12-31": -7.044, "2014-09-30": 14.8, "2014-06-30": 13.733, "2014-03-31": "-21.87300", "2013-12-31": 6.033, "2013-09-30": 7.791, "2013-06-30": -16.118, "2013-03-31": "-5.47400", "2012-12-31": 1.952, "2012-09-30": -1.097, "2012-06-30": -0.055, "2012-03-31": "-7.99800", "2011-12-31": 0.191, "2011-09-30": 1.103, "2011-06-30": -0.844, "2011-03-31": "2.00500", "2010-12-31": -1.016, "2010-09-30": 2.799, "2010-06-30": -7.231, "2010-03-31": "6.43500", "2009-12-31": -7.881, "2009-09-30": -2.248, "2009-06-30": 0.856, "2009-03-31": "0.54200", "2008-12-31": 5.305, "2008-09-30": -4.032, "2008-06-30": 13.508, "2008-03-31": "3.76700", "2007-12-31": -11.005, "2007-09-30": -6.105, "2007-06-30": 2.226, "2007-03-31": "-0.69700", "2006-12-31": 0.396, "2006-09-30": 1.844, "2006-06-30": -2.54, "2006-03-31": "3.88200", "2005-12-31": -3.41, "2005-09-30": 1.294, "2005-06-30": 7.087, "2005-03-31": "2.25100"}, "Total Change In Assets/Liabilities": {"2020-09-30": 66.52, "2020-06-30": 30.35, "2020-03-31": "-15.98300", "2019-12-31": 1.995, "2019-09-30": 24.375, "2019-06-30": -51.23, "2019-03-31": "-54.87100", "2018-12-31": 24.495, "2018-09-30": -12.477, "2018-06-30": -5.377, "2018-03-31": "-43.40900", "2017-12-31": 13.489, "2017-09-30": 23.496, "2017-06-30": -52.807, "2017-03-31": "-56.71400", "2016-12-31": 11.655, "2016-09-30": -26.523, "2016-06-30": -13.727, "2016-03-31": "-69.01300", "2015-12-31": 4.005, "2015-09-30": -6.227, "2015-06-30": 19.058, "2015-03-31": "-30.71100", "2014-12-31": 1.684, "2014-09-30": 27.466, "2014-06-30": 10.399, "2014-03-31": "-72.26200", "2013-12-31": 6.993, "2013-09-30": 5.768, "2013-06-30": -42.103, "2013-03-31": "-30.47900", "2012-12-31": -11.655, "2012-09-30": 1.225, "2012-06-30": 2.722, "2012-03-31": "-23.44700", "2011-12-31": 13.449, "2011-09-30": 2.015, "2011-06-30": 9.219, "2011-03-31": "-33.02900", "2010-12-31": -1.284, "2010-09-30": 5.893, "2010-06-30": 1.386, "2010-03-31": "-14.01600", "2009-12-31": -14.773, "2009-09-30": 10.777, "2009-06-30": 17.767, "2009-03-31": "-11.88500", "2008-12-31": 3.044, "2008-09-30": -1.687, "2008-06-30": 6.869, "2008-03-31": "-9.21700", "2007-12-31": -9.15, "2007-09-30": 3.754, "2007-06-30": 10.885, "2007-03-31": "-17.82000", "2006-12-31": 2.832, "2006-09-30": 4.629, "2006-06-30": -1.214, "2006-03-31": "-8.67700", "2005-12-31": 0.564, "2005-09-30": 6.526, "2005-06-30": 7.683, "2005-03-31": "-12.36300"}, "Cash Flow From Operating Activities": {"2020-09-30": 151.422, "2020-06-30": 77.623, "2020-03-31": "87.13700", "2019-12-31": 147.681, "2019-09-30": 128.154, "2019-06-30": 67.642, "2019-03-31": "33.94800", "2018-12-31": 116.867, "2018-09-30": 105.412, "2018-06-30": 101.887, "2018-03-31": "44.74800", "2017-12-31": 99.563, "2017-09-30": 118.856, "2017-06-30": 39.156, "2017-03-31": "46.88000", "2016-12-31": 119.013, "2016-09-30": 79.415, "2016-06-30": 81.177, "2016-03-31": "14.50500", "2015-12-31": 82.016, "2015-09-30": 58.816, "2015-06-30": 85.004, "2015-03-31": "23.75600", "2014-12-31": 69.5, "2014-09-30": 102.709, "2014-06-30": 75.231, "2014-03-31": "-13.55800", "2013-12-31": 62.573, "2013-09-30": 59.567, "2013-06-30": 10.487, "2013-03-31": "13.53100", "2012-12-31": 34.352, "2012-09-30": 39.698, "2012-06-30": 43.543, "2012-03-31": "10.75300", "2011-12-31": 64.712, "2011-09-30": 35.959, "2011-06-30": 39.263, "2011-03-31": "-9.54100", "2010-12-31": 31.799, "2010-09-30": 34.086, "2010-06-30": 25.264, "2010-03-31": "6.80600", "2009-12-31": 23.612, "2009-09-30": 30.008, "2009-06-30": 37.263, "2009-03-31": "9.89100", "2008-12-31": 21.357, "2008-09-30": 20.956, "2008-06-30": 30.473, "2008-03-31": "12.56300", "2007-12-31": 13.509, "2007-09-30": 23.577, "2007-06-30": 26.842, "2007-03-31": "-4.43500", "2006-12-31": 16.705, "2006-09-30": 19.605, "2006-06-30": 12.66, "2006-03-31": "1.09900", "2005-12-31": 11.477, "2005-09-30": 16.456, "2005-06-30": 18.199, "2005-03-31": "-3.87300"}, "Net Change In Property, Plant, And Equipment": {"2020-09-30": -7.064, "2020-06-30": -4.15, "2020-03-31": "-9.18100", "2019-12-31": -12.79, "2019-09-30": -12.189, "2019-06-30": -13.535, "2019-03-31": "-8.09500", "2018-12-31": -3.488, "2018-09-30": -8.344, "2018-06-30": -7.551, "2018-03-31": "-16.65700", "2017-12-31": -12.059, "2017-09-30": -10.726, "2017-06-30": -9.154, "2017-03-31": "-8.27600", "2016-12-31": -6.018, "2016-09-30": -5.691, "2016-06-30": -5.415, "2016-03-31": "-7.69300", "2015-12-31": -4.37, "2015-09-30": -6.308, "2015-06-30": -5.567, "2015-03-31": "-6.11700", "2014-12-31": -3.036, "2014-09-30": -3.121, "2014-06-30": -3.755, "2014-03-31": "-3.23100", "2013-12-31": -3.584, "2013-09-30": -2.96, "2013-06-30": 2.827, "2013-03-31": "-3.92300", "2012-12-31": -1.689, "2012-09-30": -2.866, "2012-06-30": -1.513, "2012-03-31": "-1.58400", "2011-12-31": -2.96, "2011-09-30": -1.729, "2011-06-30": -1.448, "2011-03-31": "-1.70300", "2010-12-31": -0.151, "2010-09-30": -0.603, "2010-06-30": -1.004, "2010-03-31": "-1.40100", "2009-12-31": -0.79, "2009-09-30": -0.971, "2009-06-30": -2.1, "2009-03-31": "-1.87000", "2008-12-31": -0.933, "2008-09-30": -3.982, "2008-06-30": -0.619, "2008-03-31": "-2.12400", "2007-12-31": -1.799, "2007-09-30": -44.616, "2007-06-30": -0.471, "2007-03-31": "-0.59800", "2006-12-31": -1.031, "2006-09-30": -0.354, "2006-06-30": -0.381, "2006-03-31": "-0.50100", "2005-12-31": -0.291, "2005-09-30": -0.485, "2005-06-30": -0.279, "2005-03-31": "-0.32100"}, "Net Change In Intangible Assets": {"2020-09-30": 0, "2020-06-30": 0, "2020-03-31": "", "2019-12-31": 0, "2019-09-30": 0, "2019-06-30": 0, "2019-03-31": "", "2018-12-31": 0, "2018-09-30": 0, "2018-06-30": 0, "2018-03-31": "-5.39900", "2017-12-31": 0, "2017-09-30": 0, "2017-06-30": 0, "2017-03-31": "", "2016-12-31": 0, "2016-09-30": 0, "2016-06-30": 0, "2016-03-31": "", "2015-12-31": 0, "2015-09-30": 0, "2015-06-30": 0, "2015-03-31": "", "2014-12-31": 0, "2014-09-30": 0, "2014-06-30": 0, "2014-03-31": "", "2013-12-31": 5, "2013-09-30": 0, "2013-06-30": 0, "2013-03-31": "-5.00000", "2012-12-31": 0, "2012-09-30": 0, "2012-06-30": 0, "2012-03-31": "", "2011-12-31": 0, "2011-09-30": 0, "2011-06-30": 0, "2011-03-31": "", "2010-12-31": 0, "2010-09-30": 0, "2010-06-30": 0, "2010-03-31": "", "2009-12-31": 0, "2009-09-30": 0, "2009-06-30": 0, "2009-03-31": "", "2008-12-31": 0, "2008-09-30": 0, "2008-06-30": 0, "2008-03-31": "", "2007-12-31": 0, "2007-09-30": 0, "2007-06-30": 0, "2007-03-31": "", "2006-12-31": 0, "2006-09-30": 0, "2006-06-30": 0, "2006-03-31": "", "2005-12-31": 0, "2005-09-30": 0, "2005-06-30": 0, "2005-03-31": ""}, "Net Acquisitions/Divestitures": {"2020-09-30": -3.294, "2020-06-30": 0.191, "2020-03-31": "-30.04100", "2019-12-31": -42.084, "2019-09-30": -71.885, "2019-06-30": -154.692, "2019-03-31": "-12.39700", "2018-12-31": -50.246, "2018-09-30": -3.197, "2018-06-30": -1115.082, "2018-03-31": "-29.45900", "2017-12-31": -145.793, "2017-09-30": -40.196, "2017-06-30": -116.566, "2017-03-31": "-2.69600", "2016-12-31": 0, "2016-09-30": 1.103, "2016-06-30": -212.024, "2016-03-31": "", "2015-12-31": -86.702, "2015-09-30": -185.731, "2015-06-30": -29.694, "2015-03-31": "-46.49800", "2014-12-31": -143.23, "2014-09-30": -15.96, "2014-06-30": -15, "2014-03-31": "-45.72500", "2013-12-31": -90.389, "2013-09-30": 11.226, "2013-06-30": -14.551, "2013-03-31": "-372.83600", "2012-12-31": -23.616, "2012-09-30": -28, "2012-06-30": -0.738, "2012-03-31": "-9.88900", "2011-12-31": -49.81, "2011-09-30": -32.482, "2011-06-30": -95.753, "2011-03-31": "-3.02500", "2010-12-31": 0.03, "2010-09-30": -23.127, "2010-06-30": -1, "2010-03-31": "-1.62100", "2009-12-31": -5.818, "2009-09-30": -0.001, "2009-06-30": -11.409, "2009-03-31": "-116.07800", "2008-12-31": -1.06, "2008-09-30": -0.167, "2008-06-30": -13.141, "2008-03-31": "-188.06800", "2007-12-31": -0.09, "2007-09-30": -0.791, "2007-06-30": -23.319, "2007-03-31": "", "2006-12-31": 0.043, "2006-09-30": -4.939, "2006-06-30": -1.5, "2006-03-31": "", "2005-12-31": -28.195, "2005-09-30": 0.55, "2005-06-30": 0, "2005-03-31": "-12.00000"}, "Net Change In Short-term Investments": {"2020-09-30": 0, "2020-06-30": 0, "2020-03-31": "", "2019-12-31": 0, "2019-09-30": 0, "2019-06-30": 0, "2019-03-31": "", "2018-12-31": 0, "2018-09-30": 0, "2018-06-30": 0, "2018-03-31": "", "2017-12-31": 0, "2017-09-30": 0, "2017-06-30": 0, "2017-03-31": "", "2016-12-31": 0, "2016-09-30": 0, "2016-06-30": 0, "2016-03-31": "", "2015-12-31": 0, "2015-09-30": 0, "2015-06-30": 0, "2015-03-31": "", "2014-12-31": 0, "2014-09-30": 0, "2014-06-30": 0, "2014-03-31": "", "2013-12-31": 0, "2013-09-30": 0, "2013-06-30": 0, "2013-03-31": "", "2012-12-31": 0, "2012-09-30": 0, "2012-06-30": 0, "2012-03-31": "", "2011-12-31": 0, "2011-09-30": 0, "2011-06-30": 0, "2011-03-31": "", "2010-12-31": 0, "2010-09-30": 0, "2010-06-30": 0, "2010-03-31": "", "2009-12-31": 0, "2009-09-30": 0, "2009-06-30": 0, "2009-03-31": "", "2008-12-31": 0, "2008-09-30": 0, "2008-06-30": 0, "2008-03-31": "", "2007-12-31": 0, "2007-09-30": 0, "2007-06-30": 0, "2007-03-31": "", "2006-12-31": 0, "2006-09-30": 0, "2006-06-30": 0, "2006-03-31": "", "2005-12-31": 0, "2005-09-30": 0, "2005-06-30": 0, "2005-03-31": ""}, "Net Change In Long-Term Investments": {"2020-09-30": 0, "2020-06-30": 0, "2020-03-31": "", "2019-12-31": 0, "2019-09-30": 0, "2019-06-30": 0, "2019-03-31": "", "2018-12-31": 0, "2018-09-30": 0, "2018-06-30": 0, "2018-03-31": "", "2017-12-31": 0, "2017-09-30": 0, "2017-06-30": 0, "2017-03-31": "", "2016-12-31": 0, "2016-09-30": 0, "2016-06-30": 0, "2016-03-31": "", "2015-12-31": 0, "2015-09-30": 0, "2015-06-30": 0, "2015-03-31": "", "2014-12-31": 0, "2014-09-30": 0, "2014-06-30": 0, "2014-03-31": "", "2013-12-31": 0, "2013-09-30": 0, "2013-06-30": 0, "2013-03-31": "", "2012-12-31": 0, "2012-09-30": 0, "2012-06-30": 0, "2012-03-31": "", "2011-12-31": 0, "2011-09-30": 0, "2011-06-30": 0, "2011-03-31": "", "2010-12-31": 0, "2010-09-30": 0, "2010-06-30": 0, "2010-03-31": "", "2009-12-31": 0, "2009-09-30": 0, "2009-06-30": 0, "2009-03-31": "", "2008-12-31": 0, "2008-09-30": 0, "2008-06-30": 0, "2008-03-31": "", "2007-12-31": 0, "2007-09-30": 0, "2007-06-30": 0, "2007-03-31": "", "2006-12-31": 0, "2006-09-30": 0, "2006-06-30": 0, "2006-03-31": "", "2005-12-31": 0, "2005-09-30": 0, "2005-06-30": 0, "2005-03-31": ""}, "Net Change In Investments - Total": {"2020-09-30": 0, "2020-06-30": 0, "2020-03-31": "", "2019-12-31": 0, "2019-09-30": 0, "2019-06-30": 0, "2019-03-31": "", "2018-12-31": 0, "2018-09-30": 0, "2018-06-30": 0, "2018-03-31": "", "2017-12-31": 0, "2017-09-30": 0, "2017-06-30": 0, "2017-03-31": "", "2016-12-31": 0, "2016-09-30": 0, "2016-06-30": 0, "2016-03-31": "", "2015-12-31": 0, "2015-09-30": 0, "2015-06-30": 0, "2015-03-31": "", "2014-12-31": 0, "2014-09-30": 0, "2014-06-30": 0, "2014-03-31": "", "2013-12-31": 0, "2013-09-30": 0, "2013-06-30": 0, "2013-03-31": "", "2012-12-31": 0, "2012-09-30": 0, "2012-06-30": 0, "2012-03-31": "", "2011-12-31": 0, "2011-09-30": 0, "2011-06-30": 0, "2011-03-31": "", "2010-12-31": 0, "2010-09-30": 0, "2010-06-30": 0, "2010-03-31": "", "2009-12-31": 0, "2009-09-30": 0, "2009-06-30": 0, "2009-03-31": "", "2008-12-31": 0, "2008-09-30": 0, "2008-06-30": 0, "2008-03-31": "", "2007-12-31": 0, "2007-09-30": 0, "2007-06-30": 0, "2007-03-31": "", "2006-12-31": 0, "2006-09-30": 0, "2006-06-30": 0, "2006-03-31": "", "2005-12-31": 0, "2005-09-30": 0, "2005-06-30": 0, "2005-03-31": ""}, "Investing Activities - Other": {"2020-09-30": 0, "2020-06-30": 0, "2020-03-31": "", "2019-12-31": 0, "2019-09-30": 0, "2019-06-30": 0, "2019-03-31": "", "2018-12-31": 0, "2018-09-30": 0, "2018-06-30": 0, "2018-03-31": "", "2017-12-31": 0, "2017-09-30": 0, "2017-06-30": 0, "2017-03-31": "", "2016-12-31": 0, "2016-09-30": 0, "2016-06-30": 0, "2016-03-31": "", "2015-12-31": 0, "2015-09-30": 0, "2015-06-30": 0, "2015-03-31": "", "2014-12-31": 0, "2014-09-30": 0, "2014-06-30": 0, "2014-03-31": "", "2013-12-31": 0, "2013-09-30": 0, "2013-06-30": 0, "2013-03-31": "", "2012-12-31": 0, "2012-09-30": 0, "2012-06-30": 0, "2012-03-31": "", "2011-12-31": 0, "2011-09-30": 0, "2011-06-30": 0, "2011-03-31": "", "2010-12-31": 0, "2010-09-30": 0, "2010-06-30": 0, "2010-03-31": "", "2009-12-31": 0, "2009-09-30": 0, "2009-06-30": 0, "2009-03-31": "", "2008-12-31": 0, "2008-09-30": 0, "2008-06-30": 0, "2008-03-31": "", "2007-12-31": 0, "2007-09-30": 0, "2007-06-30": 0, "2007-03-31": "", "2006-12-31": 0, "2006-09-30": 0, "2006-06-30": 0, "2006-03-31": "", "2005-12-31": 0, "2005-09-30": 0, "2005-06-30": 0, "2005-03-31": ""}, "Cash Flow From Investing Activities": {"2020-09-30": -10.358, "2020-06-30": -3.959, "2020-03-31": "-39.22200", "2019-12-31": -54.874, "2019-09-30": -84.074, "2019-06-30": -168.227, "2019-03-31": "-20.49200", "2018-12-31": -53.734, "2018-09-30": -11.541, "2018-06-30": -1122.633, "2018-03-31": "-51.51500", "2017-12-31": -157.852, "2017-09-30": -50.922, "2017-06-30": -125.72, "2017-03-31": "-10.97200", "2016-12-31": -6.018, "2016-09-30": -4.588, "2016-06-30": -217.439, "2016-03-31": "-7.69300", "2015-12-31": -91.072, "2015-09-30": -192.039, "2015-06-30": -35.261, "2015-03-31": "-52.61500", "2014-12-31": -146.266, "2014-09-30": -19.081, "2014-06-30": -18.755, "2014-03-31": "-48.95600", "2013-12-31": -88.973, "2013-09-30": 8.266, "2013-06-30": -11.724, "2013-03-31": "-381.75900", "2012-12-31": -25.305, "2012-09-30": -30.866, "2012-06-30": -2.251, "2012-03-31": "-11.47300", "2011-12-31": -52.77, "2011-09-30": -34.211, "2011-06-30": -97.201, "2011-03-31": "-4.72800", "2010-12-31": -0.121, "2010-09-30": -23.73, "2010-06-30": -2.004, "2010-03-31": "-3.02200", "2009-12-31": -6.608, "2009-09-30": -0.972, "2009-06-30": -13.509, "2009-03-31": "-117.94800", "2008-12-31": -1.993, "2008-09-30": -4.149, "2008-06-30": -13.76, "2008-03-31": "-190.19200", "2007-12-31": -1.889, "2007-09-30": -45.407, "2007-06-30": -23.79, "2007-03-31": "-0.59800", "2006-12-31": -0.988, "2006-09-30": -5.293, "2006-06-30": -1.881, "2006-03-31": "-0.50100", "2005-12-31": -28.486, "2005-09-30": 0.065, "2005-06-30": -0.279, "2005-03-31": "-12.32100"}, "Net Long-Term Debt": {"2020-09-30": -1192.152, "2020-06-30": -2351.8549, "2020-03-31": "326.49990", "2019-12-31": -185.175, "2019-09-30": -165.704, "2019-06-30": -211.334, "2019-03-31": "1.85000", "2018-12-31": -1677.595, "2018-09-30": 931.317, "2018-06-30": 215.859, "2018-03-31": "-215.86200", "2017-12-31": -462.112, "2017-09-30": -263.505, "2017-06-30": 263.505, "2017-03-31": "", "2016-12-31": 0, "2016-09-30": 0, "2016-06-30": 0, "2016-03-31": "", "2015-12-31": 0, "2015-09-30": 0, "2015-06-30": 0, "2015-03-31": "", "2014-12-31": 0, "2014-09-30": 0, "2014-06-30": 0, "2014-03-31": "", "2013-12-31": 0, "2013-09-30": 0, "2013-06-30": 0, "2013-03-31": "", "2012-12-31": 0, "2012-09-30": 0, "2012-06-30": 0, "2012-03-31": "", "2011-12-31": 0, "2011-09-30": 0, "2011-06-30": 0, "2011-03-31": "", "2010-12-31": 0, "2010-09-30": 0, "2010-06-30": 0, "2010-03-31": "", "2009-12-31": 0, "2009-09-30": 0, "2009-06-30": 0, "2009-03-31": "", "2008-12-31": 0, "2008-09-30": 0, "2008-06-30": 0, "2008-03-31": "", "2007-12-31": 11.25, "2007-09-30": -3.75, "2007-06-30": -3.75, "2007-03-31": "-3.75000", "2006-12-31": 9.375, "2006-09-30": -3.125, "2006-06-30": -3.125, "2006-03-31": "-3.12500", "2005-12-31": 7.5, "2005-09-30": -2.5, "2005-06-30": -2.5, "2005-03-31": "-2.50000"}, "Net Current Debt": {"2020-09-30": 717.991, "2020-06-30": 2549.497, "2020-03-31": "0.77500", "2019-12-31": 98.115, "2019-09-30": 131.409, "2019-06-30": 313.433, "2019-03-31": "-0.24700", "2018-12-31": 1611.019, "2018-09-30": -1039.885, "2018-06-30": 798.658, "2018-03-31": "234.22700", "2017-12-31": 540.513, "2017-09-30": 411.377, "2017-06-30": -189.808, "2017-03-31": "-4.29600", "2016-12-31": -103.72, "2016-09-30": -80.266, "2016-06-30": 156.344, "2016-03-31": "-1.69600", "2015-12-31": 11.591, "2015-09-30": 150.582, "2015-06-30": -64.925, "2015-03-31": "41.93200", "2014-12-31": 83.625, "2014-09-30": -76.994, "2014-06-30": -62.805, "2014-03-31": "83.85400", "2013-12-31": 34.167, "2013-09-30": -80.709, "2013-06-30": -20.47, "2013-03-31": "378.44800", "2012-12-31": -9.312, "2012-09-30": -5.068, "2012-06-30": -41.937, "2012-03-31": "-1.00400", "2011-12-31": 13.52, "2011-09-30": -5.235, "2011-06-30": 69.654, "2011-03-31": "25.07300", "2010-12-31": -29.513, "2010-09-30": -6.162, "2010-06-30": -21.11, "2010-03-31": "-4.28600", "2009-12-31": -20.573, "2009-09-30": -26.402, "2009-06-30": -25.472, "2009-03-31": "111.74500", "2008-12-31": -22.778, "2008-09-30": -15.942, "2008-06-30": -3.188, "2008-03-31": "176.10500", "2007-12-31": -23.147, "2007-09-30": 25.932, "2007-06-30": 1.623, "2007-03-31": "8.37300", "2006-12-31": -24.086, "2006-09-30": -12.645, "2006-06-30": -8.07, "2006-03-31": "2.07000", "2005-12-31": 9.787, "2005-09-30": -14.65, "2005-06-30": -14.545, "2005-03-31": "17.28000"}, "Debt Issuance/Retirement Net - Total": {"2020-09-30": -474.1611, "2020-06-30": 197.6421, "2020-03-31": "327.27490", "2019-12-31": -87.06, "2019-09-30": -34.295, "2019-06-30": 102.099, "2019-03-31": "1.60300", "2018-12-31": -66.576, "2018-09-30": -108.568, "2018-06-30": 1014.517, "2018-03-31": "18.36500", "2017-12-31": 78.401, "2017-09-30": 147.872, "2017-06-30": 73.697, "2017-03-31": "-4.29600", "2016-12-31": -103.72, "2016-09-30": -80.266, "2016-06-30": 156.344, "2016-03-31": "-1.69600", "2015-12-31": 11.591, "2015-09-30": 150.582, "2015-06-30": -64.925, "2015-03-31": "41.93200", "2014-12-31": 83.625, "2014-09-30": -76.994, "2014-06-30": -62.805, "2014-03-31": "83.85400", "2013-12-31": 34.167, "2013-09-30": -80.709, "2013-06-30": -20.47, "2013-03-31": "378.44800", "2012-12-31": -9.312, "2012-09-30": -5.068, "2012-06-30": -41.937, "2012-03-31": "-1.00400", "2011-12-31": 13.52, "2011-09-30": -5.235, "2011-06-30": 69.654, "2011-03-31": "25.07300", "2010-12-31": -29.513, "2010-09-30": -6.162, "2010-06-30": -21.11, "2010-03-31": "-4.28600", "2009-12-31": -20.573, "2009-09-30": -26.402, "2009-06-30": -25.472, "2009-03-31": "111.74500", "2008-12-31": -22.778, "2008-09-30": -15.942, "2008-06-30": -3.188, "2008-03-31": "176.10500", "2007-12-31": -11.897, "2007-09-30": 22.182, "2007-06-30": -2.127, "2007-03-31": "4.62300", "2006-12-31": -14.711, "2006-09-30": -15.77, "2006-06-30": -11.195, "2006-03-31": "-1.05500", "2005-12-31": 17.287, "2005-09-30": -17.15, "2005-06-30": -17.045, "2005-03-31": "14.78000"}, "Net Common Equity Issued/Repurchased": {"2020-09-30": -0.395, "2020-06-30": -2.249, "2020-03-31": "-74.60000", "2019-12-31": 0, "2019-09-30": -0.058, "2019-06-30": -0.818, "2019-03-31": "-5.26800", "2018-12-31": 0, "2018-09-30": 0, "2018-06-30": 0, "2018-03-31": "", "2017-12-31": -14.842, "2017-09-30": -200.351, "2017-06-30": 0, "2017-03-31": "-24.64500", "2016-12-31": 0, "2016-09-30": 0, "2016-06-30": 0, "2016-03-31": "-4.41800", "2015-12-31": 0, "2015-09-30": 0, "2015-06-30": 0, "2015-03-31": "-4.83600", "2014-12-31": 0, "2014-09-30": 0, "2014-06-30": 0, "2014-03-31": "-44.28300", "2013-12-31": -0.562, "2013-09-30": -1.242, "2013-06-30": 2.333, "2013-03-31": "-1.07800", "2012-12-31": -3.92, "2012-09-30": -0.773, "2012-06-30": -2.671, "2012-03-31": "-10.50200", "2011-12-31": -2.632, "2011-09-30": -3.578, "2011-06-30": 0.144, "2011-03-31": "-9.37300", "2010-12-31": -0.138, "2010-09-30": -5.745, "2010-06-30": -2.74, "2010-03-31": "0.27000", "2009-12-31": 0.007, "2009-09-30": 0.366, "2009-06-30": 0.018, "2009-03-31": "", "2008-12-31": 0, "2008-09-30": 0.219, "2008-06-30": -11.972, "2008-03-31": "-0.33600", "2007-12-31": 1.427, "2007-09-30": 1.434, "2007-06-30": 0.762, "2007-03-31": "0.92500", "2006-12-31": -0.486, "2006-09-30": 1.225, "2006-06-30": 0.009, "2006-03-31": "0.05000", "2005-12-31": 0.26, "2005-09-30": 0.16, "2005-06-30": 0.292, "2005-03-31": "0.26500"}, "Net Total Equity Issued/Repurchased": {"2020-09-30": -0.395, "2020-06-30": -2.249, "2020-03-31": "-74.60000", "2019-12-31": 0, "2019-09-30": -0.058, "2019-06-30": -0.818, "2019-03-31": "-5.26800", "2018-12-31": 0, "2018-09-30": 0, "2018-06-30": 0, "2018-03-31": "", "2017-12-31": -14.842, "2017-09-30": -200.351, "2017-06-30": 0, "2017-03-31": "-24.64500", "2016-12-31": 0, "2016-09-30": 0, "2016-06-30": 0, "2016-03-31": "-4.41800", "2015-12-31": 0, "2015-09-30": 0, "2015-06-30": 0, "2015-03-31": "-4.83600", "2014-12-31": 0, "2014-09-30": 0, "2014-06-30": 0, "2014-03-31": "-44.28300", "2013-12-31": -0.562, "2013-09-30": -1.242, "2013-06-30": 2.333, "2013-03-31": "-1.07800", "2012-12-31": -3.92, "2012-09-30": -0.773, "2012-06-30": -2.671, "2012-03-31": "-10.50200", "2011-12-31": -2.632, "2011-09-30": -3.578, "2011-06-30": 0.144, "2011-03-31": "-9.37300", "2010-12-31": -0.138, "2010-09-30": -5.745, "2010-06-30": -2.74, "2010-03-31": "0.27000", "2009-12-31": 0.007, "2009-09-30": 0.366, "2009-06-30": 0.018, "2009-03-31": "", "2008-12-31": 0, "2008-09-30": 0.219, "2008-06-30": -11.972, "2008-03-31": "-0.33600", "2007-12-31": 1.427, "2007-09-30": 1.434, "2007-06-30": 0.762, "2007-03-31": "0.92500", "2006-12-31": -0.486, "2006-09-30": 1.225, "2006-06-30": 0.009, "2006-03-31": "0.05000", "2005-12-31": 0.26, "2005-09-30": 0.16, "2005-06-30": 0.292, "2005-03-31": "0.26500"}, "Total Common And Preferred Stock Dividends Paid": {"2020-09-30": 0, "2020-06-30": 0, "2020-03-31": "", "2019-12-31": 0, "2019-09-30": 0, "2019-06-30": 0, "2019-03-31": "", "2018-12-31": 0, "2018-09-30": 0, "2018-06-30": 0, "2018-03-31": "", "2017-12-31": 0, "2017-09-30": 0, "2017-06-30": 0, "2017-03-31": "", "2016-12-31": 0, "2016-09-30": 0, "2016-06-30": 0, "2016-03-31": "", "2015-12-31": 0, "2015-09-30": 0, "2015-06-30": 0, "2015-03-31": "", "2014-12-31": 0, "2014-09-30": 0, "2014-06-30": 0, "2014-03-31": "", "2013-12-31": 0, "2013-09-30": 0, "2013-06-30": 0, "2013-03-31": "", "2012-12-31": 0, "2012-09-30": 0, "2012-06-30": 0, "2012-03-31": "", "2011-12-31": 0, "2011-09-30": 0, "2011-06-30": 0, "2011-03-31": "", "2010-12-31": 0, "2010-09-30": 0, "2010-06-30": 0, "2010-03-31": "", "2009-12-31": 0, "2009-09-30": 0, "2009-06-30": 0, "2009-03-31": "", "2008-12-31": 0, "2008-09-30": 0, "2008-06-30": 0, "2008-03-31": "", "2007-12-31": 0, "2007-09-30": 0, "2007-06-30": 0, "2007-03-31": "", "2006-12-31": 0, "2006-09-30": 0, "2006-06-30": 0, "2006-03-31": "", "2005-12-31": 0, "2005-09-30": 0, "2005-06-30": 0, "2005-03-31": ""}, "Financial Activities - Other": {"2020-09-30": -98.613, "2020-06-30": -2.16, "2020-03-31": "-7.57700", "2019-12-31": 0, "2019-09-30": -1.202, "2019-06-30": 0, "2019-03-31": "-0.44600", "2018-12-31": -0.917, "2018-09-30": -0.692, "2018-06-30": 0, "2018-03-31": "", "2017-12-31": 1.062, "2017-09-30": -1.062, "2017-06-30": 0, "2017-03-31": "", "2016-12-31": -0.53, "2016-09-30": -6.251, "2016-06-30": 0.001, "2016-03-31": "-0.83400", "2015-12-31": 0.018, "2015-09-30": -0.004, "2015-06-30": 0.007, "2015-03-31": "2.39300", "2014-12-31": 0.543, "2014-09-30": -0.039, "2014-06-30": -0.058, "2014-03-31": "25.04400", "2013-12-31": 0.121, "2013-09-30": 8.09, "2013-06-30": 10.026, "2013-03-31": "1.07800", "2012-12-31": 3.212, "2012-09-30": -3.911, "2012-06-30": 10.945, "2012-03-31": "", "2011-12-31": 4.389, "2011-09-30": 0, "2011-06-30": -0.373, "2011-03-31": "", "2010-12-31": -0.45, "2010-09-30": 0, "2010-06-30": 0, "2010-03-31": "", "2009-12-31": -0.448, "2009-09-30": 0, "2009-06-30": 0, "2009-03-31": "", "2008-12-31": 2.971, "2008-09-30": -0.797, "2008-06-30": -0.043, "2008-03-31": "-0.16200", "2007-12-31": -1.333, "2007-09-30": 0, "2007-06-30": 0, "2007-03-31": "", "2006-12-31": 0, "2006-09-30": 0, "2006-06-30": 0, "2006-03-31": "", "2005-12-31": 0, "2005-09-30": 0, "2005-06-30": 0, "2005-03-31": ""}, "Cash Flow From Financial Activities": {"2020-09-30": -573.169, "2020-06-30": 193.233, "2020-03-31": "245.09800", "2019-12-31": -87.06, "2019-09-30": -35.555, "2019-06-30": 101.281, "2019-03-31": "-4.11100", "2018-12-31": -67.493, "2018-09-30": -109.26, "2018-06-30": 1014.517, "2018-03-31": "18.36500", "2017-12-31": 64.621, "2017-09-30": -53.541, "2017-06-30": 73.697, "2017-03-31": "-28.94100", "2016-12-31": -104.25, "2016-09-30": -86.517, "2016-06-30": 156.345, "2016-03-31": "-6.94800", "2015-12-31": 11.609, "2015-09-30": 150.578, "2015-06-30": -64.918, "2015-03-31": "39.48900", "2014-12-31": 84.168, "2014-09-30": -77.033, "2014-06-30": -62.863, "2014-03-31": "64.61500", "2013-12-31": 33.726, "2013-09-30": -73.861, "2013-06-30": -8.111, "2013-03-31": "378.44800", "2012-12-31": -10.02, "2012-09-30": -9.752, "2012-06-30": -33.663, "2012-03-31": "-11.50600", "2011-12-31": 15.277, "2011-09-30": -8.813, "2011-06-30": 69.425, "2011-03-31": "15.70000", "2010-12-31": -30.101, "2010-09-30": -11.907, "2010-06-30": -23.85, "2010-03-31": "-4.01600", "2009-12-31": -21.014, "2009-09-30": -26.036, "2009-06-30": -25.454, "2009-03-31": "111.74500", "2008-12-31": -19.807, "2008-09-30": -16.52, "2008-06-30": -15.203, "2008-03-31": "175.60700", "2007-12-31": -11.803, "2007-09-30": 23.616, "2007-06-30": -1.365, "2007-03-31": "5.54800", "2006-12-31": -15.197, "2006-09-30": -14.545, "2006-06-30": -11.186, "2006-03-31": "-1.00500", "2005-12-31": 17.547, "2005-09-30": -16.99, "2005-06-30": -16.753, "2005-03-31": "15.04500"}, "Net Cash Flow": {"2020-09-30": -429.41, "2020-06-30": 268.677, "2020-03-31": "286.54300", "2019-12-31": 7.319, "2019-09-30": 5.494, "2019-06-30": 0.477, "2019-03-31": "9.50900", "2018-12-31": -4.887, "2018-09-30": -15.696, "2018-06-30": -11.006, "2018-03-31": "13.63600", "2017-12-31": 7.928, "2017-09-30": 16.853, "2017-06-30": -11.703, "2017-03-31": "8.09100", "2016-12-31": 6.705, "2016-09-30": -12.251, "2016-06-30": 18.35, "2016-03-31": "0.15300", "2015-12-31": 0.466, "2015-09-30": 16.476, "2015-06-30": -15.673, "2015-03-31": "10.31400", "2014-12-31": 5.793, "2014-09-30": 5.894, "2014-06-30": -6.792, "2014-03-31": "2.15600", "2013-12-31": 7.539, "2013-09-30": -5.051, "2013-06-30": -9.363, "2013-03-31": "9.40300", "2012-12-31": -0.739, "2012-09-30": -0.122, "2012-06-30": 6.514, "2012-03-31": "-11.50300", "2011-12-31": 26.8, "2011-09-30": -7.973, "2011-06-30": 12.131, "2011-03-31": "1.60200", "2010-12-31": 1.67, "2010-09-30": -1.386, "2010-06-30": -0.923, "2010-03-31": "-0.06800", "2009-12-31": -2.628, "2009-09-30": 2.958, "2009-06-30": -0.816, "2009-03-31": "2.70500", "2008-12-31": -0.883, "2008-09-30": -0.022, "2008-06-30": 1.531, "2008-03-31": "-1.94500", "2007-12-31": -0.153, "2007-09-30": 1.825, "2007-06-30": 1.738, "2007-03-31": "0.51900", "2006-12-31": 0.509, "2006-09-30": -0.131, "2006-06-30": -0.354, "2006-03-31": "-0.39800", "2005-12-31": 0.635, "2005-09-30": -0.494, "2005-06-30": 1.128, "2005-03-31": "-1.16400"}, "Stock-Based Compensation": {"2020-09-30": 5.3, "2020-06-30": 4.963, "2020-03-31": "4.15900", "2019-12-31": 4.876, "2019-09-30": 1.923, "2019-06-30": 0.265, "2019-03-31": "1.06900", "2018-12-31": -2.771, "2018-09-30": 3.45, "2018-06-30": 1.673, "2018-03-31": "0.14500", "2017-12-31": -0.241, "2017-09-30": -0.027, "2017-06-30": 2.955, "2017-03-31": "3.55000", "2016-12-31": 10.559, "2016-09-30": 6.186, "2016-06-30": 6.201, "2016-03-31": "4.95900", "2015-12-31": 4.178, "2015-09-30": 4.287, "2015-06-30": 5.37, "2015-03-31": "2.02900", "2014-12-31": 5.055, "2014-09-30": 4.939, "2014-06-30": 4.758, "2014-03-31": "1.93800", "2013-12-31": 2.967, "2013-09-30": 2.965, "2013-06-30": 2.965, "2013-03-31": "2.96500", "2012-12-31": 2.975, "2012-09-30": 3.132, "2012-06-30": 3.13, "2012-03-31": "2.74700", "2011-12-31": 5.357, "2011-09-30": 5.427, "2011-06-30": 5.393, "2011-03-31": "1.95600", "2010-12-31": 3.624, "2010-09-30": 3.686, "2010-06-30": 4.138, "2010-03-31": "3.23400", "2009-12-31": 2.537, "2009-09-30": 2.696, "2009-06-30": 2.763, "2009-03-31": "2.72500", "2008-12-31": 2.99, "2008-09-30": 2.941, "2008-06-30": 3.13, "2008-03-31": "2.35000", "2007-12-31": 2.247, "2007-09-30": 2.279, "2007-06-30": 1.939, "2007-03-31": "1.32200", "2006-12-31": 1.168, "2006-09-30": 1.096, "2006-06-30": 1.222, "2006-03-31": "1.09800", "2005-12-31": 0.828, "2005-09-30": 0.827, "2005-06-30": 0.828, "2005-03-31": "0.82700"}, "Common Stock Dividends Paid": {"2020-09-30": 0, "2020-06-30": 0, "2020-03-31": "", "2019-12-31": 0, "2019-09-30": 0, "2019-06-30": 0, "2019-03-31": "", "2018-12-31": 0, "2018-09-30": 0, "2018-06-30": 0, "2018-03-31": "", "2017-12-31": 0, "2017-09-30": 0, "2017-06-30": 0, "2017-03-31": "", "2016-12-31": 0, "2016-09-30": 0, "2016-06-30": 0, "2016-03-31": "", "2015-12-31": 0, "2015-09-30": 0, "2015-06-30": 0, "2015-03-31": "", "2014-12-31": 0, "2014-09-30": 0, "2014-06-30": 0, "2014-03-31": "", "2013-12-31": 0, "2013-09-30": 0, "2013-06-30": 0, "2013-03-31": "", "2012-12-31": 0, "2012-09-30": 0, "2012-06-30": 0, "2012-03-31": "", "2011-12-31": 0, "2011-09-30": 0, "2011-06-30": 0, "2011-03-31": "", "2010-12-31": 0, "2010-09-30": 0, "2010-06-30": 0, "2010-03-31": "", "2009-12-31": 0, "2009-09-30": 0, "2009-06-30": 0, "2009-03-31": "", "2008-12-31": 0, "2008-09-30": 0, "2008-06-30": 0, "2008-03-31": "", "2007-12-31": 0, "2007-09-30": 0, "2007-06-30": 0, "2007-03-31": "", "2006-12-31": 0, "2006-09-30": 0, "2006-06-30": 0, "2006-03-31": "", "2005-12-31": 0, "2005-09-30": 0, "2005-06-30": 0, "2005-03-31": ""}}, "financial ratios": {"Current Ratio": {"2019-12-31": "2.03860", "2018-12-31": "1.89930", "2017-12-31": "1.96750", "2016-12-31": "1.66190", "2015-12-31": "1.55900", "2014-12-31": "1.87060", "2013-12-31": "1.75260", "2012-12-31": "1.70190", "2011-12-31": "0.66840", "2010-12-31": "1.43410", "2009-12-31": "1.48290", "2008-12-31": "1.48200", "2007-12-31": "1.49320", "2006-12-31": "1.10840", "2005-12-31": "1.08070"}, "Long-term Debt / Capital": {"2019-12-31": "0.49000", "2018-12-31": "0.53150", "2017-12-31": "0.42930", "2016-12-31": "0.36470", "2015-12-31": "0.38610", "2014-12-31": "0.36900", "2013-12-31": "0.40480", "2012-12-31": "0.28430", "2011-12-31": "0.00290", "2010-12-31": "0.32960", "2009-12-31": "0.43900", "2008-12-31": "0.50040", "2007-12-31": "0.33830", "2006-12-31": "0.39610", "2005-12-31": "0.68970"}, "Debt/Equity Ratio": {"2019-12-31": "0.96220", "2018-12-31": "1.13630", "2017-12-31": "0.75590", "2016-12-31": "0.57860", "2015-12-31": "0.65650", "2014-12-31": "0.59420", "2013-12-31": "0.68180", "2012-12-31": "0.40010", "2011-12-31": "0.62100", "2010-12-31": "0.50370", "2009-12-31": "0.80440", "2008-12-31": "1.02960", "2007-12-31": "0.52590", "2006-12-31": "0.82330", "2005-12-31": "2.50710"}, "Gross Margin": {"2019-12-31": "37.28730", "2018-12-31": "36.87720", "2017-12-31": "39.08050", "2016-12-31": "39.73720", "2015-12-31": "38.67870", "2014-12-31": "39.14270", "2013-12-31": "38.49770", "2012-12-31": "38.81710", "2011-12-31": "40.20730", "2010-12-31": "39.86490", "2009-12-31": "38.75920", "2008-12-31": "38.06510", "2007-12-31": "38.43670", "2006-12-31": "38.91470", "2005-12-31": "38.41660"}, "Operating Margin": {"2019-12-31": "17.36960", "2018-12-31": "16.37820", "2017-12-31": "16.21090", "2016-12-31": "18.47640", "2015-12-31": "16.56650", "2014-12-31": "18.35780", "2013-12-31": "17.11100", "2012-12-31": "18.11680", "2011-12-31": "17.37460", "2010-12-31": "17.07470", "2009-12-31": "17.23420", "2008-12-31": "18.34950", "2007-12-31": "18.56910", "2006-12-31": "19.07590", "2005-12-31": "18.30690"}, "EBIT Margin": {"2019-12-31": "17.36960", "2018-12-31": "16.37820", "2017-12-31": "16.21090", "2016-12-31": "18.47640", "2015-12-31": "16.56650", "2014-12-31": "18.35780", "2013-12-31": "17.11100", "2012-12-31": "18.11680", "2011-12-31": "17.37460", "2010-12-31": "17.07470", "2009-12-31": "17.23420", "2008-12-31": "18.34950", "2007-12-31": "18.56910", "2006-12-31": "19.07590", "2005-12-31": "18.30690"}, "EBITDA Margin": {"2019-12-31": "20.86440", "2018-12-31": "19.94920", "2017-12-31": "19.19840", "2016-12-31": "21.04420", "2015-12-31": "19.52690", "2014-12-31": "20.87850", "2013-12-31": "20.13220", "2012-12-31": "20.70820", "2011-12-31": "19.67710", "2010-12-31": "19.44070", "2009-12-31": "19.69120", "2008-12-31": "20.25010", "2007-12-31": "19.83990", "2006-12-31": "20.28180", "2005-12-31": "19.42920"}, "Pre-Tax Profit Margin": {"2019-12-31": "15.63200", "2018-12-31": "15.55360", "2017-12-31": "16.42140", "2016-12-31": "18.57730", "2015-12-31": "15.39290", "2014-12-31": "17.15760", "2013-12-31": "15.80340", "2012-12-31": "16.80260", "2011-12-31": "16.40930", "2010-12-31": "15.88550", "2009-12-31": "15.42240", "2008-12-31": "15.98770", "2007-12-31": "17.57920", "2006-12-31": "17.31650", "2005-12-31": "16.23090"}, "Net Profit Margin": {"2019-12-31": "11.90220", "2018-12-31": "11.64750", "2017-12-31": "12.76480", "2016-12-31": "12.53240", "2015-12-31": "10.49000", "2014-12-31": "11.81230", "2013-12-31": "10.77410", "2012-12-31": "11.62590", "2011-12-31": "11.15460", "2010-12-31": "10.13280", "2009-12-31": "9.45770", "2008-12-31": "9.80250", "2007-12-31": "10.51290", "2006-12-31": "10.51200", "2005-12-31": "10.16140"}, "Asset Turnover": {"2019-12-31": "0.59160", "2018-12-31": "0.59850", "2017-12-31": "0.69930", "2016-12-31": "0.77740", "2015-12-31": "0.66150", "2014-12-31": "0.79210", "2013-12-31": "0.78530", "2012-12-31": "0.83440", "2011-12-31": "0.74650", "2010-12-31": "0.82360", "2009-12-31": "0.79210", "2008-12-31": "0.99600", "2007-12-31": "1.20990", "2006-12-31": "1.41440", "2005-12-31": "1.19990"}, "Inventory Turnover Ratio": {"2019-12-31": "3.16880", "2018-12-31": "3.29390", "2017-12-31": "3.35060", "2016-12-31": "3.71130", "2015-12-31": "3.16280", "2014-12-31": "3.89380", "2013-12-31": "3.99190", "2012-12-31": "4.13830", "2011-12-31": "4.11720", "2010-12-31": "4.06190", "2009-12-31": "4.36890", "2008-12-31": "4.41010", "2007-12-31": "4.63750", "2006-12-31": "5.20710", "2005-12-31": "4.75770"}, "Receiveable Turnover": {"2019-12-31": "6.61160", "2018-12-31": "6.83020", "2017-12-31": "7.11140", "2016-12-31": "6.95940", "2015-12-31": "6.46510", "2014-12-31": "7.11930", "2013-12-31": "6.96020", "2012-12-31": "6.39940", "2011-12-31": "5.65180", "2010-12-31": "6.41790", "2009-12-31": "8.19590", "2008-12-31": "7.58280", "2007-12-31": "6.84730", "2006-12-31": "7.81560", "2005-12-31": "8.21400"}, "Days Sales In Receivables": {"2019-12-31": "55.20570", "2018-12-31": "53.43910", "2017-12-31": "51.32580", "2016-12-31": "52.44690", "2015-12-31": "56.45740", "2014-12-31": "51.26940", "2013-12-31": "52.44080", "2012-12-31": "57.03660", "2011-12-31": "64.58170", "2010-12-31": "56.87210", "2009-12-31": "44.53470", "2008-12-31": "48.13510", "2007-12-31": "53.30540", "2006-12-31": "46.70120", "2005-12-31": "44.43610"}, "ROE - Return On Equity": {"2019-12-31": "18.09320", "2018-12-31": "19.04590", "2017-12-31": "21.90270", "2016-12-31": "22.46200", "2015-12-31": "16.42140", "2014-12-31": "19.20140", "2013-12-31": "18.36090", "2012-12-31": "18.56800", "2011-12-31": "18.68470", "2010-12-31": "17.14870", "2009-12-31": "17.84770", "2008-12-31": "28.03170", "2007-12-31": "28.76470", "2006-12-31": "42.13560", "2005-12-31": "66.34640"}, "Return On Tangible Equity": {"2019-12-31": "-26.16330", "2018-12-31": "-22.03980", "2017-12-31": "-43.58040", "2016-12-31": "-54.28370", "2015-12-31": "-33.85700", "2014-12-31": "-65.80570", "2013-12-31": "-51.73150", "2012-12-31": "-110.40210", "2011-12-31": "-47.36490", "2010-12-31": "-54.24480", "2009-12-31": "-29.77080", "2008-12-31": "-38.91560", "2007-12-31": "-1177.30800", "2006-12-31": "-117.74330", "2005-12-31": "-37.52320"}, "ROA - Return On Assets": {"2019-12-31": "7.04180", "2018-12-31": "6.97070", "2017-12-31": "8.92680", "2016-12-31": "9.74300", "2015-12-31": "6.93950", "2014-12-31": "9.35620", "2013-12-31": "8.46130", "2012-12-31": "9.70010", "2011-12-31": "8.32730", "2010-12-31": "8.34510", "2009-12-31": "7.49140", "2008-12-31": "9.76340", "2007-12-31": "12.71950", "2006-12-31": "14.86800", "2005-12-31": "12.19240"}, "ROI - Return On Investment": {"2019-12-31": "9.22800", "2018-12-31": "8.92360", "2017-12-31": "12.50080", "2016-12-31": "14.27100", "2015-12-31": "10.08030", "2014-12-31": "12.11590", "2013-12-31": "10.92820", "2012-12-31": "13.28900", "2011-12-31": "18.62990", "2010-12-31": "11.49630", "2009-12-31": "10.01280", "2008-12-31": "14.00470", "2007-12-31": "19.03370", "2006-12-31": "25.44600", "2005-12-31": "20.58540"}, "Book Value Per Share": {"2019-12-31": "34.64700", "2018-12-31": "29.89430", "2017-12-31": "24.42350", "2016-12-31": "21.99020", "2015-12-31": "20.36140", "2014-12-31": "17.57860", "2013-12-31": "14.61200", "2012-12-31": "11.52350", "2011-12-31": "9.17890", "2010-12-31": "7.67350", "2009-12-31": "6.15630", "2008-12-31": "4.47010", "2007-12-31": "3.61240", "2006-12-31": "1.69650", "2005-12-31": "1.02390"}, "Operating Cash Flow Per Share": {"2019-12-31": 0.1467, "2018-12-31": 1.2669, "2017-12-31": 0.2157, "2016-12-31": 0.7712, "2015-12-31": 0.2621, "2014-12-31": 1.5157, "2013-12-31": 0.2613, "2012-12-31": -0.0033, "2011-12-31": 0.5645, "2010-12-31": -0.0278, "2009-12-31": 0.1378, "2008-12-31": 0.4998, "2007-12-31": 0.1604, "2006-12-31": 0.1401, "2005-12-31": 0.8703}, "Free Cash Flow Per Share": {"2019-12-31": -0.0426, "2018-12-31": 1.3277, "2017-12-31": -0.0586, "2016-12-31": 0.729, "2015-12-31": 0.1011, "2014-12-31": 1.4203, "2013-12-31": 0.2648, "2012-12-31": -0.0019, "2011-12-31": 0.4809, "2010-12-31": 0.0176, "2009-12-31": 0.1849, "2008-12-31": 1.2844, "2007-12-31": -0.7283, "2006-12-31": 0.1227, "2005-12-31": 0.8419}}, "financial ratios, quarterly": {"Current Ratio": {"2020-09-30": "2.07910", "2020-06-30": "3.27270", "2020-03-31": "2.48280", "2019-12-31": "2.03860", "2019-09-30": "2.05120", "2019-06-30": "2.09610", "2019-03-31": "1.97870", "2018-12-31": "1.89930", "2018-09-30": "1.87850", "2018-06-30": "1.94310", "2018-03-31": "2.10630", "2017-12-31": "1.96750", "2017-09-30": "1.93190", "2017-06-30": "1.98890", "2017-03-31": "1.86140", "2016-12-31": "1.66190", "2016-09-30": "1.70920", "2016-06-30": "1.61380", "2016-03-31": "1.60930", "2015-12-31": "1.55900", "2015-09-30": "1.58500", "2015-06-30": "1.91490", "2015-03-31": "1.98360", "2014-12-31": "1.87060", "2014-09-30": "1.82520", "2014-06-30": "1.93400", "2014-03-31": "2.09170", "2013-12-31": "1.75260", "2013-09-30": "1.81980", "2013-06-30": "1.89990", "2013-03-31": "1.69000", "2012-12-31": "1.70190", "2012-09-30": "1.64780", "2012-06-30": "1.65510", "2012-03-31": "0.69990", "2011-12-31": "0.66840", "2011-09-30": "1.62720", "2011-06-30": "1.70490", "2011-03-31": "1.75780", "2010-12-31": "1.43410", "2010-09-30": "1.48830", "2010-06-30": "1.59810", "2010-03-31": "1.65710", "2009-12-31": "1.48290", "2009-09-30": "1.30220", "2009-06-30": "1.37760", "2009-03-31": "1.46920", "2008-12-31": "1.48200", "2008-09-30": "1.59990", "2008-06-30": "1.60810", "2008-03-31": "1.73400", "2007-12-31": "1.49320", "2007-09-30": "1.24210", "2007-06-30": "1.34800", "2007-03-31": "1.39140", "2006-12-31": "1.10840", "2006-09-30": "1.13520", "2006-06-30": "1.19930", "2006-03-31": "1.19590", "2005-12-31": "1.08070", "2005-09-30": "1.11060", "2005-06-30": "1.20090", "2005-03-31": "1.31260"}, "Long-term Debt / Capital": {"2020-09-30": "0.47110", "2020-06-30": "0.55030", "2020-03-31": "0.53470", "2019-12-31": "0.49000", "2019-09-30": "0.51310", "2019-06-30": "0.52560", "2019-03-31": "0.52260", "2018-12-31": "0.53150", "2018-09-30": "0.55410", "2018-06-30": "0.57850", "2018-03-31": "0.42020", "2017-12-31": "0.42930", "2017-09-30": "0.41890", "2017-06-30": "0.35870", "2017-03-31": "0.35350", "2016-12-31": "0.36470", "2016-09-30": "0.38040", "2016-06-30": "0.40170", "2016-03-31": "0.36580", "2015-12-31": "0.38610", "2015-09-30": "0.38750", "2015-06-30": "0.34000", "2015-03-31": "0.37990", "2014-12-31": "0.36900", "2014-09-30": "0.34470", "2014-06-30": "0.39080", "2014-03-31": "0.43100", "2013-12-31": "0.40480", "2013-09-30": "0.40710", "2013-06-30": "0.46010", "2013-03-31": "0.48580", "2012-12-31": "0.28430", "2012-09-30": "0.30490", "2012-06-30": "0.32160", "2012-03-31": "0.00280", "2011-12-31": "0.00290", "2011-09-30": "0.38420", "2011-06-30": "0.39550", "2011-03-31": "0.34870", "2010-12-31": "0.32960", "2010-09-30": "0.37350", "2010-06-30": "0.39250", "2010-03-31": "0.42350", "2009-12-31": "0.43900", "2009-09-30": "0.47440", "2009-06-30": "0.51040", "2009-03-31": "0.54550", "2008-12-31": "0.50040", "2008-09-30": "0.53430", "2008-06-30": "0.57180", "2008-03-31": "0.57790", "2007-12-31": "0.33830", "2007-09-30": "0.38150", "2007-06-30": "0.34720", "2007-03-31": "0.38390", "2006-12-31": "0.39610", "2006-09-30": "0.49190", "2006-06-30": "0.57140", "2006-03-31": "0.64870", "2005-12-31": "0.68970", "2005-09-30": "0.70480", "2005-06-30": "0.81830", "2005-03-31": "0.89590"}, "Debt/Equity Ratio": {"2020-09-30": "0.90190", "2020-06-30": "1.23580", "2020-03-31": "1.16060", "2019-12-31": "0.96220", "2019-09-30": "1.05560", "2019-06-30": "1.10960", "2019-03-31": "1.09630", "2018-12-31": "1.13630", "2018-09-30": "1.24450", "2018-06-30": "1.37670", "2018-03-31": "0.72810", "2017-12-31": "0.75590", "2017-09-30": "0.72490", "2017-06-30": "0.56270", "2017-03-31": "0.55040", "2016-12-31": "0.57860", "2016-09-30": "0.61890", "2016-06-30": "0.71310", "2016-03-31": "0.62330", "2015-12-31": "0.65650", "2015-09-30": "0.66550", "2015-06-30": "0.52450", "2015-03-31": "0.62140", "2014-12-31": "0.59420", "2014-09-30": "0.53520", "2014-06-30": "0.65060", "2014-03-31": "0.76550", "2013-12-31": "0.68180", "2013-09-30": "0.68760", "2013-06-30": "0.85300", "2013-03-31": "0.94710", "2012-12-31": "0.40010", "2012-09-30": "0.44430", "2012-06-30": "0.48420", "2012-03-31": "0.58660", "2011-12-31": "0.62100", "2011-09-30": "0.63810", "2011-06-30": "0.66960", "2011-03-31": "0.54960", "2010-12-31": "0.50370", "2010-09-30": "0.60950", "2010-06-30": "0.66120", "2010-03-31": "0.75420", "2009-12-31": "0.80440", "2009-09-30": "0.92430", "2009-06-30": "1.06220", "2009-03-31": "1.21990", "2008-12-31": "1.02960", "2008-09-30": "1.18320", "2008-06-30": "1.37880", "2008-03-31": "1.38270", "2007-12-31": "0.52590", "2007-09-30": "0.73020", "2007-06-30": "0.65990", "2007-03-31": "0.76640", "2006-12-31": "0.82330", "2006-09-30": "1.16890", "2006-06-30": "1.55100", "2006-03-31": "2.09690", "2005-12-31": "2.50710", "2005-09-30": "2.70850", "2005-06-30": "4.98500", "2005-03-31": "9.35430"}, "Gross Margin": {"2020-09-30": "35.10480", "2020-06-30": "32.44350", "2020-03-31": "36.93070", "2019-12-31": "36.77860", "2019-09-30": "37.29600", "2019-06-30": "37.64490", "2019-03-31": "37.46520", "2018-12-31": "37.08190", "2018-09-30": "36.61130", "2018-06-30": "37.53160", "2018-03-31": "36.18900", "2017-12-31": "37.94910", "2017-09-30": "38.53330", "2017-06-30": "40.49550", "2017-03-31": "39.49670", "2016-12-31": "40.07540", "2016-09-30": "40.35500", "2016-06-30": "40.22730", "2016-03-31": "38.10810", "2015-12-31": "37.19270", "2015-09-30": "39.46110", "2015-06-30": "39.62700", "2015-03-31": "38.75150", "2014-12-31": "38.86370", "2014-09-30": "40.16430", "2014-06-30": "39.12040", "2014-03-31": "38.38510", "2013-12-31": "39.93720", "2013-09-30": "39.28690", "2013-06-30": "37.54090", "2013-03-31": "37.03390", "2012-12-31": "38.83410", "2012-09-30": "38.97760", "2012-06-30": "39.15400", "2012-03-31": "38.23170", "2011-12-31": "40.88120", "2011-09-30": "39.92230", "2011-06-30": "40.47190", "2011-03-31": "39.34340", "2010-12-31": "40.09640", "2010-09-30": "39.75800", "2010-06-30": "40.03410", "2010-03-31": "39.50200", "2009-12-31": "38.35000", "2009-09-30": "40.28660", "2009-06-30": "38.67570", "2009-03-31": "37.88020", "2008-12-31": "38.07110", "2008-09-30": "38.88760", "2008-06-30": "38.61840", "2008-03-31": "36.61170", "2007-12-31": "37.77700", "2007-09-30": "37.79230", "2007-06-30": "39.63510", "2007-03-31": "38.89020", "2006-12-31": "39.72880", "2006-09-30": "39.30200", "2006-06-30": "39.79720", "2006-03-31": "36.71770", "2005-12-31": "38.37130", "2005-09-30": "40.12500", "2005-06-30": "38.83350", "2005-03-31": "36.14950"}, "Operating Margin": {"2020-09-30": "13.65940", "2020-06-30": "8.28810", "2020-03-31": "15.56020", "2019-12-31": "19.30230", "2019-09-30": "16.76000", "2019-06-30": "18.34510", "2019-03-31": "14.71470", "2018-12-31": "18.50030", "2018-09-30": "15.09500", "2018-06-30": "16.66000", "2018-03-31": "14.87550", "2017-12-31": "9.93960", "2017-09-30": "18.45470", "2017-06-30": "19.59530", "2017-03-31": "17.48850", "2016-12-31": "16.63680", "2016-09-30": "21.14840", "2016-06-30": "19.28020", "2016-03-31": "16.72780", "2015-12-31": "13.58370", "2015-09-30": "17.82390", "2015-06-30": "19.10650", "2015-03-31": "16.37500", "2014-12-31": "18.91860", "2014-09-30": "21.38690", "2014-06-30": "17.83030", "2014-03-31": "15.01650", "2013-12-31": "19.72710", "2013-09-30": "18.74600", "2013-06-30": "16.58190", "2013-03-31": "12.88590", "2012-12-31": "20.11470", "2012-09-30": "18.40480", "2012-06-30": "17.43500", "2012-03-31": "16.02110", "2011-12-31": "18.42470", "2011-09-30": "17.00170", "2011-06-30": "16.71670", "2011-03-31": "17.17900", "2010-12-31": "16.70240", "2010-09-30": "18.00470", "2010-06-30": "17.14360", "2010-03-31": "16.45170", "2009-12-31": "18.57860", "2009-09-30": "18.23120", "2009-06-30": "16.98920", "2009-03-31": "15.47320", "2008-12-31": "19.96890", "2008-09-30": "18.59350", "2008-06-30": "18.72600", "2008-03-31": "16.17080", "2007-12-31": "18.89670", "2007-09-30": "18.69470", "2007-06-30": "18.72180", "2007-03-31": "17.79270", "2006-12-31": "20.80800", "2006-09-30": "20.36150", "2006-06-30": "19.34120", "2006-03-31": "15.65700", "2005-12-31": "17.35090", "2005-09-30": "20.11940", "2005-06-30": "19.46920", "2005-03-31": "16.02770"}, "EBIT Margin": {"2020-09-30": "13.65940", "2020-06-30": "8.28810", "2020-03-31": "15.56020", "2019-12-31": "19.30230", "2019-09-30": "16.76000", "2019-06-30": "18.34510", "2019-03-31": "14.71470", "2018-12-31": "18.50030", "2018-09-30": "15.09500", "2018-06-30": "16.66000", "2018-03-31": "14.87550", "2017-12-31": "9.93960", "2017-09-30": "18.45470", "2017-06-30": "19.59530", "2017-03-31": "17.48850", "2016-12-31": "16.63680", "2016-09-30": "21.14840", "2016-06-30": "19.28020", "2016-03-31": "16.72780", "2015-12-31": "13.58370", "2015-09-30": "17.82390", "2015-06-30": "19.10650", "2015-03-31": "16.37500", "2014-12-31": "18.91860", "2014-09-30": "21.38690", "2014-06-30": "17.83030", "2014-03-31": "15.01650", "2013-12-31": "19.72710", "2013-09-30": "18.74600", "2013-06-30": "16.58190", "2013-03-31": "12.88590", "2012-12-31": "20.11470", "2012-09-30": "18.40480", "2012-06-30": "17.43500", "2012-03-31": "16.02110", "2011-12-31": "18.42470", "2011-09-30": "17.00170", "2011-06-30": "16.71670", "2011-03-31": "17.17900", "2010-12-31": "16.70240", "2010-09-30": "18.00470", "2010-06-30": "17.14360", "2010-03-31": "16.45170", "2009-12-31": "18.57860", "2009-09-30": "18.23120", "2009-06-30": "16.98920", "2009-03-31": "15.47320", "2008-12-31": "19.96890", "2008-09-30": "18.59350", "2008-06-30": "18.72600", "2008-03-31": "16.17080", "2007-12-31": "18.89670", "2007-09-30": "18.69470", "2007-06-30": "18.72180", "2007-03-31": "17.79270", "2006-12-31": "20.80800", "2006-09-30": "20.36150", "2006-06-30": "19.34120", "2006-03-31": "15.65700", "2005-12-31": "17.35090", "2005-09-30": "20.11940", "2005-06-30": "19.46920", "2005-03-31": "16.02770"}, "EBITDA Margin": {"2020-09-30": "", "2020-06-30": "", "2020-03-31": "", "2019-12-31": "", "2019-09-30": "", "2019-06-30": "", "2019-03-31": "", "2018-12-31": "", "2018-09-30": "", "2018-06-30": "", "2018-03-31": "", "2017-12-31": "", "2017-09-30": "", "2017-06-30": "", "2017-03-31": "", "2016-12-31": "", "2016-09-30": "", "2016-06-30": "", "2016-03-31": "", "2015-12-31": "", "2015-09-30": "", "2015-06-30": "", "2015-03-31": "", "2014-12-31": "", "2014-09-30": "", "2014-06-30": "", "2014-03-31": "", "2013-12-31": "", "2013-09-30": "", "2013-06-30": "", "2013-03-31": "", "2012-12-31": "", "2012-09-30": "", "2012-06-30": "", "2012-03-31": "", "2011-12-31": "", "2011-09-30": "", "2011-06-30": "", "2011-03-31": "", "2010-12-31": "", "2010-09-30": "", "2010-06-30": "", "2010-03-31": "", "2009-12-31": "", "2009-09-30": "", "2009-06-30": "", "2009-03-31": "", "2008-12-31": "", "2008-09-30": "", "2008-06-30": "", "2008-03-31": "", "2007-12-31": "", "2007-09-30": "", "2007-06-30": "", "2007-03-31": "", "2006-12-31": "", "2006-09-30": "", "2006-06-30": "", "2006-03-31": "", "2005-12-31": "", "2005-09-30": "", "2005-06-30": "", "2005-03-31": ""}, "Pre-Tax Profit Margin": {"2020-09-30": "12.40250", "2020-06-30": "5.66810", "2020-03-31": "14.23910", "2019-12-31": "17.92960", "2019-09-30": "14.67240", "2019-06-30": "16.48560", "2019-03-31": "13.06270", "2018-12-31": "16.94650", "2018-09-30": "13.74100", "2018-06-30": "16.54830", "2018-03-31": "14.82580", "2017-12-31": "9.67280", "2017-09-30": "19.01630", "2017-06-30": "20.04550", "2017-03-31": "17.61410", "2016-12-31": "19.74930", "2016-09-30": "19.47790", "2016-06-30": "18.89760", "2016-03-31": "15.86100", "2015-12-31": "12.97050", "2015-09-30": "16.45090", "2015-06-30": "18.26260", "2015-03-31": "14.33120", "2014-12-31": "17.64550", "2014-09-30": "20.17790", "2014-06-30": "16.80300", "2014-03-31": "13.71380", "2013-12-31": "18.41450", "2013-09-30": "17.17860", "2013-06-30": "15.36220", "2013-03-31": "11.77210", "2012-12-31": "19.10450", "2012-09-30": "16.17240", "2012-06-30": "16.82470", "2012-03-31": "14.55360", "2011-12-31": "18.12230", "2011-09-30": "16.13300", "2011-06-30": "14.94910", "2011-03-31": "16.13940", "2010-12-31": "16.11810", "2010-09-30": "16.84830", "2010-06-30": "15.72150", "2010-03-31": "14.69730", "2009-12-31": "17.06500", "2009-09-30": "16.50380", "2009-06-30": "14.89780", "2009-03-31": "13.58390", "2008-12-31": "17.52680", "2008-09-30": "16.17990", "2008-06-30": "16.65120", "2008-03-31": "13.62850", "2007-12-31": "17.61250", "2007-09-30": "17.73510", "2007-06-30": "18.15400", "2007-03-31": "16.71700", "2006-12-31": "19.16700", "2006-09-30": "18.83010", "2006-06-30": "17.24670", "2006-03-31": "13.89680", "2005-12-31": "15.44780", "2005-09-30": "17.78300", "2005-06-30": "17.51950", "2005-03-31": "13.91390"}, "Net Profit Margin": {"2020-09-30": "9.53720", "2020-06-30": "4.48370", "2020-03-31": "10.89060", "2019-12-31": "13.83870", "2019-09-30": "11.32850", "2019-06-30": "12.11690", "2019-03-31": "10.04850", "2018-12-31": "12.53370", "2018-09-30": "10.22040", "2018-06-30": "12.57070", "2018-03-31": "11.18670", "2017-12-31": "11.88040", "2017-09-30": "12.59120", "2017-06-30": "13.38910", "2017-03-31": "13.33250", "2016-12-31": "13.56130", "2016-09-30": "13.20930", "2016-06-30": "12.55750", "2016-03-31": "10.56210", "2015-12-31": "9.40460", "2015-09-30": "10.87410", "2015-06-30": "12.43830", "2015-03-31": "9.40270", "2014-12-31": "11.89650", "2014-09-30": "14.76990", "2014-06-30": "11.39540", "2014-03-31": "8.97910", "2013-12-31": "13.22690", "2013-09-30": "11.37240", "2013-06-30": "10.21520", "2013-03-31": "7.91020", "2012-12-31": "12.95830", "2012-09-30": "11.55190", "2012-06-30": "11.93860", "2012-03-31": "9.65590", "2011-12-31": "14.17750", "2011-09-30": "10.72650", "2011-06-30": "9.30880", "2011-03-31": "9.76330", "2010-12-31": "10.13060", "2010-09-30": "11.58760", "2010-06-30": "10.09680", "2010-03-31": "8.56470", "2009-12-31": "11.72120", "2009-09-30": "10.06630", "2009-06-30": "8.64690", "2009-03-31": "7.74850", "2008-12-31": "11.46400", "2008-09-30": "9.78540", "2008-06-30": "9.86500", "2008-03-31": "8.19290", "2007-12-31": "10.48280", "2007-09-30": "10.33560", "2007-06-30": "11.11010", "2007-03-31": "10.14240", "2006-12-31": "11.25090", "2006-09-30": "11.79500", "2006-06-30": "10.57710", "2006-03-31": "8.32150", "2005-12-31": "9.40210", "2005-09-30": "11.89570", "2005-06-30": "10.68860", "2005-03-31": "8.47650"}, "Asset Turnover": {"2020-09-30": "0.12640", "2020-06-30": "0.08720", "2020-03-31": "0.12840", "2019-12-31": "0.15750", "2019-09-30": "0.14690", "2019-06-30": "0.15570", "2019-03-31": "0.14650", "2018-12-31": "0.16630", "2018-09-30": "0.15580", "2018-06-30": "0.14520", "2018-03-31": "0.17070", "2017-12-31": "0.18950", "2017-09-30": "0.18530", "2017-06-30": "0.18450", "2017-03-31": "0.18020", "2016-12-31": "0.20460", "2016-09-30": "0.19700", "2016-06-30": "0.19800", "2016-03-31": "0.18590", "2015-12-31": "0.19370", "2015-09-30": "0.16560", "2015-06-30": "0.20240", "2015-03-31": "0.18970", "2014-12-31": "0.21050", "2014-09-30": "0.21120", "2014-06-30": "0.22050", "2014-03-31": "0.19440", "2013-12-31": "0.20750", "2013-09-30": "0.21170", "2013-06-30": "0.21270", "2013-03-31": "0.19290", "2012-12-31": "0.23440", "2012-09-30": "0.21580", "2012-06-30": "0.22790", "2012-03-31": "0.19870", "2011-12-31": "0.21260", "2011-09-30": "0.21230", "2011-06-30": "0.20690", "2011-03-31": "0.20710", "2010-12-31": "0.23730", "2010-09-30": "0.20520", "2010-06-30": "0.21050", "2010-03-31": "0.19820", "2009-12-31": "0.18680", "2009-09-30": "0.18710", "2009-06-30": "0.19320", "2009-03-31": "0.21820", "2008-12-31": "0.23070", "2008-09-30": "0.25690", "2008-06-30": "0.26420", "2008-03-31": "0.26510", "2007-12-31": "0.35180", "2007-09-30": "0.35110", "2007-06-30": "0.35850", "2007-03-31": "0.36250", "2006-12-31": "0.34490", "2006-09-30": "0.36420", "2006-06-30": "0.38250", "2006-03-31": "0.36420", "2005-12-31": "0.29150", "2005-09-30": "0.37530", "2005-06-30": "0.38830", "2005-03-31": "0.33530"}, "Inventory Turnover Ratio": {"2020-09-30": "0.73860", "2020-06-30": "0.52400", "2020-03-31": "0.68490", "2019-12-31": "0.85020", "2019-09-30": "0.73930", "2019-06-30": "0.77550", "2019-03-31": "0.74030", "2018-12-31": "0.91240", "2018-09-30": "0.88170", "2018-06-30": "0.84540", "2018-03-31": "0.81270", "2017-12-31": "0.92480", "2017-09-30": "0.85580", "2017-06-30": "0.81700", "2017-03-31": "0.80980", "2016-12-31": "0.97120", "2016-09-30": "0.88860", "2016-06-30": "0.88990", "2016-03-31": "0.86930", "2015-12-31": "0.94830", "2015-09-30": "0.72710", "2015-06-30": "0.90230", "2015-03-31": "0.90100", "2014-12-31": "1.03970", "2014-09-30": "0.93040", "2014-06-30": "0.99450", "2014-03-31": "0.88110", "2013-12-31": "1.02990", "2013-09-30": "1.04200", "2013-06-30": "1.11250", "2013-03-31": "1.10240", "2012-12-31": "1.16210", "2012-09-30": "1.06960", "2012-06-30": "1.20270", "2012-03-31": "1.02370", "2011-12-31": "1.15940", "2011-09-30": "1.06360", "2011-06-30": "1.02790", "2011-03-31": "0.95280", "2010-12-31": "1.16600", "2010-09-30": "1.00990", "2010-06-30": "1.15340", "2010-03-31": "1.08820", "2009-12-31": "1.03720", "2009-09-30": "0.97950", "2009-06-30": "1.02010", "2009-03-31": "1.16750", "2008-12-31": "1.02160", "2008-09-30": "1.07820", "2008-06-30": "1.16300", "2008-03-31": "1.25110", "2007-12-31": "1.36300", "2007-09-30": "1.23820", "2007-06-30": "1.16500", "2007-03-31": "1.23860", "2006-12-31": "1.25270", "2006-09-30": "1.34740", "2006-06-30": "1.44220", "2006-03-31": "1.41530", "2005-12-31": "1.15670", "2005-09-30": "1.51530", "2005-06-30": "1.46740", "2005-03-31": "1.28590"}, "Receiveable Turnover": {"2020-09-30": "1.66420", "2020-06-30": "1.50750", "2020-03-31": "1.59190", "2019-12-31": "1.75960", "2019-09-30": "1.73370", "2019-06-30": "1.85020", "2019-03-31": "1.76860", "2018-12-31": "1.89800", "2018-09-30": "1.73920", "2018-06-30": "1.66920", "2018-03-31": "1.76350", "2017-12-31": "1.92700", "2017-09-30": "1.76080", "2017-06-30": "1.77090", "2017-03-31": "1.72490", "2016-12-31": "1.83150", "2016-09-30": "1.74500", "2016-06-30": "1.83230", "2016-03-31": "1.71600", "2015-12-31": "1.89250", "2015-09-30": "1.51380", "2015-06-30": "1.82100", "2015-03-31": "1.69880", "2014-12-31": "1.89230", "2014-09-30": "1.76960", "2014-06-30": "1.84850", "2014-03-31": "1.66140", "2013-12-31": "1.83870", "2013-09-30": "1.84170", "2013-06-30": "1.87370", "2013-03-31": "1.72370", "2012-12-31": "1.79750", "2012-09-30": "1.77590", "2012-06-30": "1.84860", "2012-03-31": "1.64740", "2011-12-31": "1.60960", "2011-09-30": "1.60040", "2011-06-30": "1.61280", "2011-03-31": "1.63340", "2010-12-31": "1.84950", "2010-09-30": "1.73100", "2010-06-30": "1.82770", "2010-03-31": "1.91890", "2009-12-31": "1.93280", "2009-09-30": "1.94840", "2009-06-30": "1.94960", "2009-03-31": "1.68980", "2008-12-31": "1.75670", "2008-09-30": "1.81670", "2008-06-30": "1.68810", "2008-03-31": "1.91690", "2007-12-31": "1.99110", "2007-09-30": "1.95120", "2007-06-30": "2.01000", "2007-03-31": "1.96650", "2006-12-31": "1.90570", "2006-09-30": "1.96230", "2006-06-30": "2.18850", "2006-03-31": "2.34190", "2005-12-31": "1.99550", "2005-09-30": "2.26380", "2005-06-30": "2.49940", "2005-03-31": "2.33870"}, "Days Sales In Receivables": {"2020-09-30": "54.07910", "2020-06-30": "59.70110", "2020-03-31": "56.53760", "2019-12-31": "51.14750", "2019-09-30": "51.91330", "2019-06-30": "48.64270", "2019-03-31": "50.88800", "2018-12-31": "47.41740", "2018-09-30": "51.74810", "2018-06-30": "53.91770", "2018-03-31": "51.03420", "2017-12-31": "46.70530", "2017-09-30": "51.11340", "2017-06-30": "50.82190", "2017-03-31": "52.17740", "2016-12-31": "49.14090", "2016-09-30": "51.57560", "2016-06-30": "49.11950", "2016-03-31": "52.44770", "2015-12-31": "47.55510", "2015-09-30": "59.45380", "2015-06-30": "49.42330", "2015-03-31": "52.97830", "2014-12-31": "47.56090", "2014-09-30": "50.85910", "2014-06-30": "48.68810", "2014-03-31": "54.17060", "2013-12-31": "48.94750", "2013-09-30": "48.86750", "2013-06-30": "48.03430", "2013-03-31": "52.21360", "2012-12-31": "50.06890", "2012-09-30": "50.67850", "2012-06-30": "48.68420", "2012-03-31": "54.63290", "2011-12-31": "55.91440", "2011-09-30": "56.23770", "2011-06-30": "55.80290", "2011-03-31": "55.09970", "2010-12-31": "48.66220", "2010-09-30": "51.99250", "2010-06-30": "49.24330", "2010-03-31": "46.90070", "2009-12-31": "46.56430", "2009-09-30": "46.19140", "2009-06-30": "46.16360", "2009-03-31": "53.26060", "2008-12-31": "51.23300", "2008-09-30": "49.53970", "2008-06-30": "53.31280", "2008-03-31": "46.95040", "2007-12-31": "45.20010", "2007-09-30": "46.12500", "2007-06-30": "44.77670", "2007-03-31": "45.76760", "2006-12-31": "47.22770", "2006-09-30": "45.86440", "2006-06-30": "41.12310", "2006-03-31": "38.43020", "2005-12-31": "45.10180", "2005-09-30": "39.75540", "2005-06-30": "36.00880", "2005-03-31": "38.48340"}, "ROE - Return On Equity": {"2020-09-30": "2.97910", "2020-06-30": "1.09110", "2020-03-31": "3.89400", "2019-12-31": "5.59870", "2019-09-30": "4.41910", "2019-06-30": "5.12780", "2019-03-31": "3.99830", "2018-12-31": "5.69530", "2018-09-30": "4.63290", "2018-06-30": "5.59490", "2018-03-31": "4.54100", "2017-12-31": "5.52370", "2017-09-30": "5.69350", "2017-06-30": "5.43370", "2017-03-31": "5.34110", "2016-12-31": "6.39650", "2016-09-30": "5.63340", "2016-06-30": "5.67280", "2016-03-31": "4.45450", "2015-12-31": "4.30970", "2015-09-30": "4.30440", "2015-06-30": "4.95610", "2015-03-31": "3.71740", "2014-12-31": "5.14020", "2014-09-30": "6.20060", "2014-06-30": "5.31330", "2014-03-31": "3.90590", "2013-12-31": "5.95470", "2013-09-30": "5.23890", "2013-06-30": "5.12890", "2013-03-31": "3.84260", "2012-12-31": "5.81330", "2012-09-30": "4.91090", "2012-06-30": "5.48200", "2012-03-31": "4.09360", "2011-12-31": "6.76340", "2011-09-30": "4.93020", "2011-06-30": "4.24730", "2011-03-31": "4.08870", "2010-12-31": "4.94080", "2010-09-30": "5.15440", "2010-06-30": "4.64940", "2010-03-31": "3.83050", "2009-12-31": "5.21630", "2009-09-30": "4.85680", "2009-06-30": "4.53700", "2009-03-31": "4.95820", "2008-12-31": "7.59480", "2008-09-30": "7.48050", "2008-06-30": "8.59560", "2008-03-31": "6.68460", "2007-12-31": "8.34060", "2007-09-30": "9.51710", "2007-06-30": "9.71970", "2007-03-31": "9.39150", "2006-12-31": "10.99600", "2006-09-30": "14.63900", "2006-06-30": "15.73030", "2006-03-31": "14.00520", "2005-12-31": "14.91340", "2005-09-30": "25.05070", "2005-06-30": "36.86090", "2005-03-31": "42.88610"}, "Return On Tangible Equity": {"2020-09-30": "-4.86210", "2020-06-30": "-1.58880", "2020-03-31": "-5.36490", "2019-12-31": "-8.09600", "2019-09-30": "-5.88480", "2019-06-30": "-6.46510", "2019-03-31": "-4.98630", "2018-12-31": "-6.59060", "2018-09-30": "-4.78140", "2018-06-30": "-5.19610", "2018-03-31": "-10.20990", "2017-12-31": "-10.99070", "2017-09-30": "-11.78700", "2017-06-30": "-16.07950", "2017-03-31": "-15.15260", "2016-12-31": "-15.45830", "2016-09-30": "-16.32190", "2016-06-30": "-13.01690", "2016-03-31": "-11.02990", "2015-12-31": "-8.88560", "2015-09-30": "-9.52440", "2015-06-30": "-23.31490", "2015-03-31": "-13.40420", "2014-12-31": "-17.61600", "2014-09-30": "-30.10430", "2014-06-30": "-19.38400", "2014-03-31": "-11.47800", "2013-12-31": "-16.77720", "2013-09-30": "-14.93330", "2013-06-30": "-10.85500", "2013-03-31": "-6.94500", "2012-12-31": "-34.56490", "2012-09-30": "-23.06570", "2012-06-30": "-21.49050", "2012-03-31": "-12.31980", "2011-12-31": "-17.14500", "2011-09-30": "-13.01470", "2011-06-30": "-10.81180", "2011-03-31": "-14.62470", "2010-12-31": "-15.62870", "2010-09-30": "-12.61230", "2010-06-30": "-10.60570", "2010-03-31": "-7.40550", "2009-12-31": "-8.70110", "2009-09-30": "-6.76460", "2009-06-30": "-5.54190", "2009-03-31": "-5.72110", "2008-12-31": "-10.54360", "2008-09-30": "-10.39310", "2008-06-30": "-9.71280", "2008-03-31": "-9.40750", "2007-12-31": "-341.37300", "2007-09-30": "-39.71410", "2007-06-30": "-71.11280", "2007-03-31": "-48.58590", "2006-12-31": "-30.72710", "2006-09-30": "-23.11200", "2006-06-30": "-17.54030", "2006-03-31": "-10.52870", "2005-12-31": "-8.43450", "2005-09-30": "-13.94880", "2005-06-30": "-10.74350", "2005-03-31": "-6.82490"}, "ROA - Return On Assets": {"2020-09-30": "1.20550", "2020-06-30": "0.39080", "2020-03-31": "1.39790", "2019-12-31": "2.17900", "2019-09-30": "1.66420", "2019-06-30": "1.88700", "2019-03-31": "1.47210", "2018-12-31": "2.08450", "2018-09-30": "1.59230", "2018-06-30": "1.82500", "2018-03-31": "1.90900", "2017-12-31": "2.25130", "2017-09-30": "2.33260", "2017-06-30": "2.46990", "2017-03-31": "2.40240", "2016-12-31": "2.77450", "2016-09-30": "2.60170", "2016-06-30": "2.48630", "2016-03-31": "1.96330", "2015-12-31": "1.82120", "2015-09-30": "1.80110", "2015-06-30": "2.51710", "2015-03-31": "1.78410", "2014-12-31": "2.50460", "2014-09-30": "3.11990", "2014-06-30": "2.51310", "2014-03-31": "1.74570", "2013-12-31": "2.74410", "2013-09-30": "2.40770", "2013-06-30": "2.17260", "2013-03-31": "1.52570", "2012-12-31": "3.03690", "2012-09-30": "2.49320", "2012-06-30": "2.72080", "2012-03-31": "1.91860", "2011-12-31": "3.01430", "2011-09-30": "2.27700", "2011-06-30": "1.92600", "2011-03-31": "2.02150", "2010-12-31": "2.40430", "2010-09-30": "2.37720", "2010-06-30": "2.12520", "2010-03-31": "1.69760", "2009-12-31": "2.18950", "2009-09-30": "1.88310", "2009-06-30": "1.67030", "2009-03-31": "1.69080", "2008-12-31": "2.64520", "2008-09-30": "2.51380", "2008-06-30": "2.60630", "2008-03-31": "2.17210", "2007-12-31": "3.68820", "2007-09-30": "3.62930", "2007-06-30": "3.98260", "2007-03-31": "3.67660", "2006-12-31": "3.88010", "2006-09-30": "4.29580", "2006-06-30": "4.04540", "2006-03-31": "3.03030", "2005-12-31": "2.74060", "2005-09-30": "4.46480", "2005-06-30": "4.15000", "2005-03-31": "2.84210"}, "ROI - Return On Investment": {"2020-09-30": "1.57580", "2020-06-30": "0.49070", "2020-03-31": "1.81190", "2019-12-31": "2.85550", "2019-09-30": "2.15170", "2019-06-30": "2.43280", "2019-03-31": "1.90890", "2018-12-31": "2.66840", "2018-09-30": "2.06600", "2018-06-30": "2.35820", "2018-03-31": "2.63310", "2017-12-31": "3.15260", "2017-09-30": "3.30840", "2017-06-30": "3.48470", "2017-03-31": "3.45310", "2016-12-31": "4.06390", "2016-09-30": "3.49070", "2016-06-30": "3.39420", "2016-03-31": "2.82520", "2015-12-31": "2.64550", "2015-09-30": "2.63630", "2015-06-30": "3.27100", "2015-03-31": "2.30510", "2014-12-31": "3.24340", "2014-09-30": "4.06330", "2014-06-30": "3.23670", "2014-03-31": "2.22250", "2013-12-31": "3.54420", "2013-09-30": "3.10610", "2013-06-30": "2.76930", "2013-03-31": "1.97600", "2012-12-31": "4.16050", "2012-09-30": "3.41350", "2012-06-30": "3.71880", "2012-03-31": "4.08210", "2011-12-31": "6.74360", "2011-09-30": "3.03610", "2011-06-30": "2.56730", "2011-03-31": "2.66280", "2010-12-31": "3.31220", "2010-09-30": "3.22940", "2010-06-30": "2.82440", "2010-03-31": "2.20820", "2009-12-31": "2.92640", "2009-09-30": "2.55250", "2009-06-30": "2.22140", "2009-03-31": "2.25370", "2008-12-31": "3.79440", "2008-09-30": "3.48360", "2008-06-30": "3.68100", "2008-03-31": "2.82140", "2007-12-31": "5.51900", "2007-09-30": "5.88670", "2007-06-30": "6.34480", "2007-03-31": "5.78580", "2006-12-31": "6.64060", "2006-09-30": "7.43830", "2006-06-30": "6.74130", "2006-03-31": "4.92050", "2005-12-31": "4.62720", "2005-09-30": "7.39600", "2005-06-30": "6.69850", "2005-03-31": "4.46540"}, "Book Value Per Share": {"2020-09-30": "36.52600", "2020-06-30": "34.89910", "2020-03-31": "34.25610", "2019-12-31": "34.64700", "2019-09-30": "33.06020", "2019-06-30": "32.30080", "2019-03-31": "31.00850", "2018-12-31": "29.89430", "2018-09-30": "28.17760", "2018-06-30": "26.93910", "2018-03-31": "25.86000", "2017-12-31": "24.42350", "2017-09-30": "23.45610", "2017-06-30": "24.77930", "2017-03-31": "23.00860", "2016-12-31": "21.99020", "2016-09-30": "23.40040", "2016-06-30": "22.33100", "2016-03-31": "21.27840", "2015-12-31": "20.36140", "2015-09-30": "19.79020", "2015-06-30": "19.10010", "2015-03-31": "17.93980", "2014-12-31": "17.57860", "2014-09-30": "16.81750", "2014-06-30": "15.90920", "2014-03-31": "14.95150", "2013-12-31": "14.61200", "2013-09-30": "13.62520", "2013-06-30": "12.64140", "2013-03-31": "11.95560", "2012-12-31": "11.52350", "2012-09-30": "10.78290", "2012-06-30": "10.08970", "2012-03-31": "9.60980", "2011-12-31": "9.17890", "2011-09-30": "8.48510", "2011-06-30": "8.21660", "2011-03-31": "7.75440", "2010-12-31": "7.67350", "2010-09-30": "7.21940", "2010-06-30": "6.77620", "2010-03-31": "6.45140", "2009-12-31": "6.15630", "2009-09-30": "5.73330", "2009-06-30": "5.43660", "2009-03-31": "5.10280", "2008-12-31": "4.47010", "2008-09-30": "4.27170", "2008-06-30": "3.91870", "2008-03-31": "3.87600", "2007-12-31": "3.61240", "2007-09-30": "2.94250", "2007-06-30": "2.60080", "2007-03-31": "2.38460", "2006-12-31": "1.69650", "2006-09-30": "1.74630", "2006-06-30": "1.48680", "2006-03-31": "1.21250", "2005-12-31": "1.02390", "2005-09-30": "0.81330", "2005-06-30": "0.51600", "2005-03-31": "0.31910"}, "Operating Cash Flow Per Share": {"2020-09-30": 2.7403, "2020-06-30": 1.4251, "2020-03-31": "1.57290", "2019-12-31": 2.654, "2019-09-30": 2.3022, "2019-06-30": 1.2146, "2019-03-31": "0.61060", "2018-12-31": 2.0996, "2018-09-30": 1.8966, "2018-06-30": 1.8333, "2018-03-31": "0.80520", "2017-12-31": 1.7612, "2017-09-30": 2.1051, "2017-06-30": 0.6805, "2017-03-31": "0.82100", "2016-12-31": 2.0814, "2016-09-30": 1.3927, "2016-06-30": 1.4238, "2016-03-31": "0.25420", "2015-12-31": 1.4392, "2015-09-30": 1.0325, "2015-06-30": 1.4918, "2015-03-31": "0.41740", "2014-12-31": 1.2282, "2014-09-30": 1.8061, "2014-06-30": 1.3246, "2014-03-31": "-0.24010", "2013-12-31": 1.1165, "2013-09-30": 1.0565, "2013-06-30": 0.1878, "2013-03-31": "0.24230", "2012-12-31": 0.6555, "2012-09-30": 0.7119, "2012-06-30": 0.7803, "2012-03-31": "0.19410", "2011-12-31": 1.1668, "2011-09-30": 0.645, "2011-06-30": 0.7057, "2011-03-31": "-0.17240", "2010-12-31": 0.5739, "2010-09-30": 0.6232, "2010-06-30": 0.4623, "2010-03-31": "0.12120", "2009-12-31": 0.4369, "2009-09-30": 0.528, "2009-06-30": 0.662, "2009-03-31": "0.18150", "2008-12-31": 0.4171, "2008-09-30": 0.4216, "2008-06-30": 0.588, "2008-03-31": "0.24390", "2007-12-31": 0.2656, "2007-09-30": 0.4626, "2007-06-30": 0.5309, "2007-03-31": "-0.08830", "2006-12-31": 0.3362, "2006-09-30": 0.3967, "2006-06-30": 0.2553, "2006-03-31": "0.02220", "2005-12-31": 0.2377, "2005-09-30": 0.336, "2005-06-30": 0.3771, "2005-03-31": "-0.08050"}, "Free Cash Flow Per Share": {"2020-09-30": 2.6128, "2020-06-30": 1.3482, "2020-03-31": "1.40720", "2019-12-31": 2.4241, "2019-09-30": 2.0832, "2019-06-30": 0.9716, "2019-03-31": "0.46500", "2018-12-31": 2.0371, "2018-09-30": 1.7465, "2018-06-30": 1.6974, "2018-03-31": "0.50550", "2017-12-31": 1.5478, "2017-09-30": 1.9137, "2017-06-30": 0.5213, "2017-03-31": "0.67600", "2016-12-31": 1.9764, "2016-09-30": 1.2929, "2016-06-30": 1.3287, "2016-03-31": "0.11940", "2015-12-31": 1.3626, "2015-09-30": 0.9217, "2015-06-30": 1.3942, "2015-03-31": "0.30990", "2014-12-31": 1.1744, "2014-09-30": 1.7512, "2014-06-30": 1.2591, "2014-03-31": "-0.29740", "2013-12-31": 1.0526, "2013-09-30": 1.0039, "2013-06-30": 0.2385, "2013-03-31": "0.17200", "2012-12-31": 0.6229, "2012-09-30": 0.6605, "2012-06-30": 0.7533, "2012-03-31": "0.16550", "2011-12-31": 1.1133, "2011-09-30": 0.6141, "2011-06-30": 0.6799, "2011-03-31": "-0.20320", "2010-12-31": 0.5713, "2010-09-30": 0.6122, "2010-06-30": 0.4434, "2010-03-31": "0.09630", "2009-12-31": 0.4219, "2009-09-30": 0.5112, "2009-06-30": 0.6254, "2009-03-31": "0.14710", "2008-12-31": 0.3989, "2008-09-30": 0.3429, "2008-06-30": 0.5762, "2008-03-31": "0.20270", "2007-12-31": 0.2304, "2007-09-30": -0.4156, "2007-06-30": 0.5217, "2007-03-31": "-0.10020", "2006-12-31": 0.3154, "2006-09-30": 0.3895, "2006-06-30": 0.2476, "2006-03-31": "0.01210", "2005-12-31": 0.2316, "2005-09-30": 0.3261, "2005-06-30": 0.3714, "2005-03-31": "-0.08720"}}, "revenue": {"Middleby Annual Revenue (Millions of US $)": {"2019": "$2,959", "2018": "$2,723", "2017": "$2,336", "2016": "$2,268", "2015": "$1,827", "2014": "$1,637", "2013": "$1,429", "2012": "$1,038", "2011": "$856", "2010": "$719", "2009": "$647", "2008": "$652", "2007": "$500", "2006": "$403", "2005": "$317"}, "Middleby Quarterly Revenue (Millions of US $)": {"2020-09-30": "$635", "2020-06-30": "$472", "2020-03-31": "$677", "2019-12-31": "$788", "2019-09-30": "$724", "2019-06-30": "$761", "2019-03-31": "$687", "2018-12-31": "$757", "2018-09-30": "$713", "2018-06-30": "$668", "2018-03-31": "$585", "2017-12-31": "$633", "2017-09-30": "$593", "2017-06-30": "$579", "2017-03-31": "$530", "2016-12-31": "$597", "2016-09-30": "$574", "2016-06-30": "$580", "2016-03-31": "$516", "2015-12-31": "$535", "2015-09-30": "$449", "2015-06-30": "$436", "2015-03-31": "$407", "2014-12-31": "$435", "2014-09-30": "$404", "2014-06-30": "$425", "2014-03-31": "$372", "2013-12-31": "$377", "2013-09-30": "$360", "2013-06-30": "$364", "2013-03-31": "$327", "2012-12-31": "$292", "2012-09-30": "$258", "2012-06-30": "$260", "2012-03-31": "$229", "2011-12-31": "$244", "2011-09-30": "$219", "2011-06-30": "$211", "2011-03-31": "$183", "2010-12-31": "$207", "2010-09-30": "$178", "2010-06-30": "$173", "2010-03-31": "$161", "2009-12-31": "$152", "2009-09-30": "$154", "2009-06-30": "$159", "2009-03-31": "$182", "2008-12-31": "$151", "2008-09-30": "$166", "2008-06-30": "$174", "2008-03-31": "$161", "2007-12-31": "$146", "2007-09-30": "$136", "2007-06-30": "$113", "2007-03-31": "$106", "2006-12-31": "$98", "2006-09-30": "$103", "2006-06-30": "$105", "2006-03-31": "$97", "2005-12-31": "$77", "2005-09-30": "$81", "2005-06-30": "$84", "2005-03-31": "$75"}}, "gross-profit": {"Middleby Annual Gross Profit (Millions of US $)": {"2019": "$1,103", "2018": "$1,004", "2017": "$913", "2016": "$901", "2015": "$707", "2014": "$641", "2013": "$550", "2012": "$403", "2011": "$344", "2010": "$287", "2009": "$251", "2008": "$248", "2007": "$192", "2006": "$157", "2005": "$122"}, "Middleby Quarterly Gross Profit (Millions of US $)": {"2020-09-30": "$223", "2020-06-30": "$153", "2020-03-31": "$250", "2019-12-31": "$290", "2019-09-30": "$270", "2019-06-30": "$286", "2019-03-31": "$257", "2018-12-31": "$281", "2018-09-30": "$261", "2018-06-30": "$251", "2018-03-31": "$212", "2017-12-31": "$240", "2017-09-30": "$229", "2017-06-30": "$235", "2017-03-31": "$209", "2016-12-31": "$239", "2016-09-30": "$232", "2016-06-30": "$234", "2016-03-31": "$197", "2015-12-31": "$199", "2015-09-30": "$177", "2015-06-30": "$173", "2015-03-31": "$158", "2014-12-31": "$169", "2014-09-30": "$162", "2014-06-30": "$166", "2014-03-31": "$143", "2013-12-31": "$151", "2013-09-30": "$141", "2013-06-30": "$137", "2013-03-31": "$121", "2012-12-31": "$113", "2012-09-30": "$100", "2012-06-30": "$102", "2012-03-31": "$87", "2011-12-31": "$100", "2011-09-30": "$87", "2011-06-30": "$85", "2011-03-31": "$72", "2010-12-31": "$83", "2010-09-30": "$71", "2010-06-30": "$69", "2010-03-31": "$63", "2009-12-31": "$58", "2009-09-30": "$62", "2009-06-30": "$61", "2009-03-31": "$69", "2008-12-31": "$57", "2008-09-30": "$65", "2008-06-30": "$67", "2008-03-31": "$59", "2007-12-31": "$55", "2007-09-30": "$51", "2007-06-30": "$45", "2007-03-31": "$41", "2006-12-31": "$39", "2006-09-30": "$41", "2006-06-30": "$42", "2006-03-31": "$36", "2005-12-31": "$30", "2005-09-30": "$32", "2005-06-30": "$33", "2005-03-31": "$27"}}, "operating-income": {"Middleby Annual Operating Income (Millions of US $)": {"2019": "$514", "2018": "$446", "2017": "$379", "2016": "$419", "2015": "$303", "2014": "$300", "2013": "$244", "2012": "$188", "2011": "$149", "2010": "$123", "2009": "$111", "2008": "$120", "2007": "$93", "2006": "$77", "2005": "$58"}, "Middleby Quarterly Operating Income (Millions of US $)": {"2020-09-30": "$87", "2020-06-30": "$39", "2020-03-31": "$105", "2019-12-31": "$152", "2019-09-30": "$121", "2019-06-30": "$140", "2019-03-31": "$101", "2018-12-31": "$140", "2018-09-30": "$108", "2018-06-30": "$111", "2018-03-31": "$87", "2017-12-31": "$63", "2017-09-30": "$109", "2017-06-30": "$114", "2017-03-31": "$93", "2016-12-31": "$99", "2016-09-30": "$121", "2016-06-30": "$112", "2016-03-31": "$86", "2015-12-31": "$73", "2015-09-30": "$80", "2015-06-30": "$83", "2015-03-31": "$67", "2014-12-31": "$82", "2014-09-30": "$86", "2014-06-30": "$76", "2014-03-31": "$56", "2013-12-31": "$74", "2013-09-30": "$67", "2013-06-30": "$60", "2013-03-31": "$42", "2012-12-31": "$59", "2012-09-30": "$47", "2012-06-30": "$45", "2012-03-31": "$37", "2011-12-31": "$45", "2011-09-30": "$37", "2011-06-30": "$35", "2011-03-31": "$31", "2010-12-31": "$35", "2010-09-30": "$32", "2010-06-30": "$30", "2010-03-31": "$26", "2009-12-31": "$28", "2009-09-30": "$28", "2009-06-30": "$27", "2009-03-31": "$28", "2008-12-31": "$30", "2008-09-30": "$31", "2008-06-30": "$32", "2008-03-31": "$26", "2007-12-31": "$28", "2007-09-30": "$25", "2007-06-30": "$21", "2007-03-31": "$19", "2006-12-31": "$20", "2006-09-30": "$21", "2006-06-30": "$20", "2006-03-31": "$15", "2005-12-31": "$13", "2005-09-30": "$16", "2005-06-30": "$16", "2005-03-31": "$12"}}, "ebitda": {"Middleby Annual EBITDA (Millions of US $)": {"2019": "$617", "2018": "$543", "2017": "$448", "2016": "$477", "2015": "$357", "2014": "$342", "2013": "$288", "2012": "$215", "2011": "$168", "2010": "$140", "2009": "$127", "2008": "$132", "2007": "$99", "2006": "$82", "2005": "$62"}, "Middleby Quarterly EBITDA (Millions of US $)": {"2020-09-30": "$114", "2020-06-30": "$67", "2020-03-31": "$132", "2019-12-31": "$178", "2019-09-30": "$148", "2019-06-30": "$164", "2019-03-31": "$127", "2018-12-31": "$171", "2018-09-30": "$136", "2018-06-30": "$130", "2018-03-31": "$107", "2017-12-31": "$83", "2017-09-30": "$126", "2017-06-30": "$132", "2017-03-31": "$107", "2016-12-31": "$113", "2016-09-30": "$135", "2016-06-30": "$128", "2016-03-31": "$101", "2015-12-31": "$93", "2015-09-30": "$92", "2015-06-30": "$94", "2015-03-31": "$78", "2014-12-31": "$92", "2014-09-30": "$97", "2014-06-30": "$87", "2014-03-31": "$66", "2013-12-31": "$83", "2013-09-30": "$77", "2013-06-30": "$72", "2013-03-31": "$56", "2012-12-31": "$65", "2012-09-30": "$55", "2012-06-30": "$52", "2012-03-31": "$44", "2011-12-31": "$50", "2011-09-30": "$43", "2011-06-30": "$41", "2011-03-31": "$35", "2010-12-31": "$40", "2010-09-30": "$36", "2010-06-30": "$34", "2010-03-31": "$30", "2009-12-31": "$32", "2009-09-30": "$32", "2009-06-30": "$30", "2009-03-31": "$33", "2008-12-31": "$32", "2008-09-30": "$34", "2008-06-30": "$36", "2008-03-31": "$30", "2007-12-31": "$29", "2007-09-30": "$28", "2007-06-30": "$23", "2007-03-31": "$20", "2006-12-31": "$22", "2006-09-30": "$22", "2006-06-30": "$21", "2006-03-31": "$16", "2005-12-31": "$14", "2005-09-30": "$17", "2005-06-30": "$17", "2005-03-31": "$13"}}, "net-income": {"Middleby Annual Net Income (Millions of US $)": {"2019": "$352", "2018": "$317", "2017": "$298", "2016": "$284", "2015": "$192", "2014": "$193", "2013": "$154", "2012": "$121", "2011": "$95", "2010": "$73", "2009": "$61", "2008": "$64", "2007": "$53", "2006": "$42", "2005": "$32"}, "Middleby Quarterly Net Income (Millions of US $)": {"2020-09-30": "$61", "2020-06-30": "$21", "2020-03-31": "$74", "2019-12-31": "$109", "2019-09-30": "$82", "2019-06-30": "$92", "2019-03-31": "$69", "2018-12-31": "$95", "2018-09-30": "$73", "2018-06-30": "$84", "2018-03-31": "$65", "2017-12-31": "$75", "2017-09-30": "$75", "2017-06-30": "$78", "2017-03-31": "$71", "2016-12-31": "$81", "2016-09-30": "$76", "2016-06-30": "$73", "2016-03-31": "$55", "2015-12-31": "$50", "2015-09-30": "$49", "2015-06-30": "$54", "2015-03-31": "$38", "2014-12-31": "$52", "2014-09-30": "$60", "2014-06-30": "$48", "2014-03-31": "$33", "2013-12-31": "$50", "2013-09-30": "$41", "2013-06-30": "$37", "2013-03-31": "$26", "2012-12-31": "$38", "2012-09-30": "$30", "2012-06-30": "$31", "2012-03-31": "$22", "2011-12-31": "$35", "2011-09-30": "$23", "2011-06-30": "$20", "2011-03-31": "$18", "2010-12-31": "$21", "2010-09-30": "$21", "2010-06-30": "$18", "2010-03-31": "$14", "2009-12-31": "$18", "2009-09-30": "$16", "2009-06-30": "$14", "2009-03-31": "$14", "2008-12-31": "$17", "2008-09-30": "$16", "2008-06-30": "$17", "2008-03-31": "$13", "2007-12-31": "$15", "2007-09-30": "$14", "2007-06-30": "$13", "2007-03-31": "$11", "2006-12-31": "$11", "2006-09-30": "$12", "2006-06-30": "$11", "2006-03-31": "$8", "2005-12-31": "$7", "2005-09-30": "$10", "2005-06-30": "$9", "2005-03-31": "$6"}}, "eps-earnings-per-share-diluted": {"Middleby Annual EPS": {"2019": "$6.33", "2018": "$5.70", "2017": "$5.26", "2016": "$4.98", "2015": "$3.36", "2014": "$3.40", "2013": "$2.74", "2012": "$2.20", "2011": "$1.72", "2010": "$1.32", "2009": "$1.10", "2008": "$1.25", "2007": "$1.04", "2006": "$0.86", "2005": "$0.66"}, "Middleby Quarterly EPS": {"2020-09-30": "$1.10", "2020-06-30": "$0.39", "2020-03-31": "$1.33", "2019-12-31": "$1.96", "2019-09-30": "$1.47", "2019-06-30": "$1.66", "2019-03-31": "$1.24", "2018-12-31": "$1.70", "2018-09-30": "$1.31", "2018-06-30": "$1.51", "2018-03-31": "$1.18", "2017-12-31": "$1.36", "2017-09-30": "$1.31", "2017-06-30": "$1.35", "2017-03-31": "$1.24", "2016-12-31": "$1.41", "2016-09-30": "$1.33", "2016-06-30": "$1.28", "2016-03-31": "$0.96", "2015-12-31": "$0.88", "2015-09-30": "$0.86", "2015-06-30": "$0.95", "2015-03-31": "$0.67", "2014-12-31": "$0.91", "2014-09-30": "$1.05", "2014-06-30": "$0.85", "2014-03-31": "$0.59", "2013-12-31": "$0.88", "2013-09-30": "$0.73", "2013-06-30": "$0.67", "2013-03-31": "$0.46", "2012-12-31": "$0.71", "2012-09-30": "$0.53", "2012-06-30": "$0.56", "2012-03-31": "$0.40", "2011-12-31": "$0.62", "2011-09-30": "$0.42", "2011-06-30": "$0.35", "2011-03-31": "$0.32", "2010-12-31": "$0.38", "2010-09-30": "$0.38", "2010-06-30": "$0.32", "2010-03-31": "$0.25", "2009-12-31": "$0.32", "2009-09-30": "$0.28", "2009-06-30": "$0.25", "2009-03-31": "$0.26", "2008-12-31": "$0.34", "2008-09-30": "$0.32", "2008-06-30": "$0.33", "2008-03-31": "$0.26", "2007-12-31": "$0.30", "2007-09-30": "$0.28", "2007-06-30": "$0.25", "2007-03-31": "$0.21", "2006-12-31": "$0.23", "2006-09-30": "$0.25", "2006-06-30": "$0.22", "2006-03-31": "$0.16", "2005-12-31": "$0.15", "2005-09-30": "$0.20", "2005-06-30": "$0.19", "2005-03-31": "$0.13"}}, "shares-outstanding": {"Middleby Annual Shares Outstanding (Millions of Shares)": {"2019": "56", "2018": "56", "2017": "57", "2016": "57", "2015": "57", "2014": "57", "2013": "56", "2012": "55", "2011": "56", "2010": "55", "2009": "56", "2008": "51", "2007": "51", "2006": "50", "2005": "49"}, "Middleby Quarterly Shares Outstanding (Millions of Shares)": {"2020-09-30": "55", "2020-06-30": "55", "2020-03-31": "55", "2019-12-31": "56", "2019-09-30": "56", "2019-06-30": "56", "2019-03-31": "56", "2018-12-31": "56", "2018-09-30": "56", "2018-06-30": "56", "2018-03-31": "56", "2017-12-31": "57", "2017-09-30": "57", "2017-06-30": "57", "2017-03-31": "57", "2016-12-31": "57", "2016-09-30": "57", "2016-06-30": "57", "2016-03-31": "57", "2015-12-31": "57", "2015-09-30": "57", "2015-06-30": "57", "2015-03-31": "57", "2014-12-31": "57", "2014-09-30": "57", "2014-06-30": "57", "2014-03-31": "56", "2013-12-31": "56", "2013-09-30": "56", "2013-06-30": "56", "2013-03-31": "56", "2012-12-31": "55", "2012-09-30": "56", "2012-06-30": "56", "2012-03-31": "55", "2011-12-31": "56", "2011-09-30": "56", "2011-06-30": "56", "2011-03-31": "55", "2010-12-31": "55", "2010-09-30": "55", "2010-06-30": "55", "2010-03-31": "56", "2009-12-31": "56", "2009-09-30": "56", "2009-06-30": "56", "2009-03-31": "55", "2008-12-31": "51", "2008-09-30": "51", "2008-06-30": "52", "2008-03-31": "52", "2007-12-31": "51", "2007-09-30": "51", "2007-06-30": "51", "2007-03-31": "50", "2006-12-31": "50", "2006-09-30": "49", "2006-06-30": "50", "2006-03-31": "50", "2005-12-31": "49", "2005-09-30": "49", "2005-06-30": "48", "2005-03-31": "48"}}, "total-assets": {"Middleby Annual Total Assets (Millions of US $)": {"2019": "$5,002", "2018": "$4,550", "2017": "$3,340", "2016": "$2,917", "2015": "$2,761", "2014": "$2,066", "2013": "$1,819", "2012": "$1,244", "2011": "$1,147", "2010": "$873", "2009": "$816", "2008": "$654", "2007": "$414", "2006": "$285", "2005": "$264"}, "Middleby Quarterly Total Assets (Millions of US $)": {"2020-09-30": "$5,020", "2020-06-30": "$5,415", "2020-03-31": "$5,278", "2019-12-31": "$5,002", "2019-09-30": "$4,929", "2019-06-30": "$4,887", "2019-03-31": "$4,688", "2018-12-31": "$4,550", "2018-09-30": "$4,579", "2018-06-30": "$4,602", "2018-03-31": "$3,427", "2017-12-31": "$3,340", "2017-09-30": "$3,201", "2017-06-30": "$3,141", "2017-03-31": "$2,943", "2016-12-31": "$2,917", "2016-09-30": "$2,915", "2016-06-30": "$2,932", "2016-03-31": "$2,778", "2015-12-31": "$2,761", "2015-09-30": "$2,711", "2015-06-30": "$2,156", "2015-03-31": "$2,143", "2014-12-31": "$2,066", "2014-09-30": "$1,914", "2014-06-30": "$1,926", "2014-03-31": "$1,916", "2013-12-31": "$1,819", "2013-09-30": "$1,700", "2013-06-30": "$1,711", "2013-03-31": "$1,698", "2012-12-31": "$1,244", "2012-09-30": "$1,194", "2012-06-30": "$1,141", "2012-03-31": "$1,152", "2011-12-31": "$1,147", "2011-09-30": "$1,030", "2011-06-30": "$1,019", "2011-03-31": "$882", "2010-12-31": "$873", "2010-09-30": "$867", "2010-06-30": "$824", "2010-03-31": "$811", "2009-12-31": "$816", "2009-09-30": "$823", "2009-06-30": "$821", "2009-03-31": "$832", "2008-12-31": "$654", "2008-09-30": "$648", "2008-06-30": "$657", "2008-03-31": "$607", "2007-12-31": "$414", "2007-09-30": "$387", "2007-06-30": "$316", "2007-03-31": "$292", "2006-12-31": "$285", "2006-09-30": "$283", "2006-06-30": "$274", "2006-03-31": "$266", "2005-12-31": "$264", "2005-09-30": "$216", "2005-06-30": "$216", "2005-03-31": "$223"}}, "cash-on-hand": {"Middleby Annual Cash on Hand (Millions of US $)": {"2019": "$95", "2018": "$72", "2017": "$90", "2016": "$68", "2015": "$56", "2014": "$44", "2013": "$37", "2012": "$34", "2011": "$40", "2010": "$8", "2009": "$8", "2008": "$6", "2007": "$7", "2006": "$4", "2005": "$4"}, "Middleby Quarterly Cash on Hand (Millions of US $)": {"2020-09-30": "$220", "2020-06-30": "$650", "2020-03-31": "$381", "2019-12-31": "$95", "2019-09-30": "$87", "2019-06-30": "$82", "2019-03-31": "$81", "2018-12-31": "$72", "2018-09-30": "$77", "2018-06-30": "$92", "2018-03-31": "$103", "2017-12-31": "$90", "2017-09-30": "$82", "2017-06-30": "$65", "2017-03-31": "$77", "2016-12-31": "$68", "2016-09-30": "$62", "2016-06-30": "$74", "2016-03-31": "$56", "2015-12-31": "$56", "2015-09-30": "$55", "2015-06-30": "$39", "2015-03-31": "$54", "2014-12-31": "$44", "2014-09-30": "$38", "2014-06-30": "$32", "2014-03-31": "$39", "2013-12-31": "$37", "2013-09-30": "$29", "2013-06-30": "$34", "2013-03-31": "$44", "2012-12-31": "$34", "2012-09-30": "$35", "2012-06-30": "$35", "2012-03-31": "$29", "2011-12-31": "$40", "2011-09-30": "$13", "2011-06-30": "$21", "2011-03-31": "$9", "2010-12-31": "$8", "2010-09-30": "$6", "2010-06-30": "$7", "2010-03-31": "$8", "2009-12-31": "$8", "2009-09-30": "$11", "2009-06-30": "$8", "2009-03-31": "$9", "2008-12-31": "$6", "2008-09-30": "$7", "2008-06-30": "$7", "2008-03-31": "$6", "2007-12-31": "$7", "2007-09-30": "$8", "2007-06-30": "$6", "2007-03-31": "$4", "2006-12-31": "$4", "2006-09-30": "$3", "2006-06-30": "$3", "2006-03-31": "$4", "2005-12-31": "$4", "2005-09-30": "$3", "2005-06-30": "$4", "2005-03-31": "$3"}}, "long-term-debt": {"Middleby Annual Long Term Debt (Millions of US $)": {"2019": "$1,870", "2018": "$1,889", "2017": "$1,024", "2016": "$726", "2015": "$734", "2014": "$589", "2013": "$570", "2012": "$258", "2011": "$2", "2010": "$209", "2009": "$268", "2008": "$228", "2007": "$94", "2006": "$66", "2005": "$108"}, "Middleby Quarterly Long Term Debt (Millions of US $)": {"2020-09-30": "$1,809", "2020-06-30": "$2,373", "2020-03-31": "$2,177", "2019-12-31": "$1,870", "2019-09-30": "$1,956", "2019-06-30": "$1,992", "2019-03-31": "$1,889", "2018-12-31": "$1,889", "2018-09-30": "$1,955", "2018-06-30": "$2,060", "2018-03-31": "$1,044", "2017-12-31": "$1,024", "2017-09-30": "$946", "2017-06-30": "$798", "2017-03-31": "$724", "2016-12-31": "$726", "2016-09-30": "$827", "2016-06-30": "$863", "2016-03-31": "$706", "2015-12-31": "$734", "2015-09-30": "$718", "2015-06-30": "$564", "2015-03-31": "$630", "2014-12-31": "$589", "2014-09-30": "$507", "2014-06-30": "$584", "2014-03-31": "$649", "2013-12-31": "$570", "2013-09-30": "$537", "2013-06-30": "$617", "2013-03-31": "$637", "2012-12-31": "$258", "2012-09-30": "$266", "2012-06-30": "$269", "2012-03-31": "$2", "2011-12-31": "$2", "2011-09-30": "$297", "2011-06-30": "$302", "2011-03-31": "$233", "2010-12-31": "$209", "2010-09-30": "$238", "2010-06-30": "$243", "2010-03-31": "$264", "2009-12-31": "$268", "2009-09-30": "$288", "2009-06-30": "$315", "2009-03-31": "$340", "2008-12-31": "$228", "2008-09-30": "$250", "2008-06-30": "$266", "2008-03-31": "$270", "2007-12-31": "$94", "2007-09-30": "$91", "2007-06-30": "$69", "2007-03-31": "$71", "2006-12-31": "$66", "2006-09-30": "$81", "2006-06-30": "$94", "2006-03-31": "$106", "2005-12-31": "$108", "2005-09-30": "$92", "2005-06-30": "$110", "2005-03-31": "$127"}}, "total-liabilities": {"Middleby Annual Total Liabilities (Millions of US $)": {"2019": "$3,055", "2018": "$2,885", "2017": "$1,979", "2016": "$1,652", "2015": "$1,594", "2014": "$1,059", "2013": "$981", "2012": "$594", "2011": "$636", "2010": "$448", "2009": "$474", "2008": "$427", "2007": "$231", "2006": "$184", "2005": "$215"}, "Middleby Quarterly Total Liabilities (Millions of US $)": {"2020-09-30": "$2,989", "2020-06-30": "$3,475", "2020-03-31": "$3,383", "2019-12-31": "$3,055", "2019-09-30": "$3,072", "2019-06-30": "$3,088", "2019-03-31": "$2,962", "2018-12-31": "$2,885", "2018-09-30": "$3,005", "2018-06-30": "$3,101", "2018-03-31": "$1,986", "2017-12-31": "$1,979", "2017-09-30": "$1,890", "2017-06-30": "$1,713", "2017-03-31": "$1,619", "2016-12-31": "$1,652", "2016-09-30": "$1,569", "2016-06-30": "$1,647", "2016-03-31": "$1,554", "2015-12-31": "$1,594", "2015-09-30": "$1,576", "2015-06-30": "$1,061", "2015-03-31": "$1,114", "2014-12-31": "$1,059", "2014-09-30": "$951", "2014-06-30": "$1,015", "2014-03-31": "$1,060", "2013-12-31": "$981", "2013-09-30": "$919", "2013-06-30": "$986", "2013-03-31": "$1,024", "2012-12-31": "$594", "2012-09-30": "$588", "2012-06-30": "$575", "2012-03-31": "$612", "2011-12-31": "$636", "2011-09-30": "$555", "2011-06-30": "$557", "2011-03-31": "$446", "2010-12-31": "$448", "2010-09-30": "$467", "2010-06-30": "$447", "2010-03-31": "$451", "2009-12-31": "$474", "2009-09-30": "$504", "2009-06-30": "$519", "2009-03-31": "$548", "2008-12-31": "$427", "2008-09-30": "$430", "2008-06-30": "$458", "2008-03-31": "$410", "2007-12-31": "$231", "2007-09-30": "$240", "2007-06-30": "$186", "2007-03-31": "$177", "2006-12-31": "$184", "2006-09-30": "$200", "2006-06-30": "$204", "2006-03-31": "$208", "2005-12-31": "$215", "2005-09-30": "$177", "2005-06-30": "$192", "2005-03-31": "$209"}}, "total-share-holder-equity": {"Middleby Annual Share Holder Equity (Millions of US $)": {"2019": "$1,947", "2018": "$1,665", "2017": "$1,361", "2016": "$1,265", "2015": "$1,167", "2014": "$1,007", "2013": "$838", "2012": "$650", "2011": "$511", "2010": "$425", "2009": "$343", "2008": "$228", "2007": "$183", "2006": "$101", "2005": "$49"}, "Middleby Quarterly Share Holder Equity (Millions of US $)": {"2020-09-30": "$2,031", "2020-06-30": "$1,940", "2020-03-31": "$1,895", "2019-12-31": "$1,947", "2019-09-30": "$1,856", "2019-06-30": "$1,798", "2019-03-31": "$1,726", "2018-12-31": "$1,665", "2018-09-30": "$1,574", "2018-06-30": "$1,501", "2018-03-31": "$1,441", "2017-12-31": "$1,361", "2017-09-30": "$1,312", "2017-06-30": "$1,428", "2017-03-31": "$1,324", "2016-12-31": "$1,265", "2016-09-30": "$1,346", "2016-06-30": "$1,285", "2016-03-31": "$1,224", "2015-12-31": "$1,167", "2015-09-30": "$1,134", "2015-06-30": "$1,095", "2015-03-31": "$1,028", "2014-12-31": "$1,007", "2014-09-30": "$963", "2014-06-30": "$911", "2014-03-31": "$856", "2013-12-31": "$838", "2013-09-30": "$782", "2013-06-30": "$725", "2013-03-31": "$674", "2012-12-31": "$650", "2012-09-30": "$606", "2012-06-30": "$566", "2012-03-31": "$540", "2011-12-31": "$511", "2011-09-30": "$476", "2011-06-30": "$462", "2011-03-31": "$436", "2010-12-31": "$425", "2010-09-30": "$400", "2010-06-30": "$377", "2010-03-31": "$359", "2009-12-31": "$343", "2009-09-30": "$319", "2009-06-30": "$302", "2009-03-31": "$284", "2008-12-31": "$228", "2008-09-30": "$218", "2008-06-30": "$199", "2008-03-31": "$197", "2007-12-31": "$183", "2007-09-30": "$148", "2007-06-30": "$129", "2007-03-31": "$114", "2006-12-31": "$101", "2006-09-30": "$83", "2006-06-30": "$71", "2006-03-31": "$57", "2005-12-31": "$49", "2005-09-30": "$38", "2005-06-30": "$24", "2005-03-31": "$15"}}, "profit-margins": {"current": "10.28%"}, "gross margin": {"2020-09-30": "35.61%", "2020-06-30": "36.19%", "2020-03-31": "37.15%", "2019-12-31": "37.26%", "2019-09-30": "37.35%", "2019-06-30": "37.18%", "2019-03-31": "37.17%", "2018-12-31": "36.91%", "2018-09-30": "37.09%", "2018-06-30": "37.60%", "2018-03-31": "38.33%", "2017-12-31": "39.10%", "2017-09-30": "39.67%", "2017-06-30": "40.13%", "2017-03-31": "40.07%", "2016-12-31": "39.79%", "2016-09-30": "39.09%", "2016-06-30": "38.80%", "2016-03-31": "38.53%", "2015-12-31": "38.70%", "2015-09-30": "39.20%", "2015-06-30": "39.36%", "2015-03-31": "39.20%", "2014-12-31": "39.12%", "2014-09-30": "39.42%", "2014-06-30": "39.18%", "2014-03-31": "38.83%", "2013-12-31": "38.52%", "2013-09-30": "38.12%", "2013-06-30": "37.95%", "2013-03-31": "38.35%", "2012-12-31": "38.69%", "2012-09-30": "39.25%", "2012-06-30": "39.50%", "2012-03-31": "39.76%", "2011-12-31": "40.14%", "2011-09-30": "39.88%", "2011-06-30": "39.92%", "2011-03-31": "39.81%", "2010-12-31": "39.78%", "2010-09-30": "39.31%", "2010-06-30": "39.38%", "2010-03-31": "38.98%", "2009-12-31": "38.64%", "2009-09-30": "38.54%", "2009-06-30": "38.30%", "2009-03-31": "38.34%", "2008-12-31": "38.04%", "2008-09-30": "38.02%", "2008-06-30": "37.60%", "2008-03-31": "37.77%", "2007-12-31": "38.32%", "2007-09-30": "38.85%", "2007-06-30": "39.52%", "2007-03-31": "39.56%", "2006-12-31": "39.21%", "2006-09-30": "39.01%", "2006-06-30": "38.89%", "2006-03-31": "38.64%", "2005-12-31": "38.49%"}, "operating margin": {"2020-09-30": "14.89%", "2020-06-30": "15.67%", "2020-03-31": "17.56%", "2019-12-31": "17.36%", "2019-09-30": "17.14%", "2019-06-30": "16.76%", "2019-03-31": "16.28%", "2018-12-31": "16.38%", "2018-09-30": "14.20%", "2018-06-30": "14.93%", "2018-03-31": "15.61%", "2017-12-31": "16.23%", "2017-09-30": "18.05%", "2017-06-30": "18.73%", "2017-03-31": "18.63%", "2016-12-31": "18.44%", "2016-09-30": "17.78%", "2016-06-30": "16.88%", "2016-03-31": "16.63%", "2015-12-31": "16.58%", "2015-09-30": "18.07%", "2015-06-30": "18.91%", "2015-03-31": "18.61%", "2014-12-31": "18.34%", "2014-09-30": "18.50%", "2014-06-30": "17.80%", "2014-03-31": "17.45%", "2013-12-31": "17.02%", "2013-09-30": "16.98%", "2013-06-30": "16.76%", "2013-03-31": "16.97%", "2012-12-31": "18.09%", "2012-09-30": "17.56%", "2012-06-30": "17.23%", "2012-03-31": "17.05%", "2011-12-31": "17.27%", "2011-09-30": "16.83%", "2011-06-30": "17.07%", "2011-03-31": "17.27%", "2010-12-31": "17.11%", "2010-09-30": "17.47%", "2010-06-30": "17.50%", "2010-03-31": "17.41%", "2009-12-31": "17.16%", "2009-09-30": "17.49%", "2009-06-30": "17.63%", "2009-03-31": "17.98%", "2008-12-31": "18.25%", "2008-09-30": "18.08%", "2008-06-30": "17.99%", "2008-03-31": "17.99%", "2007-12-31": "18.56%", "2007-09-30": "18.76%", "2007-06-30": "19.29%", "2007-03-31": "19.42%", "2006-12-31": "18.86%", "2006-09-30": "18.06%", "2006-06-30": "17.78%", "2006-03-31": "17.70%", "2005-12-31": "17.98%"}, "ebitda margin": {"2020-09-30": "19.09%", "2020-06-30": "19.73%", "2020-03-31": "21.08%", "2019-12-31": "20.84%", "2019-09-30": "20.83%", "2019-06-30": "20.49%", "2019-03-31": "19.96%", "2018-12-31": "19.98%", "2018-09-30": "17.55%", "2018-06-30": "17.99%", "2018-03-31": "18.74%", "2017-12-31": "19.19%", "2017-09-30": "20.79%", "2017-06-30": "21.36%", "2017-03-31": "21.17%", "2016-12-31": "21.04%", "2016-09-30": "20.73%", "2016-06-30": "19.90%", "2016-03-31": "19.63%", "2015-12-31": "19.54%", "2015-09-30": "20.61%", "2015-06-30": "21.46%", "2015-03-31": "21.18%", "2014-12-31": "20.90%", "2014-09-30": "21.10%", "2014-06-30": "20.40%", "2014-03-31": "20.23%", "2013-12-31": "20.17%", "2013-09-30": "20.10%", "2013-06-30": "19.98%", "2013-03-31": "20.05%", "2012-12-31": "20.79%", "2012-09-30": "20.28%", "2012-06-30": "19.85%", "2012-03-31": "19.71%", "2011-12-31": "19.72%", "2011-09-30": "19.39%", "2011-06-30": "19.51%", "2011-03-31": "19.57%", "2010-12-31": "19.47%", "2010-09-30": "19.88%", "2010-06-30": "20.00%", "2010-03-31": "19.81%", "2009-12-31": "19.63%", "2009-09-30": "19.66%", "2009-06-30": "19.60%", "2009-03-31": "20.06%", "2008-12-31": "20.25%", "2008-09-30": "19.94%", "2008-06-30": "19.94%", "2008-03-31": "19.78%", "2007-12-31": "19.96%", "2007-09-30": "20.53%", "2007-06-30": "20.71%", "2007-03-31": "20.63%", "2006-12-31": "20.10%", "2006-09-30": "19.11%", "2006-06-30": "18.89%", "2006-03-31": "18.88%", "2005-12-31": "19.24%"}, "pre tax profit margin": {"2020-09-30": "13.34%", "2020-06-30": "13.90%", "2020-03-31": "15.86%", "2019-12-31": "15.61%", "2019-09-30": "15.33%", "2019-06-30": "15.11%", "2019-03-31": "15.12%", "2018-12-31": "15.57%", "2018-09-30": "13.74%", "2018-06-30": "15.01%", "2018-03-31": "15.77%", "2017-12-31": "16.40%", "2017-09-30": "19.14%", "2017-06-30": "19.25%", "2017-03-31": "18.98%", "2016-12-31": "18.61%", "2016-09-30": "16.92%", "2016-06-30": "16.11%", "2016-03-31": "15.75%", "2015-12-31": "15.38%", "2015-09-30": "16.73%", "2015-06-30": "17.66%", "2015-03-31": "17.24%", "2014-12-31": "17.18%", "2014-09-30": "17.36%", "2014-06-30": "16.56%", "2014-03-31": "16.23%", "2013-12-31": "15.90%", "2013-09-30": "15.86%", "2013-06-30": "15.55%", "2013-03-31": "15.92%", "2012-12-31": "16.84%", "2012-09-30": "16.45%", "2012-06-30": "16.39%", "2012-03-31": "15.95%", "2011-12-31": "16.34%", "2011-09-30": "15.73%", "2011-06-30": "15.92%", "2011-03-31": "16.06%", "2010-12-31": "15.86%", "2010-09-30": "16.11%", "2010-06-30": "15.94%", "2010-03-31": "15.81%", "2009-12-31": "15.46%", "2009-09-30": "15.48%", "2009-06-30": "15.50%", "2009-03-31": "15.90%", "2008-12-31": "15.95%", "2008-09-30": "16.07%", "2008-06-30": "16.37%", "2008-03-31": "16.73%", "2007-12-31": "17.76%", "2007-09-30": "18.10%", "2007-06-30": "18.33%", "2007-03-31": "17.96%", "2006-12-31": "17.12%", "2006-09-30": "16.23%", "2006-06-30": "15.83%", "2006-03-31": "15.93%", "2005-12-31": "16.09%"}, "net profit margin": {"2020-09-30": "10.30%", "2020-06-30": "10.75%", "2020-03-31": "12.10%", "2019-12-31": "11.89%", "2019-09-30": "11.54%", "2019-06-30": "11.27%", "2019-03-31": "11.36%", "2018-12-31": "11.64%", "2018-09-30": "11.43%", "2018-06-30": "12.06%", "2018-03-31": "12.26%", "2017-12-31": "12.81%", "2017-09-30": "13.27%", "2017-06-30": "13.42%", "2017-03-31": "13.20%", "2016-12-31": "12.57%", "2016-09-30": "11.52%", "2016-06-30": "10.91%", "2016-03-31": "10.74%", "2015-12-31": "10.45%", "2015-09-30": "11.18%", "2015-06-30": "12.13%", "2015-03-31": "11.85%", "2014-12-31": "11.80%", "2014-09-30": "12.10%", "2014-06-30": "11.21%", "2014-03-31": "10.93%", "2013-12-31": "10.78%", "2013-09-30": "10.57%", "2013-06-30": "10.56%", "2013-03-31": "10.99%", "2012-12-31": "11.65%", "2012-09-30": "11.91%", "2012-06-30": "11.66%", "2012-03-31": "11.07%", "2011-12-31": "11.20%", "2011-09-30": "10.00%", "2011-06-30": "10.27%", "2011-03-31": "10.53%", "2010-12-31": "10.29%", "2010-09-30": "10.69%", "2010-06-30": "10.31%", "2010-03-31": "9.90%", "2009-12-31": "9.58%", "2009-09-30": "9.44%", "2009-06-30": "9.27%", "2009-03-31": "9.51%", "2008-12-31": "9.66%", "2008-09-30": "9.43%", "2008-06-30": "9.56%", "2008-03-31": "9.89%", "2007-12-31": "10.58%", "2007-09-30": "10.82%", "2007-06-30": "11.19%", "2007-03-31": "10.92%", "2006-12-31": "10.42%", "2006-09-30": "9.95%", "2006-06-30": "10.00%", "2006-03-31": "10.03%", "2005-12-31": "10.09%"}, "pe ratio": {"current": "25.78", "2021-02-05": "28.86", "2020-09-30": "18.77", "2020-06-30": "15.33", "2020-03-31": "8.86", "2019-12-31": "17.30", "2019-09-30": "19.26", "2019-06-30": "22.96", "2019-03-31": "22.57", "2018-12-31": "18.02", "2018-09-30": "24.18", "2018-06-30": "19.52", "2018-03-31": "23.85", "2017-12-31": "25.70", "2017-09-30": "24.14", "2017-06-30": "22.80", "2017-03-31": "25.94", "2016-12-31": "25.87", "2016-09-30": "27.78", "2016-06-30": "28.96", "2016-03-31": "29.25", "2015-12-31": "32.10", "2015-09-30": "31.03", "2015-06-30": "31.35", "2015-03-31": "29.50", "2014-12-31": "29.12", "2014-09-30": "26.18", "2014-06-30": "27.18", "2014-03-31": "30.79", "2013-12-31": "29.27", "2013-09-30": "27.49", "2013-06-30": "24.23", "2013-03-31": "22.74", "2012-12-31": "19.72", "2012-09-30": "18.24", "2012-06-30": "16.60", "2012-03-31": "18.77", "2011-12-31": "18.23", "2011-09-30": "15.94", "2011-06-30": "21.92", "2011-03-31": "22.22", "2010-12-31": "21.32", "2010-09-30": "16.77", "2010-06-30": "15.28", "2010-03-31": "17.66", "2009-12-31": "14.90", "2009-09-30": "16.27", "2009-06-30": "12.51", "2009-03-31": "8.62", "2008-12-31": "7.25", "2008-09-30": "15.04", "2008-06-30": "12.62", "2008-03-31": "19.25", "2007-12-31": "24.64", "2007-09-30": "22.33", "2007-06-30": "21.37", "2007-03-31": "24.24", "2006-12-31": "20.40"}, "price sales": {"2021-02-05": "2.97", "2020-09-30": "1.93", "2020-06-30": "1.65", "2020-03-31": "1.07", "2019-12-31": "2.06", "2019-09-30": "2.22", "2019-06-30": "2.59", "2019-03-31": "2.56", "2018-12-31": "2.10", "2018-09-30": "2.78", "2018-06-30": "2.37", "2018-03-31": "2.93", "2017-12-31": "3.29", "2017-09-30": "3.18", "2017-06-30": "3.04", "2017-03-31": "3.41", "2016-12-31": "3.24", "2016-09-30": "3.20", "2016-06-30": "3.16", "2016-03-31": "3.14", "2015-12-31": "3.36", "2015-09-30": "3.47", "2015-06-30": "3.80", "2015-03-31": "3.49", "2014-12-31": "3.44", "2014-09-30": "3.16", "2014-06-30": "3.04", "2014-03-31": "3.36", "2013-12-31": "3.13", "2013-09-30": "2.89", "2013-06-30": "2.54", "2013-03-31": "2.48", "2012-12-31": "2.28", "2012-09-30": "2.16", "2012-06-30": "1.94", "2012-03-31": "2.08", "2011-12-31": "2.04", "2011-09-30": "1.59", "2011-06-30": "2.22", "2011-03-31": "2.31", "2010-12-31": "2.16", "2010-09-30": "1.76", "2010-06-30": "1.54", "2010-03-31": "1.72", "2009-12-31": "1.40", "2009-09-30": "1.55", "2009-06-30": "1.18", "2009-03-31": "0.84", "2008-12-31": "0.72", "2008-09-30": "1.44", "2008-06-30": "1.22", "2008-03-31": "1.91", "2007-12-31": "2.58", "2007-09-30": "2.39", "2007-06-30": "2.37", "2007-03-31": "2.65", "2006-12-31": "2.14"}, "price book": {"current": "3.78", "2021-02-05": "3.78", "2020-09-30": "2.46", "2020-06-30": "2.26", "2020-03-31": "1.66", "2019-12-31": "3.16", "2019-09-30": "3.54", "2019-06-30": "4.20", "2019-03-31": "4.19", "2018-12-31": "3.44", "2018-09-30": "4.59", "2018-06-30": "3.88", "2018-03-31": "4.79", "2017-12-31": "5.53", "2017-09-30": "5.46", "2017-06-30": "4.90", "2017-03-31": "5.93", "2016-12-31": "5.86", "2016-09-30": "5.28", "2016-06-30": "5.16", "2016-03-31": "5.02", "2015-12-31": "5.30", "2015-09-30": "5.32", "2015-06-30": "5.88", "2015-03-31": "5.72", "2014-12-31": "5.64", "2014-09-30": "5.24", "2014-06-30": "5.20", "2014-03-31": "5.89", "2013-12-31": "5.47", "2013-09-30": "5.11", "2013-06-30": "4.49", "2013-03-31": "4.24", "2012-12-31": "3.71", "2012-09-30": "3.57", "2012-06-30": "3.29", "2012-03-31": "3.51", "2011-12-31": "3.42", "2011-09-30": "2.77", "2011-06-30": "3.82", "2011-03-31": "4.00", "2010-12-31": "3.67", "2010-09-30": "2.93", "2010-06-30": "2.62", "2010-03-31": "2.98", "2009-12-31": "2.65", "2009-09-30": "3.20", "2009-06-30": "2.69", "2009-03-31": "2.12", "2008-12-31": "2.03", "2008-09-30": "4.24", "2008-06-30": "3.74", "2008-03-31": "5.37", "2007-12-31": "7.07", "2007-09-30": "7.31", "2007-06-30": "7.67", "2007-03-31": "9.21", "2006-12-31": "10.28", "2006-09-30": "7.35", "2006-06-30": "9.70", "2006-03-31": "11.51"}, "price fcf": {"2021-02-05": "", "2020-09-30": "$7.79", "2020-06-30": "$7.26", "2020-03-31": "$6.89", "2019-12-31": "$5.94", "2019-09-30": "$5.56", "2019-06-30": "$5.22", "2019-03-31": "$5.95", "2018-12-31": "$5.99", "2018-09-30": "$5.50", "2018-06-30": "$5.66", "2018-03-31": "$4.49", "2017-12-31": "$4.66", "2017-09-30": "$5.09", "2017-06-30": "$4.47", "2017-03-31": "$5.27", "2016-12-31": "$4.72", "2016-09-30": "$4.10", "2016-06-30": "$3.73", "2016-03-31": "$3.80", "2015-12-31": "$3.99", "2015-09-30": "$3.80", "2015-06-30": "$4.63", "2015-03-31": "$4.49", "2014-12-31": "$3.89", "2014-09-30": "$3.77", "2014-06-30": "$3.02", "2014-03-31": "$2.00", "2013-12-31": "$2.47", "2013-09-30": "$2.04", "2013-06-30": "$1.69", "2013-03-31": "$2.21", "2012-12-31": "$2.20", "2012-09-30": "$2.69", "2012-06-30": "$2.65", "2012-03-31": "$2.57", "2011-12-31": "$2.20", "2011-09-30": "$1.66", "2011-06-30": "$1.66", "2011-03-31": "$1.42", "2010-12-31": "$1.72", "2010-09-30": "$1.57", "2010-06-30": "$1.47", "2010-03-31": "$1.65", "2009-12-31": "$1.71", "2009-09-30": "$1.68", "2009-06-30": "$1.51", "2009-03-31": "$1.47", "2008-12-31": "$1.52", "2008-09-30": "$1.35", "2008-06-30": "$0.59", "2008-03-31": "$0.54", "2007-12-31": "$0.24", "2007-09-30": "$0.32", "2007-06-30": "$1.13", "2007-03-31": "$0.85", "2006-12-31": "$0.96"}, "net worth": {"value": "$7.67B"}, "current ratio": {"current": "2.08", "2020-09-30": "2.08", "2020-06-30": "3.27", "2020-03-31": "2.48", "2019-12-31": "2.04", "2019-09-30": "2.05", "2019-06-30": "2.10", "2019-03-31": "1.98", "2018-12-31": "1.90", "2018-09-30": "1.88", "2018-06-30": "1.94", "2018-03-31": "2.11", "2017-12-31": "1.97", "2017-09-30": "1.93", "2017-06-30": "1.99", "2017-03-31": "1.86", "2016-12-31": "1.66", "2016-09-30": "1.71", "2016-06-30": "1.61", "2016-03-31": "1.61", "2015-12-31": "1.56", "2015-09-30": "1.59", "2015-06-30": "1.92", "2015-03-31": "1.98", "2014-12-31": "1.87", "2014-09-30": "1.83", "2014-06-30": "1.93", "2014-03-31": "2.09", "2013-12-31": "1.75", "2013-09-30": "1.82", "2013-06-30": "1.90", "2013-03-31": "1.69", "2012-12-31": "1.70", "2012-09-30": "1.65", "2012-06-30": "1.66", "2012-03-31": "0.70", "2011-12-31": "0.67", "2011-09-30": "1.63", "2011-06-30": "1.71", "2011-03-31": "1.76", "2010-12-31": "1.43", "2010-09-30": "1.49", "2010-06-30": "1.60", "2010-03-31": "1.66", "2009-12-31": "1.48", "2009-09-30": "1.30", "2009-06-30": "1.38", "2009-03-31": "1.47", "2008-12-31": "1.48", "2008-09-30": "1.60", "2008-06-30": "1.61", "2008-03-31": "1.73", "2007-12-31": "1.49", "2007-09-30": "1.24", "2007-06-30": "1.35", "2007-03-31": "1.39", "2006-12-31": "1.11", "2006-09-30": "1.14", "2006-06-30": "1.20", "2006-03-31": "1.20", "2005-12-31": "1.08", "2005-09-30": "1.11", "2005-06-30": "1.20", "2005-03-31": "1.31"}, "quick ratio": {"2020-09-30": "1.15", "2020-06-30": "2.07", "2020-03-31": "1.46", "2019-12-31": "1.05", "2019-09-30": "1.00", "2019-06-30": "1.01", "2019-03-31": "0.95", "2018-12-31": "0.97", "2018-09-30": "0.99", "2018-06-30": "1.06", "2018-03-31": "1.10", "2017-12-31": "1.07", "2017-09-30": "1.02", "2017-06-30": "1.04", "2017-03-31": "0.98", "2016-12-31": "0.91", "2016-09-30": "0.92", "2016-06-30": "0.86", "2016-03-31": "0.89", "2015-12-31": "0.87", "2015-09-30": "0.87", "2015-06-30": "1.06", "2015-03-31": "1.16", "2014-12-31": "1.09", "2014-09-30": "1.04", "2014-06-30": "1.11", "2014-03-31": "1.23", "2013-12-31": "1.05", "2013-09-30": "1.08", "2013-06-30": "1.15", "2013-03-31": "1.05", "2012-12-31": "1.07", "2012-09-30": "1.02", "2012-06-30": "1.06", "2012-03-31": "0.44", "2011-12-31": "0.44", "2011-09-30": "0.98", "2011-06-30": "1.04", "2011-03-31": "1.01", "2010-12-31": "0.86", "2010-09-30": "0.87", "2010-06-30": "0.98", "2010-03-31": "0.96", "2009-12-31": "0.86", "2009-09-30": "0.76", "2009-06-30": "0.79", "2009-03-31": "0.90", "2008-12-31": "0.84", "2008-09-30": "0.93", "2008-06-30": "0.97", "2008-03-31": "1.08", "2007-12-31": "0.96", "2007-09-30": "0.73", "2007-06-30": "0.76", "2007-03-31": "0.81", "2006-12-31": "0.66", "2006-09-30": "0.68", "2006-06-30": "0.73", "2006-03-31": "0.70", "2005-12-31": "0.65", "2005-09-30": "0.68", "2005-06-30": "0.70", "2005-03-31": "0.77"}, "debt equity ratio": {"current": "0.89", "2020-09-30": "1.47", "2020-06-30": "1.79", "2020-03-31": "1.79", "2019-12-31": "1.57", "2019-09-30": "1.66", "2019-06-30": "1.72", "2019-03-31": "1.72", "2018-12-31": "1.73", "2018-09-30": "1.91", "2018-06-30": "2.07", "2018-03-31": "1.38", "2017-12-31": "1.45", "2017-09-30": "1.44", "2017-06-30": "1.20", "2017-03-31": "1.22", "2016-12-31": "1.31", "2016-09-30": "1.17", "2016-06-30": "1.28", "2016-03-31": "1.27", "2015-12-31": "1.37", "2015-09-30": "1.39", "2015-06-30": "0.97", "2015-03-31": "1.08", "2014-12-31": "1.05", "2014-09-30": "0.99", "2014-06-30": "1.11", "2014-03-31": "1.24", "2013-12-31": "1.17", "2013-09-30": "1.18", "2013-06-30": "1.36", "2013-03-31": "1.52", "2012-12-31": "0.91", "2012-09-30": "0.97", "2012-06-30": "1.02", "2012-03-31": "1.13", "2011-12-31": "1.24", "2011-09-30": "1.17", "2011-06-30": "1.21", "2011-03-31": "1.02", "2010-12-31": "1.06", "2010-09-30": "1.17", "2010-06-30": "1.19", "2010-03-31": "1.26", "2009-12-31": "1.38", "2009-09-30": "1.58", "2009-06-30": "1.72", "2009-03-31": "1.93", "2008-12-31": "1.87", "2008-09-30": "1.98", "2008-06-30": "2.30", "2008-03-31": "2.08", "2007-12-31": "1.26", "2007-09-30": "1.62", "2007-06-30": "1.44", "2007-03-31": "1.55", "2006-12-31": "1.83", "2006-09-30": "2.41", "2006-06-30": "2.89", "2006-03-31": "3.62", "2005-12-31": "4.44", "2005-09-30": "4.61", "2005-06-30": "7.88", "2005-03-31": "14.09"}, "return on equity": {"2020-09-30": "13.57%", "2020-06-30": "14.98%", "2020-03-31": "19.05%", "2019-12-31": "19.22%", "2019-09-30": "19.19%", "2019-06-30": "19.46%", "2019-03-31": "19.86%", "2018-12-31": "20.51%", "2018-09-30": "20.21%", "2018-06-30": "21.30%", "2018-03-31": "21.15%", "2017-12-31": "22.05%", "2017-09-30": "22.89%", "2017-06-30": "22.82%", "2017-03-31": "23.07%", "2016-12-31": "22.27%", "2016-09-30": "20.23%", "2016-06-30": "18.88%", "2016-03-31": "18.01%", "2015-12-31": "17.27%", "2015-09-30": "18.11%", "2015-06-30": "19.94%", "2015-03-31": "20.26%", "2014-12-31": "20.66%", "2014-09-30": "21.41%", "2014-06-30": "20.31%", "2014-03-31": "20.12%", "2013-12-31": "20.40%", "2013-09-30": "20.06%", "2013-06-30": "19.74%", "2013-03-31": "20.03%", "2012-12-31": "20.49%", "2012-09-30": "21.23%", "2012-06-30": "21.21%", "2012-03-31": "20.11%", "2011-12-31": "20.37%", "2011-09-30": "18.23%", "2011-06-30": "18.57%", "2011-03-31": "19.05%", "2010-12-31": "18.96%", "2010-09-30": "19.20%", "2010-06-30": "18.88%", "2010-03-31": "18.75%", "2009-12-31": "19.87%", "2009-09-30": "21.54%", "2009-06-30": "23.64%", "2009-03-31": "27.56%", "2008-12-31": "29.93%", "2008-09-30": "30.61%", "2008-06-30": "32.46%", "2008-03-31": "33.49%", "2007-12-31": "36.93%", "2007-09-30": "39.84%", "2007-06-30": "44.03%", "2007-03-31": "48.78%", "2006-12-31": "53.85%", "2006-09-30": "58.46%", "2006-06-30": "66.98%", "2006-03-31": "80.95%", "2005-12-31": "101.59%"}, "return on assets": {"2020-09-30": "5.12%", "2020-06-30": "5.55%", "2020-03-31": "7.11%", "2019-12-31": "7.22%", "2019-09-30": "7.10%", "2019-06-30": "7.04%", "2019-03-31": "6.97%", "2018-12-31": "7.39%", "2018-09-30": "7.45%", "2018-06-30": "8.21%", "2018-03-31": "8.94%", "2017-12-31": "9.47%", "2017-09-30": "10.00%", "2017-06-30": "10.27%", "2017-03-31": "10.28%", "2016-12-31": "9.88%", "2016-09-30": "8.92%", "2016-06-30": "8.12%", "2016-03-31": "8.00%", "2015-12-31": "7.82%", "2015-09-30": "8.51%", "2015-06-30": "9.86%", "2015-03-31": "9.84%", "2014-12-31": "9.87%", "2014-09-30": "10.09%", "2014-06-30": "9.35%", "2014-03-31": "9.01%", "2013-12-31": "8.89%", "2013-09-30": "8.94%", "2013-06-30": "8.96%", "2013-03-31": "9.48%", "2012-12-31": "10.23%", "2012-09-30": "10.19%", "2012-06-30": "9.93%", "2012-03-31": "9.20%", "2011-12-31": "9.42%", "2011-09-30": "8.62%", "2011-06-30": "8.79%", "2011-03-31": "9.05%", "2010-12-31": "8.77%", "2010-09-30": "8.56%", "2010-06-30": "8.06%", "2010-03-31": "7.58%", "2009-12-31": "7.53%", "2009-09-30": "7.80%", "2009-06-30": "8.26%", "2009-03-31": "9.17%", "2008-12-31": "9.82%", "2008-09-30": "10.49%", "2008-06-30": "11.43%", "2008-03-31": "12.76%", "2007-12-31": "15.05%", "2007-09-30": "15.31%", "2007-06-30": "15.99%", "2007-03-31": "15.87%", "2006-12-31": "15.16%", "2006-09-30": "13.98%", "2006-06-30": "14.12%", "2006-03-31": "14.14%", "2005-12-31": "13.93%"}, "return on investments": {"2020-09-30": "9.55%", "2020-06-30": "10.42%", "2020-03-31": "13.38%", "2019-12-31": "13.68%", "2019-09-30": "13.59%", "2019-06-30": "13.50%", "2019-03-31": "12.90%", "2018-12-31": "13.59%", "2018-09-30": "12.34%", "2018-06-30": "13.85%", "2018-03-31": "15.95%", "2017-12-31": "17.01%", "2017-09-30": "19.48%", "2017-06-30": "20.24%", "2017-03-31": "20.34%", "2016-12-31": "20.29%", "2016-09-30": "19.24%", "2016-06-30": "17.93%", "2016-03-31": "17.54%", "2015-12-31": "17.14%", "2015-09-30": "18.45%", "2015-06-30": "19.92%", "2015-03-31": "20.00%", "2014-12-31": "19.78%", "2014-09-30": "19.87%", "2014-06-30": "19.07%", "2014-03-31": "18.44%", "2013-12-31": "18.07%", "2013-09-30": "18.69%", "2013-06-30": "18.77%", "2013-03-31": "19.66%", "2012-12-31": "23.83%", "2012-09-30": "25.22%", "2012-06-30": "24.65%", "2012-03-31": "23.77%", "2011-12-31": "21.77%", "2011-09-30": "19.43%", "2011-06-30": "19.66%", "2011-03-31": "19.99%", "2010-12-31": "19.56%", "2010-09-30": "18.62%", "2010-06-30": "18.20%", "2010-03-31": "17.74%", "2009-12-31": "18.06%", "2009-09-30": "19.62%", "2009-06-30": "21.43%", "2009-03-31": "24.04%", "2008-12-31": "25.65%", "2008-09-30": "27.92%", "2008-06-30": "30.68%", "2008-03-31": "33.90%", "2007-12-31": "41.43%", "2007-09-30": "43.09%", "2007-06-30": "45.38%", "2007-03-31": "46.99%", "2006-12-31": "46.06%", "2006-09-30": "42.53%", "2006-06-30": "41.63%", "2006-03-31": "41.10%", "2005-12-31": "40.57%"}, "return on tangible equity": {"2020-09-30": "-20.01%", "2020-06-30": "-21.00%", "2020-03-31": "-25.77%", "2019-12-31": "-25.37%", "2019-09-30": "-23.96%", "2019-06-30": "-22.79%", "2019-03-31": "-21.53%", "2018-12-31": "-24.29%", "2018-09-30": "-26.60%", "2018-06-30": "-33.45%", "2018-03-31": "-48.01%", "2017-12-31": "-52.76%", "2017-09-30": "-57.90%", "2017-06-30": "-63.16%", "2017-03-31": "-59.72%", "2016-12-31": "-55.80%", "2016-09-30": "-48.73%", "2016-06-30": "-42.57%", "2016-03-31": "-46.07%", "2015-12-31": "-47.84%", "2015-09-30": "-58.26%", "2015-06-30": "-80.79%", "2015-03-31": "-77.12%", "2014-12-31": "-74.73%", "2014-09-30": "-73.67%", "2014-06-30": "-61.81%", "2014-03-31": "-53.44%", "2013-12-31": "-47.86%", "2013-09-30": "-51.73%", "2013-06-30": "-54.98%", "2013-03-31": "-66.23%", "2012-12-31": "-86.27%", "2012-09-30": "-72.17%", "2012-06-30": "-62.98%", "2012-03-31": "-53.84%", "2011-12-31": "-55.98%", "2011-09-30": "-53.07%", "2011-06-30": "-53.24%", "2011-03-31": "-53.42%", "2010-12-31": "-45.68%", "2010-09-30": "-39.50%", "2010-06-30": "-33.63%", "2010-03-31": "-28.60%", "2009-12-31": "-26.75%", "2009-09-30": "-27.54%", "2009-06-30": "-29.98%", "2009-03-31": "-34.45%", "2008-12-31": "-39.56%", "2008-09-30": "-51.15%", "2008-06-30": "-66.48%", "2008-03-31": "-111.68%", "2007-12-31": "-268.35%", "2007-09-30": "-176.58%", "2007-06-30": "-145.74%", "2007-03-31": "-103.45%", "2006-12-31": "-73.68%", "2006-09-30": "-54.68%", "2006-06-30": "-48.98%", "2006-03-31": "-43.31%", "2005-12-31": "-38.67%"}, "dividend yield history": {"last payout": "$0.00", "last yield": "0.00%"}}