{"ticker": "MKC", "price": {"title": "McCormick Historical Annual Stock Price Data", "value": 89.88, "historical": {"2021": {"Average Stock Price": "92.0975", "Year Open": "93.9900", "Year High": "96.0900", "Year Low": "88.7200", "Year Close": "89.8800", "Annual % Change": "-5.98%"}, "2020": {"Average Stock Price": "88.1582", "Year Open": "83.7650", "Year High": "104.8900", "Year Low": "56.9150", "Year Close": "95.6000", "Annual % Change": "12.65%"}, "2019": {"Average Stock Price": "77.0225", "Year Open": "67.8100", "Year High": "86.3700", "Year Low": "60.5950", "Year Close": "84.8650", "Annual % Change": "21.90%"}, "2018": {"Average Stock Price": "59.6530", "Year Open": "50.6150", "Year High": "77.9150", "Year Low": "49.4450", "Year Close": "69.6200", "Annual % Change": "36.63%"}, "2017": {"Average Stock Price": "49.2638", "Year Open": "46.7950", "Year High": "52.9600", "Year Low": "44.8950", "Year Close": "50.9550", "Annual % Change": "9.19%"}, "2016": {"Average Stock Price": "47.8049", "Year Open": "42.1400", "Year High": "53.5350", "Year Low": "39.8900", "Year Close": "46.6650", "Annual % Change": "9.08%"}, "2015": {"Average Stock Price": "39.7358", "Year Open": "36.9750", "Year High": "43.7000", "Year Low": "35.6950", "Year Close": "42.7800", "Annual % Change": "15.15%"}, "2014": {"Average Stock Price": "34.8960", "Year Open": "34.1700", "Year High": "38.3900", "Year Low": "31.5150", "Year Close": "37.1500", "Annual % Change": "7.81%"}, "2013": {"Average Stock Price": "34.6464", "Year Open": "32.6150", "Year High": "37.3800", "Year Low": "30.6150", "Year Close": "34.4600", "Annual % Change": "8.48%"}, "2012": {"Average Stock Price": "28.9930", "Year Open": "25.1600", "Year High": "33.1850", "Year Low": "25.0050", "Year Close": "31.7650", "Annual % Change": "26.00%"}, "2011": {"Average Stock Price": "23.9577", "Year Open": "23.2500", "Year High": "25.5000", "Year Low": "21.9900", "Year Close": "25.2100", "Annual % Change": "8.36%"}, "2010": {"Average Stock Price": "20.1210", "Year Open": "18.1500", "Year High": "23.8550", "Year Low": "17.7800", "Year Close": "23.2650", "Annual % Change": "28.78%"}, "2009": {"Average Stock Price": "16.2518", "Year Open": "16.1150", "Year High": "18.3400", "Year Low": "14.2650", "Year Close": "18.0650", "Annual % Change": "13.40%"}, "2008": {"Average Stock Price": "18.0554", "Year Open": "18.5500", "Year High": "20.9850", "Year Low": "14.3950", "Year Close": "15.9300", "Annual % Change": "-15.96%"}, "2007": {"Average Stock Price": "18.6018", "Year Open": "19.2000", "Year High": "19.7600", "Year Low": "17.0800", "Year Close": "18.9550", "Annual % Change": "-1.69%"}, "2006": {"Average Stock Price": "17.5265", "Year Open": "15.6050", "Year High": "19.7900", "Year Low": "15.1050", "Year Close": "19.2800", "Annual % Change": "24.71%"}, "2005": {"Average Stock Price": "16.8736", "Year Open": "18.9850", "Year High": "19.5300", "Year Low": "14.6200", "Year Close": "15.4600", "Annual % Change": "-19.90%"}, "2004": {"Average Stock Price": "17.0200", "Year Open": "14.9300", "Year High": "19.4700", "Year Low": "14.4200", "Year Close": "19.3000", "Annual % Change": "28.24%"}, "2003": {"Average Stock Price": "13.0850", "Year Open": "11.8000", "Year High": "15.1050", "Year Low": "11.0800", "Year Close": "15.0500", "Annual % Change": "29.74%"}, "2002": {"Average Stock Price": "11.9118", "Year Open": "10.5375", "Year High": "13.4650", "Year Low": "10.5050", "Year Close": "11.6000", "Annual % Change": "10.56%"}, "2001": {"Average Stock Price": "10.3663", "Year Open": "9.2200", "Year High": "11.4975", "Year Low": "8.5625", "Year Close": "10.4925", "Annual % Change": "16.39%"}, "2000": {"Average Stock Price": "7.7698", "Year Open": "6.9850", "Year High": "9.3900", "Year Low": "6.0150", "Year Close": "9.0150", "Annual % Change": "21.21%"}, "1999": {"Average Stock Price": "7.7990", "Year Open": "8.5000", "Year High": "8.6250", "Year Low": "6.6875", "Year Close": "7.4375", "Annual % Change": "-12.01%"}, "1998": {"Average Stock Price": "7.9408", "Year Open": "7.0925", "Year High": "9.0150", "Year Low": "6.7800", "Year Close": "8.4525", "Annual % Change": "20.75%"}, "1997": {"Average Stock Price": "6.2722", "Year Open": "5.9050", "Year High": "7.0475", "Year Low": "5.7025", "Year Close": "7.0000", "Annual % Change": "18.85%"}, "1996": {"Average Stock Price": "5.6086", "Year Open": "6.0625", "Year High": "6.2500", "Year Low": "4.8125", "Year Close": "5.8900", "Annual % Change": "-2.32%"}, "1995": {"Average Stock Price": "5.6061", "Year Open": "4.5300", "Year High": "6.6250", "Year Low": "4.5300", "Year Close": "6.0300", "Annual % Change": "32.16%"}, "1994": {"Average Stock Price": "5.1708", "Year Open": "6.0625", "Year High": "6.0625", "Year Low": "4.5000", "Year Close": "4.5625", "Annual % Change": "-25.87%"}, "1993": {"Average Stock Price": "5.8960", "Year Open": "7.3125", "Year High": "7.3125", "Year Low": "5.1250", "Year Close": "6.1550", "Annual % Change": "-18.61%"}, "1992": {"Average Stock Price": "6.4265", "Year Open": "6.5625", "Year High": "7.5625", "Year Low": "5.1550", "Year Close": "7.5625", "Annual % Change": "14.69%"}, "1991": {"Average Stock Price": "4.8515", "Year Open": "3.2650", "Year High": "6.5938", "Year Low": "3.0938", "Year Close": "6.5938", "Annual % Change": "104.85%"}}}, "market cap": {"value": "$24.23B"}, "income statement": {"Revenue": {"2020-11-30": "5601.30000", "2019-11-30": "5347.40000", "2018-11-30": "5302.80000", "2017-11-30": "4730.30000", "2016-11-30": "4411.50000", "2015-11-30": "4296.30000", "2014-11-30": "4243.20000", "2013-11-30": "4123.40000", "2012-11-30": "4014.20000", "2011-11-30": "3697.60000", "2010-11-30": "3336.80000", "2009-11-30": "3192.10000", "2008-11-30": "3176.60000", "2007-11-30": "2916.20000", "2006-11-30": "2716.40000", "2005-11-30": "2592.00000"}, "Cost Of Goods Sold": {"2020-11-30": "3300.90000", "2019-11-30": "3202.10000", "2018-11-30": "3209.50000", "2017-11-30": "2936.30000", "2016-11-30": "2579.80000", "2015-11-30": "2559.00000", "2014-11-30": "2513.00000", "2013-11-30": "2457.60000", "2012-11-30": "2396.40000", "2011-11-30": "2175.10000", "2010-11-30": "1919.10000", "2009-11-30": "1864.90000", "2008-11-30": "1888.40000", "2007-11-30": "1724.40000", "2006-11-30": "1601.80000", "2005-11-30": "1555.40000"}, "Gross Profit": {"2020-11-30": "2300.40000", "2019-11-30": "2145.30000", "2018-11-30": "2093.30000", "2017-11-30": "1794.00000", "2016-11-30": "1831.70000", "2015-11-30": "1737.30000", "2014-11-30": "1730.20000", "2013-11-30": "1665.80000", "2012-11-30": "1617.80000", "2011-11-30": "1522.50000", "2010-11-30": "1417.70000", "2009-11-30": "1327.20000", "2008-11-30": "1288.20000", "2007-11-30": "1191.80000", "2006-11-30": "1114.60000", "2005-11-30": "1036.60000"}, "Research And Development Expenses": {"2020-11-30": "", "2019-11-30": "", "2018-11-30": "", "2017-11-30": "", "2016-11-30": "", "2015-11-30": "", "2014-11-30": "", "2013-11-30": "", "2012-11-30": "", "2011-11-30": "", "2010-11-30": "", "2009-11-30": "", "2008-11-30": "", "2007-11-30": "", "2006-11-30": "", "2005-11-30": ""}, "SG&A Expenses": {"2020-11-30": "1281.60000", "2019-11-30": "1166.80000", "2018-11-30": "1163.40000", "2017-11-30": "1031.20000", "2016-11-30": "1175.00000", "2015-11-30": "1127.40000", "2014-11-30": "1122.00000", "2013-11-30": "1075.00000", "2012-11-30": "1039.50000", "2011-11-30": "982.20000", "2010-11-30": "907.90000", "2009-11-30": "846.60000", "2008-11-30": "870.60000", "2007-11-30": "806.90000", "2006-11-30": "772.60000", "2005-11-30": "681.90000"}, "Other Operating Income Or Expenses": {"2020-11-30": "-19.30000", "2019-11-30": "-20.80000", "2018-11-30": "-38.80000", "2017-11-30": "-63.00000", "2016-11-30": "-15.70000", "2015-11-30": "-61.50000", "2014-11-30": "-5.20000", "2013-11-30": "-40.30000", "2012-11-30": "0.00000", "2011-11-30": "", "2010-11-30": "", "2009-11-30": "", "2008-11-30": "-29.00000", "2007-11-30": "", "2006-11-30": "", "2005-11-30": ""}, "Operating Expenses": {"2020-11-30": "4601.80000", "2019-11-30": "4389.70000", "2018-11-30": "4411.70000", "2017-11-30": "4030.50000", "2016-11-30": "3770.50000", "2015-11-30": "3747.90000", "2014-11-30": "3640.20000", "2013-11-30": "3572.90000", "2012-11-30": "3435.90000", "2011-11-30": "3157.30000", "2010-11-30": "2827.00000", "2009-11-30": "2725.20000", "2008-11-30": "2800.10000", "2007-11-30": "2562.00000", "2006-11-30": "2446.80000", "2005-11-30": "2248.50000"}, "Operating Income": {"2020-11-30": "999.50000", "2019-11-30": "957.69970", "2018-11-30": "891.10010", "2017-11-30": "699.79980", "2016-11-30": "641.00000", "2015-11-30": "548.39990", "2014-11-30": "603.00020", "2013-11-30": "550.49980", "2012-11-30": "578.30000", "2011-11-30": "540.30000", "2010-11-30": "509.80000", "2009-11-30": "466.90010", "2008-11-30": "376.50000", "2007-11-30": "354.20000", "2006-11-30": "269.60010", "2005-11-30": "343.50000"}, "Total Non-Operating Income/Expense": {"2020-11-30": "-118.00000", "2019-11-30": "-138.50000", "2018-11-30": "-149.80000", "2017-11-30": "-105.00000", "2016-11-30": "-51.80000", "2015-11-30": "-52.20000", "2014-11-30": "-48.60000", "2013-11-30": "-51.10000", "2012-11-30": "-52.20000", "2011-11-30": "-48.90000", "2010-11-30": "-47.10000", "2009-11-30": "-50.40000", "2008-11-30": "-38.70000", "2007-11-30": "-51.80000", "2006-11-30": "-46.60000", "2005-11-30": "-47.80000"}, "Pre-Tax Income": {"2020-11-30": "881.50000", "2019-11-30": "819.20000", "2018-11-30": "741.30000", "2017-11-30": "594.80000", "2016-11-30": "589.20000", "2015-11-30": "496.20000", "2014-11-30": "554.40000", "2013-11-30": "499.40000", "2012-11-30": "526.10000", "2011-11-30": "491.40000", "2010-11-30": "462.70000", "2009-11-30": "416.50000", "2008-11-30": "337.80000", "2007-11-30": "302.40000", "2006-11-30": "223.00000", "2005-11-30": "295.70000"}, "Income Taxes": {"2020-11-30": "174.90000", "2019-11-30": "157.40000", "2018-11-30": "-157.30000", "2017-11-30": "151.30000", "2016-11-30": "153.00000", "2015-11-30": "131.30000", "2014-11-30": "145.90000", "2013-11-30": "133.60000", "2012-11-30": "139.80000", "2011-11-30": "142.60000", "2010-11-30": "118.00000", "2009-11-30": "133.00000", "2008-11-30": "100.60000", "2007-11-30": "92.20000", "2006-11-30": "64.70000", "2005-11-30": "96.70000"}, "Income After Taxes": {"2020-11-30": "706.60000", "2019-11-30": "661.80000", "2018-11-30": "898.60000", "2017-11-30": "443.50000", "2016-11-30": "436.20000", "2015-11-30": "364.90000", "2014-11-30": "408.50000", "2013-11-30": "365.80000", "2012-11-30": "386.30000", "2011-11-30": "348.80000", "2010-11-30": "344.70000", "2009-11-30": "283.50000", "2008-11-30": "237.20000", "2007-11-30": "210.20000", "2006-11-30": "158.30000", "2005-11-30": "199.00000"}, "Other Income": {"2020-11-30": "", "2019-11-30": "", "2018-11-30": "", "2017-11-30": "", "2016-11-30": "", "2015-11-30": "", "2014-11-30": "", "2013-11-30": "", "2012-11-30": "", "2011-11-30": "", "2010-11-30": "", "2009-11-30": "", "2008-11-30": "", "2007-11-30": "", "2006-11-30": "", "2005-11-30": ""}, "Income From Continuous Operations": {"2020-11-30": "706.60000", "2019-11-30": "661.80000", "2018-11-30": "898.60000", "2017-11-30": "443.50000", "2016-11-30": "436.20000", "2015-11-30": "364.90000", "2014-11-30": "408.50000", "2013-11-30": "365.80000", "2012-11-30": "386.30000", "2011-11-30": "348.80000", "2010-11-30": "344.70000", "2009-11-30": "283.50000", "2008-11-30": "237.20000", "2007-11-30": "210.20000", "2006-11-30": "158.30000", "2005-11-30": "199.00000"}, "Income From Discontinued Operations": {"2020-11-30": "", "2019-11-30": "", "2018-11-30": "", "2017-11-30": "", "2016-11-30": "", "2015-11-30": "", "2014-11-30": "", "2013-11-30": "", "2012-11-30": "", "2011-11-30": "", "2010-11-30": "", "2009-11-30": "", "2008-11-30": "", "2007-11-30": "", "2006-11-30": "", "2005-11-30": ""}, "Net Income": {"2020-11-30": "747.40000", "2019-11-30": "702.70000", "2018-11-30": "933.40000", "2017-11-30": "477.40000", "2016-11-30": "472.30000", "2015-11-30": "401.60000", "2014-11-30": "437.90000", "2013-11-30": "389.00000", "2012-11-30": "407.80000", "2011-11-30": "374.20000", "2010-11-30": "370.20000", "2009-11-30": "299.80000", "2008-11-30": "255.80000", "2007-11-30": "230.10000", "2006-11-30": "202.20000", "2005-11-30": "214.90000"}, "EBITDA": {"2020-11-30": "1164.50000", "2019-11-30": "1116.50000", "2018-11-30": "1041.80000", "2017-11-30": "845.89980", "2016-11-30": "749.70000", "2015-11-30": "654.29990", "2014-11-30": "705.70030", "2013-11-30": "656.49980", "2012-11-30": "681.10000", "2011-11-30": "638.60000", "2010-11-30": "604.90000", "2009-11-30": "561.20010", "2008-11-30": "462.10000", "2007-11-30": "436.80000", "2006-11-30": "353.90010", "2005-11-30": "418.10000"}, "EBIT": {"2020-11-30": "999.50000", "2019-11-30": "957.69970", "2018-11-30": "891.10010", "2017-11-30": "699.79980", "2016-11-30": "641.00000", "2015-11-30": "548.39990", "2014-11-30": "603.00020", "2013-11-30": "550.49980", "2012-11-30": "578.30000", "2011-11-30": "540.30000", "2010-11-30": "509.80000", "2009-11-30": "466.90010", "2008-11-30": "376.50000", "2007-11-30": "354.20000", "2006-11-30": "269.60010", "2005-11-30": "343.50000"}, "Basic Shares Outstanding": {"2020-11-30": "266.50000", "2019-11-30": "265.10000", "2018-11-30": "263.10000", "2017-11-30": "253.60000", "2016-11-30": "253.20000", "2015-11-30": "256.00000", "2014-11-30": "259.80000", "2013-11-30": "264.20000", "2012-11-30": "265.40000", "2011-11-30": "265.40000", "2010-11-30": "265.80000", "2009-11-30": "261.60000", "2008-11-30": "258.00000", "2007-11-30": "258.60000", "2006-11-30": "263.60000", "2005-11-30": "269.00000"}, "Shares Outstanding": {"2020-11-30": "269.10000", "2019-11-30": "268.10000", "2018-11-30": "266.50000", "2017-11-30": "256.80000", "2016-11-30": "256.00000", "2015-11-30": "258.40000", "2014-11-30": "262.00000", "2013-11-30": "267.20000", "2012-11-30": "268.60000", "2011-11-30": "268.60000", "2010-11-30": "269.40000", "2009-11-30": "264.60000", "2008-11-30": "263.60000", "2007-11-30": "265.40000", "2006-11-30": "270.00000", "2005-11-30": "276.20000"}, "Basic EPS": {"2020-11-30": "2.80000", "2019-11-30": "2.65000", "2018-11-30": "3.55000", "2017-11-30": "1.88500", "2016-11-30": "1.86500", "2015-11-30": "1.57000", "2014-11-30": "1.68500", "2013-11-30": "1.47000", "2012-11-30": "1.53500", "2011-11-30": "1.41000", "2010-11-30": "1.39500", "2009-11-30": "1.14500", "2008-11-30": "0.99000", "2007-11-30": "0.89000", "2006-11-30": "0.76500", "2005-11-30": "0.80000"}, "EPS - Earnings Per Share": {"2020-11-30": "2.78000", "2019-11-30": "2.62000", "2018-11-30": "3.50000", "2017-11-30": "1.86000", "2016-11-30": "1.84500", "2015-11-30": "1.55500", "2014-11-30": "1.67000", "2013-11-30": "1.45500", "2012-11-30": "1.52000", "2011-11-30": "1.39500", "2010-11-30": "1.37500", "2009-11-30": "1.13500", "2008-11-30": "0.97000", "2007-11-30": "0.86500", "2006-11-30": "0.75000", "2005-11-30": "0.78000"}}, "income statement, quarterly": {"Revenue": {"2020-11-30": "1557.90000", "2020-08-31": "1430.30000", "2020-05-31": "1401.10000", "2020-02-29": "1212.00000", "2019-11-30": "1484.80000", "2019-08-31": "1329.20000", "2019-05-31": "1301.90000", "2019-02-28": "1231.50000", "2018-11-30": "1467.90000", "2018-08-31": "1318.20000", "2018-05-31": "1301.30000", "2018-02-28": "1215.40000", "2017-11-30": "1387.10000", "2017-08-31": "1185.20000", "2017-05-31": "1114.30000", "2017-02-28": "1043.70000", "2016-11-30": "1227.00000", "2016-08-31": "1091.00000", "2016-05-31": "1063.30000", "2016-02-29": "1030.20000", "2015-11-30": "1201.90000", "2015-08-31": "1059.90000", "2015-05-31": "1024.10000", "2015-02-28": "1010.40000", "2014-11-30": "1173.60000", "2014-08-31": "1042.80000", "2014-05-31": "1033.40000", "2014-02-28": "993.40000", "2013-11-30": "1170.00000", "2013-08-31": "1016.40000", "2013-05-31": "1002.60000", "2013-02-28": "934.40000", "2012-11-30": "1145.80000", "2012-08-31": "977.70000", "2012-05-31": "984.00000", "2012-02-29": "906.70000", "2011-11-30": "1110.70000", "2011-08-31": "920.40000", "2011-05-31": "883.70000", "2011-02-28": "782.80000", "2010-11-30": "979.40010", "2010-08-31": "794.60000", "2010-05-31": "798.30000", "2010-02-28": "764.50000", "2009-11-30": "924.60010", "2009-08-31": "791.70000", "2009-05-31": "757.30000", "2009-02-28": "718.50000", "2008-11-30": "906.90000", "2008-08-31": "781.60000", "2008-05-31": "764.10000", "2008-02-29": "724.00000", "2007-11-30": "860.16110", "2007-08-31": "716.20000", "2007-05-31": "687.20000", "2007-02-28": "652.63900", "2006-11-30": "803.69790", "2006-08-31": "663.09500", "2006-05-31": "639.90600", "2006-02-28": "609.70100", "2005-11-30": "737.07500", "2005-08-31": "622.73100", "2005-05-31": "628.57100", "2005-02-28": "603.62300"}, "Cost Of Goods Sold": {"2020-11-30": "897.20000", "2020-08-31": "840.00000", "2020-05-31": "821.60000", "2020-02-29": "742.10000", "2019-11-30": "854.80000", "2019-08-31": "789.30000", "2019-05-31": "793.40000", "2019-02-28": "764.60000", "2018-11-30": "862.90000", "2018-08-31": "795.70000", "2018-05-31": "795.90000", "2018-02-28": "755.00000", "2017-11-30": "935.10000", "2017-08-31": "700.80000", "2017-05-31": "669.70000", "2017-02-28": "630.70000", "2016-11-30": "687.00010", "2016-08-31": "637.10000", "2016-05-31": "630.50000", "2016-02-29": "625.20000", "2015-11-30": "680.20000", "2015-08-31": "638.00000", "2015-05-31": "620.10000", "2015-02-28": "620.70000", "2014-11-30": "667.50000", "2014-08-31": "622.70000", "2014-05-31": "620.90000", "2014-02-28": "601.90000", "2013-11-30": "667.90010", "2013-08-31": "608.80000", "2013-05-31": "608.20000", "2013-02-28": "572.70000", "2012-11-30": "663.39990", "2012-08-31": "586.00000", "2012-05-31": "595.60000", "2012-02-29": "551.40000", "2011-11-30": "631.60010", "2011-08-31": "555.90000", "2011-05-31": "533.00000", "2011-02-28": "454.60000", "2010-11-30": "533.40010", "2010-08-31": "459.80000", "2010-05-31": "471.60000", "2010-02-28": "454.30000", "2009-11-30": "502.80000", "2009-08-31": "472.70000", "2009-05-31": "455.10000", "2009-02-28": "434.30000", "2008-11-30": "510.79990", "2008-08-31": "473.20000", "2008-05-31": "466.20000", "2008-02-29": "438.20000", "2007-11-30": "488.81300", "2007-08-31": "431.90000", "2007-05-31": "415.40000", "2007-02-28": "388.28700", "2006-11-30": "448.02400", "2006-08-31": "393.81800", "2006-05-31": "389.34200", "2006-02-28": "370.61600", "2005-11-30": "413.32600", "2005-08-31": "379.39400", "2005-05-31": "387.22500", "2005-02-28": "375.45500"}, "Gross Profit": {"2020-11-30": "660.70000", "2020-08-31": "590.30000", "2020-05-31": "579.50000", "2020-02-29": "469.90000", "2019-11-30": "629.99980", "2019-08-31": "539.90000", "2019-05-31": "508.50000", "2019-02-28": "466.90000", "2018-11-30": "604.99980", "2018-08-31": "522.49990", "2018-05-31": "505.40000", "2018-02-28": "460.40000", "2017-11-30": "451.99980", "2017-08-31": "484.40000", "2017-05-31": "444.60000", "2017-02-28": "412.99990", "2016-11-30": "539.99990", "2016-08-31": "453.90000", "2016-05-31": "432.80000", "2016-02-29": "404.99990", "2015-11-30": "521.69980", "2015-08-31": "421.90000", "2015-05-31": "404.00000", "2015-02-28": "389.70000", "2014-11-30": "506.10000", "2014-08-31": "420.10000", "2014-05-31": "412.50000", "2014-02-28": "391.50000", "2013-11-30": "502.09980", "2013-08-31": "407.60000", "2013-05-31": "394.40000", "2013-02-28": "361.70000", "2012-11-30": "482.40010", "2012-08-31": "391.70000", "2012-05-31": "388.40000", "2012-02-29": "355.30000", "2011-11-30": "479.10010", "2011-08-31": "364.50000", "2011-05-31": "350.70000", "2011-02-28": "328.20000", "2010-11-30": "446.00010", "2010-08-31": "334.80000", "2010-05-31": "326.70000", "2010-02-28": "310.20000", "2009-11-30": "421.80010", "2009-08-31": "319.00000", "2009-05-31": "302.20000", "2009-02-28": "284.20000", "2008-11-30": "396.10010", "2008-08-31": "308.40000", "2008-05-31": "297.90000", "2008-02-29": "285.80000", "2007-11-30": "371.34810", "2007-08-31": "284.30000", "2007-05-31": "271.80000", "2007-02-28": "264.35200", "2006-11-30": "355.67390", "2006-08-31": "269.27700", "2006-05-31": "250.56400", "2006-02-28": "239.08500", "2005-11-30": "323.74900", "2005-08-31": "243.33700", "2005-05-31": "241.34600", "2005-02-28": "228.16800"}, "Research And Development Expenses": {"2020-11-30": "", "2020-08-31": "", "2020-05-31": "", "2020-02-29": "", "2019-11-30": "", "2019-08-31": "", "2019-05-31": "", "2019-02-28": "", "2018-11-30": "", "2018-08-31": "", "2018-05-31": "", "2018-02-28": "", "2017-11-30": "", "2017-08-31": "", "2017-05-31": "", "2017-02-28": "", "2016-11-30": "", "2016-08-31": "", "2016-05-31": "", "2016-02-29": "", "2015-11-30": "", "2015-08-31": "", "2015-05-31": "", "2015-02-28": "", "2014-11-30": "", "2014-08-31": "", "2014-05-31": "", "2014-02-28": "", "2013-11-30": "", "2013-08-31": "", "2013-05-31": "", "2013-02-28": "", "2012-11-30": "", "2012-08-31": "", "2012-05-31": "", "2012-02-29": "", "2011-11-30": "", "2011-08-31": "", "2011-05-31": "", "2011-02-28": "", "2010-11-30": "", "2010-08-31": "", "2010-05-31": "", "2010-02-28": "", "2009-11-30": "", "2009-08-31": "", "2009-05-31": "", "2009-02-28": "", "2008-11-30": "", "2008-08-31": "", "2008-05-31": "", "2008-02-29": "", "2007-11-30": "", "2007-08-31": "", "2007-05-31": "", "2007-02-28": "", "2006-11-30": "", "2006-08-31": "", "2006-05-31": "", "2006-02-28": "", "2005-11-30": "", "2005-08-31": "", "2005-05-31": "", "2005-02-28": ""}, "SG&A Expenses": {"2020-11-30": "370.49990", "2020-08-31": "317.20000", "2020-05-31": "319.20000", "2020-02-29": "274.70000", "2019-11-30": "326.90010", "2019-08-31": "278.70000", "2019-05-31": "293.30000", "2019-02-28": "267.90000", "2018-11-30": "310.70000", "2018-08-31": "283.70000", "2018-05-31": "300.60000", "2018-02-28": "268.40000", "2017-11-30": "162.20000", "2017-08-31": "286.50000", "2017-05-31": "307.30000", "2017-02-28": "275.20000", "2016-11-30": "315.00010", "2016-08-31": "281.80000", "2016-05-31": "303.90000", "2016-02-29": "274.30000", "2015-11-30": "307.10000", "2015-08-31": "271.50000", "2015-05-31": "281.20000", "2015-02-28": "267.60000", "2014-11-30": "303.80000", "2014-08-31": "260.50000", "2014-05-31": "290.80000", "2014-02-28": "266.90000", "2013-11-30": "287.70000", "2013-08-31": "259.20000", "2013-05-31": "278.40000", "2013-02-28": "249.70000", "2012-11-30": "282.10000", "2012-08-31": "247.50000", "2012-05-31": "267.10000", "2012-02-29": "242.80000", "2011-11-30": "287.10000", "2011-08-31": "236.10000", "2011-05-31": "241.40000", "2011-02-28": "217.60000", "2010-11-30": "260.50000", "2010-08-31": "208.80000", "2010-05-31": "229.20000", "2010-02-28": "209.40000", "2009-11-30": "238.30000", "2009-08-31": "201.50000", "2009-05-31": "212.90000", "2009-02-28": "193.90000", "2008-11-30": "230.89990", "2008-08-31": "212.90000", "2008-05-31": "222.00000", "2008-02-29": "204.80000", "2007-11-30": "225.16310", "2007-08-31": "192.60000", "2007-05-31": "198.50000", "2007-02-28": "190.63700", "2006-11-30": "216.04900", "2006-08-31": "187.57600", "2006-05-31": "187.34700", "2006-02-28": "181.62800", "2005-11-30": "177.68900", "2005-08-31": "164.43700", "2005-05-31": "170.86400", "2005-02-28": "168.91000"}, "Other Operating Income Or Expenses": {"2020-11-30": "-15.30000", "2020-08-31": "-0.10000", "2020-05-31": "-2.90000", "2020-02-29": "-1.00000", "2019-11-30": "-3.90000", "2019-08-31": "-7.70000", "2019-05-31": "-7.10000", "2019-02-28": "-2.10000", "2018-11-30": "-2.80000", "2018-08-31": "-8.90000", "2018-05-31": "-16.20000", "2018-02-28": "-10.90000", "2017-11-30": "-25.50000", "2017-08-31": "-29.20000", "2017-05-31": "-4.70000", "2017-02-28": "-3.60000", "2016-11-30": "-5.90000", "2016-08-31": "-4.30000", "2016-05-31": "-3.90000", "2016-02-29": "-1.60000", "2015-11-30": "-2.40000", "2015-08-31": "-11.70000", "2015-05-31": "-19.00000", "2015-02-28": "-28.40000", "2014-11-30": "-2.90000", "2014-08-31": "-2.30000", "2014-05-31": "", "2014-02-28": "0.00000", "2013-11-30": "", "2013-08-31": "", "2013-05-31": "", "2013-02-28": "", "2012-11-30": "", "2012-08-31": "", "2012-05-31": "", "2012-02-29": "", "2011-11-30": "", "2011-08-31": "", "2011-05-31": "", "2011-02-28": "", "2010-11-30": "", "2010-08-31": "", "2010-05-31": "", "2010-02-28": "", "2009-11-30": "", "2009-08-31": "", "2009-05-31": "", "2009-02-28": "", "2008-11-30": "", "2008-08-31": "", "2008-05-31": "", "2008-02-29": "", "2007-11-30": "", "2007-08-31": "", "2007-05-31": "", "2007-02-28": "", "2006-11-30": "", "2006-08-31": "", "2006-05-31": "", "2006-02-28": "", "2005-11-30": "", "2005-08-31": "", "2005-05-31": "", "2005-02-28": "-1.30000"}, "Operating Expenses": {"2020-11-30": "1283.00000", "2020-08-31": "1157.30000", "2020-05-31": "1143.70000", "2020-02-29": "1017.80000", "2019-11-30": "1185.60000", "2019-08-31": "1075.70000", "2019-05-31": "1093.80000", "2019-02-28": "1034.60000", "2018-11-30": "1176.40000", "2018-08-31": "1088.30000", "2018-05-31": "1112.70000", "2018-02-28": "1034.30000", "2017-11-30": "1122.80000", "2017-08-31": "1016.50000", "2017-05-31": "981.70000", "2017-02-28": "909.50000", "2016-11-30": "1007.90000", "2016-08-31": "923.20000", "2016-05-31": "938.30000", "2016-02-29": "901.10000", "2015-11-30": "989.69980", "2015-08-31": "921.20000", "2015-05-31": "920.30000", "2015-02-28": "916.70010", "2014-11-30": "974.20000", "2014-08-31": "885.50000", "2014-05-31": "911.70000", "2014-02-28": "868.80000", "2013-11-30": "995.90010", "2013-08-31": "868.00000", "2013-05-31": "886.60000", "2013-02-28": "822.40000", "2012-11-30": "945.49990", "2012-08-31": "833.50000", "2012-05-31": "862.70000", "2012-02-29": "794.20000", "2011-11-30": "918.70000", "2011-08-31": "792.00000", "2011-05-31": "774.40000", "2011-02-28": "672.20000", "2010-11-30": "793.89990", "2010-08-31": "668.60000", "2010-05-31": "700.80000", "2010-02-28": "663.70000", "2009-11-30": "746.59990", "2009-08-31": "675.10000", "2009-05-31": "674.80000", "2009-02-28": "628.70000", "2008-11-30": "781.20010", "2008-08-31": "688.70000", "2008-05-31": "683.60000", "2008-02-29": "646.60000", "2007-11-30": "728.11190", "2007-08-31": "627.30000", "2007-05-31": "620.30000", "2007-02-28": "586.28800", "2006-11-30": "677.25480", "2006-08-31": "598.92900", "2006-05-31": "585.20800", "2006-02-28": "585.40800", "2005-11-30": "601.58500", "2005-08-31": "543.83100", "2005-05-31": "557.41900", "2005-02-28": "545.66500"}, "Operating Income": {"2020-11-30": "274.90010", "2020-08-31": "273.00010", "2020-05-31": "257.39990", "2020-02-29": "194.20000", "2019-11-30": "299.19960", "2019-08-31": "253.50000", "2019-05-31": "208.10010", "2019-02-28": "196.90000", "2018-11-30": "291.50010", "2018-08-31": "229.89990", "2018-05-31": "188.60010", "2018-02-28": "181.10000", "2017-11-30": "264.29980", "2017-08-31": "168.70000", "2017-05-31": "132.60000", "2017-02-28": "134.20000", "2016-11-30": "219.10000", "2016-08-31": "167.80000", "2016-05-31": "125.00000", "2016-02-29": "129.10000", "2015-11-30": "212.20000", "2015-08-31": "138.70000", "2015-05-31": "103.80000", "2015-02-28": "93.70000", "2014-11-30": "199.40000", "2014-08-31": "157.30000", "2014-05-31": "121.70000", "2014-02-28": "124.60000", "2013-11-30": "174.09970", "2013-08-31": "148.40000", "2013-05-31": "116.00000", "2013-02-28": "112.00000", "2012-11-30": "200.30010", "2012-08-31": "144.20000", "2012-05-31": "121.30000", "2012-02-29": "112.50000", "2011-11-30": "192.00020", "2011-08-31": "128.40000", "2011-05-31": "109.30000", "2011-02-28": "110.60000", "2010-11-30": "185.50020", "2010-08-31": "126.00000", "2010-05-31": "97.50000", "2010-02-28": "100.80000", "2009-11-30": "178.00020", "2009-08-31": "116.60000", "2009-05-31": "82.50000", "2009-02-28": "89.80010", "2008-11-30": "125.70000", "2008-08-31": "92.90000", "2008-05-31": "80.49990", "2008-02-29": "77.40000", "2007-11-30": "132.04910", "2007-08-31": "88.90000", "2007-05-31": "66.90000", "2007-02-28": "66.35100", "2006-11-30": "126.44310", "2006-08-31": "64.16600", "2006-05-31": "54.69800", "2006-02-28": "24.29300", "2005-11-30": "135.49000", "2005-08-31": "78.90000", "2005-05-31": "71.15200", "2005-02-28": "57.95800"}, "Total Non-Operating Income/Expense": {"2020-11-30": "-27.30000", "2020-08-31": "-29.60000", "2020-05-31": "-31.30000", "2020-02-29": "-29.80000", "2019-11-30": "-31.10000", "2019-08-31": "-34.40000", "2019-05-31": "-36.10000", "2019-02-28": "-36.90000", "2018-11-30": "-32.60000", "2018-08-31": "-39.90000", "2018-05-31": "-39.60000", "2018-02-28": "-37.70000", "2017-11-30": "-41.20000", "2017-08-31": "-35.70000", "2017-05-31": "-13.70000", "2017-02-28": "-14.40000", "2016-11-30": "-12.10000", "2016-08-31": "-13.90000", "2016-05-31": "-13.00000", "2016-02-29": "-12.80000", "2015-11-30": "-13.30000", "2015-08-31": "-13.40000", "2015-05-31": "-12.40000", "2015-02-28": "-13.10000", "2014-11-30": "-12.10000", "2014-08-31": "-12.10000", "2014-05-31": "-12.20000", "2014-02-28": "-12.20000", "2013-11-30": "-11.40000", "2013-08-31": "-13.70000", "2013-05-31": "-12.70000", "2013-02-28": "-13.30000", "2012-11-30": "-13.30000", "2012-08-31": "-12.30000", "2012-05-31": "-14.00000", "2012-02-29": "-12.60000", "2011-11-30": "-13.80000", "2011-08-31": "-12.00000", "2011-05-31": "-11.40000", "2011-02-28": "-11.70000", "2010-11-30": "-11.20000", "2010-08-31": "-11.90000", "2010-05-31": "-12.30000", "2010-02-28": "-11.70000", "2009-11-30": "-12.20000", "2009-08-31": "-12.50000", "2009-05-31": "-11.80000", "2009-02-28": "-13.90000", "2008-11-30": "-14.70000", "2008-08-31": "-2.80000", "2008-05-31": "-9.70000", "2008-02-29": "-11.50000", "2007-11-30": "-13.39000", "2007-08-31": "-13.40000", "2007-05-31": "-13.00000", "2007-02-28": "-12.01000", "2006-11-30": "-12.36500", "2006-08-31": "-11.97000", "2006-05-31": "-10.54900", "2006-02-28": "-11.71600", "2005-11-30": "-12.68200", "2005-08-31": "-12.04900", "2005-05-31": "-12.03900", "2005-02-28": "-11.03000"}, "Pre-Tax Income": {"2020-11-30": "247.60000", "2020-08-31": "243.40000", "2020-05-31": "226.10000", "2020-02-29": "164.40000", "2019-11-30": "268.10000", "2019-08-31": "219.10000", "2019-05-31": "172.00000", "2019-02-28": "160.00000", "2018-11-30": "258.90000", "2018-08-31": "190.00000", "2018-05-31": "149.00000", "2018-02-28": "143.40000", "2017-11-30": "223.10000", "2017-08-31": "133.00000", "2017-05-31": "118.90000", "2017-02-28": "119.80000", "2016-11-30": "207.00000", "2016-08-31": "153.90000", "2016-05-31": "112.00000", "2016-02-29": "116.30000", "2015-11-30": "198.90000", "2015-08-31": "125.30000", "2015-05-31": "91.40000", "2015-02-28": "80.60000", "2014-11-30": "187.30000", "2014-08-31": "145.20000", "2014-05-31": "109.50000", "2014-02-28": "112.40000", "2013-11-30": "162.70000", "2013-08-31": "134.70000", "2013-05-31": "103.30000", "2013-02-28": "98.70000", "2012-11-30": "187.00000", "2012-08-31": "131.90000", "2012-05-31": "107.30000", "2012-02-29": "99.90000", "2011-11-30": "178.20000", "2011-08-31": "116.40000", "2011-05-31": "97.90000", "2011-02-28": "98.90000", "2010-11-30": "174.30000", "2010-08-31": "114.10000", "2010-05-31": "85.20000", "2010-02-28": "89.10000", "2009-11-30": "165.80000", "2009-08-31": "104.10000", "2009-05-31": "70.70000", "2009-02-28": "75.90000", "2008-11-30": "111.00000", "2008-08-31": "90.10000", "2008-05-31": "70.80000", "2008-02-29": "65.90000", "2007-11-30": "118.65900", "2007-08-31": "75.50000", "2007-05-31": "53.90000", "2007-02-28": "54.34100", "2006-11-30": "114.07800", "2006-08-31": "52.19600", "2006-05-31": "44.14900", "2006-02-28": "12.57700", "2005-11-30": "122.80800", "2005-08-31": "66.85100", "2005-05-31": "59.11300", "2005-02-28": "46.92800"}, "Income Taxes": {"2020-11-30": "57.50000", "2020-08-31": "46.90000", "2020-05-31": "40.40000", "2020-02-29": "30.10000", "2019-11-30": "66.40000", "2019-08-31": "36.80000", "2019-05-31": "32.10000", "2019-02-28": "22.10000", "2018-11-30": "55.80000", "2018-08-31": "24.90000", "2018-05-31": "33.10000", "2018-02-28": "-271.10000", "2017-11-30": "57.70000", "2017-08-31": "33.00000", "2017-05-31": "27.30000", "2017-02-28": "33.30000", "2016-11-30": "61.50000", "2016-08-31": "34.30000", "2016-05-31": "25.90000", "2016-02-29": "31.30000", "2015-11-30": "59.40000", "2015-08-31": "37.40000", "2015-05-31": "14.50000", "2015-02-28": "20.00000", "2014-11-30": "48.60000", "2014-08-31": "31.10000", "2014-05-31": "31.20000", "2014-02-28": "35.00000", "2013-11-30": "39.60000", "2013-08-31": "35.30000", "2013-05-31": "30.60000", "2013-02-28": "28.10000", "2012-11-30": "46.00000", "2012-08-31": "33.00000", "2012-05-31": "30.80000", "2012-02-29": "30.00000", "2011-11-30": "51.00000", "2011-08-31": "31.20000", "2011-05-31": "30.40000", "2011-02-28": "30.00000", "2010-11-30": "46.50000", "2010-08-31": "18.30000", "2010-05-31": "25.70000", "2010-02-28": "27.50000", "2009-11-30": "55.70000", "2009-08-31": "32.10000", "2009-05-31": "23.80000", "2009-02-28": "21.40000", "2008-11-30": "32.20000", "2008-08-31": "26.80000", "2008-05-31": "21.80000", "2008-02-29": "19.80000", "2007-11-30": "36.21100", "2007-08-31": "23.20000", "2007-05-31": "16.80000", "2007-02-28": "15.98900", "2006-11-30": "33.96000", "2006-08-31": "13.64700", "2006-05-31": "13.06800", "2006-02-28": "4.02500", "2005-11-30": "40.16400", "2005-08-31": "22.60300", "2005-05-31": "18.91600", "2005-02-28": "15.01700"}, "Income After Taxes": {"2020-11-30": "190.10000", "2020-08-31": "196.50000", "2020-05-31": "185.70000", "2020-02-29": "134.30000", "2019-11-30": "201.70010", "2019-08-31": "182.30000", "2019-05-31": "139.90000", "2019-02-28": "137.90000", "2018-11-30": "203.10000", "2018-08-31": "165.10000", "2018-05-31": "115.90000", "2018-02-28": "414.50000", "2017-11-30": "165.40000", "2017-08-31": "100.00000", "2017-05-31": "91.60000", "2017-02-28": "86.50000", "2016-11-30": "145.50000", "2016-08-31": "119.60000", "2016-05-31": "86.10000", "2016-02-29": "85.00000", "2015-11-30": "139.50000", "2015-08-31": "87.90000", "2015-05-31": "76.90000", "2015-02-28": "60.60000", "2014-11-30": "138.70000", "2014-08-31": "114.10000", "2014-05-31": "78.30000", "2014-02-28": "77.40000", "2013-11-30": "123.10000", "2013-08-31": "99.40000", "2013-05-31": "72.70000", "2013-02-28": "70.60000", "2012-11-30": "141.00000", "2012-08-31": "98.90000", "2012-05-31": "76.50000", "2012-02-29": "69.90000", "2011-11-30": "127.20000", "2011-08-31": "85.20000", "2011-05-31": "67.50000", "2011-02-28": "68.90000", "2010-11-30": "127.80000", "2010-08-31": "95.80000", "2010-05-31": "59.50000", "2010-02-28": "61.60000", "2009-11-30": "110.10000", "2009-08-31": "72.00000", "2009-05-31": "46.90000", "2009-02-28": "54.50000", "2008-11-30": "78.80000", "2008-08-31": "63.30000", "2008-05-31": "49.00000", "2008-02-29": "46.10000", "2007-11-30": "82.44800", "2007-08-31": "52.30000", "2007-05-31": "37.10000", "2007-02-28": "38.35200", "2006-11-30": "80.11800", "2006-08-31": "38.54900", "2006-05-31": "31.08100", "2006-02-28": "8.55200", "2005-11-30": "82.64400", "2005-08-31": "44.24800", "2005-05-31": "40.19700", "2005-02-28": "31.91100"}, "Other Income": {"2020-11-30": "", "2020-08-31": "", "2020-05-31": "", "2020-02-29": "", "2019-11-30": "", "2019-08-31": "", "2019-05-31": "", "2019-02-28": "", "2018-11-30": "", "2018-08-31": "", "2018-05-31": "", "2018-02-28": "", "2017-11-30": "", "2017-08-31": "", "2017-05-31": "", "2017-02-28": "", "2016-11-30": "", "2016-08-31": "", "2016-05-31": "", "2016-02-29": "", "2015-11-30": "", "2015-08-31": "", "2015-05-31": "", "2015-02-28": "", "2014-11-30": "", "2014-08-31": "", "2014-05-31": "6.20000", "2014-02-28": "", "2013-11-30": "", "2013-08-31": "", "2013-05-31": "", "2013-02-28": "", "2012-11-30": "", "2012-08-31": "", "2012-05-31": "", "2012-02-29": "4.60000", "2011-11-30": "", "2011-08-31": "", "2011-05-31": "6.10000", "2011-02-28": "", "2010-11-30": "", "2010-08-31": "6.60000", "2010-05-31": "", "2010-02-28": "", "2009-11-30": "", "2009-08-31": "", "2009-05-31": "", "2009-02-28": "", "2008-11-30": "", "2008-08-31": "", "2008-05-31": "", "2008-02-29": "", "2007-11-30": "", "2007-08-31": "", "2007-05-31": "", "2007-02-28": "", "2006-11-30": "", "2006-08-31": "", "2006-05-31": "", "2006-02-28": "", "2005-11-30": "", "2005-08-31": "", "2005-05-31": "", "2005-02-28": ""}, "Income From Continuous Operations": {"2020-11-30": "190.10000", "2020-08-31": "196.50000", "2020-05-31": "185.70000", "2020-02-29": "134.30000", "2019-11-30": "201.70010", "2019-08-31": "182.30000", "2019-05-31": "139.90000", "2019-02-28": "137.90000", "2018-11-30": "203.10000", "2018-08-31": "165.10000", "2018-05-31": "115.90000", "2018-02-28": "414.50000", "2017-11-30": "165.40000", "2017-08-31": "100.00000", "2017-05-31": "91.60000", "2017-02-28": "86.50000", "2016-11-30": "145.50000", "2016-08-31": "119.60000", "2016-05-31": "86.10000", "2016-02-29": "85.00000", "2015-11-30": "139.50000", "2015-08-31": "87.90000", "2015-05-31": "76.90000", "2015-02-28": "60.60000", "2014-11-30": "132.50000", "2014-08-31": "114.10000", "2014-05-31": "84.50000", "2014-02-28": "77.40000", "2013-11-30": "123.10000", "2013-08-31": "99.40000", "2013-05-31": "72.70000", "2013-02-28": "70.60000", "2012-11-30": "136.40000", "2012-08-31": "98.90000", "2012-05-31": "76.50000", "2012-02-29": "74.50000", "2011-11-30": "121.10000", "2011-08-31": "85.20000", "2011-05-31": "73.60000", "2011-02-28": "68.90000", "2010-11-30": "121.20000", "2010-08-31": "102.40000", "2010-05-31": "59.50000", "2010-02-28": "61.60000", "2009-11-30": "110.10000", "2009-08-31": "72.00000", "2009-05-31": "46.90000", "2009-02-28": "54.50000", "2008-11-30": "78.80000", "2008-08-31": "63.30000", "2008-05-31": "49.00000", "2008-02-29": "46.10000", "2007-11-30": "82.44800", "2007-08-31": "52.30000", "2007-05-31": "37.10000", "2007-02-28": "38.35200", "2006-11-30": "80.11800", "2006-08-31": "38.54900", "2006-05-31": "31.08100", "2006-02-28": "8.55200", "2005-11-30": "82.64400", "2005-08-31": "44.24800", "2005-05-31": "40.19700", "2005-02-28": "31.91100"}, "Income From Discontinued Operations": {"2020-11-30": "", "2020-08-31": "", "2020-05-31": "", "2020-02-29": "", "2019-11-30": "", "2019-08-31": "", "2019-05-31": "", "2019-02-28": "", "2018-11-30": "", "2018-08-31": "", "2018-05-31": "", "2018-02-28": "", "2017-11-30": "", "2017-08-31": "", "2017-05-31": "", "2017-02-28": "", "2016-11-30": "", "2016-08-31": "", "2016-05-31": "", "2016-02-29": "", "2015-11-30": "", "2015-08-31": "", "2015-05-31": "", "2015-02-28": "", "2014-11-30": "", "2014-08-31": "", "2014-05-31": "", "2014-02-28": "", "2013-11-30": "", "2013-08-31": "", "2013-05-31": "", "2013-02-28": "", "2012-11-30": "", "2012-08-31": "", "2012-05-31": "", "2012-02-29": "", "2011-11-30": "", "2011-08-31": "", "2011-05-31": "", "2011-02-28": "", "2010-11-30": "", "2010-08-31": "", "2010-05-31": "", "2010-02-28": "", "2009-11-30": "", "2009-08-31": "", "2009-05-31": "", "2009-02-28": "", "2008-11-30": "", "2008-08-31": "", "2008-05-31": "", "2008-02-29": "", "2007-11-30": "", "2007-08-31": "", "2007-05-31": "", "2007-02-28": "", "2006-11-30": "", "2006-08-31": "", "2006-05-31": "", "2006-02-28": "", "2005-11-30": "", "2005-08-31": "", "2005-05-31": "", "2005-02-28": ""}, "Net Income": {"2020-11-30": "200.70010", "2020-08-31": "206.10000", "2020-05-31": "195.90000", "2020-02-29": "144.70000", "2019-11-30": "213.40000", "2019-08-31": "191.90000", "2019-05-31": "149.40000", "2019-02-28": "148.00000", "2018-11-30": "214.00000", "2018-08-31": "173.50000", "2018-05-31": "123.30000", "2018-02-28": "422.60000", "2017-11-30": "175.70000", "2017-08-31": "108.20000", "2017-05-31": "100.00000", "2017-02-28": "93.50000", "2016-11-30": "157.40000", "2016-08-31": "127.70000", "2016-05-31": "93.80000", "2016-02-29": "93.40000", "2015-11-30": "149.20000", "2015-08-31": "97.60000", "2015-05-31": "84.30000", "2015-02-28": "70.50000", "2014-11-30": "148.00000", "2014-08-31": "122.90000", "2014-05-31": "84.50000", "2014-02-28": "82.50000", "2013-11-30": "130.00000", "2013-08-31": "104.40000", "2013-05-31": "78.60000", "2013-02-28": "76.00000", "2012-11-30": "148.50000", "2012-08-31": "104.40000", "2012-05-31": "80.40000", "2012-02-29": "74.50000", "2011-11-30": "131.80000", "2011-08-31": "92.00000", "2011-05-31": "73.60000", "2011-02-28": "76.80000", "2010-11-30": "133.70000", "2010-08-31": "102.40000", "2010-05-31": "66.20000", "2010-02-28": "67.90000", "2009-11-30": "116.30000", "2009-08-31": "75.10000", "2009-05-31": "50.70000", "2009-02-28": "57.70000", "2008-11-30": "82.50000", "2008-08-31": "68.60000", "2008-05-31": "53.30000", "2008-02-29": "51.40000", "2007-11-30": "87.67200", "2007-08-31": "56.80000", "2007-05-31": "41.40000", "2007-02-28": "44.22800", "2006-11-30": "83.10000", "2006-08-31": "43.06800", "2006-05-31": "61.64400", "2006-02-28": "14.38800", "2005-11-30": "88.10100", "2005-08-31": "47.97000", "2005-05-31": "42.79400", "2005-02-28": "36.03500"}, "EBITDA": {"2020-11-30": "316.00020", "2020-08-31": "315.40010", "2020-05-31": "296.99990", "2020-02-29": "236.10000", "2019-11-30": "339.99960", "2019-08-31": "292.50000", "2019-05-31": "246.80010", "2019-02-28": "237.20000", "2018-11-30": "330.60010", "2018-08-31": "267.39990", "2018-05-31": "226.10010", "2018-02-28": "217.70000", "2017-11-30": "320.79980", "2017-08-31": "200.20000", "2017-05-31": "162.40000", "2017-02-28": "162.50000", "2016-11-30": "245.50000", "2016-08-31": "197.10010", "2016-05-31": "151.60000", "2016-02-29": "155.50000", "2015-11-30": "239.40000", "2015-08-31": "164.90000", "2015-05-31": "131.40000", "2015-02-28": "118.60000", "2014-11-30": "224.00000", "2014-08-31": "181.90010", "2014-05-31": "148.40000", "2014-02-28": "151.40000", "2013-11-30": "203.19970", "2013-08-31": "173.60000", "2013-05-31": "141.50000", "2013-02-28": "138.20000", "2012-11-30": "226.30010", "2012-08-31": "170.40000", "2012-05-31": "146.10010", "2012-02-29": "138.30000", "2011-11-30": "217.10020", "2011-08-31": "153.10000", "2011-05-31": "134.10000", "2011-02-28": "134.30000", "2010-11-30": "210.50020", "2010-08-31": "150.20000", "2010-05-31": "120.30000", "2010-02-28": "123.90000", "2009-11-30": "202.70030", "2009-08-31": "139.10000", "2009-05-31": "109.60000", "2009-02-28": "109.80000", "2008-11-30": "146.70000", "2008-08-31": "113.40000", "2008-05-31": "102.19990", "2008-02-29": "99.80000", "2007-11-30": "153.24910", "2007-08-31": "110.40000", "2007-05-31": "86.91800", "2007-02-28": "86.23300", "2006-11-30": "149.46110", "2006-08-31": "85.99000", "2006-05-31": "76.07100", "2006-02-28": "42.37800", "2005-11-30": "155.87000", "2005-08-31": "97.62700", "2005-05-31": "89.00400", "2005-02-28": "75.59900"}, "EBIT": {"2020-11-30": "274.90000", "2020-08-31": "273.00010", "2020-05-31": "257.39990", "2020-02-29": "194.20000", "2019-11-30": "299.19960", "2019-08-31": "253.50000", "2019-05-31": "208.10010", "2019-02-28": "196.90000", "2018-11-30": "291.50010", "2018-08-31": "229.89990", "2018-05-31": "188.60010", "2018-02-28": "181.10000", "2017-11-30": "264.29990", "2017-08-31": "168.70000", "2017-05-31": "132.60000", "2017-02-28": "134.20000", "2016-11-30": "219.10000", "2016-08-31": "167.80000", "2016-05-31": "125.00000", "2016-02-29": "129.10000", "2015-11-30": "212.20000", "2015-08-31": "138.70000", "2015-05-31": "103.80000", "2015-02-28": "93.70000", "2014-11-30": "199.40020", "2014-08-31": "157.30000", "2014-05-31": "121.70000", "2014-02-28": "124.60000", "2013-11-30": "174.09970", "2013-08-31": "148.40000", "2013-05-31": "116.00000", "2013-02-28": "112.00000", "2012-11-30": "200.30000", "2012-08-31": "144.20000", "2012-05-31": "121.30000", "2012-02-29": "112.50000", "2011-11-30": "192.00010", "2011-08-31": "128.40000", "2011-05-31": "109.30000", "2011-02-28": "110.60000", "2010-11-30": "185.50000", "2010-08-31": "126.00000", "2010-05-31": "97.50000", "2010-02-28": "100.80000", "2009-11-30": "178.00010", "2009-08-31": "116.60000", "2009-05-31": "82.50000", "2009-02-28": "89.80010", "2008-11-30": "125.70000", "2008-08-31": "92.90000", "2008-05-31": "80.49990", "2008-02-29": "77.40000", "2007-11-30": "132.04900", "2007-08-31": "88.90000", "2007-05-31": "66.90000", "2007-02-28": "66.35100", "2006-11-30": "126.44310", "2006-08-31": "64.16600", "2006-05-31": "54.69800", "2006-02-28": "24.29300", "2005-11-30": "135.49000", "2005-08-31": "78.90000", "2005-05-31": "71.15200", "2005-02-28": "57.95800"}, "Basic Shares Outstanding": {"2020-11-30": "266.50000", "2020-08-31": "266.60000", "2020-05-31": "266.20000", "2020-02-29": "266.00000", "2019-11-30": "265.10000", "2019-08-31": "265.60000", "2019-05-31": "264.60000", "2019-02-28": "264.40000", "2018-11-30": "263.10000", "2018-08-31": "263.20000", "2018-05-31": "262.80000", "2018-02-28": "262.40000", "2017-11-30": "253.60000", "2017-08-31": "252.60000", "2017-05-31": "249.40000", "2017-02-28": "250.20000", "2016-11-30": "253.20000", "2016-08-31": "252.80000", "2016-05-31": "253.80000", "2016-02-29": "254.20000", "2015-11-30": "256.00000", "2015-08-31": "256.00000", "2015-05-31": "255.80000", "2015-02-28": "256.40000", "2014-11-30": "259.80000", "2014-08-31": "259.20000", "2014-05-31": "260.40000", "2014-02-28": "262.20000", "2013-11-30": "264.20000", "2013-08-31": "264.20000", "2013-05-31": "264.20000", "2013-02-28": "265.00000", "2012-11-30": "265.40000", "2012-08-31": "265.40000", "2012-05-31": "265.20000", "2012-02-29": "266.20000", "2011-11-30": "265.40000", "2011-08-31": "265.20000", "2011-05-31": "264.80000", "2011-02-28": "265.80000", "2010-11-30": "265.80000", "2010-08-31": "266.60000", "2010-05-31": "266.20000", "2010-02-28": "264.60000", "2009-11-30": "261.60000", "2009-08-31": "261.80000", "2009-05-31": "261.20000", "2009-02-28": "260.60000", "2008-11-30": "258.00000", "2008-08-31": "258.60000", "2008-05-31": "257.40000", "2008-02-29": "256.00000", "2007-11-30": "258.60000", "2007-08-31": "258.20000", "2007-05-31": "260.40000", "2007-02-28": "260.68800", "2006-11-30": "263.60000", "2006-08-31": "263.17400", "2006-05-31": "264.36400", "2006-02-28": "265.22200", "2005-11-30": "269.00000", "2005-08-31": "267.91200", "2005-05-31": "269.48400", "2005-02-28": "271.29800"}, "Shares Outstanding": {"2020-11-30": "269.10000", "2020-08-31": "269.60000", "2020-05-31": "268.60000", "2020-02-29": "268.60000", "2019-11-30": "268.10000", "2019-08-31": "268.40000", "2019-05-31": "267.80000", "2019-02-28": "267.60000", "2018-11-30": "266.50000", "2018-08-31": "266.40000", "2018-05-31": "265.80000", "2018-02-28": "265.80000", "2017-11-30": "256.80000", "2017-08-31": "255.60000", "2017-05-31": "252.80000", "2017-02-28": "253.80000", "2016-11-30": "256.00000", "2016-08-31": "255.80000", "2016-05-31": "256.60000", "2016-02-29": "256.60000", "2015-11-30": "258.40000", "2015-08-31": "258.40000", "2015-05-31": "258.00000", "2015-02-28": "258.60000", "2014-11-30": "262.00000", "2014-08-31": "261.20000", "2014-05-31": "262.40000", "2014-02-28": "264.40000", "2013-11-30": "267.20000", "2013-08-31": "267.00000", "2013-05-31": "267.20000", "2013-02-28": "268.00000", "2012-11-30": "268.60000", "2012-08-31": "268.60000", "2012-05-31": "268.20000", "2012-02-29": "269.00000", "2011-11-30": "268.60000", "2011-08-31": "268.20000", "2011-05-31": "268.20000", "2011-02-28": "269.20000", "2010-11-30": "269.40000", "2010-08-31": "269.80000", "2010-05-31": "269.60000", "2010-02-28": "268.00000", "2009-11-30": "264.60000", "2009-08-31": "264.80000", "2009-05-31": "263.60000", "2009-02-28": "263.80000", "2008-11-30": "263.60000", "2008-08-31": "264.60000", "2008-05-31": "263.00000", "2008-02-29": "262.20000", "2007-11-30": "265.40000", "2007-08-31": "264.80000", "2007-05-31": "267.20000", "2007-02-28": "268.39000", "2006-11-30": "270.00000", "2006-08-31": "269.65800", "2006-05-31": "270.84000", "2006-02-28": "270.60600", "2005-11-30": "276.20000", "2005-08-31": "274.76400", "2005-05-31": "277.47800", "2005-02-28": "280.91400"}, "Basic EPS": {"2020-11-30": "0.74500", "2020-08-31": "0.77500", "2020-05-31": "0.73500", "2020-02-29": "0.54500", "2019-11-30": "0.80000", "2019-08-31": "0.72500", "2019-05-31": "0.56500", "2019-02-28": "0.56000", "2018-11-30": "0.81000", "2018-08-31": "0.66000", "2018-05-31": "0.47000", "2018-02-28": "1.61000", "2017-11-30": "0.68000", "2017-08-31": "0.43000", "2017-05-31": "0.40000", "2017-02-28": "0.37500", "2016-11-30": "0.62500", "2016-08-31": "0.50500", "2016-05-31": "0.37000", "2016-02-29": "0.36500", "2015-11-30": "0.58500", "2015-08-31": "0.38000", "2015-05-31": "0.33000", "2015-02-28": "0.27500", "2014-11-30": "0.57000", "2014-08-31": "0.47500", "2014-05-31": "0.32500", "2014-02-28": "0.31500", "2013-11-30": "0.49000", "2013-08-31": "0.39500", "2013-05-31": "0.30000", "2013-02-28": "0.28500", "2012-11-30": "0.55500", "2012-08-31": "0.39500", "2012-05-31": "0.30500", "2012-02-29": "0.28000", "2011-11-30": "0.49500", "2011-08-31": "0.34500", "2011-05-31": "0.28000", "2011-02-28": "0.29000", "2010-11-30": "0.50500", "2010-08-31": "0.38500", "2010-05-31": "0.25000", "2010-02-28": "0.25500", "2009-11-30": "0.44500", "2009-08-31": "0.28500", "2009-05-31": "0.19500", "2009-02-28": "0.22000", "2008-11-30": "0.32000", "2008-08-31": "0.26500", "2008-05-31": "0.20500", "2008-02-29": "0.20000", "2007-11-30": "0.34000", "2007-08-31": "0.22000", "2007-05-31": "0.16000", "2007-02-28": "0.17000", "2006-11-30": "0.31000", "2006-08-31": "0.16500", "2006-05-31": "0.23500", "2006-02-28": "0.05500", "2005-11-30": "0.32500", "2005-08-31": "0.18000", "2005-05-31": "0.16000", "2005-02-28": "0.13500"}, "EPS - Earnings Per Share": {"2020-11-30": "0.74500", "2020-08-31": "0.76500", "2020-05-31": "0.73000", "2020-02-29": "0.54000", "2019-11-30": "0.79000", "2019-08-31": "0.71500", "2019-05-31": "0.56000", "2019-02-28": "0.55500", "2018-11-30": "0.79500", "2018-08-31": "0.65000", "2018-05-31": "0.46500", "2018-02-28": "1.59000", "2017-11-30": "0.67000", "2017-08-31": "0.42500", "2017-05-31": "0.39500", "2017-02-28": "0.37000", "2016-11-30": "0.61500", "2016-08-31": "0.50000", "2016-05-31": "0.36500", "2016-02-29": "0.36500", "2015-11-30": "0.57500", "2015-08-31": "0.38000", "2015-05-31": "0.32500", "2015-02-28": "0.27500", "2014-11-30": "0.57000", "2014-08-31": "0.47000", "2014-05-31": "0.32000", "2014-02-28": "0.31000", "2013-11-30": "0.48500", "2013-08-31": "0.39000", "2013-05-31": "0.29500", "2013-02-28": "0.28500", "2012-11-30": "0.55500", "2012-08-31": "0.39000", "2012-05-31": "0.30000", "2012-02-29": "0.27500", "2011-11-30": "0.49000", "2011-08-31": "0.34500", "2011-05-31": "0.27500", "2011-02-28": "0.28500", "2010-11-30": "0.49500", "2010-08-31": "0.38000", "2010-05-31": "0.24500", "2010-02-28": "0.25500", "2009-11-30": "0.44000", "2009-08-31": "0.28500", "2009-05-31": "0.19000", "2009-02-28": "0.22000", "2008-11-30": "0.31000", "2008-08-31": "0.26000", "2008-05-31": "0.20500", "2008-02-29": "0.19500", "2007-11-30": "0.33000", "2007-08-31": "0.21500", "2007-05-31": "0.15500", "2007-02-28": "0.16500", "2006-11-30": "0.30500", "2006-08-31": "0.16000", "2006-05-31": "0.23000", "2006-02-28": "0.05500", "2005-11-30": "0.32000", "2005-08-31": "0.17500", "2005-05-31": "0.15500", "2005-02-28": "0.13000"}}, "balance sheet": {"Cash On Hand": {"2020-11-30": "423.60000", "2019-11-30": "155.40000", "2018-11-30": "96.60000", "2017-11-30": "186.80000", "2016-11-30": "118.40000", "2015-11-30": "112.60000", "2014-11-30": "77.30000", "2013-11-30": "63.00000", "2012-11-30": "79.00000", "2011-11-30": "53.90000", "2010-11-30": "50.80000", "2009-11-30": "39.50000", "2008-11-30": "38.90000", "2007-11-30": "45.90000", "2006-11-30": "49.00000", "2005-11-30": "30.30000"}, "Receivables": {"2020-11-30": "528.50000", "2019-11-30": "502.90000", "2018-11-30": "518.10000", "2017-11-30": "555.10000", "2016-11-30": "465.20000", "2015-11-30": "455.20000", "2014-11-30": "493.60000", "2013-11-30": "495.50000", "2012-11-30": "465.90000", "2011-11-30": "427.00000", "2010-11-30": "386.70000", "2009-11-30": "365.30000", "2008-11-30": "380.70000", "2007-11-30": "456.50000", "2006-11-30": "379.10000", "2005-11-30": "369.30000"}, "Inventory": {"2020-11-30": "1032.60000", "2019-11-30": "801.20000", "2018-11-30": "786.30000", "2017-11-30": "793.30000", "2016-11-30": "756.30000", "2015-11-30": "710.80000", "2014-11-30": "713.80000", "2013-11-30": "676.90000", "2012-11-30": "615.00000", "2011-11-30": "613.70000", "2010-11-30": "477.60000", "2009-11-30": "457.60000", "2008-11-30": "439.00000", "2007-11-30": "430.20000", "2006-11-30": "405.70000", "2005-11-30": "344.00000"}, "Pre-Paid Expenses": {"2020-11-30": "98.90000", "2019-11-30": "90.70000", "2018-11-30": "78.90000", "2017-11-30": "81.80000", "2016-11-30": "81.90000", "2015-11-30": "78.80000", "2014-11-30": "131.50000", "2013-11-30": "134.80000", "2012-11-30": "125.50000", "2011-11-30": "128.30000", "2010-11-30": "100.80000", "2009-11-30": "108.10000", "2008-11-30": "109.70000", "2007-11-30": "50.50000", "2006-11-30": "65.60000", "2005-11-30": "56.60000"}, "Other Current Assets": {"2020-11-30": "", "2019-11-30": "", "2018-11-30": "", "2017-11-30": "", "2016-11-30": "", "2015-11-30": "", "2014-11-30": "", "2013-11-30": "", "2012-11-30": "", "2011-11-30": "", "2010-11-30": "", "2009-11-30": "", "2008-11-30": "", "2007-11-30": "", "2006-11-30": "", "2005-11-30": ""}, "Total Current Assets": {"2020-11-30": "2083.60000", "2019-11-30": "1550.20000", "2018-11-30": "1479.90000", "2017-11-30": "1617.00000", "2016-11-30": "1421.80000", "2015-11-30": "1357.40000", "2014-11-30": "1416.20000", "2013-11-30": "1370.20000", "2012-11-30": "1285.40000", "2011-11-30": "1222.90000", "2010-11-30": "1015.90000", "2009-11-30": "970.50000", "2008-11-30": "968.30000", "2007-11-30": "983.10000", "2006-11-30": "899.40000", "2005-11-30": "800.20000"}, "Property, Plant, And Equipment": {"2020-11-30": "1028.40000", "2019-11-30": "952.60000", "2018-11-30": "941.50000", "2017-11-30": "809.10000", "2016-11-30": "669.40000", "2015-11-30": "618.40000", "2014-11-30": "602.70000", "2013-11-30": "576.60000", "2012-11-30": "547.30000", "2011-11-30": "523.10000", "2010-11-30": "488.00000", "2009-11-30": "489.80000", "2008-11-30": "461.10000", "2007-11-30": "487.60000", "2006-11-30": "469.50000", "2005-11-30": "450.80000"}, "Long-Term Investments": {"2020-11-30": "", "2019-11-30": "", "2018-11-30": "", "2017-11-30": "398.50000", "2016-11-30": "348.40000", "2015-11-30": "365.40000", "2014-11-30": "342.40000", "2013-11-30": "371.00000", "2012-11-30": "313.90000", "2011-11-30": "297.60000", "2010-11-30": "265.90000", "2009-11-30": "210.50000", "2008-11-30": "153.00000", "2007-11-30": "190.50000", "2006-11-30": "156.20000", "2005-11-30": "157.20000"}, "Goodwill And Intangible Assets": {"2020-11-30": "8225.69900", "2019-11-30": "7352.20000", "2018-11-30": "7401.20000", "2017-11-30": "7561.20000", "2016-11-30": "2196.30000", "2015-11-30": "2131.40000", "2014-11-30": "2053.00000", "2013-11-30": "2131.90000", "2012-11-30": "2018.80000", "2011-11-30": "2044.20000", "2010-11-30": "1649.90000", "2009-11-30": "1717.00000", "2008-11-30": "1605.00000", "2007-11-30": "1087.00000", "2006-11-30": "997.40000", "2005-11-30": "822.20000"}, "Other Long-Term Assets": {"2020-11-30": "752.00000", "2019-11-30": "507.10000", "2018-11-30": "433.80000", "2017-11-30": "", "2016-11-30": "", "2015-11-30": "", "2014-11-30": "", "2013-11-30": "", "2012-11-30": "", "2011-11-30": "", "2010-11-30": "", "2009-11-30": "", "2008-11-30": "32.90000", "2007-11-30": "39.30000", "2006-11-30": "45.50000", "2005-11-30": "42.30000"}, "Total Long-Term Assets": {"2020-11-30": "10006.10000", "2019-11-30": "8811.89900", "2018-11-30": "8776.50000", "2017-11-30": "8768.80000", "2016-11-30": "3214.10000", "2015-11-30": "3115.20000", "2014-11-30": "2998.10000", "2013-11-30": "3079.50000", "2012-11-30": "2880.00000", "2011-11-30": "2864.90000", "2010-11-30": "2403.80000", "2009-11-30": "2417.30000", "2008-11-30": "2252.00000", "2007-11-30": "1804.40000", "2006-11-30": "1668.60000", "2005-11-30": "1472.50000"}, "Total Assets": {"2020-11-30": "12089.70000", "2019-11-30": "10362.10000", "2018-11-30": "10256.40000", "2017-11-30": "10385.80000", "2016-11-30": "4635.90000", "2015-11-30": "4472.60000", "2014-11-30": "4414.30000", "2013-11-30": "4449.70000", "2012-11-30": "4165.40000", "2011-11-30": "4087.80000", "2010-11-30": "3419.70000", "2009-11-30": "3387.80000", "2008-11-30": "3220.30000", "2007-11-30": "2787.50000", "2006-11-30": "2568.00000", "2005-11-30": "2272.70000"}, "Total Current Liabilities": {"2020-11-30": "3046.50000", "2019-11-30": "2154.40000", "2018-11-30": "2001.70000", "2017-11-30": "1947.30000", "2016-11-30": "1422.70000", "2015-11-30": "1238.60000", "2014-11-30": "1122.00000", "2013-11-30": "1063.10000", "2012-11-30": "1187.60000", "2011-11-30": "993.30000", "2010-11-30": "834.80000", "2009-11-30": "818.20000", "2008-11-30": "1034.10000", "2007-11-30": "861.30000", "2006-11-30": "780.50000", "2005-11-30": "699.00000"}, "Long Term Debt": {"2020-11-30": "3753.80000", "2019-11-30": "3625.80000", "2018-11-30": "4052.90000", "2017-11-30": "4443.90000", "2016-11-30": "1054.00000", "2015-11-30": "1051.40000", "2014-11-30": "1014.10000", "2013-11-30": "1019.00000", "2012-11-30": "779.20000", "2011-11-30": "1029.70000", "2010-11-30": "779.90000", "2009-11-30": "875.00000", "2008-11-30": "885.20000", "2007-11-30": "573.50000", "2006-11-30": "569.60000", "2005-11-30": "463.90000"}, "Other Non-Current Liabilities": {"2020-11-30": "622.20000", "2019-11-30": "427.60000", "2018-11-30": "313.10000", "2017-11-30": "329.20000", "2016-11-30": "441.20000", "2015-11-30": "495.70000", "2014-11-30": "468.80000", "2013-11-30": "419.90000", "2012-11-30": "498.40000", "2011-11-30": "446.30000", "2010-11-30": "342.30000", "2009-11-30": "351.10000", "2008-11-30": "245.70000", "2007-11-30": "267.60000", "2006-11-30": "281.00000", "2005-11-30": "280.70000"}, "Total Long Term Liabilities": {"2020-11-30": "5103.20000", "2019-11-30": "4751.00000", "2018-11-30": "5072.50000", "2017-11-30": "5867.60000", "2016-11-30": "1575.10000", "2015-11-30": "1547.10000", "2014-11-30": "1482.90000", "2013-11-30": "1438.90000", "2012-11-30": "1277.60000", "2011-11-30": "1476.00000", "2010-11-30": "1122.20000", "2009-11-30": "1226.10000", "2008-11-30": "1130.90000", "2007-11-30": "841.10000", "2006-11-30": "854.20000", "2005-11-30": "773.80000"}, "Total Liabilities": {"2020-11-30": "8149.70000", "2019-11-30": "6905.40000", "2018-11-30": "7074.20000", "2017-11-30": "7814.90000", "2016-11-30": "2997.80000", "2015-11-30": "2785.70000", "2014-11-30": "2604.90000", "2013-11-30": "2502.00000", "2012-11-30": "2465.20000", "2011-11-30": "2469.30000", "2010-11-30": "1957.00000", "2009-11-30": "2044.30000", "2008-11-30": "2165.00000", "2007-11-30": "1702.40000", "2006-11-30": "1634.70000", "2005-11-30": "1472.80000"}, "Common Stock Net": {"2020-11-30": "1981.30000", "2019-11-30": "1888.60000", "2018-11-30": "1770.60000", "2017-11-30": "1672.90000", "2016-11-30": "1084.20000", "2015-11-30": "1039.60000", "2014-11-30": "995.60000", "2013-11-30": "962.40000", "2012-11-30": "908.20000", "2011-11-30": "821.90000", "2010-11-30": "756.50000", "2009-11-30": "634.00000", "2008-11-30": "581.80000", "2007-11-30": "501.00000", "2006-11-30": "444.30000", "2005-11-30": "386.90000"}, "Retained Earnings (Accumulated Deficit)": {"2020-11-30": "2415.60000", "2019-11-30": "2055.80000", "2018-11-30": "1760.20000", "2017-11-30": "1166.50000", "2016-11-30": "1056.80000", "2015-11-30": "1036.70000", "2014-11-30": "982.60000", "2013-11-30": "970.40000", "2012-11-30": "934.60000", "2011-11-30": "838.80000", "2010-11-30": "700.90000", "2009-11-30": "591.50000", "2008-11-30": "425.40000", "2007-11-30": "323.80000", "2006-11-30": "348.70000", "2005-11-30": "385.40000"}, "Comprehensive Income": {"2020-11-30": "-470.80000", "2019-11-30": "-500.20000", "2018-11-30": "-359.90000", "2017-11-30": "-279.50000", "2016-11-30": "-514.40000", "2015-11-30": "-406.10000", "2014-11-30": "-186.00000", "2013-11-30": "-0.30000", "2012-11-30": "-159.90000", "2011-11-30": "-59.00000", "2010-11-30": "-3.70000", "2009-11-30": "109.10000", "2008-11-30": "48.10000", "2007-11-30": "260.30000", "2006-11-30": "140.30000", "2005-11-30": "27.60000"}, "Other Share Holders Equity": {"2020-11-30": "", "2019-11-30": "", "2018-11-30": "", "2017-11-30": "", "2016-11-30": "", "2015-11-30": "", "2014-11-30": "", "2013-11-30": "", "2012-11-30": "", "2011-11-30": "", "2010-11-30": "", "2009-11-30": "", "2008-11-30": "", "2007-11-30": "", "2006-11-30": "", "2005-11-30": ""}, "Share Holder Equity": {"2020-11-30": "3940.00000", "2019-11-30": "3456.70000", "2018-11-30": "3182.20000", "2017-11-30": "2570.90000", "2016-11-30": "1638.10000", "2015-11-30": "1686.90000", "2014-11-30": "1809.40000", "2013-11-30": "1947.70000", "2012-11-30": "1700.20000", "2011-11-30": "1618.50000", "2010-11-30": "1462.70000", "2009-11-30": "1343.50000", "2008-11-30": "1055.30000", "2007-11-30": "1085.10000", "2006-11-30": "933.30000", "2005-11-30": "799.90000"}, "Total Liabilities And Share Holders Equity": {"2020-11-30": "12089.70000", "2019-11-30": "10362.10000", "2018-11-30": "10256.40000", "2017-11-30": "10385.80000", "2016-11-30": "4635.90000", "2015-11-30": "4472.60000", "2014-11-30": "4414.30000", "2013-11-30": "4449.70000", "2012-11-30": "4165.40000", "2011-11-30": "4087.80000", "2010-11-30": "3419.70000", "2009-11-30": "3387.80000", "2008-11-30": "3220.30000", "2007-11-30": "2787.50000", "2006-11-30": "2568.00000", "2005-11-30": "2272.70000"}}, "balance sheet, quarterly": {"Cash On Hand": {"2020-11-30": "423.60000", "2020-08-31": "221.00000", "2020-05-31": "185.00000", "2020-02-29": "170.80000", "2019-11-30": "155.40000", "2019-08-31": "162.90000", "2019-05-31": "139.40000", "2019-02-28": "102.30000", "2018-11-30": "96.60000", "2018-08-31": "73.00000", "2018-05-31": "202.60000", "2018-02-28": "179.60000", "2017-11-30": "186.80000", "2017-08-31": "166.10000", "2017-05-31": "130.00000", "2017-02-28": "125.70000", "2016-11-30": "118.40000", "2016-08-31": "134.20000", "2016-05-31": "131.50000", "2016-02-29": "111.80000", "2015-11-30": "112.60000", "2015-08-31": "108.40000", "2015-05-31": "89.50000", "2015-02-28": "81.80000", "2014-11-30": "77.30000", "2014-08-31": "93.80000", "2014-05-31": "81.40000", "2014-02-28": "89.40000", "2013-11-30": "63.00000", "2013-08-31": "146.80000", "2013-05-31": "72.10000", "2013-02-28": "68.60000", "2012-11-30": "79.00000", "2012-08-31": "72.20000", "2012-05-31": "61.40000", "2012-02-29": "54.40000", "2011-11-30": "53.90000", "2011-08-31": "52.20000", "2011-05-31": "47.90000", "2011-02-28": "40.60000", "2010-11-30": "50.80000", "2010-08-31": "23.60000", "2010-05-31": "23.10000", "2010-02-28": "21.90000", "2009-11-30": "39.50000", "2009-08-31": "27.90000", "2009-05-31": "12.90000", "2009-02-28": "23.40000", "2008-11-30": "38.90000", "2008-08-31": "30.30000", "2008-05-31": "47.30000", "2008-02-29": "24.40000", "2007-11-30": "45.90000", "2007-08-31": "45.70000", "2007-05-31": "40.50000", "2007-02-28": "38.58200", "2006-11-30": "49.00000", "2006-08-31": "37.71200", "2006-05-31": "74.06800", "2006-02-28": "31.57900", "2005-11-30": "30.30000", "2005-08-31": "46.11700", "2005-05-31": "20.09600", "2005-02-28": "24.39400"}, "Receivables": {"2020-11-30": "528.50000", "2020-08-31": "496.50000", "2020-05-31": "494.30000", "2020-02-29": "409.90000", "2019-11-30": "502.90000", "2019-08-31": "494.60000", "2019-05-31": "429.00000", "2019-02-28": "435.70000", "2018-11-30": "518.10000", "2018-08-31": "511.70000", "2018-05-31": "473.90000", "2018-02-28": "502.00000", "2017-11-30": "555.10000", "2017-08-31": "556.20000", "2017-05-31": "429.70000", "2017-02-28": "404.40000", "2016-11-30": "465.20000", "2016-08-31": "445.30000", "2016-05-31": "399.60000", "2016-02-29": "371.20000", "2015-11-30": "455.20000", "2015-08-31": "422.90000", "2015-05-31": "390.60000", "2015-02-28": "384.10000", "2014-11-30": "493.60000", "2014-08-31": "476.80000", "2014-05-31": "417.10000", "2014-02-28": "428.00000", "2013-11-30": "495.50000", "2013-08-31": "462.40000", "2013-05-31": "399.90000", "2013-02-28": "403.90000", "2012-11-30": "465.90000", "2012-08-31": "411.20000", "2012-05-31": "378.00000", "2012-02-29": "381.10000", "2011-11-30": "427.00000", "2011-08-31": "391.70000", "2011-05-31": "342.60000", "2011-02-28": "326.80000", "2010-11-30": "386.70000", "2010-08-31": "319.70000", "2010-05-31": "310.80000", "2010-02-28": "325.30000", "2009-11-30": "365.30000", "2009-08-31": "328.60000", "2009-05-31": "316.80000", "2009-02-28": "342.00000", "2008-11-30": "380.70000", "2008-08-31": "388.30000", "2008-05-31": "380.50000", "2008-02-29": "387.30000", "2007-11-30": "456.50000", "2007-08-31": "399.90000", "2007-05-31": "360.90000", "2007-02-28": "379.78900", "2006-11-30": "379.10000", "2006-08-31": "327.82200", "2006-05-31": "327.06600", "2006-02-28": "345.35300", "2005-11-30": "369.30000", "2005-08-31": "321.73500", "2005-05-31": "328.11700", "2005-02-28": "362.79000"}, "Inventory": {"2020-11-30": "1032.60000", "2020-08-31": "942.10000", "2020-05-31": "831.30000", "2020-02-29": "835.60000", "2019-11-30": "801.20000", "2019-08-31": "846.90000", "2019-05-31": "816.50000", "2019-02-28": "807.30000", "2018-11-30": "786.30000", "2018-08-31": "806.30000", "2018-05-31": "797.60000", "2018-02-28": "827.70000", "2017-11-30": "793.30000", "2017-08-31": "835.80000", "2017-05-31": "779.80000", "2017-02-28": "767.20000", "2016-11-30": "756.30000", "2016-08-31": "760.30000", "2016-05-31": "739.60000", "2016-02-29": "702.20000", "2015-11-30": "710.80000", "2015-08-31": "727.20000", "2015-05-31": "738.50000", "2015-02-28": "708.40000", "2014-11-30": "713.80000", "2014-08-31": "705.60000", "2014-05-31": "687.30000", "2014-02-28": "682.90000", "2013-11-30": "676.90000", "2013-08-31": "640.80000", "2013-05-31": "611.40000", "2013-02-28": "606.50000", "2012-11-30": "615.00000", "2012-08-31": "628.60000", "2012-05-31": "611.00000", "2012-02-29": "640.40000", "2011-11-30": "613.70000", "2011-08-31": "600.30000", "2011-05-31": "577.30000", "2011-02-28": "544.90000", "2010-11-30": "477.60000", "2010-08-31": "494.40000", "2010-05-31": "456.30000", "2010-02-28": "448.50000", "2009-11-30": "457.60000", "2009-08-31": "447.40000", "2009-05-31": "450.00000", "2009-02-28": "447.80000", "2008-11-30": "439.00000", "2008-08-31": "462.30000", "2008-05-31": "459.60000", "2008-02-29": "449.40000", "2007-11-30": "430.20000", "2007-08-31": "439.90000", "2007-05-31": "427.50000", "2007-02-28": "411.84000", "2006-11-30": "405.70000", "2006-08-31": "417.09500", "2006-05-31": "381.86300", "2006-02-28": "354.98000", "2005-11-30": "344.00000", "2005-08-31": "357.25100", "2005-05-31": "345.28100", "2005-02-28": "351.82100"}, "Pre-Paid Expenses": {"2020-11-30": "98.90000", "2020-08-31": "100.00000", "2020-05-31": "105.10000", "2020-02-29": "108.10000", "2019-11-30": "90.70000", "2019-08-31": "85.00000", "2019-05-31": "88.20000", "2019-02-28": "82.70000", "2018-11-30": "78.90000", "2018-08-31": "83.20000", "2018-05-31": "90.10000", "2018-02-28": "96.70000", "2017-11-30": "81.80000", "2017-08-31": "84.50000", "2017-05-31": "86.40000", "2017-02-28": "87.80000", "2016-11-30": "81.90000", "2016-08-31": "80.40000", "2016-05-31": "81.40000", "2016-02-29": "72.90000", "2015-11-30": "78.80000", "2015-08-31": "116.00000", "2015-05-31": "140.30000", "2015-02-28": "130.40000", "2014-11-30": "131.50000", "2014-08-31": "132.60000", "2014-05-31": "138.90000", "2014-02-28": "139.80000", "2013-11-30": "134.80000", "2013-08-31": "120.90000", "2013-05-31": "134.10000", "2013-02-28": "132.50000", "2012-11-30": "125.50000", "2012-08-31": "107.40000", "2012-05-31": "116.80000", "2012-02-29": "116.90000", "2011-11-30": "128.30000", "2011-08-31": "119.10000", "2011-05-31": "111.80000", "2011-02-28": "103.30000", "2010-11-30": "100.80000", "2010-08-31": "117.90000", "2010-05-31": "117.60000", "2010-02-28": "106.10000", "2009-11-30": "108.10000", "2009-08-31": "116.50000", "2009-05-31": "105.80000", "2009-02-28": "107.80000", "2008-11-30": "109.70000", "2008-08-31": "99.10000", "2008-05-31": "95.40000", "2008-02-29": "90.20000", "2007-11-30": "50.50000", "2007-08-31": "58.10000", "2007-05-31": "59.50000", "2007-02-28": "57.11600", "2006-11-30": "65.60000", "2006-08-31": "47.13400", "2006-05-31": "49.96700", "2006-02-28": "53.75400", "2005-11-30": "56.60000", "2005-08-31": "49.52800", "2005-05-31": "45.56000", "2005-02-28": "36.47900"}, "Other Current Assets": {"2020-11-30": "", "2020-08-31": "", "2020-05-31": "", "2020-02-29": "", "2019-11-30": "", "2019-08-31": "", "2019-05-31": "", "2019-02-28": "", "2018-11-30": "", "2018-08-31": "", "2018-05-31": "", "2018-02-28": "", "2017-11-30": "", "2017-08-31": "", "2017-05-31": "", "2017-02-28": "", "2016-11-30": "", "2016-08-31": "", "2016-05-31": "", "2016-02-29": "", "2015-11-30": "", "2015-08-31": "", "2015-05-31": "", "2015-02-28": "", "2014-11-30": "", "2014-08-31": "", "2014-05-31": "", "2014-02-28": "", "2013-11-30": "", "2013-08-31": "", "2013-05-31": "", "2013-02-28": "", "2012-11-30": "", "2012-08-31": "", "2012-05-31": "", "2012-02-29": "", "2011-11-30": "", "2011-08-31": "", "2011-05-31": "", "2011-02-28": "", "2010-11-30": "", "2010-08-31": "", "2010-05-31": "", "2010-02-28": "", "2009-11-30": "", "2009-08-31": "", "2009-05-31": "", "2009-02-28": "", "2008-11-30": "", "2008-08-31": "", "2008-05-31": "", "2008-02-29": "", "2007-11-30": "", "2007-08-31": "", "2007-05-31": "", "2007-02-28": "", "2006-11-30": "", "2006-08-31": "", "2006-05-31": "", "2006-02-28": "", "2005-11-30": "", "2005-08-31": "", "2005-05-31": "", "2005-02-28": ""}, "Total Current Assets": {"2020-11-30": "2083.60000", "2020-08-31": "1759.60000", "2020-05-31": "1615.70000", "2020-02-29": "1524.40000", "2019-11-30": "1550.20000", "2019-08-31": "1589.40000", "2019-05-31": "1473.10000", "2019-02-28": "1428.00000", "2018-11-30": "1479.90000", "2018-08-31": "1474.20000", "2018-05-31": "1564.20000", "2018-02-28": "1606.00000", "2017-11-30": "1617.00000", "2017-08-31": "1642.60000", "2017-05-31": "1425.90000", "2017-02-28": "1385.10000", "2016-11-30": "1421.80000", "2016-08-31": "1420.20000", "2016-05-31": "1352.10000", "2016-02-29": "1258.10000", "2015-11-30": "1357.40000", "2015-08-31": "1374.50000", "2015-05-31": "1358.90000", "2015-02-28": "1304.70000", "2014-11-30": "1416.20000", "2014-08-31": "1408.80000", "2014-05-31": "1324.70000", "2014-02-28": "1340.10000", "2013-11-30": "1370.20000", "2013-08-31": "1370.90000", "2013-05-31": "1217.50000", "2013-02-28": "1211.50000", "2012-11-30": "1285.40000", "2012-08-31": "1219.40000", "2012-05-31": "1167.20000", "2012-02-29": "1192.80000", "2011-11-30": "1222.90000", "2011-08-31": "1163.30000", "2011-05-31": "1079.60000", "2011-02-28": "1015.60000", "2010-11-30": "1015.90000", "2010-08-31": "955.60000", "2010-05-31": "907.80000", "2010-02-28": "901.80000", "2009-11-30": "970.50000", "2009-08-31": "920.40000", "2009-05-31": "885.50000", "2009-02-28": "921.00000", "2008-11-30": "968.30000", "2008-08-31": "980.00000", "2008-05-31": "982.80000", "2008-02-29": "951.30000", "2007-11-30": "983.10000", "2007-08-31": "943.60000", "2007-05-31": "888.40000", "2007-02-28": "887.32700", "2006-11-30": "899.40000", "2006-08-31": "829.76300", "2006-05-31": "832.96400", "2006-02-28": "785.66600", "2005-11-30": "800.20000", "2005-08-31": "774.63100", "2005-05-31": "739.05400", "2005-02-28": "775.48400"}, "Property, Plant, And Equipment": {"2020-11-30": "1028.40000", "2020-08-31": "960.90000", "2020-05-31": "927.00000", "2020-02-29": "936.00000", "2019-11-30": "952.60000", "2019-08-31": "910.00000", "2019-05-31": "917.40000", "2019-02-28": "934.60000", "2018-11-30": "941.50000", "2018-08-31": "961.00000", "2018-05-31": "947.70000", "2018-02-28": "823.10000", "2017-11-30": "809.10000", "2017-08-31": "765.40000", "2017-05-31": "703.80000", "2017-02-28": "682.80000", "2016-11-30": "669.40000", "2016-08-31": "641.10000", "2016-05-31": "637.10000", "2016-02-29": "609.10000", "2015-11-30": "618.40000", "2015-08-31": "589.10000", "2015-05-31": "590.10000", "2015-02-28": "580.60000", "2014-11-30": "602.70000", "2014-08-31": "578.80000", "2014-05-31": "575.00000", "2014-02-28": "571.00000", "2013-11-30": "576.60000", "2013-08-31": "549.70000", "2013-05-31": "554.30000", "2013-02-28": "532.50000", "2012-11-30": "547.30000", "2012-08-31": "518.50000", "2012-05-31": "507.50000", "2012-02-29": "523.40000", "2011-11-30": "523.10000", "2011-08-31": "497.60000", "2011-05-31": "494.80000", "2011-02-28": "491.40000", "2010-11-30": "488.00000", "2010-08-31": "464.80000", "2010-05-31": "463.90000", "2010-02-28": "469.70000", "2009-11-30": "489.80000", "2009-08-31": "472.70000", "2009-05-31": "473.00000", "2009-02-28": "451.70000", "2008-11-30": "461.10000", "2008-08-31": "476.60000", "2008-05-31": "489.40000", "2008-02-29": "486.70000", "2007-11-30": "487.60000", "2007-08-31": "469.50000", "2007-05-31": "472.30000", "2007-02-28": "465.94800", "2006-11-30": "469.50000", "2006-08-31": "457.25300", "2006-05-31": "456.85700", "2006-02-28": "451.69000", "2005-11-30": "450.80000", "2005-08-31": "469.57800", "2005-05-31": "471.49500", "2005-02-28": "482.96300"}, "Long-Term Investments": {"2020-11-30": "", "2020-08-31": "", "2020-05-31": "", "2020-02-29": "", "2019-11-30": "", "2019-08-31": "", "2019-05-31": "", "2019-02-28": "", "2018-11-30": "", "2018-08-31": "407.70000", "2018-05-31": "401.60000", "2018-02-28": "400.80000", "2017-11-30": "398.50000", "2017-08-31": "378.90000", "2017-05-31": "358.60000", "2017-02-28": "351.70000", "2016-11-30": "348.40000", "2016-08-31": "370.10000", "2016-05-31": "371.10000", "2016-02-29": "363.70000", "2015-11-30": "365.40000", "2015-08-31": "348.60000", "2015-05-31": "345.00000", "2015-02-28": "337.90000", "2014-11-30": "342.40000", "2014-08-31": "378.90000", "2014-05-31": "370.60000", "2014-02-28": "376.70000", "2013-11-30": "371.00000", "2013-08-31": "328.50000", "2013-05-31": "329.50000", "2013-02-28": "327.80000", "2012-11-30": "313.90000", "2012-08-31": "306.70000", "2012-05-31": "298.10000", "2012-02-29": "311.10000", "2011-11-30": "297.60000", "2011-08-31": "306.50000", "2011-05-31": "300.00000", "2011-02-28": "281.40000", "2010-11-30": "265.90000", "2010-08-31": "220.30000", "2010-05-31": "216.20000", "2010-02-28": "215.30000", "2009-11-30": "210.50000", "2009-08-31": "227.40000", "2009-05-31": "202.10000", "2009-02-28": "191.20000", "2008-11-30": "153.00000", "2008-08-31": "183.70000", "2008-05-31": "190.90000", "2008-02-29": "199.30000", "2007-11-30": "190.50000", "2007-08-31": "173.40000", "2007-05-31": "163.00000", "2007-02-28": "160.26700", "2006-11-30": "156.20000", "2006-08-31": "153.00400", "2006-05-31": "141.51200", "2006-02-28": "170.27100", "2005-11-30": "157.20000", "2005-08-31": "145.45000", "2005-05-31": "136.31700", "2005-02-28": "136.91200"}, "Goodwill And Intangible Assets": {"2020-11-30": "8225.69900", "2020-08-31": "7417.40000", "2020-05-31": "7318.30000", "2020-02-29": "7337.00000", "2019-11-30": "7352.20000", "2019-08-31": "7346.80000", "2019-05-31": "7371.50000", "2019-02-28": "7407.70000", "2018-11-30": "7401.20000", "2018-08-31": "7435.10000", "2018-05-31": "7470.30000", "2018-02-28": "7533.10000", "2017-11-30": "7561.20000", "2017-08-31": "7594.80000", "2017-05-31": "2383.80000", "2017-02-28": "2331.50000", "2016-11-30": "2196.30000", "2016-08-31": "2246.90000", "2016-05-31": "2247.30000", "2016-02-29": "2134.10000", "2015-11-30": "2131.40000", "2015-08-31": "2178.50000", "2015-05-31": "2084.40000", "2015-02-28": "1974.30000", "2014-11-30": "2053.00000", "2014-08-31": "2105.60000", "2014-05-31": "2139.00000", "2014-02-28": "2141.90000", "2013-11-30": "2131.90000", "2013-08-31": "2103.90000", "2013-05-31": "2107.50000", "2013-02-28": "2014.30000", "2012-11-30": "2018.80000", "2012-08-31": "2012.40000", "2012-05-31": "1992.90000", "2012-02-29": "2052.40000", "2011-11-30": "2044.20000", "2011-08-31": "1747.20000", "2011-05-31": "1715.00000", "2011-02-28": "1689.20000", "2010-11-30": "1649.90000", "2010-08-31": "1624.00000", "2010-05-31": "1604.50000", "2010-02-28": "1658.60000", "2009-11-30": "1717.00000", "2009-08-31": "1685.90000", "2009-05-31": "1675.50000", "2009-02-28": "1597.10000", "2008-11-30": "1605.00000", "2008-08-31": "1748.00000", "2008-05-31": "1193.30000", "2008-02-29": "1175.50000", "2007-11-30": "1087.00000", "2007-08-31": "1040.10000", "2007-05-31": "1013.40000", "2007-02-28": "999.22900", "2006-11-30": "997.40000", "2006-08-31": "977.62900", "2006-05-31": "883.60210", "2006-02-28": "826.43400", "2005-11-30": "822.20000", "2005-08-31": "826.87000", "2005-05-31": "789.71900", "2005-02-28": "828.60800"}, "Other Long-Term Assets": {"2020-11-30": "752.00000", "2020-08-31": "722.80000", "2020-05-31": "715.10000", "2020-02-29": "694.30000", "2019-11-30": "507.10000", "2019-08-31": "519.80000", "2019-05-31": "474.70000", "2019-02-28": "457.60000", "2018-11-30": "433.80000", "2018-08-31": "", "2018-05-31": "", "2018-02-28": "", "2017-11-30": "", "2017-08-31": "", "2017-05-31": "", "2017-02-28": "", "2016-11-30": "", "2016-08-31": "", "2016-05-31": "", "2016-02-29": "", "2015-11-30": "", "2015-08-31": "", "2015-05-31": "", "2015-02-28": "", "2014-11-30": "", "2014-08-31": "", "2014-05-31": "", "2014-02-28": "", "2013-11-30": "", "2013-08-31": "", "2013-05-31": "", "2013-02-28": "", "2012-11-30": "", "2012-08-31": "", "2012-05-31": "", "2012-02-29": "", "2011-11-30": "", "2011-08-31": "", "2011-05-31": "", "2011-02-28": "", "2010-11-30": "", "2010-08-31": "", "2010-05-31": "", "2010-02-28": "", "2009-11-30": "", "2009-08-31": "", "2009-05-31": "", "2009-02-28": "", "2008-11-30": "32.90000", "2008-08-31": "42.00000", "2008-05-31": "44.00000", "2008-02-29": "45.50000", "2007-11-30": "39.30000", "2007-08-31": "46.70000", "2007-05-31": "47.00000", "2007-02-28": "49.12300", "2006-11-30": "45.50000", "2006-08-31": "43.06900", "2006-05-31": "48.48000", "2006-02-28": "46.86500", "2005-11-30": "42.30000", "2005-08-31": "55.11300", "2005-05-31": "50.07800", "2005-02-28": "52.70800"}, "Total Long-Term Assets": {"2020-11-30": "10006.10000", "2020-08-31": "9101.10000", "2020-05-31": "8960.39900", "2020-02-29": "8967.30000", "2019-11-30": "8811.89900", "2019-08-31": "8776.60000", "2019-05-31": "8763.60100", "2019-02-28": "8799.89900", "2018-11-30": "8776.50000", "2018-08-31": "8803.80000", "2018-05-31": "8819.60100", "2018-02-28": "8757.00000", "2017-11-30": "8768.80000", "2017-08-31": "8739.10000", "2017-05-31": "3446.20000", "2017-02-28": "3366.00000", "2016-11-30": "3214.10000", "2016-08-31": "3258.10000", "2016-05-31": "3255.50000", "2016-02-29": "3106.90000", "2015-11-30": "3115.20000", "2015-08-31": "3116.20000", "2015-05-31": "3019.50000", "2015-02-28": "2892.80000", "2014-11-30": "2998.10000", "2014-08-31": "3063.30000", "2014-05-31": "3084.60000", "2014-02-28": "3089.60000", "2013-11-30": "3079.50000", "2013-08-31": "2982.10000", "2013-05-31": "2991.30000", "2013-02-28": "2874.60000", "2012-11-30": "2880.00000", "2012-08-31": "2837.60000", "2012-05-31": "2798.50000", "2012-02-29": "2886.90000", "2011-11-30": "2864.90000", "2011-08-31": "2551.30000", "2011-05-31": "2509.80000", "2011-02-28": "2462.00000", "2010-11-30": "2403.80000", "2010-08-31": "2309.10000", "2010-05-31": "2284.60000", "2010-02-28": "2343.60000", "2009-11-30": "2417.30000", "2009-08-31": "2386.00000", "2009-05-31": "2350.60000", "2009-02-28": "2240.00000", "2008-11-30": "2252.00000", "2008-08-31": "2450.30000", "2008-05-31": "1917.60000", "2008-02-29": "1907.00000", "2007-11-30": "1804.40000", "2007-08-31": "1729.70000", "2007-05-31": "1695.70000", "2007-02-28": "1674.56700", "2006-11-30": "1668.60000", "2006-08-31": "1630.95500", "2006-05-31": "1530.45100", "2006-02-28": "1495.26000", "2005-11-30": "1472.50000", "2005-08-31": "1497.01100", "2005-05-31": "1447.60900", "2005-02-28": "1501.19100"}, "Total Assets": {"2020-11-30": "12089.70000", "2020-08-31": "10860.70000", "2020-05-31": "10576.10000", "2020-02-29": "10491.70000", "2019-11-30": "10362.10000", "2019-08-31": "10366.00000", "2019-05-31": "10236.70000", "2019-02-28": "10227.90000", "2018-11-30": "10256.40000", "2018-08-31": "10278.00000", "2018-05-31": "10383.80000", "2018-02-28": "10363.00000", "2017-11-30": "10385.80000", "2017-08-31": "10381.70000", "2017-05-31": "4872.10000", "2017-02-28": "4751.10000", "2016-11-30": "4635.90000", "2016-08-31": "4678.30000", "2016-05-31": "4607.60000", "2016-02-29": "4365.00000", "2015-11-30": "4472.60000", "2015-08-31": "4490.70000", "2015-05-31": "4378.40000", "2015-02-28": "4197.50000", "2014-11-30": "4414.30000", "2014-08-31": "4472.10000", "2014-05-31": "4409.30000", "2014-02-28": "4429.70000", "2013-11-30": "4449.70000", "2013-08-31": "4353.00000", "2013-05-31": "4208.80000", "2013-02-28": "4086.10000", "2012-11-30": "4165.40000", "2012-08-31": "4057.00000", "2012-05-31": "3965.70000", "2012-02-29": "4079.70000", "2011-11-30": "4087.80000", "2011-08-31": "3714.60000", "2011-05-31": "3589.40000", "2011-02-28": "3477.60000", "2010-11-30": "3419.70000", "2010-08-31": "3264.70000", "2010-05-31": "3192.40000", "2010-02-28": "3245.40000", "2009-11-30": "3387.80000", "2009-08-31": "3306.40000", "2009-05-31": "3236.10000", "2009-02-28": "3161.00000", "2008-11-30": "3220.30000", "2008-08-31": "3430.30000", "2008-05-31": "2900.40000", "2008-02-29": "2858.30000", "2007-11-30": "2787.50000", "2007-08-31": "2673.30000", "2007-05-31": "2584.10000", "2007-02-28": "2561.89400", "2006-11-30": "2568.00000", "2006-08-31": "2460.71800", "2006-05-31": "2363.41500", "2006-02-28": "2280.92600", "2005-11-30": "2272.70000", "2005-08-31": "2271.64200", "2005-05-31": "2186.66300", "2005-02-28": "2276.67500"}, "Total Current Liabilities": {"2020-11-30": "3046.50000", "2020-08-31": "1953.50000", "2020-05-31": "1582.30000", "2020-02-29": "2072.40000", "2019-11-30": "2154.40000", "2019-08-31": "2030.40000", "2019-05-31": "1860.10000", "2019-02-28": "1829.10000", "2018-11-30": "2001.70000", "2018-08-31": "1855.10000", "2018-05-31": "1846.70000", "2018-02-28": "1871.50000", "2017-11-30": "1947.30000", "2017-08-31": "1734.20000", "2017-05-31": "1801.40000", "2017-02-28": "1738.40000", "2016-11-30": "1422.70000", "2016-08-31": "1340.40000", "2016-05-31": "1269.50000", "2016-02-29": "1090.60000", "2015-11-30": "1238.60000", "2015-08-31": "1404.60000", "2015-05-31": "1338.80000", "2015-02-28": "1221.00000", "2014-11-30": "1122.00000", "2014-08-31": "1077.60000", "2014-05-31": "1002.80000", "2014-02-28": "1012.10000", "2013-11-30": "1063.10000", "2013-08-31": "1054.30000", "2013-05-31": "1226.20000", "2013-02-28": "1115.50000", "2012-11-30": "1187.60000", "2012-08-31": "902.60000", "2012-05-31": "900.30000", "2012-02-29": "959.90000", "2011-11-30": "993.30000", "2011-08-31": "639.50000", "2011-05-31": "846.50000", "2011-02-28": "806.70000", "2010-11-30": "834.80000", "2010-08-31": "798.50000", "2010-05-31": "709.30000", "2010-02-28": "715.50000", "2009-11-30": "818.20000", "2009-08-31": "854.30000", "2009-05-31": "856.70000", "2009-02-28": "932.30000", "2008-11-30": "1034.10000", "2008-08-31": "1057.10000", "2008-05-31": "756.70000", "2008-02-29": "737.70000", "2007-11-30": "861.30000", "2007-08-31": "1004.00000", "2007-05-31": "895.10000", "2007-02-28": "895.74100", "2006-11-30": "780.50000", "2006-08-31": "689.67400", "2006-05-31": "703.37000", "2006-02-28": "680.10400", "2005-11-30": "699.00000", "2005-08-31": "897.94400", "2005-05-31": "882.60000", "2005-02-28": "850.67400"}, "Long Term Debt": {"2020-11-30": "3753.80000", "2020-08-31": "3737.50000", "2020-05-31": "4113.60000", "2020-02-29": "3627.90000", "2019-11-30": "3625.80000", "2019-08-31": "3843.10000", "2019-05-31": "3977.50000", "2019-02-28": "4034.00000", "2018-11-30": "4052.90000", "2018-08-31": "4269.80000", "2018-05-31": "4456.20000", "2018-02-28": "4378.60000", "2017-11-30": "4443.90000", "2017-08-31": "4702.30000", "2017-05-31": "804.30000", "2017-02-28": "803.50000", "2016-11-30": "1054.00000", "2016-08-31": "1056.70000", "2016-05-31": "1054.00000", "2016-02-29": "1055.00000", "2015-11-30": "1051.40000", "2015-08-31": "807.20000", "2015-05-31": "807.90000", "2015-02-28": "806.80000", "2014-11-30": "1014.10000", "2014-08-31": "1014.30000", "2014-05-31": "1016.80000", "2014-02-28": "1016.60000", "2013-11-30": "1019.00000", "2013-08-31": "1018.60000", "2013-05-31": "774.40000", "2013-02-28": "776.00000", "2012-11-30": "779.20000", "2012-08-31": "1026.20000", "2012-05-31": "1027.70000", "2012-02-29": "1028.70000", "2011-11-30": "1029.70000", "2011-08-31": "1031.70000", "2011-05-31": "781.20000", "2011-02-28": "775.70000", "2010-11-30": "779.90000", "2010-08-31": "779.50000", "2010-05-31": "874.60000", "2010-02-28": "872.30000", "2009-11-30": "875.00000", "2009-08-31": "870.90000", "2009-05-31": "885.40000", "2009-02-28": "884.40000", "2008-11-30": "885.20000", "2008-08-31": "878.20000", "2008-05-31": "626.90000", "2008-02-29": "676.70000", "2007-11-30": "573.50000", "2007-08-31": "418.00000", "2007-05-31": "415.80000", "2007-02-28": "418.42600", "2006-11-30": "569.60000", "2006-08-31": "566.14000", "2006-05-31": "462.95700", "2006-02-28": "467.65900", "2005-11-30": "463.90000", "2005-08-31": "268.94200", "2005-05-31": "271.20200", "2005-02-28": "295.52400"}, "Other Non-Current Liabilities": {"2020-11-30": "622.20000", "2020-08-31": "519.30000", "2020-05-31": "516.60000", "2020-02-29": "517.40000", "2019-11-30": "427.60000", "2019-08-31": "310.70000", "2019-05-31": "310.10000", "2019-02-28": "317.70000", "2018-11-30": "313.10000", "2018-08-31": "373.40000", "2018-05-31": "380.70000", "2018-02-28": "378.20000", "2017-11-30": "329.20000", "2017-08-31": "305.60000", "2017-05-31": "330.60000", "2017-02-28": "354.70000", "2016-11-30": "441.20000", "2016-08-31": "383.90000", "2016-05-31": "510.60000", "2016-02-29": "492.50000", "2015-11-30": "495.70000", "2015-08-31": "516.70000", "2015-05-31": "496.40000", "2015-02-28": "465.80000", "2014-11-30": "468.80000", "2014-08-31": "410.20000", "2014-05-31": "409.80000", "2014-02-28": "413.60000", "2013-11-30": "419.90000", "2013-08-31": "482.60000", "2013-05-31": "474.50000", "2013-02-28": "469.80000", "2012-11-30": "498.40000", "2012-08-31": "404.20000", "2012-05-31": "398.80000", "2012-02-29": "398.50000", "2011-11-30": "446.30000", "2011-08-31": "323.00000", "2011-05-31": "319.60000", "2011-02-28": "318.70000", "2010-11-30": "342.30000", "2010-08-31": "304.90000", "2010-05-31": "321.10000", "2010-02-28": "326.00000", "2009-11-30": "351.10000", "2009-08-31": "240.90000", "2009-05-31": "226.50000", "2009-02-28": "242.80000", "2008-11-30": "245.70000", "2008-08-31": "279.80000", "2008-05-31": "282.30000", "2008-02-29": "288.50000", "2007-11-30": "267.60000", "2007-08-31": "282.00000", "2007-05-31": "264.10000", "2007-02-28": "255.89300", "2006-11-30": "281.00000", "2006-08-31": "285.13400", "2006-05-31": "283.67600", "2006-02-28": "269.96100", "2005-11-30": "280.70000", "2005-08-31": "245.93300", "2005-05-31": "197.74500", "2005-02-28": "193.72400"}, "Total Long Term Liabilities": {"2020-11-30": "5103.20000", "2020-08-31": "4961.20000", "2020-05-31": "5331.50000", "2020-02-29": "4844.70000", "2019-11-30": "4751.00000", "2019-08-31": "4855.00000", "2019-05-31": "4994.00000", "2019-02-28": "5056.10000", "2018-11-30": "5072.50000", "2018-08-31": "5310.90000", "2018-05-31": "5496.80000", "2018-02-28": "5419.10000", "2017-11-30": "5867.60000", "2017-08-31": "6114.20000", "2017-05-31": "1261.30000", "2017-02-28": "1281.10000", "2016-11-30": "1575.10000", "2016-08-31": "1563.30000", "2016-05-31": "1564.60000", "2016-02-29": "1547.50000", "2015-11-30": "1547.10000", "2015-08-31": "1323.90000", "2015-05-31": "1304.30000", "2015-02-28": "1272.60000", "2014-11-30": "1482.90000", "2014-08-31": "1424.50000", "2014-05-31": "1426.60000", "2014-02-28": "1430.20000", "2013-11-30": "1438.90000", "2013-08-31": "1501.20000", "2013-05-31": "1248.90000", "2013-02-28": "1245.80000", "2012-11-30": "1277.60000", "2012-08-31": "1430.40000", "2012-05-31": "1426.50000", "2012-02-29": "1427.20000", "2011-11-30": "1476.00000", "2011-08-31": "1354.70000", "2011-05-31": "1100.80000", "2011-02-28": "1094.40000", "2010-11-30": "1122.20000", "2010-08-31": "1084.40000", "2010-05-31": "1195.70000", "2010-02-28": "1198.30000", "2009-11-30": "1226.10000", "2009-08-31": "1111.80000", "2009-05-31": "1111.90000", "2009-02-28": "1127.20000", "2008-11-30": "1130.90000", "2008-08-31": "1158.00000", "2008-05-31": "909.20000", "2008-02-29": "965.20000", "2007-11-30": "841.10000", "2007-08-31": "700.00000", "2007-05-31": "684.40000", "2007-02-28": "678.34900", "2006-11-30": "854.20000", "2006-08-31": "854.54100", "2006-05-31": "749.99200", "2006-02-28": "768.56400", "2005-11-30": "773.80000", "2005-08-31": "544.70300", "2005-05-31": "498.07500", "2005-02-28": "521.45400"}, "Total Liabilities": {"2020-11-30": "8149.70000", "2020-08-31": "6914.70000", "2020-05-31": "6913.80000", "2020-02-29": "6917.10000", "2019-11-30": "6905.40000", "2019-08-31": "6885.40000", "2019-05-31": "6854.10000", "2019-02-28": "6885.20000", "2018-11-30": "7074.20000", "2018-08-31": "7166.00000", "2018-05-31": "7343.50000", "2018-02-28": "7290.60000", "2017-11-30": "7814.90000", "2017-08-31": "7848.40000", "2017-05-31": "3062.70000", "2017-02-28": "3019.50000", "2016-11-30": "2997.80000", "2016-08-31": "2903.70000", "2016-05-31": "2834.10000", "2016-02-29": "2638.10000", "2015-11-30": "2785.70000", "2015-08-31": "2728.50000", "2015-05-31": "2643.10000", "2015-02-28": "2493.60000", "2014-11-30": "2604.90000", "2014-08-31": "2502.10000", "2014-05-31": "2429.40000", "2014-02-28": "2442.30000", "2013-11-30": "2502.00000", "2013-08-31": "2555.50000", "2013-05-31": "2475.10000", "2013-02-28": "2361.30000", "2012-11-30": "2465.20000", "2012-08-31": "2333.00000", "2012-05-31": "2326.80000", "2012-02-29": "2387.10000", "2011-11-30": "2469.30000", "2011-08-31": "1994.20000", "2011-05-31": "1947.30000", "2011-02-28": "1901.10000", "2010-11-30": "1957.00000", "2010-08-31": "1882.90000", "2010-05-31": "1905.00000", "2010-02-28": "1913.80000", "2009-11-30": "2044.30000", "2009-08-31": "1966.10000", "2009-05-31": "1968.60000", "2009-02-28": "2059.50000", "2008-11-30": "2165.00000", "2008-08-31": "2215.10000", "2008-05-31": "1665.90000", "2008-02-29": "1702.90000", "2007-11-30": "1702.40000", "2007-08-31": "1704.00000", "2007-05-31": "1579.50000", "2007-02-28": "1574.09000", "2006-11-30": "1634.70000", "2006-08-31": "1544.21500", "2006-05-31": "1453.36200", "2006-02-28": "1448.66800", "2005-11-30": "1472.80000", "2005-08-31": "1442.64700", "2005-05-31": "1380.67500", "2005-02-28": "1372.12800"}, "Common Stock Net": {"2020-11-30": "1981.30000", "2020-08-31": "1971.60000", "2020-05-31": "1938.90000", "2020-02-29": "1901.50000", "2019-11-30": "1888.60000", "2019-08-31": "1877.20000", "2019-05-31": "1835.00000", "2019-02-28": "1780.50000", "2018-11-30": "1770.60000", "2018-08-31": "1732.10000", "2018-05-31": "1705.30000", "2018-02-28": "1692.20000", "2017-11-30": "1672.90000", "2017-08-31": "1663.60000", "2017-05-31": "1103.20000", "2017-02-28": "1091.10000", "2016-11-30": "1084.20000", "2016-08-31": "1082.90000", "2016-05-31": "1074.40000", "2016-02-29": "1047.60000", "2015-11-30": "1039.60000", "2015-08-31": "1033.80000", "2015-05-31": "1019.60000", "2015-02-28": "1006.80000", "2014-11-30": "995.60000", "2014-08-31": "988.50000", "2014-05-31": "984.10000", "2014-02-28": "971.70000", "2013-11-30": "962.40000", "2013-08-31": "955.10000", "2013-05-31": "947.70000", "2013-02-28": "921.90000", "2012-11-30": "908.20000", "2012-08-31": "885.80000", "2012-05-31": "862.70000", "2012-02-29": "840.90000", "2011-11-30": "821.90000", "2011-08-31": "806.80000", "2011-05-31": "787.80000", "2011-02-28": "772.00000", "2010-11-30": "756.50000", "2010-08-31": "700.40000", "2010-05-31": "685.70000", "2010-02-28": "656.00000", "2009-11-30": "634.00000", "2009-08-31": "608.20000", "2009-05-31": "598.20000", "2009-02-28": "588.70000", "2008-11-30": "581.80000", "2008-08-31": "578.10000", "2008-05-31": "538.60000", "2008-02-29": "512.80000", "2007-11-30": "501.00000", "2007-08-31": "489.40000", "2007-05-31": "480.90000", "2007-02-28": "465.67300", "2006-11-30": "444.30000", "2006-08-31": "431.62800", "2006-05-31": "420.11300", "2006-02-28": "402.51600", "2005-11-30": "386.90000", "2005-08-31": "383.73300", "2005-05-31": "372.12700", "2005-02-28": "356.37100"}, "Retained Earnings (Accumulated Deficit)": {"2020-11-30": "2415.60000", "2020-08-31": "2391.00000", "2020-05-31": "2288.70000", "2020-02-29": "2179.90000", "2019-11-30": "2055.80000", "2019-08-31": "2019.80000", "2019-05-31": "1918.60000", "2019-02-28": "1877.90000", "2018-11-30": "1760.20000", "2018-08-31": "1723.70000", "2018-05-31": "1631.60000", "2018-02-28": "1592.30000", "2017-11-30": "1166.50000", "2017-08-31": "1123.90000", "2017-05-31": "1074.20000", "2017-02-28": "1073.10000", "2016-11-30": "1056.80000", "2016-08-31": "1074.70000", "2016-05-31": "1069.80000", "2016-02-29": "1086.30000", "2015-11-30": "1036.70000", "2015-08-31": "1065.10000", "2015-05-31": "1020.40000", "2015-02-28": "992.00000", "2014-11-30": "982.60000", "2014-08-31": "993.60000", "2014-05-31": "969.30000", "2014-02-28": "993.20000", "2013-11-30": "970.40000", "2013-08-31": "1011.90000", "2013-05-31": "953.20000", "2013-02-28": "948.30000", "2012-11-30": "934.60000", "2012-08-31": "909.60000", "2012-05-31": "885.90000", "2012-02-29": "869.00000", "2011-11-30": "838.80000", "2011-08-31": "785.70000", "2011-05-31": "732.70000", "2011-02-28": "731.30000", "2010-11-30": "700.90000", "2010-08-31": "709.60000", "2010-05-31": "670.10000", "2010-02-28": "653.40000", "2009-11-30": "591.50000", "2009-08-31": "542.30000", "2009-05-31": "499.50000", "2009-02-28": "481.60000", "2008-11-30": "425.40000", "2008-08-31": "403.30000", "2008-05-31": "380.50000", "2008-02-29": "360.40000", "2007-11-30": "323.80000", "2007-08-31": "298.80000", "2007-05-31": "355.40000", "2007-02-28": "381.95100", "2006-11-30": "348.70000", "2006-08-31": "378.89300", "2006-05-31": "384.09500", "2006-02-28": "388.40200", "2005-11-30": "385.40000", "2005-08-31": "383.47600", "2005-05-31": "375.72100", "2005-02-28": "425.82600"}, "Comprehensive Income": {"2020-11-30": "-470.80000", "2020-08-31": "-429.90000", "2020-05-31": "-577.70000", "2020-02-29": "-519.50000", "2019-11-30": "-500.20000", "2019-08-31": "-428.30000", "2019-05-31": "-382.70000", "2019-02-28": "-327.40000", "2018-11-30": "-359.90000", "2018-08-31": "-354.10000", "2018-05-31": "-308.40000", "2018-02-28": "-224.30000", "2017-11-30": "-279.50000", "2017-08-31": "-265.90000", "2017-05-31": "-379.30000", "2017-02-28": "-445.00000", "2016-11-30": "-514.40000", "2016-08-31": "-400.20000", "2016-05-31": "-387.70000", "2016-02-29": "-423.70000", "2015-11-30": "-406.10000", "2015-08-31": "-353.60000", "2015-05-31": "-324.70000", "2015-02-28": "-314.90000", "2014-11-30": "-186.00000", "2014-08-31": "-29.60000", "2014-05-31": "8.80000", "2014-02-28": "6.60000", "2013-11-30": "-0.30000", "2013-08-31": "-183.60000", "2013-05-31": "-184.20000", "2013-02-28": "-163.00000", "2012-11-30": "-159.90000", "2012-08-31": "-89.50000", "2012-05-31": "-127.30000", "2012-02-29": "-35.60000", "2011-11-30": "-59.00000", "2011-08-31": "118.80000", "2011-05-31": "112.40000", "2011-02-28": "64.10000", "2010-11-30": "-3.70000", "2010-08-31": "-37.00000", "2010-05-31": "-76.70000", "2010-02-28": "13.00000", "2009-11-30": "109.10000", "2009-08-31": "181.20000", "2009-05-31": "161.70000", "2009-02-28": "24.10000", "2008-11-30": "48.10000", "2008-08-31": "233.80000", "2008-05-31": "315.40000", "2008-02-29": "282.20000", "2007-11-30": "260.30000", "2007-08-31": "181.10000", "2007-05-31": "168.30000", "2007-02-28": "140.18000", "2006-11-30": "140.30000", "2006-08-31": "105.98200", "2006-05-31": "105.84500", "2006-02-28": "41.34000", "2005-11-30": "27.60000", "2005-08-31": "61.78600", "2005-05-31": "58.14000", "2005-02-28": "122.35000"}, "Other Share Holders Equity": {"2020-11-30": "", "2020-08-31": "", "2020-05-31": "", "2020-02-29": "", "2019-11-30": "", "2019-08-31": "", "2019-05-31": "", "2019-02-28": "", "2018-11-30": "", "2018-08-31": "", "2018-05-31": "", "2018-02-28": "", "2017-11-30": "", "2017-08-31": "", "2017-05-31": "", "2017-02-28": "", "2016-11-30": "", "2016-08-31": "", "2016-05-31": "", "2016-02-29": "", "2015-11-30": "", "2015-08-31": "", "2015-05-31": "", "2015-02-28": "", "2014-11-30": "", "2014-08-31": "", "2014-05-31": "", "2014-02-28": "", "2013-11-30": "", "2013-08-31": "", "2013-05-31": "", "2013-02-28": "", "2012-11-30": "", "2012-08-31": "", "2012-05-31": "", "2012-02-29": "", "2011-11-30": "", "2011-08-31": "", "2011-05-31": "", "2011-02-28": "", "2010-11-30": "", "2010-08-31": "", "2010-05-31": "", "2010-02-28": "", "2009-11-30": "", "2009-08-31": "", "2009-05-31": "", "2009-02-28": "", "2008-11-30": "", "2008-08-31": "", "2008-05-31": "", "2008-02-29": "", "2007-11-30": "", "2007-08-31": "", "2007-05-31": "", "2007-02-28": "", "2006-11-30": "", "2006-08-31": "", "2006-05-31": "", "2006-02-28": "", "2005-11-30": "", "2005-08-31": "", "2005-05-31": "", "2005-02-28": ""}, "Share Holder Equity": {"2020-11-30": "3940.00000", "2020-08-31": "3946.00000", "2020-05-31": "3662.30000", "2020-02-29": "3574.60000", "2019-11-30": "3456.70000", "2019-08-31": "3480.60000", "2019-05-31": "3382.60000", "2019-02-28": "3342.70000", "2018-11-30": "3182.20000", "2018-08-31": "3112.00000", "2018-05-31": "3040.30000", "2018-02-28": "3072.40000", "2017-11-30": "2570.90000", "2017-08-31": "2533.30000", "2017-05-31": "1809.40000", "2017-02-28": "1731.60000", "2016-11-30": "1638.10000", "2016-08-31": "1774.60000", "2016-05-31": "1773.50000", "2016-02-29": "1726.90000", "2015-11-30": "1686.90000", "2015-08-31": "1762.20000", "2015-05-31": "1735.30000", "2015-02-28": "1703.90000", "2014-11-30": "1809.40000", "2014-08-31": "1970.00000", "2014-05-31": "1979.90000", "2014-02-28": "1987.40000", "2013-11-30": "1947.70000", "2013-08-31": "1797.50000", "2013-05-31": "1733.70000", "2013-02-28": "1724.80000", "2012-11-30": "1700.20000", "2012-08-31": "1724.00000", "2012-05-31": "1638.90000", "2012-02-29": "1692.60000", "2011-11-30": "1618.50000", "2011-08-31": "1720.40000", "2011-05-31": "1642.10000", "2011-02-28": "1576.50000", "2010-11-30": "1462.70000", "2010-08-31": "1381.80000", "2010-05-31": "1287.40000", "2010-02-28": "1331.60000", "2009-11-30": "1343.50000", "2009-08-31": "1340.30000", "2009-05-31": "1267.50000", "2009-02-28": "1101.50000", "2008-11-30": "1055.30000", "2008-08-31": "1215.20000", "2008-05-31": "1234.50000", "2008-02-29": "1155.40000", "2007-11-30": "1085.10000", "2007-08-31": "969.30000", "2007-05-31": "1004.60000", "2007-02-28": "987.80400", "2006-11-30": "933.30000", "2006-08-31": "916.50300", "2006-05-31": "910.05300", "2006-02-28": "832.25800", "2005-11-30": "799.90000", "2005-08-31": "828.99500", "2005-05-31": "805.98800", "2005-02-28": "904.54700"}, "Total Liabilities And Share Holders Equity": {"2020-11-30": "12089.70000", "2020-08-31": "10860.70000", "2020-05-31": "10576.10000", "2020-02-29": "10491.70000", "2019-11-30": "10362.10000", "2019-08-31": "10366.00000", "2019-05-31": "10236.70000", "2019-02-28": "10227.90000", "2018-11-30": "10256.40000", "2018-08-31": "10278.00000", "2018-05-31": "10383.80000", "2018-02-28": "10363.00000", "2017-11-30": "10385.80000", "2017-08-31": "10381.70000", "2017-05-31": "4872.10000", "2017-02-28": "4751.10000", "2016-11-30": "4635.90000", "2016-08-31": "4678.30000", "2016-05-31": "4607.60000", "2016-02-29": "4365.00000", "2015-11-30": "4472.60000", "2015-08-31": "4490.70000", "2015-05-31": "4378.40000", "2015-02-28": "4197.50000", "2014-11-30": "4414.30000", "2014-08-31": "4472.10000", "2014-05-31": "4409.30000", "2014-02-28": "4429.70000", "2013-11-30": "4449.70000", "2013-08-31": "4353.00000", "2013-05-31": "4208.80000", "2013-02-28": "4086.10000", "2012-11-30": "4165.40000", "2012-08-31": "4057.00000", "2012-05-31": "3965.70000", "2012-02-29": "4079.70000", "2011-11-30": "4087.80000", "2011-08-31": "3714.60000", "2011-05-31": "3589.40000", "2011-02-28": "3477.60000", "2010-11-30": "3419.70000", "2010-08-31": "3264.70000", "2010-05-31": "3192.40000", "2010-02-28": "3245.40000", "2009-11-30": "3387.80000", "2009-08-31": "3306.40000", "2009-05-31": "3236.10000", "2009-02-28": "3161.00000", "2008-11-30": "3220.30000", "2008-08-31": "3430.30000", "2008-05-31": "2900.40000", "2008-02-29": "2858.30000", "2007-11-30": "2787.50000", "2007-08-31": "2673.30000", "2007-05-31": "2584.10000", "2007-02-28": "2561.89400", "2006-11-30": "2568.00000", "2006-08-31": "2460.71800", "2006-05-31": "2363.41500", "2006-02-28": "2280.92600", "2005-11-30": "2272.70000", "2005-08-31": "2271.64200", "2005-05-31": "2186.66300", "2005-02-28": "2276.67500"}}, "cash flow statement": {"Net Income/Loss": {"2020-11-30": "747.40000", "2019-11-30": "702.70000", "2018-11-30": "933.40000", "2017-11-30": "477.40000", "2016-11-30": "472.30000", "2015-11-30": "401.60000", "2014-11-30": "437.90000", "2013-11-30": "389.00000", "2012-11-30": "407.80000", "2011-11-30": "374.20000", "2010-11-30": "370.20000", "2009-11-30": "299.80000", "2008-11-30": "255.80000", "2007-11-30": "230.10000", "2006-11-30": "202.20000", "2005-11-30": "214.90000"}, "Total Depreciation And Amortization - Cash Flow": {"2020-11-30": "165.00000", "2019-11-30": "158.80000", "2018-11-30": "150.70000", "2017-11-30": "146.10000", "2016-11-30": "108.70000", "2015-11-30": "105.90000", "2014-11-30": "102.70000", "2013-11-30": "106.00000", "2012-11-30": "102.80000", "2011-11-30": "98.30000", "2010-11-30": "95.10000", "2009-11-30": "94.30000", "2008-11-30": "85.60000", "2007-11-30": "82.60000", "2006-11-30": "84.30000", "2005-11-30": "74.60000"}, "Other Non-Cash Items": {"2020-11-30": "26.30000", "2019-11-30": "47.30000", "2018-11-30": "-253.70000", "2017-11-30": "55.20000", "2016-11-30": "-4.40000", "2015-11-30": "46.90000", "2014-11-30": "17.20000", "2013-11-30": "25.40000", "2012-11-30": "39.40000", "2011-11-30": "42.60000", "2010-11-30": "14.80000", "2009-11-30": "31.60000", "2008-11-30": "10.30000", "2007-11-30": "9.50000", "2006-11-30": "-25.70000", "2005-11-30": "14.50000"}, "Total Non-Cash Items": {"2020-11-30": "191.30000", "2019-11-30": "206.10000", "2018-11-30": "-103.00000", "2017-11-30": "201.30000", "2016-11-30": "104.30000", "2015-11-30": "152.80000", "2014-11-30": "119.90000", "2013-11-30": "131.40000", "2012-11-30": "142.20000", "2011-11-30": "140.90000", "2010-11-30": "109.90000", "2009-11-30": "125.90000", "2008-11-30": "95.90000", "2007-11-30": "92.10000", "2006-11-30": "58.60000", "2005-11-30": "89.10000"}, "Change In Accounts Receivable": {"2020-11-30": "4.80000", "2019-11-30": "12.20000", "2018-11-30": "19.80000", "2017-11-30": "-13.00000", "2016-11-30": "-21.00000", "2015-11-30": "15.60000", "2014-11-30": "-16.40000", "2013-11-30": "-29.20000", "2012-11-30": "-38.80000", "2011-11-30": "-8.60000", "2010-11-30": "-38.20000", "2009-11-30": "45.80000", "2008-11-30": "-7.70000", "2007-11-30": "-36.90000", "2006-11-30": "14.90000", "2005-11-30": "16.80000"}, "Change In Inventories": {"2020-11-30": "-200.20000", "2019-11-30": "-20.90000", "2018-11-30": "-10.00000", "2017-11-30": "44.60000", "2016-11-30": "-39.00000", "2015-11-30": "-18.00000", "2014-11-30": "-54.40000", "2013-11-30": "-59.90000", "2012-11-30": "1.20000", "2011-11-30": "-111.30000", "2010-11-30": "-26.80000", "2009-11-30": "15.60000", "2008-11-30": "-26.80000", "2007-11-30": "-7.90000", "2006-11-30": "-42.30000", "2005-11-30": "-3.00000"}, "Change In Accounts Payable": {"2020-11-30": "164.20000", "2019-11-30": "128.20000", "2018-11-30": "72.80000", "2017-11-30": "98.20000", "2016-11-30": "47.00000", "2015-11-30": "40.40000", "2014-11-30": "-6.70000", "2013-11-30": "12.10000", "2012-11-30": "8.20000", "2011-11-30": "49.30000", "2010-11-30": "10.50000", "2009-11-30": "3.40000", "2008-11-30": "40.80000", "2007-11-30": "8.90000", "2006-11-30": "19.10000", "2005-11-30": "9.40000"}, "Change In Assets/Liabilities": {"2020-11-30": "133.80000", "2019-11-30": "-81.50000", "2018-11-30": "-91.80000", "2017-11-30": "6.80000", "2016-11-30": "94.50000", "2015-11-30": "-2.40000", "2014-11-30": "23.30000", "2013-11-30": "21.80000", "2012-11-30": "-65.60000", "2011-11-30": "-104.50000", "2010-11-30": "-38.10000", "2009-11-30": "-74.70000", "2008-11-30": "-43.40000", "2007-11-30": "-61.80000", "2006-11-30": "58.30000", "2005-11-30": "5.00000"}, "Total Change In Assets/Liabilities": {"2020-11-30": "102.60000", "2019-11-30": "38.00000", "2018-11-30": "-9.20000", "2017-11-30": "136.60000", "2016-11-30": "81.50000", "2015-11-30": "35.60000", "2014-11-30": "-54.20000", "2013-11-30": "-55.20000", "2012-11-30": "-95.00000", "2011-11-30": "-175.10000", "2010-11-30": "-92.60000", "2009-11-30": "-9.90000", "2008-11-30": "-37.10000", "2007-11-30": "-97.70000", "2006-11-30": "50.00000", "2005-11-30": "28.20000"}, "Cash Flow From Operating Activities": {"2020-11-30": "1041.30000", "2019-11-30": "946.80000", "2018-11-30": "821.20000", "2017-11-30": "815.30000", "2016-11-30": "658.10000", "2015-11-30": "590.00000", "2014-11-30": "503.60000", "2013-11-30": "465.20000", "2012-11-30": "455.00000", "2011-11-30": "340.00000", "2010-11-30": "387.50000", "2009-11-30": "415.80000", "2008-11-30": "314.60000", "2007-11-30": "224.50000", "2006-11-30": "310.80000", "2005-11-30": "332.20000"}, "Net Change In Property, Plant, And Equipment": {"2020-11-30": "-225.30000", "2019-11-30": "-173.70000", "2018-11-30": "-169.10000", "2017-11-30": "-182.40000", "2016-11-30": "-152.10000", "2015-11-30": "-128.00000", "2014-11-30": "-131.60000", "2013-11-30": "-97.40000", "2012-11-30": "-109.00000", "2011-11-30": "-96.10000", "2010-11-30": "-82.80000", "2009-11-30": "-81.80000", "2008-11-30": "-67.70000", "2007-11-30": "-76.90000", "2006-11-30": "-78.70000", "2005-11-30": "-64.50000"}, "Net Change In Intangible Assets": {"2020-11-30": "", "2019-11-30": "", "2018-11-30": "", "2017-11-30": "", "2016-11-30": "", "2015-11-30": "", "2014-11-30": "", "2013-11-30": "", "2012-11-30": "", "2011-11-30": "", "2010-11-30": "", "2009-11-30": "", "2008-11-30": "", "2007-11-30": "", "2006-11-30": "", "2005-11-30": ""}, "Net Acquisitions/Divestitures": {"2020-11-30": "-803.00000", "2019-11-30": "", "2018-11-30": "-4.20000", "2017-11-30": "-4327.40000", "2016-11-30": "-120.60000", "2015-11-30": "-210.90000", "2014-11-30": "", "2013-11-30": "-142.30000", "2012-11-30": "", "2011-11-30": "-441.40000", "2010-11-30": "-46.90000", "2009-11-30": "", "2008-11-30": "-679.30000", "2007-11-30": "-15.90000", "2006-11-30": "-102.60000", "2005-11-30": "-5.50000"}, "Net Change In Short-term Investments": {"2020-11-30": "", "2019-11-30": "", "2018-11-30": "", "2017-11-30": "", "2016-11-30": "", "2015-11-30": "", "2014-11-30": "", "2013-11-30": "", "2012-11-30": "", "2011-11-30": "", "2010-11-30": "", "2009-11-30": "", "2008-11-30": "", "2007-11-30": "", "2006-11-30": "", "2005-11-30": ""}, "Net Change In Long-Term Investments": {"2020-11-30": "", "2019-11-30": "", "2018-11-30": "", "2017-11-30": "", "2016-11-30": "", "2015-11-30": "", "2014-11-30": "", "2013-11-30": "", "2012-11-30": "", "2011-11-30": "", "2010-11-30": "", "2009-11-30": "", "2008-11-30": "", "2007-11-30": "", "2006-11-30": "", "2005-11-30": ""}, "Net Change In Investments - Total": {"2020-11-30": "", "2019-11-30": "", "2018-11-30": "", "2017-11-30": "", "2016-11-30": "", "2015-11-30": "", "2014-11-30": "", "2013-11-30": "", "2012-11-30": "", "2011-11-30": "", "2010-11-30": "", "2009-11-30": "", "2008-11-30": "", "2007-11-30": "", "2006-11-30": "", "2005-11-30": ""}, "Investing Activities - Other": {"2020-11-30": "2.70000", "2019-11-30": "2.70000", "2018-11-30": "14.80000", "2017-11-30": "1.50000", "2016-11-30": "5.60000", "2015-11-30": "", "2014-11-30": "", "2013-11-30": "", "2012-11-30": "", "2011-11-30": "", "2010-11-30": "", "2009-11-30": "", "2008-11-30": "", "2007-11-30": "", "2006-11-30": "9.20000", "2005-11-30": ""}, "Cash Flow From Investing Activities": {"2020-11-30": "-1025.60000", "2019-11-30": "-171.00000", "2018-11-30": "-158.50000", "2017-11-30": "-4508.30000", "2016-11-30": "-267.10000", "2015-11-30": "-338.90000", "2014-11-30": "-131.60000", "2013-11-30": "-239.70000", "2012-11-30": "-109.00000", "2011-11-30": "-537.50000", "2010-11-30": "-129.70000", "2009-11-30": "-81.80000", "2008-11-30": "-747.00000", "2007-11-30": "-92.80000", "2006-11-30": "-172.10000", "2005-11-30": "-70.00000"}, "Net Long-Term Debt": {"2020-11-30": "269.30000", "2019-11-30": "-447.70000", "2018-11-30": "-772.00000", "2017-11-30": "3716.90000", "2016-11-30": "-196.00000", "2015-11-30": "245.40000", "2014-11-30": "-1.60000", "2013-11-30": "-5.20000", "2012-11-30": "-3.90000", "2011-11-30": "150.90000", "2010-11-30": "-14.40000", "2009-11-30": "-50.40000", "2008-11-30": "352.60000", "2007-11-30": "-0.50000", "2006-11-30": "102.00000", "2005-11-30": "-32.80000"}, "Net Current Debt": {"2020-11-30": "286.50000", "2019-11-30": "41.00000", "2018-11-30": "305.50000", "2017-11-30": "-134.60000", "2016-11-30": "251.70000", "2015-11-30": "-127.40000", "2014-11-30": "57.70000", "2013-11-30": "71.90000", "2012-11-30": "-76.60000", "2011-11-30": "216.70000", "2010-11-30": "-99.60000", "2009-11-30": "-201.80000", "2008-11-30": "156.50000", "2007-11-30": "66.00000", "2006-11-30": "-24.80000", "2005-11-30": "-34.80000"}, "Debt Issuance/Retirement Net - Total": {"2020-11-30": "555.80000", "2019-11-30": "-406.70000", "2018-11-30": "-466.50000", "2017-11-30": "3582.30000", "2016-11-30": "55.70000", "2015-11-30": "118.00000", "2014-11-30": "56.10000", "2013-11-30": "66.70000", "2012-11-30": "-80.50000", "2011-11-30": "367.60000", "2010-11-30": "-114.00000", "2009-11-30": "-252.20000", "2008-11-30": "509.10000", "2007-11-30": "65.50000", "2006-11-30": "77.20000", "2005-11-30": "-67.60000"}, "Net Common Equity Issued/Repurchased": {"2020-11-30": "9.30000", "2019-11-30": "-4.20000", "2018-11-30": "15.90000", "2017-11-30": "445.70000", "2016-11-30": "-205.90000", "2015-11-30": "-107.40000", "2014-11-30": "-212.60000", "2013-11-30": "-132.70000", "2012-11-30": "-79.10000", "2011-11-30": "-31.30000", "2010-11-30": "-8.90000", "2009-11-30": "35.80000", "2008-11-30": "37.80000", "2007-11-30": "-114.00000", "2006-11-30": "-109.40000", "2005-11-30": "-140.60000"}, "Net Total Equity Issued/Repurchased": {"2020-11-30": "9.30000", "2019-11-30": "-4.20000", "2018-11-30": "15.90000", "2017-11-30": "445.70000", "2016-11-30": "-205.90000", "2015-11-30": "-107.40000", "2014-11-30": "-212.60000", "2013-11-30": "-132.70000", "2012-11-30": "-79.10000", "2011-11-30": "-31.30000", "2010-11-30": "-8.90000", "2009-11-30": "35.80000", "2008-11-30": "37.80000", "2007-11-30": "-114.00000", "2006-11-30": "-109.40000", "2005-11-30": "-140.60000"}, "Total Common And Preferred Stock Dividends Paid": {"2020-11-30": "-330.10000", "2019-11-30": "-302.20000", "2018-11-30": "-273.40000", "2017-11-30": "-237.60000", "2016-11-30": "-217.80000", "2015-11-30": "-204.90000", "2014-11-30": "-192.40000", "2013-11-30": "-179.90000", "2012-11-30": "-164.70000", "2011-11-30": "-148.50000", "2010-11-30": "-138.20000", "2009-11-30": "-125.40000", "2008-11-30": "-113.50000", "2007-11-30": "-103.60000", "2006-11-30": "-95.00000", "2005-11-30": "-86.20000"}, "Financial Activities - Other": {"2020-11-30": "-14.10000", "2019-11-30": "-12.70000", "2018-11-30": "-27.10000", "2017-11-30": "-34.40000", "2016-11-30": "-3.50000", "2015-11-30": "-5.30000", "2014-11-30": "", "2013-11-30": "", "2012-11-30": "", "2011-11-30": "", "2010-11-30": "", "2009-11-30": "", "2008-11-30": "", "2007-11-30": "", "2006-11-30": "", "2005-11-30": ""}, "Cash Flow From Financial Activities": {"2020-11-30": "220.90000", "2019-11-30": "-725.80000", "2018-11-30": "-751.10000", "2017-11-30": "3756.00000", "2016-11-30": "-371.50000", "2015-11-30": "-199.60000", "2014-11-30": "-348.90000", "2013-11-30": "-245.90000", "2012-11-30": "-324.30000", "2011-11-30": "187.80000", "2010-11-30": "-261.10000", "2009-11-30": "-341.80000", "2008-11-30": "433.40000", "2007-11-30": "-152.10000", "2006-11-30": "-127.20000", "2005-11-30": "-294.40000"}, "Net Cash Flow": {"2020-11-30": "268.20000", "2019-11-30": "58.80000", "2018-11-30": "-90.20000", "2017-11-30": "68.40000", "2016-11-30": "5.80000", "2015-11-30": "35.30000", "2014-11-30": "14.30000", "2013-11-30": "-16.00000", "2012-11-30": "25.10000", "2011-11-30": "3.10000", "2010-11-30": "11.30000", "2009-11-30": "0.60000", "2008-11-30": "-7.00000", "2007-11-30": "-3.10000", "2006-11-30": "18.70000", "2005-11-30": "-40.00000"}, "Stock-Based Compensation": {"2020-11-30": "46.00000", "2019-11-30": "37.20000", "2018-11-30": "25.60000", "2017-11-30": "23.90000", "2016-11-30": "25.60000", "2015-11-30": "18.70000", "2014-11-30": "18.20000", "2013-11-30": "18.70000", "2012-11-30": "20.20000", "2011-11-30": "13.00000", "2010-11-30": "11.90000", "2009-11-30": "12.70000", "2008-11-30": "18.20000", "2007-11-30": "21.40000", "2006-11-30": "24.90000", "2005-11-30": ""}, "Common Stock Dividends Paid": {"2020-11-30": "-330.10000", "2019-11-30": "-302.20000", "2018-11-30": "-273.40000", "2017-11-30": "-237.60000", "2016-11-30": "-217.80000", "2015-11-30": "-204.90000", "2014-11-30": "-192.40000", "2013-11-30": "-179.90000", "2012-11-30": "-164.70000", "2011-11-30": "-148.50000", "2010-11-30": "-138.20000", "2009-11-30": "-125.40000", "2008-11-30": "-113.50000", "2007-11-30": "-103.60000", "2006-11-30": "-95.00000", "2005-11-30": "-86.20000"}}, "cash flow statement, quarterly": {"Net Income/Loss": {"2020-11-30": 200.7, "2020-08-31": 206.1, "2020-05-31": 195.9, "2020-02-29": "144.70000", "2019-11-30": 213.4, "2019-08-31": 191.9, "2019-05-31": 149.4, "2019-02-28": "148.00000", "2018-11-30": 214, "2018-08-31": 173.5, "2018-05-31": 123.3, "2018-02-28": "422.60000", "2017-11-30": 175.7, "2017-08-31": 108.2, "2017-05-31": 100, "2017-02-28": "93.50000", "2016-11-30": 157.4, "2016-08-31": 127.7, "2016-05-31": 93.8, "2016-02-29": "93.40000", "2015-11-30": 149.2, "2015-08-31": 97.6, "2015-05-31": 84.3, "2015-02-28": "70.50000", "2014-11-30": 148, "2014-08-31": 122.9, "2014-05-31": 84.5, "2014-02-28": "82.50000", "2013-11-30": 130, "2013-08-31": 104.4, "2013-05-31": 78.6, "2013-02-28": "76.00000", "2012-11-30": 148.5, "2012-08-31": 104.4, "2012-05-31": 80.4, "2012-02-29": "74.50000", "2011-11-30": 131.8, "2011-08-31": 92, "2011-05-31": 73.6, "2011-02-28": "76.80000", "2010-11-30": 133.7, "2010-08-31": 102.3, "2010-05-31": 66.3, "2010-02-28": "67.90000", "2009-11-30": 116.3, "2009-08-31": 75.1, "2009-05-31": 50.7, "2009-02-28": "57.70000", "2008-11-30": 82.4, "2008-08-31": 68.6, "2008-05-31": 53.4, "2008-02-29": "51.40000", "2007-11-30": 87.6, "2007-08-31": 56.8, "2007-05-31": 41.472, "2007-02-28": "44.22800", "2006-11-30": 83.1, "2006-08-31": 43.067, "2006-05-31": 61.645, "2006-02-28": "14.38800", "2005-11-30": 88.101, "2005-08-31": 47.97, "2005-05-31": 42.794, "2005-02-28": "36.03500"}, "Total Depreciation And Amortization - Cash Flow": {"2020-11-30": 41.1, "2020-08-31": 42.4, "2020-05-31": 39.6, "2020-02-29": "41.90000", "2019-11-30": 40.8, "2019-08-31": 39, "2019-05-31": 38.7, "2019-02-28": "40.30000", "2018-11-30": 39.1, "2018-08-31": 37.5, "2018-05-31": 37.5, "2018-02-28": "36.60000", "2017-11-30": 56.5, "2017-08-31": 31.5, "2017-05-31": 29.8, "2017-02-28": "28.30000", "2016-11-30": 26.4, "2016-08-31": 29.3, "2016-05-31": 26.6, "2016-02-29": "26.40000", "2015-11-30": 27.2, "2015-08-31": 26.2, "2015-05-31": 27.6, "2015-02-28": "24.90000", "2014-11-30": 24.6, "2014-08-31": 24.6, "2014-05-31": 26.7, "2014-02-28": "26.80000", "2013-11-30": 29.1, "2013-08-31": 25.2, "2013-05-31": 25.5, "2013-02-28": "26.20000", "2012-11-30": 26, "2012-08-31": 26.2, "2012-05-31": 24.8, "2012-02-29": "25.80000", "2011-11-30": 25.1, "2011-08-31": 24.7, "2011-05-31": 24.8, "2011-02-28": "23.70000", "2010-11-30": 25, "2010-08-31": 24.2, "2010-05-31": 22.8, "2010-02-28": "23.10000", "2009-11-30": 24.7, "2009-08-31": 22.5, "2009-05-31": 27.1, "2009-02-28": "20.00000", "2008-11-30": 21, "2008-08-31": 20.5, "2008-05-31": 21.7, "2008-02-29": "22.40000", "2007-11-30": 21.2, "2007-08-31": 21.5, "2007-05-31": 20.018, "2007-02-28": "19.88200", "2006-11-30": 23.018, "2006-08-31": 21.824, "2006-05-31": 21.373, "2006-02-28": "18.08500", "2005-11-30": 20.38, "2005-08-31": 18.727, "2005-05-31": 17.852, "2005-02-28": "17.64100"}, "Other Non-Cash Items": {"2020-11-30": -4.7, "2020-08-31": 8.4, "2020-05-31": 15.5, "2020-02-29": "7.10000", "2019-11-30": 20.2, "2019-08-31": 5.7, "2019-05-31": 13.4, "2019-02-28": "8.00000", "2018-11-30": 33.8, "2018-08-31": -5.8, "2018-05-31": 13, "2018-02-28": "-294.70000", "2017-11-30": 45, "2017-08-31": -0.5, "2017-05-31": 8, "2017-02-28": "2.70000", "2016-11-30": -23, "2016-08-31": 2.4, "2016-05-31": 13.7, "2016-02-29": "2.50000", "2015-11-30": 29.6, "2015-08-31": 3.5, "2015-05-31": 16.3, "2015-02-28": "-2.50000", "2014-11-30": 9.6, "2014-08-31": -5.6, "2014-05-31": 11.7, "2014-02-28": "1.50000", "2013-11-30": 22.2, "2013-08-31": -0.5, "2013-05-31": 4.5, "2013-02-28": "-0.80000", "2012-11-30": 27.3, "2012-08-31": 0.6, "2012-05-31": 13, "2012-02-29": "-1.50000", "2011-11-30": 39.5, "2011-08-31": -1, "2011-05-31": 8.6, "2011-02-28": "-4.50000", "2010-11-30": 16, "2010-08-31": -3.3, "2010-05-31": 5.6, "2010-02-28": "-3.50000", "2009-11-30": 21.5, "2009-08-31": 0.2, "2009-05-31": 9.6, "2009-02-28": "0.30000", "2008-11-30": 20.2, "2008-08-31": -23.3, "2008-05-31": 15, "2008-02-29": "-1.60000", "2007-11-30": -3, "2007-08-31": 0.2, "2007-05-31": 13.866, "2007-02-28": "-1.56600", "2006-11-30": -12.077, "2006-08-31": 1.096, "2006-05-31": -17.589, "2006-02-28": "2.87000", "2005-11-30": 17.785, "2005-08-31": -3.047, "2005-05-31": 0.718, "2005-02-28": "-0.95600"}, "Total Non-Cash Items": {"2020-11-30": 36.4, "2020-08-31": 50.8, "2020-05-31": 55.1, "2020-02-29": "49.00000", "2019-11-30": 61, "2019-08-31": 44.7, "2019-05-31": 52.1, "2019-02-28": "48.30000", "2018-11-30": 72.9, "2018-08-31": 31.7, "2018-05-31": 50.5, "2018-02-28": "-258.10000", "2017-11-30": 101.5, "2017-08-31": 31, "2017-05-31": 37.8, "2017-02-28": "31.00000", "2016-11-30": 3.4, "2016-08-31": 31.7, "2016-05-31": 40.3, "2016-02-29": "28.90000", "2015-11-30": 56.8, "2015-08-31": 29.7, "2015-05-31": 43.9, "2015-02-28": "22.40000", "2014-11-30": 34.2, "2014-08-31": 19, "2014-05-31": 38.4, "2014-02-28": "28.30000", "2013-11-30": 51.3, "2013-08-31": 24.7, "2013-05-31": 30, "2013-02-28": "25.40000", "2012-11-30": 53.3, "2012-08-31": 26.8, "2012-05-31": 37.8, "2012-02-29": "24.30000", "2011-11-30": 64.6, "2011-08-31": 23.7, "2011-05-31": 33.4, "2011-02-28": "19.20000", "2010-11-30": 41, "2010-08-31": 20.9, "2010-05-31": 28.4, "2010-02-28": "19.60000", "2009-11-30": 46.2, "2009-08-31": 22.7, "2009-05-31": 36.7, "2009-02-28": "20.30000", "2008-11-30": 41.2, "2008-08-31": -2.8, "2008-05-31": 36.7, "2008-02-29": "20.80000", "2007-11-30": 18.2, "2007-08-31": 21.7, "2007-05-31": 33.884, "2007-02-28": "18.31600", "2006-11-30": 10.941, "2006-08-31": 22.92, "2006-05-31": 3.784, "2006-02-28": "20.95500", "2005-11-30": 38.165, "2005-08-31": 15.68, "2005-05-31": 18.57, "2005-02-28": "16.68500"}, "Change In Accounts Receivable": {"2020-11-30": 4.8, "2020-08-31": 0, "2020-05-31": 0, "2020-02-29": "", "2019-11-30": 12.2, "2019-08-31": 0, "2019-05-31": 0, "2019-02-28": "", "2018-11-30": 19.8, "2018-08-31": 0, "2018-05-31": 0, "2018-02-28": "", "2017-11-30": -13, "2017-08-31": 0, "2017-05-31": 0, "2017-02-28": "", "2016-11-30": -21, "2016-08-31": 0, "2016-05-31": 0, "2016-02-29": "", "2015-11-30": 15.6, "2015-08-31": 0, "2015-05-31": 0, "2015-02-28": "", "2014-11-30": -16.4, "2014-08-31": 0, "2014-05-31": 0, "2014-02-28": "", "2013-11-30": -29.2, "2013-08-31": 0, "2013-05-31": 0, "2013-02-28": "", "2012-11-30": -38.8, "2012-08-31": 0, "2012-05-31": 0, "2012-02-29": "", "2011-11-30": -8.6, "2011-08-31": 0, "2011-05-31": 0, "2011-02-28": "", "2010-11-30": -38.2, "2010-08-31": 0, "2010-05-31": 0, "2010-02-28": "", "2009-11-30": 45.8, "2009-08-31": 0, "2009-05-31": 0, "2009-02-28": "", "2008-11-30": -7.7, "2008-08-31": 0, "2008-05-31": 0, "2008-02-29": "", "2007-11-30": -36.9, "2007-08-31": 0, "2007-05-31": 0, "2007-02-28": "", "2006-11-30": 14.9, "2006-08-31": 0, "2006-05-31": 0, "2006-02-28": "", "2005-11-30": 16.8, "2005-08-31": 0, "2005-05-31": 0, "2005-02-28": ""}, "Change In Inventories": {"2020-11-30": -200.2, "2020-08-31": 0, "2020-05-31": 0, "2020-02-29": "", "2019-11-30": -20.9, "2019-08-31": 0, "2019-05-31": 0, "2019-02-28": "", "2018-11-30": -10, "2018-08-31": 0, "2018-05-31": 0, "2018-02-28": "", "2017-11-30": 44.6, "2017-08-31": 0, "2017-05-31": 0, "2017-02-28": "", "2016-11-30": -39, "2016-08-31": 0, "2016-05-31": 0, "2016-02-29": "", "2015-11-30": -18, "2015-08-31": 0, "2015-05-31": 0, "2015-02-28": "", "2014-11-30": -54.4, "2014-08-31": 0, "2014-05-31": 0, "2014-02-28": "", "2013-11-30": -59.9, "2013-08-31": 0, "2013-05-31": 0, "2013-02-28": "", "2012-11-30": 1.2, "2012-08-31": 0, "2012-05-31": 0, "2012-02-29": "", "2011-11-30": -111.3, "2011-08-31": 0, "2011-05-31": 0, "2011-02-28": "", "2010-11-30": -26.8, "2010-08-31": 0, "2010-05-31": 0, "2010-02-28": "", "2009-11-30": 15.6, "2009-08-31": 0, "2009-05-31": 0, "2009-02-28": "", "2008-11-30": -26.8, "2008-08-31": 0, "2008-05-31": 0, "2008-02-29": "", "2007-11-30": -7.9, "2007-08-31": 0, "2007-05-31": 0, "2007-02-28": "", "2006-11-30": -42.3, "2006-08-31": 0, "2006-05-31": 0, "2006-02-28": "", "2005-11-30": -3, "2005-08-31": 0, "2005-05-31": 0, "2005-02-28": ""}, "Change In Accounts Payable": {"2020-11-30": 164.2, "2020-08-31": 0, "2020-05-31": 0, "2020-02-29": "", "2019-11-30": 128.2, "2019-08-31": 0, "2019-05-31": 0, "2019-02-28": "", "2018-11-30": 72.8, "2018-08-31": 0, "2018-05-31": 0, "2018-02-28": "", "2017-11-30": 98.2, "2017-08-31": 0, "2017-05-31": 0, "2017-02-28": "", "2016-11-30": 47, "2016-08-31": 0, "2016-05-31": 0, "2016-02-29": "", "2015-11-30": 40.4, "2015-08-31": 0, "2015-05-31": 0, "2015-02-28": "", "2014-11-30": -6.7, "2014-08-31": 0, "2014-05-31": 0, "2014-02-28": "", "2013-11-30": 12.1, "2013-08-31": 0, "2013-05-31": 0, "2013-02-28": "", "2012-11-30": 8.2, "2012-08-31": 0, "2012-05-31": 0, "2012-02-29": "", "2011-11-30": 49.3, "2011-08-31": 0, "2011-05-31": 0, "2011-02-28": "", "2010-11-30": 10.5, "2010-08-31": 0, "2010-05-31": 0, "2010-02-28": "", "2009-11-30": 3.4, "2009-08-31": 0, "2009-05-31": 0, "2009-02-28": "", "2008-11-30": 40.8, "2008-08-31": 0, "2008-05-31": 0, "2008-02-29": "", "2007-11-30": 8.9, "2007-08-31": 0, "2007-05-31": 0, "2007-02-28": "", "2006-11-30": 19.1, "2006-08-31": 0, "2006-05-31": 0, "2006-02-28": "", "2005-11-30": 9.4, "2005-08-31": 0, "2005-05-31": 0, "2005-02-28": ""}, "Change In Assets/Liabilities": {"2020-11-30": 208.7, "2020-08-31": 14.3, "2020-05-31": 59.7, "2020-02-29": "-148.90000", "2019-11-30": 58.3, "2019-08-31": -56.2, "2019-05-31": 9.1, "2019-02-28": "-92.70000", "2018-11-30": 62.7, "2018-08-31": -51.1, "2018-05-31": 81.6, "2018-02-28": "-185.00000", "2017-11-30": 105.3, "2017-08-31": -13.4, "2017-05-31": -4.9, "2017-02-28": "-80.20000", "2016-11-30": 187.9, "2016-08-31": -49.7, "2016-05-31": 0, "2016-02-29": "-43.70000", "2015-11-30": 29.4, "2015-08-31": 3.4, "2015-05-31": -38.2, "2015-02-28": "3.00000", "2014-11-30": 123.1, "2014-08-31": -48.2, "2014-05-31": -17.5, "2014-02-28": "-34.10000", "2013-11-30": 133.5, "2013-08-31": -34.4, "2013-05-31": -7.5, "2013-02-28": "-69.80000", "2012-11-30": 26.3, "2012-08-31": -19.3, "2012-05-31": 3.7, "2012-02-29": "-76.30000", "2011-11-30": 128.5, "2011-08-31": -66.3, "2011-05-31": -47.6, "2011-02-28": "-119.10000", "2010-11-30": 122.1, "2010-08-31": -43.2, "2010-05-31": -24.4, "2010-02-28": "-92.60000", "2009-11-30": -6.6, "2009-08-31": 0.6, "2009-05-31": 22.6, "2009-02-28": "-91.30000", "2008-11-30": 69.4, "2008-08-31": -43.2, "2008-05-31": -21.7, "2008-02-29": "-47.90000", "2007-11-30": 131.6, "2007-08-31": -47.5, "2007-05-31": -8.265, "2007-02-28": "-137.63500", "2006-11-30": 105.089, "2006-08-31": -24.67, "2006-05-31": 23.711, "2006-02-28": "-45.83000", "2005-11-30": 48.869, "2005-08-31": 3.635, "2005-05-31": 8.146, "2005-02-28": "-55.65000"}, "Total Change In Assets/Liabilities": {"2020-11-30": 177.5, "2020-08-31": 14.3, "2020-05-31": 59.7, "2020-02-29": "-148.90000", "2019-11-30": 177.8, "2019-08-31": -56.2, "2019-05-31": 9.1, "2019-02-28": "-92.70000", "2018-11-30": 145.3, "2018-08-31": -51.1, "2018-05-31": 81.6, "2018-02-28": "-185.00000", "2017-11-30": 235.1, "2017-08-31": -13.4, "2017-05-31": -4.9, "2017-02-28": "-80.20000", "2016-11-30": 174.9, "2016-08-31": -49.7, "2016-05-31": 0, "2016-02-29": "-43.70000", "2015-11-30": 67.4, "2015-08-31": 3.4, "2015-05-31": -38.2, "2015-02-28": "3.00000", "2014-11-30": 45.6, "2014-08-31": -48.2, "2014-05-31": -17.5, "2014-02-28": "-34.10000", "2013-11-30": 56.5, "2013-08-31": -34.4, "2013-05-31": -7.5, "2013-02-28": "-69.80000", "2012-11-30": -3.1, "2012-08-31": -19.3, "2012-05-31": 3.7, "2012-02-29": "-76.30000", "2011-11-30": 57.9, "2011-08-31": -66.3, "2011-05-31": -47.6, "2011-02-28": "-119.10000", "2010-11-30": 67.6, "2010-08-31": -43.2, "2010-05-31": -24.4, "2010-02-28": "-92.60000", "2009-11-30": 58.2, "2009-08-31": 0.6, "2009-05-31": 22.6, "2009-02-28": "-91.30000", "2008-11-30": 75.7, "2008-08-31": -43.2, "2008-05-31": -21.7, "2008-02-29": "-47.90000", "2007-11-30": 95.7, "2007-08-31": -47.5, "2007-05-31": -8.265, "2007-02-28": "-137.63500", "2006-11-30": 96.789, "2006-08-31": -24.67, "2006-05-31": 23.711, "2006-02-28": "-45.83000", "2005-11-30": 72.069, "2005-08-31": 3.635, "2005-05-31": 8.146, "2005-02-28": "-55.65000"}, "Cash Flow From Operating Activities": {"2020-11-30": 414.6, "2020-08-31": 271.2, "2020-05-31": 310.7, "2020-02-29": "44.80000", "2019-11-30": 452.2, "2019-08-31": 180.4, "2019-05-31": 210.6, "2019-02-28": "103.60000", "2018-11-30": 432.2, "2018-08-31": 154.1, "2018-05-31": 255.4, "2018-02-28": "-20.50000", "2017-11-30": 512.3, "2017-08-31": 125.8, "2017-05-31": 132.9, "2017-02-28": "44.30000", "2016-11-30": 335.7, "2016-08-31": 109.7, "2016-05-31": 134.1, "2016-02-29": "78.60000", "2015-11-30": 273.4, "2015-08-31": 130.7, "2015-05-31": 90, "2015-02-28": "95.90000", "2014-11-30": 227.8, "2014-08-31": 93.7, "2014-05-31": 105.4, "2014-02-28": "76.70000", "2013-11-30": 237.8, "2013-08-31": 94.7, "2013-05-31": 101.1, "2013-02-28": "31.60000", "2012-11-30": 198.7, "2012-08-31": 111.9, "2012-05-31": 121.9, "2012-02-29": "22.50000", "2011-11-30": 254.3, "2011-08-31": 49.4, "2011-05-31": 59.4, "2011-02-28": "-23.10000", "2010-11-30": 242.3, "2010-08-31": 80, "2010-05-31": 70.3, "2010-02-28": "-5.10000", "2009-11-30": 220.7, "2009-08-31": 98.4, "2009-05-31": 110, "2009-02-28": "-13.30000", "2008-11-30": 199.3, "2008-08-31": 22.6, "2008-05-31": 68.4, "2008-02-29": "24.30000", "2007-11-30": 201.5, "2007-08-31": 31, "2007-05-31": 67.091, "2007-02-28": "-75.09100", "2006-11-30": 190.83, "2006-08-31": 41.317, "2006-05-31": 89.14, "2006-02-28": "-10.48700", "2005-11-30": 198.335, "2005-08-31": 67.285, "2005-05-31": 69.51, "2005-02-28": "-2.93000"}, "Net Change In Property, Plant, And Equipment": {"2020-11-30": -79.7, "2020-08-31": -58.5, "2020-05-31": -48.6, "2020-02-29": "-38.50000", "2019-11-30": -66.6, "2019-08-31": -53, "2019-05-31": -28.7, "2019-02-28": "-25.40000", "2018-11-30": -56.5, "2018-08-31": -52.7, "2018-05-31": -28.6, "2018-02-28": "-31.30000", "2017-11-30": -74, "2017-08-31": -42.2, "2017-05-31": -37.5, "2017-02-28": "-28.70000", "2016-11-30": -65.1, "2016-08-31": -33.7, "2016-05-31": -31.1, "2016-02-29": "-22.20000", "2015-11-30": -58.3, "2015-08-31": -27.1, "2015-05-31": -27.1, "2015-02-28": "-15.50000", "2014-11-30": -54.4, "2014-08-31": -30.5, "2014-05-31": -28.7, "2014-02-28": "-18.00000", "2013-11-30": -45.4, "2013-08-31": -19.3, "2013-05-31": -22.2, "2013-02-28": "-10.50000", "2012-11-30": -47.5, "2012-08-31": -26.6, "2012-05-31": -20, "2012-02-29": "-14.90000", "2011-11-30": -38, "2011-08-31": -25, "2011-05-31": -18.9, "2011-02-28": "-14.20000", "2010-11-30": -36.4, "2010-08-31": -14.2, "2010-05-31": -23.4, "2010-02-28": "-8.80000", "2009-11-30": -28.5, "2009-08-31": -17.1, "2009-05-31": -20.8, "2009-02-28": "-15.40000", "2008-11-30": -25.8, "2008-08-31": -16.5, "2008-05-31": -8.2, "2008-02-29": "-17.20000", "2007-11-30": -26.3, "2007-08-31": -15.9, "2007-05-31": -19.294, "2007-02-28": "-15.40600", "2006-11-30": -27.329, "2006-08-31": -20.334, "2006-05-31": -15.719, "2006-02-28": "-15.31800", "2005-11-30": -19.305, "2005-08-31": -15.367, "2005-05-31": -15.87, "2005-02-28": "-13.95800"}, "Net Change In Intangible Assets": {"2020-11-30": 0, "2020-08-31": 0, "2020-05-31": 0, "2020-02-29": "", "2019-11-30": 0, "2019-08-31": 0, "2019-05-31": 0, "2019-02-28": "", "2018-11-30": 0, "2018-08-31": 0, "2018-05-31": 0, "2018-02-28": "", "2017-11-30": 0, "2017-08-31": 0, "2017-05-31": 0, "2017-02-28": "", "2016-11-30": 0, "2016-08-31": 0, "2016-05-31": 0, "2016-02-29": "", "2015-11-30": 0, "2015-08-31": 0, "2015-05-31": 0, "2015-02-28": "", "2014-11-30": 0, "2014-08-31": 0, "2014-05-31": 0, "2014-02-28": "", "2013-11-30": 0, "2013-08-31": 0, "2013-05-31": 0, "2013-02-28": "", "2012-11-30": 0, "2012-08-31": 0, "2012-05-31": 0, "2012-02-29": "", "2011-11-30": 0, "2011-08-31": 0, "2011-05-31": 0, "2011-02-28": "", "2010-11-30": 0, "2010-08-31": 0, "2010-05-31": 0, "2010-02-28": "", "2009-11-30": 0, "2009-08-31": 0, "2009-05-31": 0, "2009-02-28": "", "2008-11-30": 0, "2008-08-31": 0, "2008-05-31": 0, "2008-02-29": "", "2007-11-30": 0, "2007-08-31": 0, "2007-05-31": 0, "2007-02-28": "", "2006-11-30": 0, "2006-08-31": 0, "2006-05-31": 0, "2006-02-28": "", "2005-11-30": 0, "2005-08-31": 0, "2005-05-31": 0, "2005-02-28": ""}, "Net Acquisitions/Divestitures": {"2020-11-30": -803, "2020-08-31": 0, "2020-05-31": 0, "2020-02-29": "", "2019-11-30": 0, "2019-08-31": 0, "2019-05-31": 0, "2019-02-28": "", "2018-11-30": 0, "2018-08-31": 0, "2018-05-31": 0, "2018-02-28": "-4.20000", "2017-11-30": 0, "2017-08-31": -4203.4, "2017-05-31": 0, "2017-02-28": "-124.00000", "2016-11-30": -4.4, "2016-08-31": 1.9, "2016-05-31": -118.1, "2016-02-29": "", "2015-11-30": 0, "2015-08-31": -99.4, "2015-05-31": -111.5, "2015-02-28": "", "2014-11-30": 0, "2014-08-31": 0, "2014-05-31": 0, "2014-02-28": "", "2013-11-30": -12.3, "2013-08-31": -13.3, "2013-05-31": -115.9, "2013-02-28": "-0.80000", "2012-11-30": 0, "2012-08-31": 0, "2012-05-31": 0, "2012-02-29": "", "2011-11-30": -402.2, "2011-08-31": -39.2, "2011-05-31": 0, "2011-02-28": "", "2010-11-30": -46.9, "2010-08-31": 0, "2010-05-31": 0, "2010-02-28": "", "2009-11-30": 0, "2009-08-31": 0, "2009-05-31": 0, "2009-02-28": "", "2008-11-30": 17.5, "2008-08-31": -619, "2008-05-31": -1.4, "2008-02-29": "-76.40000", "2007-11-30": 0, "2007-08-31": -12.8, "2007-05-31": -0.059, "2007-02-28": "-3.04100", "2006-11-30": 0.016, "2006-08-31": -102.616, "2006-05-31": 0, "2006-02-28": "", "2005-11-30": -5.5, "2005-08-31": 0, "2005-05-31": 0, "2005-02-28": ""}, "Net Change In Short-term Investments": {"2020-11-30": 0, "2020-08-31": 0, "2020-05-31": 0, "2020-02-29": "", "2019-11-30": 0, "2019-08-31": 0, "2019-05-31": 0, "2019-02-28": "", "2018-11-30": 0, "2018-08-31": 0, "2018-05-31": 0, "2018-02-28": "", "2017-11-30": 0, "2017-08-31": 0, "2017-05-31": 0, "2017-02-28": "", "2016-11-30": 0, "2016-08-31": 0, "2016-05-31": 0, "2016-02-29": "", "2015-11-30": 0, "2015-08-31": 0, "2015-05-31": 0, "2015-02-28": "", "2014-11-30": 0, "2014-08-31": 0, "2014-05-31": 0, "2014-02-28": "", "2013-11-30": 0, "2013-08-31": 0, "2013-05-31": 0, "2013-02-28": "", "2012-11-30": 0, "2012-08-31": 0, "2012-05-31": 0, "2012-02-29": "", "2011-11-30": 0, "2011-08-31": 0, "2011-05-31": 0, "2011-02-28": "", "2010-11-30": 0, "2010-08-31": 0, "2010-05-31": 0, "2010-02-28": "", "2009-11-30": 0, "2009-08-31": 0, "2009-05-31": 0, "2009-02-28": "", "2008-11-30": 0, "2008-08-31": 0, "2008-05-31": 0, "2008-02-29": "", "2007-11-30": 0, "2007-08-31": 0, "2007-05-31": 0, "2007-02-28": "", "2006-11-30": 0, "2006-08-31": 0, "2006-05-31": 0, "2006-02-28": "", "2005-11-30": 0, "2005-08-31": 0, "2005-05-31": 0, "2005-02-28": ""}, "Net Change In Long-Term Investments": {"2020-11-30": 0, "2020-08-31": 0, "2020-05-31": 0, "2020-02-29": "", "2019-11-30": 0, "2019-08-31": 0, "2019-05-31": 0, "2019-02-28": "", "2018-11-30": 0, "2018-08-31": 0, "2018-05-31": 0, "2018-02-28": "", "2017-11-30": 0, "2017-08-31": 0, "2017-05-31": 0, "2017-02-28": "", "2016-11-30": 0, "2016-08-31": 0, "2016-05-31": 0, "2016-02-29": "", "2015-11-30": 0, "2015-08-31": 0, "2015-05-31": 0, "2015-02-28": "", "2014-11-30": 0, "2014-08-31": 0, "2014-05-31": 0, "2014-02-28": "", "2013-11-30": 0, "2013-08-31": 0, "2013-05-31": 0, "2013-02-28": "", "2012-11-30": 0, "2012-08-31": 0, "2012-05-31": 0, "2012-02-29": "", "2011-11-30": 0, "2011-08-31": 0, "2011-05-31": 0, "2011-02-28": "", "2010-11-30": 0, "2010-08-31": 0, "2010-05-31": 0, "2010-02-28": "", "2009-11-30": 0, "2009-08-31": 0, "2009-05-31": 0, "2009-02-28": "", "2008-11-30": 0, "2008-08-31": 0, "2008-05-31": 0, "2008-02-29": "", "2007-11-30": 0, "2007-08-31": 0, "2007-05-31": 0, "2007-02-28": "", "2006-11-30": 0, "2006-08-31": 0, "2006-05-31": 0, "2006-02-28": "", "2005-11-30": 0, "2005-08-31": 0, "2005-05-31": 0, "2005-02-28": ""}, "Net Change In Investments - Total": {"2020-11-30": 0, "2020-08-31": 0, "2020-05-31": 0, "2020-02-29": "", "2019-11-30": 0, "2019-08-31": 0, "2019-05-31": 0, "2019-02-28": "", "2018-11-30": 0, "2018-08-31": 0, "2018-05-31": 0, "2018-02-28": "", "2017-11-30": 0, "2017-08-31": 0, "2017-05-31": 0, "2017-02-28": "", "2016-11-30": 0, "2016-08-31": 0, "2016-05-31": 0, "2016-02-29": "", "2015-11-30": 0, "2015-08-31": 0, "2015-05-31": 0, "2015-02-28": "", "2014-11-30": 0, "2014-08-31": 0, "2014-05-31": 0, "2014-02-28": "", "2013-11-30": 0, "2013-08-31": 0, "2013-05-31": 0, "2013-02-28": "", "2012-11-30": 0, "2012-08-31": 0, "2012-05-31": 0, "2012-02-29": "", "2011-11-30": 0, "2011-08-31": 0, "2011-05-31": 0, "2011-02-28": "", "2010-11-30": 0, "2010-08-31": 0, "2010-05-31": 0, "2010-02-28": "", "2009-11-30": 0, "2009-08-31": 0, "2009-05-31": 0, "2009-02-28": "", "2008-11-30": 0, "2008-08-31": 0, "2008-05-31": 0, "2008-02-29": "", "2007-11-30": 0, "2007-08-31": 0, "2007-05-31": 0, "2007-02-28": "", "2006-11-30": 0, "2006-08-31": 0, "2006-05-31": 0, "2006-02-28": "", "2005-11-30": 0, "2005-08-31": 0, "2005-05-31": 0, "2005-02-28": ""}, "Investing Activities - Other": {"2020-11-30": 0.4, "2020-08-31": 0.4, "2020-05-31": 1.7, "2020-02-29": "0.20000", "2019-11-30": 0.1, "2019-08-31": 2.5, "2019-05-31": 0, "2019-02-28": "0.10000", "2018-11-30": 11.4, "2018-08-31": 2.5, "2018-05-31": 0.6, "2018-02-28": "0.30000", "2017-11-30": 0.8, "2017-08-31": 0.3, "2017-05-31": 0.4, "2017-02-28": "", "2016-11-30": 4.2, "2016-08-31": 1.4, "2016-05-31": 0, "2016-02-29": "", "2015-11-30": 0, "2015-08-31": 0, "2015-05-31": 0, "2015-02-28": "", "2014-11-30": 0, "2014-08-31": 0, "2014-05-31": 0, "2014-02-28": "", "2013-11-30": 0, "2013-08-31": 0, "2013-05-31": 0, "2013-02-28": "", "2012-11-30": 0, "2012-08-31": 0, "2012-05-31": 0, "2012-02-29": "", "2011-11-30": 0, "2011-08-31": 0, "2011-05-31": 0, "2011-02-28": "", "2010-11-30": 0, "2010-08-31": 0, "2010-05-31": 0, "2010-02-28": "", "2009-11-30": 0, "2009-08-31": 0, "2009-05-31": 0, "2009-02-28": "", "2008-11-30": -14, "2008-08-31": 14, "2008-05-31": 0, "2008-02-29": "", "2007-11-30": 0, "2007-08-31": 0, "2007-05-31": 0, "2007-02-28": "", "2006-11-30": -0.036, "2006-08-31": -10.764, "2006-05-31": 20, "2006-02-28": "", "2005-11-30": 0, "2005-08-31": 0, "2005-05-31": 0, "2005-02-28": ""}, "Cash Flow From Investing Activities": {"2020-11-30": -882.3, "2020-08-31": -58.1, "2020-05-31": -46.9, "2020-02-29": "-38.30000", "2019-11-30": -66.5, "2019-08-31": -50.5, "2019-05-31": -28.7, "2019-02-28": "-25.30000", "2018-11-30": -45.1, "2018-08-31": -50.2, "2018-05-31": -28, "2018-02-28": "-35.20000", "2017-11-30": -73.2, "2017-08-31": -4245.3, "2017-05-31": -37.1, "2017-02-28": "-152.70000", "2016-11-30": -65.3, "2016-08-31": -30.4, "2016-05-31": -149.2, "2016-02-29": "-22.20000", "2015-11-30": -58.3, "2015-08-31": -126.5, "2015-05-31": -138.6, "2015-02-28": "-15.50000", "2014-11-30": -54.4, "2014-08-31": -30.5, "2014-05-31": -28.7, "2014-02-28": "-18.00000", "2013-11-30": -57.7, "2013-08-31": -32.6, "2013-05-31": -138.1, "2013-02-28": "-11.30000", "2012-11-30": -47.5, "2012-08-31": -26.6, "2012-05-31": -20, "2012-02-29": "-14.90000", "2011-11-30": -440.2, "2011-08-31": -64.2, "2011-05-31": -18.9, "2011-02-28": "-14.20000", "2010-11-30": -83.3, "2010-08-31": -14.2, "2010-05-31": -23.4, "2010-02-28": "-8.80000", "2009-11-30": -28.5, "2009-08-31": -17.1, "2009-05-31": -20.8, "2009-02-28": "-15.40000", "2008-11-30": -22.3, "2008-08-31": -621.5, "2008-05-31": -9.6, "2008-02-29": "-93.60000", "2007-11-30": -26.3, "2007-08-31": -28.7, "2007-05-31": -19.353, "2007-02-28": "-18.44700", "2006-11-30": -27.349, "2006-08-31": -133.714, "2006-05-31": 4.281, "2006-02-28": "-15.31800", "2005-11-30": -24.805, "2005-08-31": -15.367, "2005-05-31": -15.87, "2005-02-28": "-13.95800"}, "Net Long-Term Debt": {"2020-11-30": 18.9, "2020-08-31": -202.9, "2020-05-31": 473.8, "2020-02-29": "-20.50000", "2019-11-30": -233.1, "2019-08-31": -121, "2019-05-31": -72.1, "2019-02-28": "-21.50000", "2018-11-30": -209.3, "2018-08-31": -187, "2018-05-31": -62.3, "2018-02-28": "-313.40000", "2017-11-30": -256.8, "2017-08-31": 3977.3, "2017-05-31": -1.1, "2017-02-28": "-2.50000", "2016-11-30": 6, "2016-08-31": -0.2, "2016-05-31": -0.1, "2016-02-29": "-201.70000", "2015-11-30": 246.3, "2015-08-31": -0.6, "2015-05-31": -0.1, "2015-02-28": "-0.20000", "2014-11-30": -0.2, "2014-08-31": -0.2, "2014-05-31": -0.8, "2014-02-28": "-0.40000", "2013-11-30": -250.2, "2013-08-31": 245.9, "2013-05-31": -0.5, "2013-02-28": "-0.40000", "2012-11-30": 0.7, "2012-08-31": -0.4, "2012-05-31": 0, "2012-02-29": "-4.20000", "2011-11-30": -0.6, "2011-08-31": 149.4, "2011-05-31": 2.1, "2011-02-28": "", "2010-11-30": -0.1, "2010-08-31": -0.1, "2010-05-31": -14.1, "2010-02-28": "-0.10000", "2009-11-30": -0.2, "2009-08-31": -0.1, "2009-05-31": -50, "2009-02-28": "-0.10000", "2008-11-30": 247.9, "2008-08-31": 1.7, "2008-05-31": 4.8, "2008-02-29": "98.20000", "2007-11-30": -0.2, "2007-08-31": -0.1, "2007-05-31": -0.061, "2007-02-28": "-0.13900", "2006-11-30": 1, "2006-08-31": 97.874, "2006-05-31": -25.097, "2006-02-28": "28.22300", "2005-11-30": -30.185, "2005-08-31": -2.268, "2005-05-31": -0.226, "2005-02-28": "-0.12100"}, "Net Current Debt": {"2020-11-30": 718.5, "2020-08-31": 82.5, "2020-05-31": -639.7, "2020-02-29": "125.20000", "2019-11-30": -83.4, "2019-08-31": 78.8, "2019-05-31": 1.3, "2019-02-28": "44.30000", "2018-11-30": -80.6, "2018-08-31": 18.3, "2018-05-31": -55.8, "2018-02-28": "423.60000", "2017-11-30": -91.3, "2017-08-31": -307.3, "2017-05-31": 16.2, "2017-02-28": "247.80000", "2016-11-30": -168.2, "2016-08-31": 46.1, "2016-05-31": 123, "2016-02-29": "250.80000", "2015-11-30": -341.5, "2015-08-31": 65.9, "2015-05-31": 107.3, "2015-02-28": "40.90000", "2014-11-30": -82, "2014-08-31": 45.4, "2014-05-31": 25.9, "2014-02-28": "68.40000", "2013-11-30": 103.7, "2013-08-31": -190.7, "2013-05-31": 98.1, "2013-02-28": "60.80000", "2012-11-30": -88.7, "2012-08-31": -13.2, "2012-05-31": -38.9, "2012-02-29": "64.20000", "2011-11-30": 217, "2011-08-31": -108.2, "2011-05-31": 14.3, "2011-02-28": "93.60000", "2010-11-30": -97.2, "2010-08-31": -30.5, "2010-05-31": -0.8, "2010-02-28": "28.90000", "2009-11-30": -172.6, "2009-08-31": -46.4, "2009-05-31": -24.4, "2009-02-28": "41.60000", "2008-11-30": -367.9, "2008-08-31": 585.4, "2008-05-31": -31.3, "2008-02-29": "-29.70000", "2007-11-30": -157.6, "2007-08-31": 108.5, "2007-05-31": 9.948, "2007-02-28": "105.15200", "2006-11-30": -71.707, "2006-08-31": 3.58, "2006-05-31": 20.316, "2006-02-28": "23.01100", "2005-11-30": -94.719, "2005-08-31": 5.233, "2005-05-31": 29.247, "2005-02-28": "25.43900"}, "Debt Issuance/Retirement Net - Total": {"2020-11-30": 737.4, "2020-08-31": -120.4, "2020-05-31": -165.9, "2020-02-29": "104.70000", "2019-11-30": -316.5, "2019-08-31": -42.2, "2019-05-31": -70.8, "2019-02-28": "22.80000", "2018-11-30": -289.9001, "2018-08-31": -168.6999, "2018-05-31": -118.1, "2018-02-28": "110.20000", "2017-11-30": -348.1, "2017-08-31": 3670, "2017-05-31": 15.1, "2017-02-28": "245.30000", "2016-11-30": -162.2, "2016-08-31": 45.9, "2016-05-31": 122.9, "2016-02-29": "49.10000", "2015-11-30": -95.2, "2015-08-31": 65.3, "2015-05-31": 107.2, "2015-02-28": "40.70000", "2014-11-30": -82.2, "2014-08-31": 45.2, "2014-05-31": 25.1, "2014-02-28": "68.00000", "2013-11-30": -146.5, "2013-08-31": 55.2, "2013-05-31": 97.6, "2013-02-28": "60.40000", "2012-11-30": -88, "2012-08-31": -13.6, "2012-05-31": -38.9, "2012-02-29": "60.00000", "2011-11-30": 216.4, "2011-08-31": 41.2, "2011-05-31": 16.4, "2011-02-28": "93.60000", "2010-11-30": -97.3, "2010-08-31": -30.6, "2010-05-31": -14.9, "2010-02-28": "28.80000", "2009-11-30": -172.8, "2009-08-31": -46.5, "2009-05-31": -74.4, "2009-02-28": "41.50000", "2008-11-30": -120, "2008-08-31": 587.1, "2008-05-31": -26.5, "2008-02-29": "68.50000", "2007-11-30": -157.8, "2007-08-31": 108.4, "2007-05-31": 9.887, "2007-02-28": "105.01300", "2006-11-30": -70.707, "2006-08-31": 101.454, "2006-05-31": -4.781, "2006-02-28": "51.23400", "2005-11-30": -124.904, "2005-08-31": 2.965, "2005-05-31": 29.021, "2005-02-28": "25.31800"}, "Net Common Equity Issued/Repurchased": {"2020-11-30": 1.2, "2020-08-31": 2.2, "2020-05-31": 18.1, "2020-02-29": "-12.20000", "2019-11-30": -11.9, "2019-08-31": 19.5, "2019-05-31": 12, "2019-02-28": "-23.80000", "2018-11-30": 13.8, "2018-08-31": 12.6, "2018-05-31": -10.6, "2018-02-28": "0.10000", "2017-11-30": 0.1, "2017-08-31": 557.4, "2017-05-31": -37.3, "2017-02-28": "-74.50000", "2016-11-30": -62.9, "2016-08-31": -67.6, "2016-05-31": -35.4, "2016-02-29": "-40.00000", "2015-11-30": -61.2, "2015-08-31": 9.5, "2015-05-31": -2.1, "2015-02-28": "-53.60000", "2014-11-30": -53.4, "2014-08-31": -49, "2014-05-31": -62.2, "2014-02-28": "-48.00000", "2013-11-30": -73.4, "2013-08-31": 3, "2013-05-31": -12.6, "2013-02-28": "-49.70000", "2012-11-30": -18.2, "2012-08-31": -21.9, "2012-05-31": -11.1, "2012-02-29": "-27.90000", "2011-11-30": 12.4, "2011-08-31": 14.4, "2011-05-31": -24.9, "2011-02-28": "-33.20000", "2010-11-30": -16.6, "2010-08-31": -15.6, "2010-05-31": 9.3, "2010-02-28": "14.00000", "2009-11-30": 22.1, "2009-08-31": 6.5, "2009-05-31": 3, "2009-02-28": "4.20000", "2008-11-30": -0.5, "2008-08-31": 19.6, "2008-05-31": 12.7, "2008-02-29": "6.00000", "2007-11-30": -1.3, "2007-08-31": -83, "2007-05-31": -35.427, "2007-02-28": "5.72700", "2006-11-30": -55.518, "2006-08-31": -18.724, "2006-05-31": -29.135, "2006-02-28": "-6.02300", "2005-11-30": -40.376, "2005-08-31": -8.475, "2005-05-31": -60.156, "2005-02-28": "-31.59300"}, "Net Total Equity Issued/Repurchased": {"2020-11-30": 1.2, "2020-08-31": 2.2, "2020-05-31": 18.1, "2020-02-29": "-12.20000", "2019-11-30": -11.9, "2019-08-31": 19.5, "2019-05-31": 12, "2019-02-28": "-23.80000", "2018-11-30": 13.8, "2018-08-31": 12.6, "2018-05-31": -10.6, "2018-02-28": "0.10000", "2017-11-30": 0.1, "2017-08-31": 557.4, "2017-05-31": -37.3, "2017-02-28": "-74.50000", "2016-11-30": -62.9, "2016-08-31": -67.6, "2016-05-31": -35.4, "2016-02-29": "-40.00000", "2015-11-30": -61.2, "2015-08-31": 9.5, "2015-05-31": -2.1, "2015-02-28": "-53.60000", "2014-11-30": -53.4, "2014-08-31": -49, "2014-05-31": -62.2, "2014-02-28": "-48.00000", "2013-11-30": -73.4, "2013-08-31": 3, "2013-05-31": -12.6, "2013-02-28": "-49.70000", "2012-11-30": -18.2, "2012-08-31": -21.9, "2012-05-31": -11.1, "2012-02-29": "-27.90000", "2011-11-30": 12.4, "2011-08-31": 14.4, "2011-05-31": -24.9, "2011-02-28": "-33.20000", "2010-11-30": -16.6, "2010-08-31": -15.6, "2010-05-31": 9.3, "2010-02-28": "14.00000", "2009-11-30": 22.1, "2009-08-31": 6.5, "2009-05-31": 3, "2009-02-28": "4.20000", "2008-11-30": -0.5, "2008-08-31": 19.6, "2008-05-31": 12.7, "2008-02-29": "6.00000", "2007-11-30": -1.3, "2007-08-31": -83, "2007-05-31": -35.427, "2007-02-28": "5.72700", "2006-11-30": -55.518, "2006-08-31": -18.724, "2006-05-31": -29.135, "2006-02-28": "-6.02300", "2005-11-30": -40.376, "2005-08-31": -8.475, "2005-05-31": -60.156, "2005-02-28": "-31.59300"}, "Total Common And Preferred Stock Dividends Paid": {"2020-11-30": -82.7, "2020-08-31": -82.5, "2020-05-31": -82.5, "2020-02-29": "-82.40000", "2019-11-30": -75.8, "2019-08-31": -75.6, "2019-05-31": -75.5, "2019-02-28": "-75.30000", "2018-11-30": -68.5, "2018-08-31": -68.4, "2018-05-31": -68.3, "2018-02-28": "-68.20000", "2017-11-30": -61.6, "2017-08-31": -58.6, "2017-05-31": -58.5, "2017-02-28": "-58.90000", "2016-11-30": -54.2, "2016-08-31": -54.3, "2016-05-31": -54.7, "2016-02-29": "-54.60000", "2015-11-30": -51.2, "2015-08-31": -51.2, "2015-05-31": -51.2, "2015-02-28": "-51.30000", "2014-11-30": -47.7, "2014-08-31": -48, "2014-05-31": -48.1, "2014-02-28": "-48.60000", "2013-11-30": -44.9, "2013-08-31": -44.9, "2013-05-31": -45, "2013-02-28": "-45.10000", "2012-11-30": -41.1, "2012-08-31": -41.2, "2012-05-31": -41, "2012-02-29": "-41.40000", "2011-11-30": -37.1, "2011-08-31": -37.1, "2011-05-31": -37.1, "2011-02-28": "-37.20000", "2010-11-30": -34.5, "2010-08-31": -34.7, "2010-05-31": -34.6, "2010-02-28": "-34.40000", "2009-11-30": -31.4, "2009-08-31": -31.4, "2009-05-31": -31.4, "2009-02-28": "-31.20000", "2008-11-30": -28, "2008-08-31": -29, "2008-05-31": -28.3, "2008-02-29": "-28.20000", "2007-11-30": -25.5, "2007-08-31": -26, "2007-05-31": -26.045, "2007-02-28": "-26.05500", "2006-11-30": -23.58, "2006-08-31": -23.71, "2006-05-31": -23.829, "2006-02-28": "-23.88100", "2005-11-30": -21.379, "2005-08-31": -21.484, "2005-05-31": -21.623, "2005-02-28": "-21.71400"}, "Financial Activities - Other": {"2020-11-30": -2.3, "2020-08-31": -1.5, "2020-05-31": -7.3, "2020-02-29": "-3.00000", "2019-11-30": -2.4, "2019-08-31": -0.2, "2019-05-31": -7, "2019-02-28": "-3.10000", "2018-11-30": -13.8, "2018-08-31": -6.6, "2018-05-31": -3.8, "2018-02-28": "-2.90000", "2017-11-30": -1.1, "2017-08-31": -26.7, "2017-05-31": -4.9, "2017-02-28": "-1.70000", "2016-11-30": 0, "2016-08-31": 0, "2016-05-31": -2.8, "2016-02-29": "-0.70000", "2015-11-30": -5.3, "2015-08-31": 0, "2015-05-31": 0, "2015-02-28": "", "2014-11-30": 0, "2014-08-31": 0, "2014-05-31": 0, "2014-02-28": "", "2013-11-30": 0, "2013-08-31": 0, "2013-05-31": 0, "2013-02-28": "", "2012-11-30": 0, "2012-08-31": 0, "2012-05-31": 0, "2012-02-29": "", "2011-11-30": 0, "2011-08-31": 0, "2011-05-31": 0, "2011-02-28": "", "2010-11-30": 0, "2010-08-31": 0, "2010-05-31": 0, "2010-02-28": "", "2009-11-30": 0, "2009-08-31": 0, "2009-05-31": 0, "2009-02-28": "", "2008-11-30": 0, "2008-08-31": 0, "2008-05-31": 0, "2008-02-29": "", "2007-11-30": 0, "2007-08-31": 0, "2007-05-31": 0, "2007-02-28": "", "2006-11-30": 0, "2006-08-31": 0, "2006-05-31": 0, "2006-02-28": "", "2005-11-30": 0, "2005-08-31": 0, "2005-05-31": 0, "2005-02-28": ""}, "Cash Flow From Financial Activities": {"2020-11-30": 653.6, "2020-08-31": -202.2, "2020-05-31": -237.6, "2020-02-29": "7.10000", "2019-11-30": -406.6, "2019-08-31": -98.5, "2019-05-31": -141.3, "2019-02-28": "-79.40000", "2018-11-30": -358.4, "2018-08-31": -231.1, "2018-05-31": -200.8, "2018-02-28": "39.20000", "2017-11-30": -410.7, "2017-08-31": 4142.1, "2017-05-31": -85.6, "2017-02-28": "110.20000", "2016-11-30": -279.3, "2016-08-31": -76, "2016-05-31": 30, "2016-02-29": "-46.20000", "2015-11-30": -212.9, "2015-08-31": 23.6, "2015-05-31": 53.9, "2015-02-28": "-64.20000", "2014-11-30": -183.3, "2014-08-31": -51.8, "2014-05-31": -85.2, "2014-02-28": "-28.60000", "2013-11-30": -264.8, "2013-08-31": 13.3, "2013-05-31": 40, "2013-02-28": "-34.40000", "2012-11-30": -147.3, "2012-08-31": -76.7, "2012-05-31": -91, "2012-02-29": "-9.30000", "2011-11-30": 191.7, "2011-08-31": 18.5, "2011-05-31": -45.6, "2011-02-28": "23.20000", "2010-11-30": -148.4, "2010-08-31": -80.9, "2010-05-31": -40.2, "2010-02-28": "8.40000", "2009-11-30": -182.1, "2009-08-31": -71.4, "2009-05-31": -102.8, "2009-02-28": "14.50000", "2008-11-30": -148.5, "2008-08-31": 577.7, "2008-05-31": -42.1, "2008-02-29": "46.30000", "2007-11-30": -184.6, "2007-08-31": -0.6, "2007-05-31": -51.585, "2007-02-28": "84.68500", "2006-11-30": -149.805, "2006-08-31": 59.02, "2006-05-31": -57.745, "2006-02-28": "21.33000", "2005-11-30": -186.659, "2005-08-31": -26.994, "2005-05-31": -52.758, "2005-02-28": "-27.98900"}, "Net Cash Flow": {"2020-11-30": 202.6, "2020-08-31": 36, "2020-05-31": 14.2, "2020-02-29": "15.40000", "2019-11-30": -7.5, "2019-08-31": 23.5, "2019-05-31": 37.1, "2019-02-28": "5.70000", "2018-11-30": 23.6, "2018-08-31": -129.6, "2018-05-31": 23, "2018-02-28": "-7.20000", "2017-11-30": 20.7, "2017-08-31": 36.1, "2017-05-31": 4.3, "2017-02-28": "7.30000", "2016-11-30": -15.8, "2016-08-31": 2.7, "2016-05-31": 19.7, "2016-02-29": "-0.80000", "2015-11-30": 4.2, "2015-08-31": 18.9, "2015-05-31": 7.7, "2015-02-28": "4.50000", "2014-11-30": -16.5, "2014-08-31": 12.4, "2014-05-31": -8, "2014-02-28": "26.40000", "2013-11-30": -83.8, "2013-08-31": 74.7, "2013-05-31": 3.5, "2013-02-28": "-10.40000", "2012-11-30": 6.8, "2012-08-31": 10.8, "2012-05-31": 7, "2012-02-29": "0.50000", "2011-11-30": 1.7, "2011-08-31": 4.3, "2011-05-31": 7.3, "2011-02-28": "-10.20000", "2010-11-30": 27.2, "2010-08-31": 0.5, "2010-05-31": 1.2, "2010-02-28": "-17.60000", "2009-11-30": 11.6, "2009-08-31": 15, "2009-05-31": -10.5, "2009-02-28": "-15.50000", "2008-11-30": 8.6, "2008-08-31": -17, "2008-05-31": 22.9, "2008-02-29": "-21.50000", "2007-11-30": 0.3, "2007-08-31": 5.2, "2007-05-31": 1.861, "2007-02-28": "-10.46100", "2006-11-30": 11.251, "2006-08-31": -36.356, "2006-05-31": 42.489, "2006-02-28": "1.31600", "2005-11-30": -15.782, "2005-08-31": 26.021, "2005-05-31": -4.298, "2005-02-28": "-45.94100"}, "Stock-Based Compensation": {"2020-11-30": 8.2, "2020-08-31": 10.7, "2020-05-31": 20.7, "2020-02-29": "6.40000", "2019-11-30": 6.6, "2019-08-31": 7.8, "2019-05-31": 16.1, "2019-02-28": "6.70000", "2018-11-30": 4, "2018-08-31": 5.5, "2018-05-31": 11.8, "2018-02-28": "4.30000", "2017-11-30": 5.5, "2017-08-31": 4, "2017-05-31": 10.3, "2017-02-28": "4.10000", "2016-11-30": 5.8, "2016-08-31": 4, "2016-05-31": 12.8, "2016-02-29": "3.00000", "2015-11-30": 1.7, "2015-08-31": 3.1, "2015-05-31": 10.2, "2015-02-28": "3.70000", "2014-11-30": 3.1, "2014-08-31": 3, "2014-05-31": 9.5, "2014-02-28": "2.60000", "2013-11-30": 2.6, "2013-08-31": 3.6, "2013-05-31": 9.7, "2013-02-28": "2.80000", "2012-11-30": 8.3, "2012-08-31": 3.2, "2012-05-31": 6.1, "2012-02-29": "2.60000", "2011-11-30": 2.6, "2011-08-31": 2.8, "2011-05-31": 5.5, "2011-02-28": "2.10000", "2010-11-30": 2.2, "2010-08-31": 2.2, "2010-05-31": 5.5, "2010-02-28": "2.00000", "2009-11-30": 2.2, "2009-08-31": 2.7, "2009-05-31": 5.1, "2009-02-28": "2.70000", "2008-11-30": 3.2, "2008-08-31": 3.1, "2008-05-31": 8.2, "2008-02-29": "3.70000", "2007-11-30": 3.9, "2007-08-31": 4.1, "2007-05-31": 8.77, "2007-02-28": "4.63000", "2006-11-30": 4.4, "2006-08-31": 5.747, "2006-05-31": 4.603, "2006-02-28": "10.15000", "2005-11-30": 0, "2005-08-31": 0, "2005-05-31": 0, "2005-02-28": ""}, "Common Stock Dividends Paid": {"2020-11-30": -82.7, "2020-08-31": -82.5, "2020-05-31": -82.5, "2020-02-29": "-82.40000", "2019-11-30": -75.8, "2019-08-31": -75.6, "2019-05-31": -75.5, "2019-02-28": "-75.30000", "2018-11-30": -68.5, "2018-08-31": -68.4, "2018-05-31": -68.3, "2018-02-28": "-68.20000", "2017-11-30": -61.6, "2017-08-31": -58.6, "2017-05-31": -58.5, "2017-02-28": "-58.90000", "2016-11-30": -54.2, "2016-08-31": -54.3, "2016-05-31": -54.7, "2016-02-29": "-54.60000", "2015-11-30": -51.2, "2015-08-31": -51.2, "2015-05-31": -51.2, "2015-02-28": "-51.30000", "2014-11-30": -47.7, "2014-08-31": -48, "2014-05-31": -48.1, "2014-02-28": "-48.60000", "2013-11-30": -44.9, "2013-08-31": -44.9, "2013-05-31": -45, "2013-02-28": "-45.10000", "2012-11-30": -41.1, "2012-08-31": -41.2, "2012-05-31": -41, "2012-02-29": "-41.40000", "2011-11-30": -37.1, "2011-08-31": -37.1, "2011-05-31": -37.1, "2011-02-28": "-37.20000", "2010-11-30": -34.5, "2010-08-31": -34.7, "2010-05-31": -34.6, "2010-02-28": "-34.40000", "2009-11-30": -31.4, "2009-08-31": -31.4, "2009-05-31": -31.4, "2009-02-28": "-31.20000", "2008-11-30": -28, "2008-08-31": -29, "2008-05-31": -28.3, "2008-02-29": "-28.20000", "2007-11-30": -25.5, "2007-08-31": -26, "2007-05-31": -26.045, "2007-02-28": "-26.05500", "2006-11-30": -23.58, "2006-08-31": -23.71, "2006-05-31": -23.829, "2006-02-28": "-23.88100", "2005-11-30": -21.379, "2005-08-31": -21.484, "2005-05-31": -21.623, "2005-02-28": "-21.71400"}}, "financial ratios": {"Current Ratio": {"2020-11-30": "0.68390", "2019-11-30": "0.71960", "2018-11-30": "0.73930", "2017-11-30": "0.83040", "2016-11-30": "0.99940", "2015-11-30": "1.09590", "2014-11-30": "1.26220", "2013-11-30": "1.28890", "2012-11-30": "1.08240", "2011-11-30": "1.23110", "2010-11-30": "1.21690", "2009-11-30": "1.18610", "2008-11-30": "0.93640", "2007-11-30": "1.14140", "2006-11-30": "1.15230", "2005-11-30": "1.14480"}, "Long-term Debt / Capital": {"2020-11-30": "0.48790", "2019-11-30": "0.51190", "2018-11-30": "0.56020", "2017-11-30": "0.63350", "2016-11-30": "0.39150", "2015-11-30": "0.38400", "2014-11-30": "0.35920", "2013-11-30": "0.34350", "2012-11-30": "0.31430", "2011-11-30": "0.38880", "2010-11-30": "0.34780", "2009-11-30": "0.39440", "2008-11-30": "0.45620", "2007-11-30": "0.34580", "2006-11-30": "0.37900", "2005-11-30": "0.36710"}, "Debt/Equity Ratio": {"2020-11-30": "1.24480", "2019-11-30": "1.25100", "2018-11-30": "1.47580", "2017-11-30": "1.95540", "2016-11-30": "0.88350", "2015-11-30": "0.82660", "2014-11-30": "0.71010", "2013-11-30": "0.63310", "2012-11-30": "0.68920", "2011-11-30": "0.77360", "2010-11-30": "0.60180", "2009-11-30": "0.73770", "2008-11-30": "1.17430", "2007-11-30": "0.66640", "2006-11-30": "0.69750", "2005-11-30": "0.71260"}, "Gross Margin": {"2020-11-30": "41.06900", "2019-11-30": "40.11860", "2018-11-30": "39.47540", "2017-11-30": "37.92570", "2016-11-30": "41.52100", "2015-11-30": "40.43710", "2014-11-30": "40.77580", "2013-11-30": "40.39870", "2012-11-30": "40.30190", "2011-11-30": "41.17540", "2010-11-30": "42.48680", "2009-11-30": "41.57760", "2008-11-30": "40.55280", "2007-11-30": "40.86830", "2006-11-30": "41.03230", "2005-11-30": "39.99230"}, "Operating Margin": {"2020-11-30": "17.84410", "2019-11-30": "17.90960", "2018-11-30": "16.80430", "2017-11-30": "14.79400", "2016-11-30": "14.53020", "2015-11-30": "12.76450", "2014-11-30": "14.21100", "2013-11-30": "13.35060", "2012-11-30": "14.40640", "2011-11-30": "14.61220", "2010-11-30": "15.27810", "2009-11-30": "14.62670", "2008-11-30": "11.85230", "2007-11-30": "12.14590", "2006-11-30": "9.92490", "2005-11-30": "13.25230"}, "EBIT Margin": {"2020-11-30": "17.84410", "2019-11-30": "17.90960", "2018-11-30": "16.80430", "2017-11-30": "14.79400", "2016-11-30": "14.53020", "2015-11-30": "12.76450", "2014-11-30": "14.21100", "2013-11-30": "13.35060", "2012-11-30": "14.40640", "2011-11-30": "14.61220", "2010-11-30": "15.27810", "2009-11-30": "14.62670", "2008-11-30": "11.85230", "2007-11-30": "12.14590", "2006-11-30": "9.92490", "2005-11-30": "13.25230"}, "EBITDA Margin": {"2020-11-30": "20.78980", "2019-11-30": "20.87930", "2018-11-30": "19.64620", "2017-11-30": "17.88260", "2016-11-30": "16.99420", "2015-11-30": "15.22940", "2014-11-30": "16.63130", "2013-11-30": "15.92130", "2012-11-30": "16.96730", "2011-11-30": "17.27070", "2010-11-30": "18.12820", "2009-11-30": "17.58090", "2008-11-30": "14.54700", "2007-11-30": "14.97840", "2006-11-30": "13.02830", "2005-11-30": "16.13040"}, "Pre-Tax Profit Margin": {"2020-11-30": "15.73740", "2019-11-30": "15.31960", "2018-11-30": "13.97940", "2017-11-30": "12.57430", "2016-11-30": "13.35600", "2015-11-30": "11.54950", "2014-11-30": "13.06560", "2013-11-30": "12.11140", "2012-11-30": "13.10600", "2011-11-30": "13.28970", "2010-11-30": "13.86660", "2009-11-30": "13.04780", "2008-11-30": "10.63400", "2007-11-30": "10.36970", "2006-11-30": "8.20940", "2005-11-30": "11.40820"}, "Net Profit Margin": {"2020-11-30": "13.34330", "2019-11-30": "13.14100", "2018-11-30": "17.60200", "2017-11-30": "10.09240", "2016-11-30": "10.70610", "2015-11-30": "9.34760", "2014-11-30": "10.32000", "2013-11-30": "9.43400", "2012-11-30": "10.15890", "2011-11-30": "10.12010", "2010-11-30": "11.09450", "2009-11-30": "9.39190", "2008-11-30": "8.05260", "2007-11-30": "7.89040", "2006-11-30": "7.44370", "2005-11-30": "8.29090"}, "Asset Turnover": {"2020-11-30": "0.46330", "2019-11-30": "0.51610", "2018-11-30": "0.51700", "2017-11-30": "0.45550", "2016-11-30": "0.95160", "2015-11-30": "0.96060", "2014-11-30": "0.96120", "2013-11-30": "0.92670", "2012-11-30": "0.96370", "2011-11-30": "0.90450", "2010-11-30": "0.97580", "2009-11-30": "0.94220", "2008-11-30": "0.98640", "2007-11-30": "1.04620", "2006-11-30": "1.05780", "2005-11-30": "1.14050"}, "Inventory Turnover Ratio": {"2020-11-30": "3.19670", "2019-11-30": "3.99660", "2018-11-30": "4.08180", "2017-11-30": "3.70140", "2016-11-30": "3.41110", "2015-11-30": "3.60020", "2014-11-30": "3.52060", "2013-11-30": "3.63070", "2012-11-30": "3.89660", "2011-11-30": "3.54420", "2010-11-30": "4.01820", "2009-11-30": "4.07540", "2008-11-30": "4.30160", "2007-11-30": "4.00840", "2006-11-30": "3.94820", "2005-11-30": "4.52150"}, "Receiveable Turnover": {"2020-11-30": "10.59850", "2019-11-30": "10.63310", "2018-11-30": "10.23510", "2017-11-30": "8.52150", "2016-11-30": "9.48300", "2015-11-30": "9.43830", "2014-11-30": "8.59640", "2013-11-30": "8.32170", "2012-11-30": "8.61600", "2011-11-30": "8.65950", "2010-11-30": "8.62890", "2009-11-30": "8.73830", "2008-11-30": "8.34410", "2007-11-30": "6.38820", "2006-11-30": "7.16540", "2005-11-30": "7.01870"}, "Days Sales In Receivables": {"2020-11-30": "34.43890", "2019-11-30": "34.32670", "2018-11-30": "35.66160", "2017-11-30": "42.83270", "2016-11-30": "38.48990", "2015-11-30": "38.67240", "2014-11-30": "42.45950", "2013-11-30": "43.86130", "2012-11-30": "42.36300", "2011-11-30": "42.15030", "2010-11-30": "42.29970", "2009-11-30": "41.77020", "2008-11-30": "43.74350", "2007-11-30": "57.13690", "2006-11-30": "50.93930", "2005-11-30": "52.00410"}, "ROE - Return On Equity": {"2020-11-30": "17.93400", "2019-11-30": "19.14540", "2018-11-30": "28.23830", "2017-11-30": "17.25080", "2016-11-30": "26.62840", "2015-11-30": "21.63140", "2014-11-30": "22.57660", "2013-11-30": "18.78110", "2012-11-30": "22.72090", "2011-11-30": "21.55080", "2010-11-30": "23.56600", "2009-11-30": "21.10160", "2008-11-30": "22.47700", "2007-11-30": "19.37150", "2006-11-30": "16.96130", "2005-11-30": "24.87810"}, "Return On Tangible Equity": {"2020-11-30": "-16.48740", "2019-11-30": "-16.98880", "2018-11-30": "-21.29890", "2017-11-30": "-8.88720", "2016-11-30": "-78.14400", "2015-11-30": "-82.09230", "2014-11-30": "-167.69290", "2013-11-30": "-198.58880", "2012-11-30": "-121.24920", "2011-11-30": "-81.93570", "2010-11-30": "-184.13460", "2009-11-30": "-75.90360", "2008-11-30": "-43.15080", "2007-11-30": "-11063.02000", "2006-11-30": "-246.95800", "2005-11-30": "-892.37230"}, "ROA - Return On Assets": {"2020-11-30": "5.84460", "2019-11-30": "6.38670", "2018-11-30": "8.76140", "2017-11-30": "4.27030", "2016-11-30": "9.40920", "2015-11-30": "8.15860", "2014-11-30": "9.25400", "2013-11-30": "8.22080", "2012-11-30": "9.27400", "2011-11-30": "8.53270", "2010-11-30": "10.07980", "2009-11-30": "8.36830", "2008-11-30": "7.36580", "2007-11-30": "7.54080", "2006-11-30": "6.16430", "2005-11-30": "8.75610"}, "ROI - Return On Investment": {"2020-11-30": "9.18400", "2019-11-30": "9.34420", "2018-11-30": "12.42000", "2017-11-30": "6.32230", "2016-11-30": "16.20300", "2015-11-30": "13.32580", "2014-11-30": "14.46790", "2013-11-30": "12.33020", "2012-11-30": "15.58040", "2011-11-30": "13.17120", "2010-11-30": "15.37060", "2009-11-30": "12.77890", "2008-11-30": "12.22370", "2007-11-30": "12.67330", "2006-11-30": "10.53300", "2005-11-30": "15.74620"}, "Book Value Per Share": {"2020-11-30": "14.76210", "2019-11-30": "13.00490", "2018-11-30": "12.04470", "2017-11-30": "9.81260", "2016-11-30": "6.53670", "2015-11-30": "6.62570", "2014-11-30": "7.04600", "2013-11-30": "7.42830", "2012-11-30": "6.41580", "2011-11-30": "6.08920", "2010-11-30": "5.49470", "2009-11-30": "5.09670", "2008-11-30": "4.05570", "2007-11-30": "4.24530", "2006-11-30": "3.58690", "2005-11-30": "3.01620"}, "Operating Cash Flow Per Share": {"2020-11-30": 0.3381, "2019-11-30": 0.4501, "2018-11-30": -0.0934, "2017-11-30": 0.6041, "2016-11-30": 0.2874, "2015-11-30": 0.3612, "2014-11-30": 0.1811, "2013-11-30": 0.047, "2012-11-30": 0.4282, "2011-11-30": -0.1726, "2010-11-30": -0.133, "2009-11-30": 0.3779, "2008-11-30": 0.3476, "2007-11-30": -0.3052, "2006-11-30": -0.0517, "2005-11-30": 1.2028}, "Free Cash Flow Per Share": {"2020-11-30": 0.1487, "2019-11-30": 0.4367, "2018-11-30": -0.0177, "2017-11-30": 0.488, "2016-11-30": 0.1887, "2015-11-30": 0.3681, "2014-11-30": 0.0433, "2013-11-30": 0.0883, "2012-11-30": 0.3802, "2011-11-30": -0.223, "2010-11-30": -0.1313, "2009-11-30": 0.3257, "2008-11-30": 0.3805, "2007-11-30": -0.3035, "2006-11-30": -0.1096, "2005-11-30": 0.9692}}, "financial ratios, quarterly": {"Current Ratio": {"2020-11-30": "0.68390", "2020-08-31": "0.90070", "2020-05-31": "1.02110", "2020-02-29": "0.73560", "2019-11-30": "0.71960", "2019-08-31": "0.78280", "2019-05-31": "0.79190", "2019-02-28": "0.78070", "2018-11-30": "0.73930", "2018-08-31": "0.79470", "2018-05-31": "0.84700", "2018-02-28": "0.85810", "2017-11-30": "0.83040", "2017-08-31": "0.94720", "2017-05-31": "0.79160", "2017-02-28": "0.79680", "2016-11-30": "0.99940", "2016-08-31": "1.05950", "2016-05-31": "1.06510", "2016-02-29": "1.15360", "2015-11-30": "1.09590", "2015-08-31": "0.97860", "2015-05-31": "1.01500", "2015-02-28": "1.06860", "2014-11-30": "1.26220", "2014-08-31": "1.30740", "2014-05-31": "1.32100", "2014-02-28": "1.32410", "2013-11-30": "1.28890", "2013-08-31": "1.30030", "2013-05-31": "0.99290", "2013-02-28": "1.08610", "2012-11-30": "1.08240", "2012-08-31": "1.35100", "2012-05-31": "1.29650", "2012-02-29": "1.24260", "2011-11-30": "1.23110", "2011-08-31": "1.81910", "2011-05-31": "1.27540", "2011-02-28": "1.25900", "2010-11-30": "1.21690", "2010-08-31": "1.19670", "2010-05-31": "1.27990", "2010-02-28": "1.26040", "2009-11-30": "1.18610", "2009-08-31": "1.07740", "2009-05-31": "1.03360", "2009-02-28": "0.98790", "2008-11-30": "0.93640", "2008-08-31": "0.92710", "2008-05-31": "1.29880", "2008-02-29": "1.28950", "2007-11-30": "1.14140", "2007-08-31": "0.93980", "2007-05-31": "0.99250", "2007-02-28": "0.99060", "2006-11-30": "1.15230", "2006-08-31": "1.20310", "2006-05-31": "1.18420", "2006-02-28": "1.15520", "2005-11-30": "1.14480", "2005-08-31": "0.86270", "2005-05-31": "0.83740", "2005-02-28": "0.91160"}, "Long-term Debt / Capital": {"2020-11-30": "0.48790", "2020-08-31": "0.48640", "2020-05-31": "0.52900", "2020-02-29": "0.50370", "2019-11-30": "0.51190", "2019-08-31": "0.52470", "2019-05-31": "0.54040", "2019-02-28": "0.54690", "2018-11-30": "0.56020", "2018-08-31": "0.57840", "2018-05-31": "0.59440", "2018-02-28": "0.58770", "2017-11-30": "0.63350", "2017-08-31": "0.64990", "2017-05-31": "0.30770", "2017-02-28": "0.31700", "2016-11-30": "0.39150", "2016-08-31": "0.37320", "2016-05-31": "0.37280", "2016-02-29": "0.37920", "2015-11-30": "0.38400", "2015-08-31": "0.31420", "2015-05-31": "0.31770", "2015-02-28": "0.32130", "2014-11-30": "0.35920", "2014-08-31": "0.33990", "2014-05-31": "0.33930", "2014-02-28": "0.33840", "2013-11-30": "0.34350", "2013-08-31": "0.36170", "2013-05-31": "0.30880", "2013-02-28": "0.31030", "2012-11-30": "0.31430", "2012-08-31": "0.37310", "2012-05-31": "0.38540", "2012-02-29": "0.37800", "2011-11-30": "0.38880", "2011-08-31": "0.37490", "2011-05-31": "0.32240", "2011-02-28": "0.32980", "2010-11-30": "0.34780", "2010-08-31": "0.36070", "2010-05-31": "0.40450", "2010-02-28": "0.39580", "2009-11-30": "0.39440", "2009-08-31": "0.39390", "2009-05-31": "0.41130", "2009-02-28": "0.44530", "2008-11-30": "0.45620", "2008-08-31": "0.41950", "2008-05-31": "0.33680", "2008-02-29": "0.36940", "2007-11-30": "0.34580", "2007-08-31": "0.30130", "2007-05-31": "0.29270", "2007-02-28": "0.29760", "2006-11-30": "0.37900", "2006-08-31": "0.38180", "2006-05-31": "0.33720", "2006-02-28": "0.35980", "2005-11-30": "0.36710", "2005-08-31": "0.24500", "2005-05-31": "0.25180", "2005-02-28": "0.24630"}, "Debt/Equity Ratio": {"2020-11-30": "1.24480", "2020-08-31": "1.05650", "2020-05-31": "1.17060", "2020-02-29": "1.24260", "2019-11-30": "1.25100", "2019-08-31": "1.33480", "2019-05-31": "1.38080", "2019-02-28": "1.41300", "2018-11-30": "1.47580", "2018-08-31": "1.60190", "2018-05-31": "1.69560", "2018-02-28": "1.67130", "2017-11-30": "1.95540", "2017-08-31": "2.12250", "2017-05-31": "0.94570", "2017-02-28": "0.97780", "2016-11-30": "0.88350", "2016-08-31": "0.91100", "2016-05-31": "0.88400", "2016-02-29": "0.83690", "2015-11-30": "0.82660", "2015-08-31": "0.84670", "2015-05-31": "0.82440", "2015-02-28": "0.77650", "2014-11-30": "0.71010", "2014-08-31": "0.69430", "2014-05-31": "0.66930", "2014-02-28": "0.65340", "2013-11-30": "0.63310", "2013-08-31": "0.76700", "2013-05-31": "0.76500", "2013-02-28": "0.71300", "2012-11-30": "0.68920", "2012-08-31": "0.72940", "2012-05-31": "0.77620", "2012-02-29": "0.77500", "2011-11-30": "0.77360", "2011-08-31": "0.59990", "2011-05-31": "0.60270", "2011-02-28": "0.61540", "2010-11-30": "0.60180", "2010-08-31": "0.70720", "2010-05-31": "0.77990", "2010-02-28": "0.76350", "2009-11-30": "0.73770", "2009-08-31": "0.86510", "2009-05-31": "0.95180", "2009-02-28": "1.16220", "2008-11-30": "1.17430", "2008-08-31": "1.11230", "2008-05-31": "0.61820", "2008-02-29": "0.68950", "2007-11-30": "0.66640", "2007-08-31": "0.90140", "2007-05-31": "0.75930", "2007-02-28": "0.76480", "2006-11-30": "0.69750", "2006-08-31": "0.78450", "2006-05-31": "0.67490", "2006-02-28": "0.74920", "2005-11-30": "0.71260", "2005-08-31": "0.83960", "2005-05-31": "0.85940", "2005-02-28": "0.73290"}, "Gross Margin": {"2020-11-30": "42.40970", "2020-08-31": "41.27110", "2020-05-31": "41.36040", "2020-02-29": "38.77060", "2019-11-30": "42.43000", "2019-08-31": "40.61840", "2019-05-31": "39.05830", "2019-02-28": "37.91310", "2018-11-30": "41.21540", "2018-08-31": "39.63740", "2018-05-31": "38.83810", "2018-02-28": "37.88050", "2017-11-30": "32.58600", "2017-08-31": "40.87070", "2017-05-31": "39.89950", "2017-02-28": "39.57080", "2016-11-30": "44.00980", "2016-08-31": "41.60400", "2016-05-31": "40.70350", "2016-02-29": "39.31280", "2015-11-30": "43.40630", "2015-08-31": "39.80560", "2015-05-31": "39.44930", "2015-02-28": "38.56890", "2014-11-30": "43.12370", "2014-08-31": "40.28580", "2014-05-31": "39.91680", "2014-02-28": "39.41010", "2013-11-30": "42.91450", "2013-08-31": "40.10230", "2013-05-31": "39.33770", "2013-02-28": "38.70930", "2012-11-30": "42.10160", "2012-08-31": "40.06340", "2012-05-31": "39.47150", "2012-02-29": "39.18610", "2011-11-30": "43.13500", "2011-08-31": "39.60230", "2011-05-31": "39.68540", "2011-02-28": "41.92640", "2010-11-30": "45.53810", "2010-08-31": "42.13440", "2010-05-31": "40.92450", "2010-02-28": "40.57550", "2009-11-30": "45.61970", "2009-08-31": "40.29300", "2009-05-31": "39.90490", "2009-02-28": "39.55460", "2008-11-30": "43.67630", "2008-08-31": "39.45750", "2008-05-31": "38.98710", "2008-02-29": "39.47510", "2007-11-30": "43.17190", "2007-08-31": "39.69560", "2007-05-31": "39.55180", "2007-02-28": "40.50510", "2006-11-30": "44.25470", "2006-08-31": "40.60910", "2006-05-31": "39.15640", "2006-02-28": "39.21350", "2005-11-30": "43.92350", "2005-08-31": "39.07580", "2005-05-31": "38.39600", "2005-02-28": "37.79980"}, "Operating Margin": {"2020-11-30": "17.64560", "2020-08-31": "19.08690", "2020-05-31": "18.37130", "2020-02-29": "16.02310", "2019-11-30": "20.15080", "2019-08-31": "19.07160", "2019-05-31": "15.98430", "2019-02-28": "15.98860", "2018-11-30": "19.85830", "2018-08-31": "17.44040", "2018-05-31": "14.49320", "2018-02-28": "14.90040", "2017-11-30": "19.05410", "2017-08-31": "14.23390", "2017-05-31": "11.89990", "2017-02-28": "12.85810", "2016-11-30": "17.85660", "2016-08-31": "15.38040", "2016-05-31": "11.75590", "2016-02-29": "12.53160", "2015-11-30": "17.65540", "2015-08-31": "13.08610", "2015-05-31": "10.13570", "2015-02-28": "9.27360", "2014-11-30": "16.99050", "2014-08-31": "15.08440", "2014-05-31": "11.77670", "2014-02-28": "12.54280", "2013-11-30": "14.88030", "2013-08-31": "14.60060", "2013-05-31": "11.56990", "2013-02-28": "11.98630", "2012-11-30": "17.48130", "2012-08-31": "14.74890", "2012-05-31": "12.32720", "2012-02-29": "12.40760", "2011-11-30": "17.28640", "2011-08-31": "13.95050", "2011-05-31": "12.36850", "2011-02-28": "14.12880", "2010-11-30": "18.94020", "2010-08-31": "15.85700", "2010-05-31": "12.21350", "2010-02-28": "13.18510", "2009-11-30": "19.25160", "2009-08-31": "14.72780", "2009-05-31": "10.89400", "2009-02-28": "12.49830", "2008-11-30": "13.86040", "2008-08-31": "11.88590", "2008-05-31": "10.53530", "2008-02-29": "10.69060", "2007-11-30": "15.35170", "2007-08-31": "12.41270", "2007-05-31": "9.73520", "2007-02-28": "10.16660", "2006-11-30": "15.73270", "2006-08-31": "9.67670", "2006-05-31": "8.54780", "2006-02-28": "3.98440", "2005-11-30": "18.38210", "2005-08-31": "12.67000", "2005-05-31": "11.31960", "2005-02-28": "9.60170"}, "EBIT Margin": {"2020-11-30": "17.64560", "2020-08-31": "19.08690", "2020-05-31": "18.37130", "2020-02-29": "16.02310", "2019-11-30": "20.15080", "2019-08-31": "19.07160", "2019-05-31": "15.98430", "2019-02-28": "15.98860", "2018-11-30": "19.85830", "2018-08-31": "17.44040", "2018-05-31": "14.49320", "2018-02-28": "14.90040", "2017-11-30": "19.05410", "2017-08-31": "14.23390", "2017-05-31": "11.89990", "2017-02-28": "12.85810", "2016-11-30": "17.85660", "2016-08-31": "15.38040", "2016-05-31": "11.75590", "2016-02-29": "12.53160", "2015-11-30": "17.65540", "2015-08-31": "13.08610", "2015-05-31": "10.13570", "2015-02-28": "9.27360", "2014-11-30": "16.99050", "2014-08-31": "15.08440", "2014-05-31": "11.77670", "2014-02-28": "12.54280", "2013-11-30": "14.88030", "2013-08-31": "14.60060", "2013-05-31": "11.56990", "2013-02-28": "11.98630", "2012-11-30": "17.48120", "2012-08-31": "14.74890", "2012-05-31": "12.32720", "2012-02-29": "12.40760", "2011-11-30": "17.28640", "2011-08-31": "13.95050", "2011-05-31": "12.36850", "2011-02-28": "14.12880", "2010-11-30": "18.94020", "2010-08-31": "15.85700", "2010-05-31": "12.21350", "2010-02-28": "13.18510", "2009-11-30": "19.25160", "2009-08-31": "14.72780", "2009-05-31": "10.89400", "2009-02-28": "12.49830", "2008-11-30": "13.86040", "2008-08-31": "11.88590", "2008-05-31": "10.53530", "2008-02-29": "10.69060", "2007-11-30": "15.35170", "2007-08-31": "12.41270", "2007-05-31": "9.73520", "2007-02-28": "10.16660", "2006-11-30": "15.73270", "2006-08-31": "9.67670", "2006-05-31": "8.54780", "2006-02-28": "3.98440", "2005-11-30": "18.38210", "2005-08-31": "12.67000", "2005-05-31": "11.31960", "2005-02-28": "9.60170"}, "EBITDA Margin": {"2020-11-30": "", "2020-08-31": "", "2020-05-31": "", "2020-02-29": "", "2019-11-30": "", "2019-08-31": "", "2019-05-31": "", "2019-02-28": "", "2018-11-30": "", "2018-08-31": "", "2018-05-31": "", "2018-02-28": "", "2017-11-30": "", "2017-08-31": "", "2017-05-31": "", "2017-02-28": "", "2016-11-30": "", "2016-08-31": "", "2016-05-31": "", "2016-02-29": "", "2015-11-30": "", "2015-08-31": "", "2015-05-31": "", "2015-02-28": "", "2014-11-30": "", "2014-08-31": "", "2014-05-31": "", "2014-02-28": "", "2013-11-30": "", "2013-08-31": "", "2013-05-31": "", "2013-02-28": "", "2012-11-30": "", "2012-08-31": "", "2012-05-31": "", "2012-02-29": "", "2011-11-30": "", "2011-08-31": "", "2011-05-31": "", "2011-02-28": "", "2010-11-30": "", "2010-08-31": "", "2010-05-31": "", "2010-02-28": "", "2009-11-30": "", "2009-08-31": "", "2009-05-31": "", "2009-02-28": "", "2008-11-30": "", "2008-08-31": "", "2008-05-31": "", "2008-02-29": "", "2007-11-30": "", "2007-08-31": "", "2007-05-31": "", "2007-02-28": "", "2006-11-30": "", "2006-08-31": "", "2006-05-31": "", "2006-02-28": "", "2005-11-30": "", "2005-08-31": "", "2005-05-31": "", "2005-02-28": ""}, "Pre-Tax Profit Margin": {"2020-11-30": "15.89320", "2020-08-31": "17.01740", "2020-05-31": "16.13730", "2020-02-29": "13.56440", "2019-11-30": "18.05630", "2019-08-31": "16.48360", "2019-05-31": "13.21150", "2019-02-28": "12.99230", "2018-11-30": "17.63740", "2018-08-31": "14.41360", "2018-05-31": "11.45010", "2018-02-28": "11.79860", "2017-11-30": "16.08390", "2017-08-31": "11.22170", "2017-05-31": "10.67040", "2017-02-28": "11.47840", "2016-11-30": "16.87040", "2016-08-31": "14.10630", "2016-05-31": "10.53330", "2016-02-29": "11.28910", "2015-11-30": "16.54880", "2015-08-31": "11.82190", "2015-05-31": "8.92490", "2015-02-28": "7.97700", "2014-11-30": "15.95940", "2014-08-31": "13.92410", "2014-05-31": "10.59610", "2014-02-28": "11.31470", "2013-11-30": "13.90600", "2013-08-31": "13.25270", "2013-05-31": "10.30320", "2013-02-28": "10.56290", "2012-11-30": "16.32050", "2012-08-31": "13.49090", "2012-05-31": "10.90450", "2012-02-29": "11.01800", "2011-11-30": "16.04390", "2011-08-31": "12.64670", "2011-05-31": "11.07840", "2011-02-28": "12.63410", "2010-11-30": "17.79660", "2010-08-31": "14.35940", "2010-05-31": "10.67270", "2010-02-28": "11.65470", "2009-11-30": "17.93210", "2009-08-31": "13.14890", "2009-05-31": "9.33580", "2009-02-28": "10.56370", "2008-11-30": "12.23950", "2008-08-31": "11.52760", "2008-05-31": "9.26580", "2008-02-29": "9.10220", "2007-11-30": "13.79500", "2007-08-31": "10.54180", "2007-05-31": "7.84340", "2007-02-28": "8.32630", "2006-11-30": "14.19410", "2006-08-31": "7.87160", "2006-05-31": "6.89930", "2006-02-28": "2.06280", "2005-11-30": "16.66150", "2005-08-31": "10.73510", "2005-05-31": "9.40430", "2005-02-28": "7.77440"}, "Net Profit Margin": {"2020-11-30": "12.88270", "2020-08-31": "14.40960", "2020-05-31": "13.98190", "2020-02-29": "11.93890", "2019-11-30": "14.37230", "2019-08-31": "14.43730", "2019-05-31": "11.47550", "2019-02-28": "12.01790", "2018-11-30": "14.57870", "2018-08-31": "13.16190", "2018-05-31": "9.47510", "2018-02-28": "34.77050", "2017-11-30": "12.66670", "2017-08-31": "9.12930", "2017-05-31": "8.97420", "2017-02-28": "8.95850", "2016-11-30": "12.82800", "2016-08-31": "11.70490", "2016-05-31": "8.82160", "2016-02-29": "9.06620", "2015-11-30": "12.41370", "2015-08-31": "9.20840", "2015-05-31": "8.23160", "2015-02-28": "6.97740", "2014-11-30": "12.61080", "2014-08-31": "11.78560", "2014-05-31": "8.17690", "2014-02-28": "8.30480", "2013-11-30": "11.11110", "2013-08-31": "10.27160", "2013-05-31": "7.83960", "2013-02-28": "8.13360", "2012-11-30": "12.96040", "2012-08-31": "10.67810", "2012-05-31": "8.17070", "2012-02-29": "8.21660", "2011-11-30": "11.86640", "2011-08-31": "9.99570", "2011-05-31": "8.32860", "2011-02-28": "9.81090", "2010-11-30": "13.65120", "2010-08-31": "12.88700", "2010-05-31": "8.29260", "2010-02-28": "8.88160", "2009-11-30": "12.57840", "2009-08-31": "9.48590", "2009-05-31": "6.69480", "2009-02-28": "8.03060", "2008-11-30": "9.09690", "2008-08-31": "8.77690", "2008-05-31": "6.97550", "2008-02-29": "7.09940", "2007-11-30": "10.19250", "2007-08-31": "7.93070", "2007-05-31": "6.02440", "2007-02-28": "6.77680", "2006-11-30": "10.33970", "2006-08-31": "6.49500", "2006-05-31": "9.63330", "2006-02-28": "2.35980", "2005-11-30": "11.95280", "2005-08-31": "7.70320", "2005-05-31": "6.80810", "2005-02-28": "5.96980"}, "Asset Turnover": {"2020-11-30": "0.12890", "2020-08-31": "0.13170", "2020-05-31": "0.13250", "2020-02-29": "0.11550", "2019-11-30": "0.14330", "2019-08-31": "0.12820", "2019-05-31": "0.12720", "2019-02-28": "0.12040", "2018-11-30": "0.14310", "2018-08-31": "0.12830", "2018-05-31": "0.12530", "2018-02-28": "0.11730", "2017-11-30": "0.13360", "2017-08-31": "0.11420", "2017-05-31": "0.22870", "2017-02-28": "0.21970", "2016-11-30": "0.26470", "2016-08-31": "0.23320", "2016-05-31": "0.23080", "2016-02-29": "0.23600", "2015-11-30": "0.26870", "2015-08-31": "0.23600", "2015-05-31": "0.23390", "2015-02-28": "0.24070", "2014-11-30": "0.26590", "2014-08-31": "0.23320", "2014-05-31": "0.23440", "2014-02-28": "0.22430", "2013-11-30": "0.26290", "2013-08-31": "0.23350", "2013-05-31": "0.23820", "2013-02-28": "0.22870", "2012-11-30": "0.27510", "2012-08-31": "0.24100", "2012-05-31": "0.24810", "2012-02-29": "0.22220", "2011-11-30": "0.27170", "2011-08-31": "0.24780", "2011-05-31": "0.24620", "2011-02-28": "0.22510", "2010-11-30": "0.28640", "2010-08-31": "0.24340", "2010-05-31": "0.25010", "2010-02-28": "0.23560", "2009-11-30": "0.27290", "2009-08-31": "0.23940", "2009-05-31": "0.23400", "2009-02-28": "0.22730", "2008-11-30": "0.28160", "2008-08-31": "0.22790", "2008-05-31": "0.26340", "2008-02-29": "0.25330", "2007-11-30": "0.30860", "2007-08-31": "0.26790", "2007-05-31": "0.26590", "2007-02-28": "0.25470", "2006-11-30": "0.31300", "2006-08-31": "0.26950", "2006-05-31": "0.27080", "2006-02-28": "0.26730", "2005-11-30": "0.32430", "2005-08-31": "0.27410", "2005-05-31": "0.28750", "2005-02-28": "0.26510"}, "Inventory Turnover Ratio": {"2020-11-30": "0.86890", "2020-08-31": "0.89160", "2020-05-31": "0.98830", "2020-02-29": "0.88810", "2019-11-30": "1.06690", "2019-08-31": "0.93200", "2019-05-31": "0.97170", "2019-02-28": "0.94710", "2018-11-30": "1.09740", "2018-08-31": "0.98690", "2018-05-31": "0.99790", "2018-02-28": "0.91220", "2017-11-30": "1.17870", "2017-08-31": "0.83850", "2017-05-31": "0.85880", "2017-02-28": "0.82210", "2016-11-30": "0.90840", "2016-08-31": "0.83800", "2016-05-31": "0.85250", "2016-02-29": "0.89030", "2015-11-30": "0.95690", "2015-08-31": "0.87730", "2015-05-31": "0.83970", "2015-02-28": "0.87620", "2014-11-30": "0.93510", "2014-08-31": "0.88250", "2014-05-31": "0.90340", "2014-02-28": "0.88140", "2013-11-30": "0.98670", "2013-08-31": "0.95010", "2013-05-31": "0.99480", "2013-02-28": "0.94430", "2012-11-30": "1.07870", "2012-08-31": "0.93220", "2012-05-31": "0.97480", "2012-02-29": "0.86100", "2011-11-30": "1.02920", "2011-08-31": "0.92600", "2011-05-31": "0.92330", "2011-02-28": "0.83430", "2010-11-30": "1.11680", "2010-08-31": "0.93000", "2010-05-31": "1.03350", "2010-02-28": "1.01290", "2009-11-30": "1.09880", "2009-08-31": "1.05650", "2009-05-31": "1.01130", "2009-02-28": "0.96990", "2008-11-30": "1.16360", "2008-08-31": "1.02360", "2008-05-31": "1.01440", "2008-02-29": "0.97510", "2007-11-30": "1.13620", "2007-08-31": "0.98180", "2007-05-31": "0.97170", "2007-02-28": "0.94280", "2006-11-30": "1.10430", "2006-08-31": "0.94420", "2006-05-31": "1.01960", "2006-02-28": "1.04400", "2005-11-30": "1.20150", "2005-08-31": "1.06200", "2005-05-31": "1.12150", "2005-02-28": "1.06720"}, "Receiveable Turnover": {"2020-11-30": "2.94780", "2020-08-31": "2.88080", "2020-05-31": "2.83450", "2020-02-29": "2.95680", "2019-11-30": "2.95250", "2019-08-31": "2.68740", "2019-05-31": "3.03470", "2019-02-28": "2.82650", "2018-11-30": "2.83320", "2018-08-31": "2.57610", "2018-05-31": "2.74590", "2018-02-28": "2.42110", "2017-11-30": "2.49880", "2017-08-31": "2.13090", "2017-05-31": "2.59320", "2017-02-28": "2.58090", "2016-11-30": "2.63760", "2016-08-31": "2.45000", "2016-05-31": "2.66090", "2016-02-29": "2.77530", "2015-11-30": "2.64040", "2015-08-31": "2.50630", "2015-05-31": "2.62190", "2015-02-28": "2.63060", "2014-11-30": "2.37760", "2014-08-31": "2.18710", "2014-05-31": "2.47760", "2014-02-28": "2.32100", "2013-11-30": "2.36130", "2013-08-31": "2.19810", "2013-05-31": "2.50710", "2013-02-28": "2.31340", "2012-11-30": "2.45930", "2012-08-31": "2.37770", "2012-05-31": "2.60320", "2012-02-29": "2.37920", "2011-11-30": "2.60120", "2011-08-31": "2.34980", "2011-05-31": "2.57940", "2011-02-28": "2.39530", "2010-11-30": "2.53270", "2010-08-31": "2.48550", "2010-05-31": "2.56850", "2010-02-28": "2.35010", "2009-11-30": "2.53110", "2009-08-31": "2.40930", "2009-05-31": "2.39050", "2009-02-28": "2.10090", "2008-11-30": "2.38220", "2008-08-31": "2.01290", "2008-05-31": "2.00810", "2008-02-29": "1.86940", "2007-11-30": "1.88430", "2007-08-31": "1.79090", "2007-05-31": "1.90410", "2007-02-28": "1.71840", "2006-11-30": "2.12000", "2006-08-31": "2.02270", "2006-05-31": "1.95650", "2006-02-28": "1.76540", "2005-11-30": "1.99590", "2005-08-31": "1.93550", "2005-05-31": "1.91570", "2005-02-28": "1.66380"}, "Days Sales In Receivables": {"2020-11-30": "30.53150", "2020-08-31": "31.24170", "2020-05-31": "31.75150", "2020-02-29": "30.43810", "2019-11-30": "30.48290", "2019-08-31": "33.48930", "2019-05-31": "29.65670", "2019-02-28": "31.84170", "2018-11-30": "31.76580", "2018-08-31": "34.93630", "2018-05-31": "32.77570", "2018-02-28": "37.17300", "2017-11-30": "36.01690", "2017-08-31": "42.23590", "2017-05-31": "34.70610", "2017-02-28": "34.87210", "2016-11-30": "34.12230", "2016-08-31": "36.73420", "2016-05-31": "33.82300", "2016-02-29": "32.42870", "2015-11-30": "34.08600", "2015-08-31": "35.91000", "2015-05-31": "34.32670", "2015-02-28": "34.21320", "2014-11-30": "37.85280", "2014-08-31": "41.15080", "2014-05-31": "36.32570", "2014-02-28": "38.77590", "2013-11-30": "38.11540", "2013-08-31": "40.94450", "2013-05-31": "35.89770", "2013-02-28": "38.90300", "2012-11-30": "36.59540", "2012-08-31": "37.85210", "2012-05-31": "34.57320", "2012-02-29": "37.82840", "2011-11-30": "34.59980", "2011-08-31": "38.30180", "2011-05-31": "34.89190", "2011-02-28": "37.57280", "2010-11-30": "35.53500", "2010-08-31": "36.21070", "2010-05-31": "35.03950", "2010-02-28": "38.29560", "2009-11-30": "35.55810", "2009-08-31": "37.35510", "2009-05-31": "37.64950", "2009-02-28": "42.83920", "2008-11-30": "37.78040", "2008-08-31": "44.71210", "2008-05-31": "44.81740", "2008-02-29": "48.14500", "2007-11-30": "47.76430", "2007-08-31": "50.25270", "2007-05-31": "47.26570", "2007-02-28": "52.37350", "2006-11-30": "42.45250", "2006-08-31": "44.49440", "2006-05-31": "46.00040", "2006-02-28": "50.97870", "2005-11-30": "45.09310", "2005-08-31": "46.49870", "2005-05-31": "46.98040", "2005-02-28": "54.09190"}, "ROE - Return On Equity": {"2020-11-30": "4.82490", "2020-08-31": "4.97970", "2020-05-31": "5.07060", "2020-02-29": "3.75710", "2019-11-30": "5.83500", "2019-08-31": "5.23760", "2019-05-31": "4.13590", "2019-02-28": "4.12540", "2018-11-30": "6.38240", "2018-08-31": "5.30530", "2018-05-31": "3.81210", "2018-02-28": "13.49110", "2017-11-30": "6.43350", "2017-08-31": "3.94740", "2017-05-31": "5.06250", "2017-02-28": "4.99540", "2016-11-30": "8.88220", "2016-08-31": "6.73950", "2016-05-31": "4.85480", "2016-02-29": "4.92210", "2015-11-30": "8.26960", "2015-08-31": "4.98810", "2015-05-31": "4.43150", "2015-02-28": "3.55650", "2014-11-30": "7.32290", "2014-08-31": "5.79190", "2014-05-31": "4.26790", "2014-02-28": "3.89450", "2013-11-30": "6.32030", "2013-08-31": "5.52990", "2013-05-31": "4.19330", "2013-02-28": "4.09320", "2012-11-30": "8.02260", "2012-08-31": "5.73670", "2012-05-31": "4.66780", "2012-02-29": "4.40150", "2011-11-30": "7.48220", "2011-08-31": "4.95230", "2011-05-31": "4.48210", "2011-02-28": "4.37040", "2010-11-30": "8.28600", "2010-08-31": "7.41060", "2010-05-31": "4.62170", "2010-02-28": "4.62600", "2009-11-30": "8.19500", "2009-08-31": "5.37190", "2009-05-31": "3.70020", "2009-02-28": "4.94780", "2008-11-30": "7.46710", "2008-08-31": "5.20900", "2008-05-31": "3.96920", "2008-02-29": "3.99000", "2007-11-30": "7.59820", "2007-08-31": "5.39560", "2007-05-31": "3.69300", "2007-02-28": "3.88260", "2006-11-30": "8.58440", "2006-08-31": "4.20610", "2006-05-31": "3.41530", "2006-02-28": "1.02760", "2005-11-30": "10.33180", "2005-08-31": "5.33750", "2005-05-31": "4.98730", "2005-02-28": "3.52780"}, "Return On Tangible Equity": {"2020-11-30": "-4.43570", "2020-08-31": "-5.66050", "2020-05-31": "-5.07930", "2020-02-29": "-3.56950", "2019-11-30": "-5.17780", "2019-08-31": "-4.71520", "2019-05-31": "-3.50720", "2019-02-28": "-3.39240", "2018-11-30": "-4.81390", "2018-08-31": "-3.81900", "2018-05-31": "-2.61630", "2018-02-28": "-9.29230", "2017-11-30": "-3.31440", "2017-08-31": "-1.97570", "2017-05-31": "-15.94710", "2017-02-28": "-14.41910", "2016-11-30": "-26.06590", "2016-08-31": "-25.32290", "2016-05-31": "-18.17220", "2016-02-29": "-20.87430", "2015-11-30": "-31.38360", "2015-08-31": "-21.11460", "2015-05-31": "-22.02810", "2015-02-28": "-22.41120", "2014-11-30": "-54.39240", "2014-08-31": "-84.14450", "2014-05-31": "-53.11120", "2014-02-28": "-50.09720", "2013-11-30": "-66.82960", "2013-08-31": "-32.44130", "2013-05-31": "-19.44890", "2013-02-28": "-24.38690", "2012-11-30": "-42.81230", "2012-08-31": "-34.29270", "2012-05-31": "-21.61020", "2012-02-29": "-20.70590", "2011-11-30": "-28.44730", "2011-08-31": "-317.91280", "2011-05-31": "-100.96000", "2011-02-28": "-61.13590", "2010-11-30": "-64.74360", "2010-08-31": "-42.27910", "2010-05-31": "-18.76380", "2010-02-28": "-18.83790", "2009-11-30": "-29.47790", "2009-08-31": "-20.83330", "2009-05-31": "-11.49510", "2009-02-28": "-10.99680", "2008-11-30": "-14.33510", "2008-08-31": "-11.88060", "2008-05-31": "118.93250", "2008-02-29": "-229.35350", "2007-11-30": "-4339.31200", "2007-08-31": "-73.87010", "2007-05-31": "-421.59440", "2007-02-28": "-335.68700", "2006-11-30": "-124.98910", "2006-08-31": "-63.06480", "2006-05-31": "117.50440", "2006-02-28": "146.83820", "2005-11-30": "-370.59910", "2005-08-31": "2082.13900", "2005-05-31": "247.07660", "2005-02-28": "42.02190"}, "ROA - Return On Assets": {"2020-11-30": "1.57240", "2020-08-31": "1.80930", "2020-05-31": "1.75580", "2020-02-29": "1.28010", "2019-11-30": "1.94650", "2019-08-31": "1.75860", "2019-05-31": "1.36670", "2019-02-28": "1.34830", "2018-11-30": "1.98020", "2018-08-31": "1.60630", "2018-05-31": "1.11620", "2018-02-28": "3.99980", "2017-11-30": "1.59260", "2017-08-31": "0.96320", "2017-05-31": "1.88010", "2017-02-28": "1.82060", "2016-11-30": "3.13860", "2016-08-31": "2.55650", "2016-05-31": "1.86870", "2016-02-29": "1.94730", "2015-11-30": "3.11900", "2015-08-31": "1.95740", "2015-05-31": "1.75630", "2015-02-28": "1.44370", "2014-11-30": "3.00160", "2014-08-31": "2.55140", "2014-05-31": "1.91640", "2014-02-28": "1.74730", "2013-11-30": "2.76650", "2013-08-31": "2.28350", "2013-05-31": "1.72730", "2013-02-28": "1.72780", "2012-11-30": "3.27460", "2012-08-31": "2.43780", "2012-05-31": "1.92900", "2012-02-29": "1.82610", "2011-11-30": "2.96250", "2011-08-31": "2.29370", "2011-05-31": "2.05050", "2011-02-28": "1.98130", "2010-11-30": "3.54420", "2010-08-31": "3.13660", "2010-05-31": "1.86380", "2010-02-28": "1.89810", "2009-11-30": "3.24990", "2009-08-31": "2.17760", "2009-05-31": "1.44930", "2009-02-28": "1.72410", "2008-11-30": "2.44700", "2008-08-31": "1.84530", "2008-05-31": "1.68940", "2008-02-29": "1.61280", "2007-11-30": "2.95780", "2007-08-31": "1.95640", "2007-05-31": "1.43570", "2007-02-28": "1.49700", "2006-11-30": "3.11990", "2006-08-31": "1.56660", "2006-05-31": "1.31510", "2006-02-28": "0.37490", "2005-11-30": "3.63640", "2005-08-31": "1.94780", "2005-05-31": "1.83830", "2005-02-28": "1.40160"}, "ROI - Return On Investment": {"2020-11-30": "2.47080", "2020-08-31": "2.55740", "2020-05-31": "2.38810", "2020-02-29": "1.86460", "2019-11-30": "2.84790", "2019-08-31": "2.48920", "2019-05-31": "1.90080", "2019-02-28": "1.86940", "2018-11-30": "2.80710", "2018-08-31": "2.23660", "2018-05-31": "1.54610", "2018-02-28": "5.56300", "2017-11-30": "2.35790", "2017-08-31": "1.38210", "2017-05-31": "3.50460", "2017-02-28": "3.41210", "2016-11-30": "5.40470", "2016-08-31": "4.22420", "2016-05-31": "3.04510", "2016-02-29": "3.05550", "2015-11-30": "5.09440", "2015-08-31": "3.42100", "2015-05-31": "3.02370", "2015-02-28": "2.41370", "2014-11-30": "4.69280", "2014-08-31": "3.82330", "2014-05-31": "2.81980", "2014-02-28": "2.57660", "2013-11-30": "4.14940", "2013-08-31": "3.52970", "2013-05-31": "2.89860", "2013-02-28": "2.82310", "2012-11-30": "5.50130", "2012-08-31": "3.59610", "2012-05-31": "2.86880", "2012-02-29": "2.73770", "2011-11-30": "4.57290", "2011-08-31": "3.09580", "2011-05-31": "3.03720", "2011-02-28": "2.92920", "2010-11-30": "5.40440", "2010-08-31": "4.73790", "2010-05-31": "2.75210", "2010-02-28": "2.79500", "2009-11-30": "4.96280", "2009-08-31": "3.25620", "2009-05-31": "2.17850", "2009-02-28": "2.74430", "2008-11-30": "4.06080", "2008-08-31": "3.02380", "2008-05-31": "2.63240", "2008-02-29": "2.51620", "2007-11-30": "4.97090", "2007-08-31": "3.76990", "2007-05-31": "2.61190", "2007-02-28": "2.72730", "2006-11-30": "5.33090", "2006-08-31": "2.60000", "2006-05-31": "2.26370", "2006-02-28": "0.65790", "2005-11-30": "6.53930", "2005-08-31": "4.03010", "2005-05-31": "3.73170", "2005-02-28": "2.65910"}, "Book Value Per Share": {"2020-11-30": "14.76210", "2020-08-31": "14.78880", "2020-05-31": "13.74510", "2020-02-29": "13.44850", "2019-11-30": "13.00490", "2019-08-31": "13.09360", "2019-05-31": "12.76200", "2019-02-28": "12.66170", "2018-11-30": "12.04470", "2018-08-31": "11.81790", "2018-05-31": "11.58060", "2018-02-28": "11.70390", "2017-11-30": "9.81260", "2017-08-31": "9.66920", "2017-05-31": "7.26100", "2017-02-28": "6.94430", "2016-11-30": "6.53670", "2016-08-31": "7.03800", "2016-05-31": "7.00160", "2016-02-29": "6.80270", "2015-11-30": "6.62570", "2015-08-31": "6.88120", "2015-05-31": "6.78590", "2015-02-28": "6.66710", "2014-11-30": "7.04600", "2014-08-31": "7.62710", "2014-05-31": "7.62600", "2014-02-28": "7.61450", "2013-11-30": "7.42830", "2013-08-31": "6.80610", "2013-05-31": "6.56770", "2013-02-28": "6.53810", "2012-11-30": "6.41580", "2012-08-31": "6.50490", "2012-05-31": "6.17830", "2012-02-29": "6.38240", "2011-11-30": "6.08920", "2011-08-31": "6.48380", "2011-05-31": "6.20710", "2011-02-28": "5.94920", "2010-11-30": "5.49470", "2010-08-31": "5.19700", "2010-05-31": "4.83110", "2010-02-28": "5.02540", "2009-11-30": "5.09670", "2009-08-31": "5.11970", "2009-05-31": "4.84950", "2009-02-28": "4.22670", "2008-11-30": "4.05570", "2008-08-31": "4.67410", "2008-05-31": "4.78650", "2008-02-29": "4.50660", "2007-11-30": "4.24530", "2007-08-31": "3.79380", "2007-05-31": "3.87310", "2007-02-28": "3.78010", "2006-11-30": "3.58690", "2006-08-31": "3.48830", "2006-05-31": "3.44350", "2006-02-28": "3.14100", "2005-11-30": "3.01620", "2005-08-31": "3.09660", "2005-05-31": "3.00990", "2005-02-28": "3.34050"}, "Operating Cash Flow Per Share": {"2020-11-30": 1.545, "2020-08-31": 1.0011, "2020-05-31": 1.1567, "2020-02-29": "0.16680", "2019-11-30": 1.6887, "2019-08-31": 0.6695, "2019-05-31": 0.7862, "2019-02-28": "0.38710", "2018-11-30": 1.6212, "2018-08-31": 0.5765, "2018-05-31": 0.9608, "2018-02-28": "-0.07710", "2017-11-30": 1.9894, "2017-08-31": 0.4845, "2017-05-31": 0.5264, "2017-02-28": "0.17450", "2016-11-30": 1.3103, "2016-08-31": 0.4315, "2016-05-31": 0.5226, "2016-02-29": "0.30630", "2015-11-30": 1.0581, "2015-08-31": 0.5047, "2015-05-31": 0.3497, "2015-02-28": "0.37080", "2014-11-30": 0.8662, "2014-08-31": 0.3619, "2014-05-31": 0.4039, "2014-02-28": "0.29010", "2013-11-30": 0.8893, "2013-08-31": 0.3551, "2013-05-31": 0.3787, "2013-02-28": "0.11790", "2012-11-30": 0.7398, "2012-08-31": 0.4158, "2012-05-31": 0.4548, "2012-02-29": "0.08360", "2011-11-30": 0.9463, "2011-08-31": 0.1842, "2011-05-31": 0.2211, "2011-02-28": "-0.08580", "2010-11-30": 0.9002, "2010-08-31": 0.2964, "2010-05-31": 0.2608, "2010-02-28": "-0.01900", "2009-11-30": 0.8346, "2009-08-31": 0.37, "2009-05-31": 0.4172, "2009-02-28": "-0.05040", "2008-11-30": 0.7577, "2008-08-31": 0.0833, "2008-05-31": 0.2598, "2008-02-29": "0.09270", "2007-11-30": 0.759, "2007-08-31": 0.1168, "2007-05-31": 0.2499, "2007-02-28": "-0.27980", "2006-11-30": 0.7062, "2006-08-31": 0.1545, "2006-05-31": 0.3292, "2006-02-28": "-0.03880", "2005-11-30": 0.7156, "2005-08-31": 0.2473, "2005-05-31": 0.2503, "2005-02-28": "-0.01040"}, "Free Cash Flow Per Share": {"2020-11-30": 1.2478, "2020-08-31": 0.7852, "2020-05-31": 0.9758, "2020-02-29": "0.02350", "2019-11-30": 1.4399, "2019-08-31": 0.4725, "2019-05-31": 0.679, "2019-02-28": "0.29220", "2018-11-30": 1.4094, "2018-08-31": 0.3791, "2018-05-31": 0.8533, "2018-02-28": "-0.19490", "2017-11-30": 1.7033, "2017-08-31": 0.3222, "2017-05-31": 0.3776, "2017-02-28": "0.06150", "2016-11-30": 1.0563, "2016-08-31": 0.2991, "2016-05-31": 0.4014, "2016-02-29": "0.21980", "2015-11-30": 0.8324, "2015-08-31": 0.4001, "2015-05-31": 0.2445, "2015-02-28": "0.31090", "2014-11-30": 0.6595, "2014-08-31": 0.2443, "2014-05-31": 0.294, "2014-02-28": "0.22200", "2013-11-30": 0.7196, "2013-08-31": 0.2826, "2013-05-31": 0.2956, "2013-02-28": "0.07870", "2012-11-30": 0.563, "2012-08-31": 0.3169, "2012-05-31": 0.38, "2012-02-29": "0.02830", "2011-11-30": 0.8051, "2011-08-31": 0.091, "2011-05-31": 0.1505, "2011-02-28": "-0.13860", "2010-11-30": 0.7648, "2010-08-31": 0.2438, "2010-05-31": 0.1743, "2010-02-28": "-0.05190", "2009-11-30": 0.7268, "2009-08-31": 0.306, "2009-05-31": 0.3383, "2009-02-28": "-0.10880", "2008-11-30": 0.6592, "2008-08-31": 0.0215, "2008-05-31": 0.2288, "2008-02-29": "0.02710", "2007-11-30": 0.6603, "2007-08-31": 0.0556, "2007-05-31": 0.1774, "2007-02-28": "-0.33720", "2006-11-30": 0.6052, "2006-08-31": 0.0786, "2006-05-31": 0.2712, "2006-02-28": "-0.09540", "2005-11-30": 0.6465, "2005-08-31": 0.1902, "2005-05-31": 0.1926, "2005-02-28": "-0.06010"}}, "revenue": {"McCormick Annual Revenue (Millions of US $)": {"2020": "$5,601", "2019": "$5,347", "2018": "$5,303", "2017": "$4,730", "2016": "$4,412", "2015": "$4,296", "2014": "$4,243", "2013": "$4,123", "2012": "$4,014", "2011": "$3,698", "2010": "$3,337", "2009": "$3,192", "2008": "$3,177", "2007": "$2,916", "2006": "$2,716", "2005": "$2,592"}, "McCormick Quarterly Revenue (Millions of US $)": {"2020-11-30": "$1,558", "2020-08-31": "$1,430", "2020-05-31": "$1,401", "2020-02-29": "$1,212", "2019-11-30": "$1,485", "2019-08-31": "$1,329", "2019-05-31": "$1,302", "2019-02-28": "$1,232", "2018-11-30": "$1,468", "2018-08-31": "$1,318", "2018-05-31": "$1,301", "2018-02-28": "$1,215", "2017-11-30": "$1,387", "2017-08-31": "$1,185", "2017-05-31": "$1,114", "2017-02-28": "$1,044", "2016-11-30": "$1,227", "2016-08-31": "$1,091", "2016-05-31": "$1,063", "2016-02-29": "$1,030", "2015-11-30": "$1,202", "2015-08-31": "$1,060", "2015-05-31": "$1,024", "2015-02-28": "$1,010", "2014-11-30": "$1,174", "2014-08-31": "$1,043", "2014-05-31": "$1,033", "2014-02-28": "$993", "2013-11-30": "$1,170", "2013-08-31": "$1,016", "2013-05-31": "$1,003", "2013-02-28": "$934", "2012-11-30": "$1,146", "2012-08-31": "$978", "2012-05-31": "$984", "2012-02-29": "$907", "2011-11-30": "$1,111", "2011-08-31": "$920", "2011-05-31": "$884", "2011-02-28": "$783", "2010-11-30": "$979", "2010-08-31": "$795", "2010-05-31": "$798", "2010-02-28": "$765", "2009-11-30": "$925", "2009-08-31": "$792", "2009-05-31": "$757", "2009-02-28": "$719", "2008-11-30": "$907", "2008-08-31": "$782", "2008-05-31": "$764", "2008-02-29": "$724", "2007-11-30": "$860", "2007-08-31": "$716", "2007-05-31": "$687", "2007-02-28": "$653", "2006-11-30": "$804", "2006-08-31": "$663", "2006-05-31": "$640", "2006-02-28": "$610", "2005-11-30": "$737", "2005-08-31": "$623", "2005-05-31": "$629", "2005-02-28": "$604"}}, "gross-profit": {"McCormick Annual Gross Profit (Millions of US $)": {"2020": "$2,300", "2019": "$2,145", "2018": "$2,093", "2017": "$1,794", "2016": "$1,832", "2015": "$1,737", "2014": "$1,730", "2013": "$1,666", "2012": "$1,618", "2011": "$1,523", "2010": "$1,418", "2009": "$1,327", "2008": "$1,288", "2007": "$1,192", "2006": "$1,115", "2005": "$1,037"}, "McCormick Quarterly Gross Profit (Millions of US $)": {"2020-11-30": "$661", "2020-08-31": "$590", "2020-05-31": "$580", "2020-02-29": "$470", "2019-11-30": "$630", "2019-08-31": "$540", "2019-05-31": "$509", "2019-02-28": "$467", "2018-11-30": "$605", "2018-08-31": "$523", "2018-05-31": "$505", "2018-02-28": "$460", "2017-11-30": "$452", "2017-08-31": "$484", "2017-05-31": "$445", "2017-02-28": "$413", "2016-11-30": "$540", "2016-08-31": "$454", "2016-05-31": "$433", "2016-02-29": "$405", "2015-11-30": "$522", "2015-08-31": "$422", "2015-05-31": "$404", "2015-02-28": "$390", "2014-11-30": "$506", "2014-08-31": "$420", "2014-05-31": "$413", "2014-02-28": "$392", "2013-11-30": "$502", "2013-08-31": "$408", "2013-05-31": "$394", "2013-02-28": "$362", "2012-11-30": "$482", "2012-08-31": "$392", "2012-05-31": "$388", "2012-02-29": "$355", "2011-11-30": "$479", "2011-08-31": "$365", "2011-05-31": "$351", "2011-02-28": "$328", "2010-11-30": "$446", "2010-08-31": "$335", "2010-05-31": "$327", "2010-02-28": "$310", "2009-11-30": "$422", "2009-08-31": "$319", "2009-05-31": "$302", "2009-02-28": "$284", "2008-11-30": "$396", "2008-08-31": "$308", "2008-05-31": "$298", "2008-02-29": "$286", "2007-11-30": "$371", "2007-08-31": "$284", "2007-05-31": "$272", "2007-02-28": "$264", "2006-11-30": "$356", "2006-08-31": "$269", "2006-05-31": "$251", "2006-02-28": "$239", "2005-11-30": "$324", "2005-08-31": "$243", "2005-05-31": "$241", "2005-02-28": "$228"}}, "operating-income": {"McCormick Annual Operating Income (Millions of US $)": {"2020": "$1,000", "2019": "$958", "2018": "$891", "2017": "$700", "2016": "$641", "2015": "$548", "2014": "$603", "2013": "$551", "2012": "$578", "2011": "$540", "2010": "$510", "2009": "$467", "2008": "$377", "2007": "$354", "2006": "$270", "2005": "$344"}, "McCormick Quarterly Operating Income (Millions of US $)": {"2020-11-30": "$275", "2020-08-31": "$273", "2020-05-31": "$257", "2020-02-29": "$194", "2019-11-30": "$299", "2019-08-31": "$254", "2019-05-31": "$208", "2019-02-28": "$197", "2018-11-30": "$292", "2018-08-31": "$230", "2018-05-31": "$189", "2018-02-28": "$181", "2017-11-30": "$264", "2017-08-31": "$169", "2017-05-31": "$133", "2017-02-28": "$134", "2016-11-30": "$219", "2016-08-31": "$168", "2016-05-31": "$125", "2016-02-29": "$129", "2015-11-30": "$212", "2015-08-31": "$139", "2015-05-31": "$104", "2015-02-28": "$94", "2014-11-30": "$199", "2014-08-31": "$157", "2014-05-31": "$122", "2014-02-28": "$125", "2013-11-30": "$174", "2013-08-31": "$148", "2013-05-31": "$116", "2013-02-28": "$112", "2012-11-30": "$200", "2012-08-31": "$144", "2012-05-31": "$121", "2012-02-29": "$113", "2011-11-30": "$192", "2011-08-31": "$128", "2011-05-31": "$109", "2011-02-28": "$111", "2010-11-30": "$186", "2010-08-31": "$126", "2010-05-31": "$98", "2010-02-28": "$101", "2009-11-30": "$178", "2009-08-31": "$117", "2009-05-31": "$83", "2009-02-28": "$90", "2008-11-30": "$126", "2008-08-31": "$93", "2008-05-31": "$81", "2008-02-29": "$77", "2007-11-30": "$132", "2007-08-31": "$89", "2007-05-31": "$67", "2007-02-28": "$66", "2006-11-30": "$126", "2006-08-31": "$64", "2006-05-31": "$55", "2006-02-28": "$24", "2005-11-30": "$135", "2005-08-31": "$79", "2005-05-31": "$71", "2005-02-28": "$58"}}, "ebitda": {"McCormick Annual EBITDA (Millions of US $)": {"2020": "$1,165", "2019": "$1,117", "2018": "$1,042", "2017": "$846", "2016": "$750", "2015": "$654", "2014": "$706", "2013": "$657", "2012": "$681", "2011": "$639", "2010": "$605", "2009": "$561", "2008": "$462", "2007": "$437", "2006": "$354", "2005": "$418"}, "McCormick Quarterly EBITDA (Millions of US $)": {"2020-11-30": "$316", "2020-08-31": "$315", "2020-05-31": "$297", "2020-02-29": "$236", "2019-11-30": "$340", "2019-08-31": "$293", "2019-05-31": "$247", "2019-02-28": "$237", "2018-11-30": "$331", "2018-08-31": "$267", "2018-05-31": "$226", "2018-02-28": "$218", "2017-11-30": "$321", "2017-08-31": "$200", "2017-05-31": "$162", "2017-02-28": "$163", "2016-11-30": "$246", "2016-08-31": "$197", "2016-05-31": "$152", "2016-02-29": "$156", "2015-11-30": "$239", "2015-08-31": "$165", "2015-05-31": "$131", "2015-02-28": "$119", "2014-11-30": "$224", "2014-08-31": "$182", "2014-05-31": "$148", "2014-02-28": "$151", "2013-11-30": "$203", "2013-08-31": "$174", "2013-05-31": "$142", "2013-02-28": "$138", "2012-11-30": "$226", "2012-08-31": "$170", "2012-05-31": "$146", "2012-02-29": "$138", "2011-11-30": "$217", "2011-08-31": "$153", "2011-05-31": "$134", "2011-02-28": "$134", "2010-11-30": "$211", "2010-08-31": "$150", "2010-05-31": "$120", "2010-02-28": "$124", "2009-11-30": "$203", "2009-08-31": "$139", "2009-05-31": "$110", "2009-02-28": "$110", "2008-11-30": "$147", "2008-08-31": "$113", "2008-05-31": "$102", "2008-02-29": "$100", "2007-11-30": "$153", "2007-08-31": "$110", "2007-05-31": "$87", "2007-02-28": "$86", "2006-11-30": "$149", "2006-08-31": "$86", "2006-05-31": "$76", "2006-02-28": "$42", "2005-11-30": "$156", "2005-08-31": "$98", "2005-05-31": "$89", "2005-02-28": "$76"}}, "net-income": {"McCormick Annual Net Income (Millions of US $)": {"2020": "$747", "2019": "$703", "2018": "$933", "2017": "$477", "2016": "$472", "2015": "$402", "2014": "$438", "2013": "$389", "2012": "$408", "2011": "$374", "2010": "$370", "2009": "$300", "2008": "$256", "2007": "$230", "2006": "$202", "2005": "$215"}, "McCormick Quarterly Net Income (Millions of US $)": {"2020-11-30": "$201", "2020-08-31": "$206", "2020-05-31": "$196", "2020-02-29": "$145", "2019-11-30": "$213", "2019-08-31": "$192", "2019-05-31": "$149", "2019-02-28": "$148", "2018-11-30": "$214", "2018-08-31": "$174", "2018-05-31": "$123", "2018-02-28": "$423", "2017-11-30": "$176", "2017-08-31": "$108", "2017-05-31": "$100", "2017-02-28": "$94", "2016-11-30": "$157", "2016-08-31": "$128", "2016-05-31": "$94", "2016-02-29": "$93", "2015-11-30": "$149", "2015-08-31": "$98", "2015-05-31": "$84", "2015-02-28": "$71", "2014-11-30": "$148", "2014-08-31": "$123", "2014-05-31": "$85", "2014-02-28": "$83", "2013-11-30": "$130", "2013-08-31": "$104", "2013-05-31": "$79", "2013-02-28": "$76", "2012-11-30": "$149", "2012-08-31": "$104", "2012-05-31": "$80", "2012-02-29": "$75", "2011-11-30": "$132", "2011-08-31": "$92", "2011-05-31": "$74", "2011-02-28": "$77", "2010-11-30": "$134", "2010-08-31": "$102", "2010-05-31": "$66", "2010-02-28": "$68", "2009-11-30": "$116", "2009-08-31": "$75", "2009-05-31": "$51", "2009-02-28": "$58", "2008-11-30": "$83", "2008-08-31": "$69", "2008-05-31": "$53", "2008-02-29": "$51", "2007-11-30": "$88", "2007-08-31": "$57", "2007-05-31": "$41", "2007-02-28": "$44", "2006-11-30": "$83", "2006-08-31": "$43", "2006-05-31": "$62", "2006-02-28": "$14", "2005-11-30": "$88", "2005-08-31": "$48", "2005-05-31": "$43", "2005-02-28": "$36"}}, "eps-earnings-per-share-diluted": {"McCormick Annual EPS": {"2020": "$2.78", "2019": "$2.62", "2018": "$3.50", "2017": "$1.86", "2016": "$1.85", "2015": "$1.56", "2014": "$1.67", "2013": "$1.46", "2012": "$1.52", "2011": "$1.40", "2010": "$1.38", "2009": "$1.14", "2008": "$0.97", "2007": "$0.87", "2006": "$0.75", "2005": "$0.78"}, "McCormick Quarterly EPS": {"2020-11-30": "$0.75", "2020-08-31": "$0.77", "2020-05-31": "$0.73", "2020-02-29": "$0.54", "2019-11-30": "$0.79", "2019-08-31": "$0.72", "2019-05-31": "$0.56", "2019-02-28": "$0.56", "2018-11-30": "$0.80", "2018-08-31": "$0.65", "2018-05-31": "$0.47", "2018-02-28": "$1.59", "2017-11-30": "$0.67", "2017-08-31": "$0.43", "2017-05-31": "$0.40", "2017-02-28": "$0.37", "2016-11-30": "$0.62", "2016-08-31": "$0.50", "2016-05-31": "$0.37", "2016-02-29": "$0.37", "2015-11-30": "$0.58", "2015-08-31": "$0.38", "2015-05-31": "$0.33", "2015-02-28": "$0.28", "2014-11-30": "$0.57", "2014-08-31": "$0.47", "2014-05-31": "$0.32", "2014-02-28": "$0.31", "2013-11-30": "$0.49", "2013-08-31": "$0.39", "2013-05-31": "$0.30", "2013-02-28": "$0.29", "2012-11-30": "$0.56", "2012-08-31": "$0.39", "2012-05-31": "$0.30", "2012-02-29": "$0.28", "2011-11-30": "$0.49", "2011-08-31": "$0.35", "2011-05-31": "$0.28", "2011-02-28": "$0.29", "2010-11-30": "$0.50", "2010-08-31": "$0.38", "2010-05-31": "$0.25", "2010-02-28": "$0.26", "2009-11-30": "$0.44", "2009-08-31": "$0.29", "2009-05-31": "$0.19", "2009-02-28": "$0.22", "2008-11-30": "$0.31", "2008-08-31": "$0.26", "2008-05-31": "$0.21", "2008-02-29": "$0.20", "2007-11-30": "$0.33", "2007-08-31": "$0.22", "2007-05-31": "$0.16", "2007-02-28": "$0.17", "2006-11-30": "$0.31", "2006-08-31": "$0.16", "2006-05-31": "$0.23", "2006-02-28": "$0.06", "2005-11-30": "$0.32", "2005-08-31": "$0.18", "2005-05-31": "$0.16", "2005-02-28": "$0.13"}}, "shares-outstanding": {"McCormick Annual Shares Outstanding (Millions of Shares)": {"2020": "269", "2019": "268", "2018": "267", "2017": "257", "2016": "256", "2015": "258", "2014": "262", "2013": "267", "2012": "269", "2011": "269", "2010": "269", "2009": "265", "2008": "264", "2007": "265", "2006": "270", "2005": "276"}, "McCormick Quarterly Shares Outstanding (Millions of Shares)": {"2020-11-30": "269", "2020-08-31": "270", "2020-05-31": "269", "2020-02-29": "269", "2019-11-30": "268", "2019-08-31": "268", "2019-05-31": "268", "2019-02-28": "268", "2018-11-30": "267", "2018-08-31": "266", "2018-05-31": "266", "2018-02-28": "266", "2017-11-30": "257", "2017-08-31": "256", "2017-05-31": "253", "2017-02-28": "254", "2016-11-30": "256", "2016-08-31": "256", "2016-05-31": "257", "2016-02-29": "257", "2015-11-30": "258", "2015-08-31": "258", "2015-05-31": "258", "2015-02-28": "259", "2014-11-30": "262", "2014-08-31": "261", "2014-05-31": "262", "2014-02-28": "264", "2013-11-30": "267", "2013-08-31": "267", "2013-05-31": "267", "2013-02-28": "268", "2012-11-30": "269", "2012-08-31": "269", "2012-05-31": "268", "2012-02-29": "269", "2011-11-30": "269", "2011-08-31": "268", "2011-05-31": "268", "2011-02-28": "269", "2010-11-30": "269", "2010-08-31": "270", "2010-05-31": "270", "2010-02-28": "268", "2009-11-30": "265", "2009-08-31": "265", "2009-05-31": "264", "2009-02-28": "264", "2008-11-30": "264", "2008-08-31": "265", "2008-05-31": "263", "2008-02-29": "262", "2007-11-30": "265", "2007-08-31": "265", "2007-05-31": "267", "2007-02-28": "268", "2006-11-30": "270", "2006-08-31": "270", "2006-05-31": "271", "2006-02-28": "271", "2005-11-30": "276", "2005-08-31": "275", "2005-05-31": "277", "2005-02-28": "281"}}, "total-assets": {"McCormick Annual Total Assets (Millions of US $)": {"2020": "$12,090", "2019": "$10,362", "2018": "$10,256", "2017": "$10,386", "2016": "$4,636", "2015": "$4,473", "2014": "$4,414", "2013": "$4,450", "2012": "$4,165", "2011": "$4,088", "2010": "$3,420", "2009": "$3,388", "2008": "$3,220", "2007": "$2,788", "2006": "$2,568", "2005": "$2,273"}, "McCormick Quarterly Total Assets (Millions of US $)": {"2020-11-30": "$12,090", "2020-08-31": "$10,861", "2020-05-31": "$10,576", "2020-02-29": "$10,492", "2019-11-30": "$10,362", "2019-08-31": "$10,366", "2019-05-31": "$10,237", "2019-02-28": "$10,228", "2018-11-30": "$10,256", "2018-08-31": "$10,278", "2018-05-31": "$10,384", "2018-02-28": "$10,363", "2017-11-30": "$10,386", "2017-08-31": "$10,382", "2017-05-31": "$4,872", "2017-02-28": "$4,751", "2016-11-30": "$4,636", "2016-08-31": "$4,678", "2016-05-31": "$4,608", "2016-02-29": "$4,365", "2015-11-30": "$4,473", "2015-08-31": "$4,491", "2015-05-31": "$4,378", "2015-02-28": "$4,198", "2014-11-30": "$4,414", "2014-08-31": "$4,472", "2014-05-31": "$4,409", "2014-02-28": "$4,430", "2013-11-30": "$4,450", "2013-08-31": "$4,353", "2013-05-31": "$4,209", "2013-02-28": "$4,086", "2012-11-30": "$4,165", "2012-08-31": "$4,057", "2012-05-31": "$3,966", "2012-02-29": "$4,080", "2011-11-30": "$4,088", "2011-08-31": "$3,715", "2011-05-31": "$3,589", "2011-02-28": "$3,478", "2010-11-30": "$3,420", "2010-08-31": "$3,265", "2010-05-31": "$3,192", "2010-02-28": "$3,245", "2009-11-30": "$3,388", "2009-08-31": "$3,306", "2009-05-31": "$3,236", "2009-02-28": "$3,161", "2008-11-30": "$3,220", "2008-08-31": "$3,430", "2008-05-31": "$2,900", "2008-02-29": "$2,858", "2007-11-30": "$2,788", "2007-08-31": "$2,673", "2007-05-31": "$2,584", "2007-02-28": "$2,562", "2006-11-30": "$2,568", "2006-08-31": "$2,461", "2006-05-31": "$2,363", "2006-02-28": "$2,281", "2005-11-30": "$2,273", "2005-08-31": "$2,272", "2005-05-31": "$2,187", "2005-02-28": "$2,277"}}, "cash-on-hand": {"McCormick Annual Cash on Hand (Millions of US $)": {"2020": "$424", "2019": "$155", "2018": "$97", "2017": "$187", "2016": "$118", "2015": "$113", "2014": "$77", "2013": "$63", "2012": "$79", "2011": "$54", "2010": "$51", "2009": "$40", "2008": "$39", "2007": "$46", "2006": "$49", "2005": "$30"}, "McCormick Quarterly Cash on Hand (Millions of US $)": {"2020-11-30": "$424", "2020-08-31": "$221", "2020-05-31": "$185", "2020-02-29": "$171", "2019-11-30": "$155", "2019-08-31": "$163", "2019-05-31": "$139", "2019-02-28": "$102", "2018-11-30": "$97", "2018-08-31": "$73", "2018-05-31": "$203", "2018-02-28": "$180", "2017-11-30": "$187", "2017-08-31": "$166", "2017-05-31": "$130", "2017-02-28": "$126", "2016-11-30": "$118", "2016-08-31": "$134", "2016-05-31": "$132", "2016-02-29": "$112", "2015-11-30": "$113", "2015-08-31": "$108", "2015-05-31": "$90", "2015-02-28": "$82", "2014-11-30": "$77", "2014-08-31": "$94", "2014-05-31": "$81", "2014-02-28": "$89", "2013-11-30": "$63", "2013-08-31": "$147", "2013-05-31": "$72", "2013-02-28": "$69", "2012-11-30": "$79", "2012-08-31": "$72", "2012-05-31": "$61", "2012-02-29": "$54", "2011-11-30": "$54", "2011-08-31": "$52", "2011-05-31": "$48", "2011-02-28": "$41", "2010-11-30": "$51", "2010-08-31": "$24", "2010-05-31": "$23", "2010-02-28": "$22", "2009-11-30": "$40", "2009-08-31": "$28", "2009-05-31": "$13", "2009-02-28": "$23", "2008-11-30": "$39", "2008-08-31": "$30", "2008-05-31": "$47", "2008-02-29": "$24", "2007-11-30": "$46", "2007-08-31": "$46", "2007-05-31": "$41", "2007-02-28": "$39", "2006-11-30": "$49", "2006-08-31": "$38", "2006-05-31": "$74", "2006-02-28": "$32", "2005-11-30": "$30", "2005-08-31": "$46", "2005-05-31": "$20", "2005-02-28": "$24"}}, "long-term-debt": {"McCormick Annual Long Term Debt (Millions of US $)": {"2020": "$3,754", "2019": "$3,626", "2018": "$4,053", "2017": "$4,444", "2016": "$1,054", "2015": "$1,051", "2014": "$1,014", "2013": "$1,019", "2012": "$779", "2011": "$1,030", "2010": "$780", "2009": "$875", "2008": "$885", "2007": "$574", "2006": "$570", "2005": "$464"}, "McCormick Quarterly Long Term Debt (Millions of US $)": {"2020-11-30": "$3,754", "2020-08-31": "$3,738", "2020-05-31": "$4,114", "2020-02-29": "$3,628", "2019-11-30": "$3,626", "2019-08-31": "$3,843", "2019-05-31": "$3,978", "2019-02-28": "$4,034", "2018-11-30": "$4,053", "2018-08-31": "$4,270", "2018-05-31": "$4,456", "2018-02-28": "$4,379", "2017-11-30": "$4,444", "2017-08-31": "$4,702", "2017-05-31": "$804", "2017-02-28": "$804", "2016-11-30": "$1,054", "2016-08-31": "$1,057", "2016-05-31": "$1,054", "2016-02-29": "$1,055", "2015-11-30": "$1,051", "2015-08-31": "$807", "2015-05-31": "$808", "2015-02-28": "$807", "2014-11-30": "$1,014", "2014-08-31": "$1,014", "2014-05-31": "$1,017", "2014-02-28": "$1,017", "2013-11-30": "$1,019", "2013-08-31": "$1,019", "2013-05-31": "$774", "2013-02-28": "$776", "2012-11-30": "$779", "2012-08-31": "$1,026", "2012-05-31": "$1,028", "2012-02-29": "$1,029", "2011-11-30": "$1,030", "2011-08-31": "$1,032", "2011-05-31": "$781", "2011-02-28": "$776", "2010-11-30": "$780", "2010-08-31": "$780", "2010-05-31": "$875", "2010-02-28": "$872", "2009-11-30": "$875", "2009-08-31": "$871", "2009-05-31": "$885", "2009-02-28": "$884", "2008-11-30": "$885", "2008-08-31": "$878", "2008-05-31": "$627", "2008-02-29": "$677", "2007-11-30": "$574", "2007-08-31": "$418", "2007-05-31": "$416", "2007-02-28": "$418", "2006-11-30": "$570", "2006-08-31": "$566", "2006-05-31": "$463", "2006-02-28": "$468", "2005-11-30": "$464", "2005-08-31": "$269", "2005-05-31": "$271", "2005-02-28": "$296"}}, "total-liabilities": {"McCormick Annual Total Liabilities (Millions of US $)": {"2020": "$8,150", "2019": "$6,905", "2018": "$7,074", "2017": "$7,815", "2016": "$2,998", "2015": "$2,786", "2014": "$2,605", "2013": "$2,502", "2012": "$2,465", "2011": "$2,469", "2010": "$1,957", "2009": "$2,044", "2008": "$2,165", "2007": "$1,702", "2006": "$1,635", "2005": "$1,473"}, "McCormick Quarterly Total Liabilities (Millions of US $)": {"2020-11-30": "$8,150", "2020-08-31": "$6,915", "2020-05-31": "$6,914", "2020-02-29": "$6,917", "2019-11-30": "$6,905", "2019-08-31": "$6,885", "2019-05-31": "$6,854", "2019-02-28": "$6,885", "2018-11-30": "$7,074", "2018-08-31": "$7,166", "2018-05-31": "$7,344", "2018-02-28": "$7,291", "2017-11-30": "$7,815", "2017-08-31": "$7,848", "2017-05-31": "$3,063", "2017-02-28": "$3,020", "2016-11-30": "$2,998", "2016-08-31": "$2,904", "2016-05-31": "$2,834", "2016-02-29": "$2,638", "2015-11-30": "$2,786", "2015-08-31": "$2,729", "2015-05-31": "$2,643", "2015-02-28": "$2,494", "2014-11-30": "$2,605", "2014-08-31": "$2,502", "2014-05-31": "$2,429", "2014-02-28": "$2,442", "2013-11-30": "$2,502", "2013-08-31": "$2,556", "2013-05-31": "$2,475", "2013-02-28": "$2,361", "2012-11-30": "$2,465", "2012-08-31": "$2,333", "2012-05-31": "$2,327", "2012-02-29": "$2,387", "2011-11-30": "$2,469", "2011-08-31": "$1,994", "2011-05-31": "$1,947", "2011-02-28": "$1,901", "2010-11-30": "$1,957", "2010-08-31": "$1,883", "2010-05-31": "$1,905", "2010-02-28": "$1,914", "2009-11-30": "$2,044", "2009-08-31": "$1,966", "2009-05-31": "$1,969", "2009-02-28": "$2,060", "2008-11-30": "$2,165", "2008-08-31": "$2,215", "2008-05-31": "$1,666", "2008-02-29": "$1,703", "2007-11-30": "$1,702", "2007-08-31": "$1,704", "2007-05-31": "$1,580", "2007-02-28": "$1,574", "2006-11-30": "$1,635", "2006-08-31": "$1,544", "2006-05-31": "$1,453", "2006-02-28": "$1,449", "2005-11-30": "$1,473", "2005-08-31": "$1,443", "2005-05-31": "$1,381", "2005-02-28": "$1,372"}}, "total-share-holder-equity": {"McCormick Annual Share Holder Equity (Millions of US $)": {"2020": "$3,940", "2019": "$3,457", "2018": "$3,182", "2017": "$2,571", "2016": "$1,638", "2015": "$1,687", "2014": "$1,809", "2013": "$1,948", "2012": "$1,700", "2011": "$1,619", "2010": "$1,463", "2009": "$1,344", "2008": "$1,055", "2007": "$1,085", "2006": "$933", "2005": "$800"}, "McCormick Quarterly Share Holder Equity (Millions of US $)": {"2020-11-30": "$3,940", "2020-08-31": "$3,946", "2020-05-31": "$3,662", "2020-02-29": "$3,575", "2019-11-30": "$3,457", "2019-08-31": "$3,481", "2019-05-31": "$3,383", "2019-02-28": "$3,343", "2018-11-30": "$3,182", "2018-08-31": "$3,112", "2018-05-31": "$3,040", "2018-02-28": "$3,072", "2017-11-30": "$2,571", "2017-08-31": "$2,533", "2017-05-31": "$1,809", "2017-02-28": "$1,732", "2016-11-30": "$1,638", "2016-08-31": "$1,775", "2016-05-31": "$1,774", "2016-02-29": "$1,727", "2015-11-30": "$1,687", "2015-08-31": "$1,762", "2015-05-31": "$1,735", "2015-02-28": "$1,704", "2014-11-30": "$1,809", "2014-08-31": "$1,970", "2014-05-31": "$1,980", "2014-02-28": "$1,987", "2013-11-30": "$1,948", "2013-08-31": "$1,798", "2013-05-31": "$1,734", "2013-02-28": "$1,725", "2012-11-30": "$1,700", "2012-08-31": "$1,724", "2012-05-31": "$1,639", "2012-02-29": "$1,693", "2011-11-30": "$1,619", "2011-08-31": "$1,720", "2011-05-31": "$1,642", "2011-02-28": "$1,577", "2010-11-30": "$1,463", "2010-08-31": "$1,382", "2010-05-31": "$1,287", "2010-02-28": "$1,332", "2009-11-30": "$1,344", "2009-08-31": "$1,340", "2009-05-31": "$1,268", "2009-02-28": "$1,102", "2008-11-30": "$1,055", "2008-08-31": "$1,215", "2008-05-31": "$1,235", "2008-02-29": "$1,155", "2007-11-30": "$1,085", "2007-08-31": "$969", "2007-05-31": "$1,005", "2007-02-28": "$988", "2006-11-30": "$933", "2006-08-31": "$917", "2006-05-31": "$910", "2006-02-28": "$832", "2005-11-30": "$800", "2005-08-31": "$829", "2005-05-31": "$806", "2005-02-28": "$905"}}, "profit-margins": {"current": "13.34%"}, "gross margin": {"2020-11-30": "41.08%", "2020-08-31": "41.06%", "2020-05-31": "40.91%", "2020-02-29": "40.33%", "2019-11-30": "40.13%", "2019-08-31": "39.79%", "2019-05-31": "39.53%", "2019-02-28": "39.46%", "2018-11-30": "39.46%", "2018-08-31": "37.14%", "2018-05-31": "37.36%", "2018-02-28": "37.56%", "2017-11-30": "37.93%", "2017-08-31": "41.18%", "2017-05-31": "41.38%", "2017-02-28": "41.58%", "2016-11-30": "41.53%", "2016-08-31": "41.36%", "2016-05-31": "40.92%", "2016-02-29": "40.62%", "2015-11-30": "40.46%", "2015-08-31": "40.35%", "2015-05-31": "40.46%", "2015-02-28": "40.59%", "2014-11-30": "40.80%", "2014-08-31": "40.74%", "2014-05-31": "40.72%", "2014-02-28": "40.55%", "2013-11-30": "40.41%", "2013-08-31": "40.16%", "2013-05-31": "40.14%", "2013-02-28": "40.18%", "2012-11-30": "40.27%", "2012-08-31": "40.55%", "2012-05-31": "40.46%", "2012-02-29": "40.55%", "2011-11-30": "41.18%", "2011-08-31": "41.78%", "2011-05-31": "42.43%", "2011-02-28": "42.80%", "2010-11-30": "42.49%", "2010-08-31": "42.46%", "2010-05-31": "42.01%", "2010-02-28": "41.77%", "2009-11-30": "41.56%", "2009-08-31": "40.98%", "2009-05-31": "40.76%", "2009-02-28": "40.54%", "2008-11-30": "40.54%", "2008-08-31": "40.35%", "2008-05-31": "40.44%", "2008-02-29": "40.61%", "2007-11-30": "40.84%", "2007-08-31": "41.12%", "2007-05-31": "41.36%", "2007-02-28": "41.30%", "2006-11-30": "41.04%", "2006-08-31": "40.87%", "2006-05-31": "40.50%", "2006-02-28": "40.28%", "2005-11-30": "39.95%"}, "operating margin": {"2020-11-30": "17.84%", "2020-08-31": "18.51%", "2020-05-31": "18.50%", "2020-02-29": "17.92%", "2019-11-30": "17.91%", "2019-08-31": "17.84%", "2019-05-31": "17.42%", "2019-02-28": "17.07%", "2018-11-30": "16.82%", "2018-08-31": "16.55%", "2018-05-31": "15.78%", "2018-02-28": "15.24%", "2017-11-30": "14.80%", "2017-08-31": "14.33%", "2017-05-31": "14.61%", "2017-02-28": "14.60%", "2016-11-30": "14.53%", "2016-08-31": "14.46%", "2016-05-31": "13.89%", "2016-02-29": "13.53%", "2015-11-30": "12.78%", "2015-08-31": "12.56%", "2015-05-31": "13.03%", "2015-02-28": "13.43%", "2014-11-30": "14.21%", "2014-08-31": "13.64%", "2014-05-31": "13.51%", "2014-02-28": "13.46%", "2013-11-30": "13.34%", "2013-08-31": "14.05%", "2013-05-31": "14.09%", "2013-02-28": "14.28%", "2012-11-30": "14.40%", "2012-08-31": "14.32%", "2012-05-31": "14.13%", "2012-02-29": "14.18%", "2011-11-30": "14.60%", "2011-08-31": "14.97%", "2011-05-31": "15.46%", "2011-02-28": "15.53%", "2010-11-30": "15.31%", "2010-08-31": "15.32%", "2010-05-31": "15.06%", "2010-02-28": "14.79%", "2009-11-30": "14.66%", "2009-08-31": "13.10%", "2009-05-31": "12.39%", "2009-02-28": "12.26%", "2008-11-30": "11.84%", "2008-08-31": "12.20%", "2008-05-31": "12.34%", "2008-02-29": "12.22%", "2007-11-30": "12.14%", "2007-08-31": "12.17%", "2007-05-31": "11.51%", "2007-02-28": "11.27%", "2006-11-30": "9.90%", "2006-08-31": "10.49%", "2006-05-31": "11.23%", "2006-02-28": "11.89%", "2005-11-30": "13.23%"}, "ebitda margin": {"2020-11-30": "20.78%", "2020-08-31": "21.49%", "2020-05-31": "21.49%", "2020-02-29": "20.95%", "2019-11-30": "20.89%", "2019-08-31": "20.78%", "2019-05-31": "20.34%", "2019-02-28": "19.95%", "2018-11-30": "19.65%", "2018-08-31": "19.77%", "2018-05-31": "18.97%", "2018-02-28": "18.38%", "2017-11-30": "17.89%", "2017-08-31": "16.87%", "2017-05-31": "17.16%", "2017-02-28": "17.13%", "2016-11-30": "17.03%", "2016-08-31": "16.96%", "2016-05-31": "16.35%", "2016-02-29": "16.01%", "2015-11-30": "15.22%", "2015-08-31": "14.97%", "2015-05-31": "15.43%", "2015-02-28": "15.80%", "2014-11-30": "16.62%", "2014-08-31": "16.14%", "2014-05-31": "16.05%", "2014-02-28": "16.02%", "2013-11-30": "15.93%", "2013-08-31": "16.59%", "2013-05-31": "16.65%", "2013-02-28": "16.82%", "2012-11-30": "16.94%", "2012-08-31": "16.86%", "2012-05-31": "16.68%", "2012-02-29": "16.80%", "2011-11-30": "17.25%", "2011-08-31": "17.72%", "2011-05-31": "18.28%", "2011-02-28": "18.33%", "2010-11-30": "18.13%", "2010-08-31": "18.18%", "2010-05-31": "17.87%", "2010-02-28": "17.78%", "2009-11-30": "17.60%", "2009-08-31": "15.94%", "2009-05-31": "15.17%", "2009-02-28": "14.88%", "2008-11-30": "14.54%", "2008-08-31": "14.95%", "2008-05-31": "15.18%", "2008-02-29": "15.07%", "2007-11-30": "14.95%", "2007-08-31": "15.10%", "2007-05-31": "14.54%", "2007-02-28": "14.38%", "2006-11-30": "12.99%", "2006-08-31": "13.58%", "2006-05-31": "14.25%", "2006-02-28": "14.81%", "2005-11-30": "16.16%"}, "pre tax profit margin": {"2020-11-30": "15.73%", "2020-08-31": "16.30%", "2020-05-31": "16.16%", "2020-02-29": "15.45%", "2019-11-30": "15.31%", "2019-08-31": "15.19%", "2019-05-31": "14.68%", "2019-02-28": "14.25%", "2018-11-30": "13.98%", "2018-08-31": "13.50%", "2018-05-31": "12.74%", "2018-02-28": "12.61%", "2017-11-30": "12.58%", "2017-08-31": "12.67%", "2017-05-31": "13.40%", "2017-02-28": "13.40%", "2016-11-30": "13.35%", "2016-08-31": "13.25%", "2016-05-31": "12.68%", "2016-02-29": "12.30%", "2015-11-30": "11.55%", "2015-08-31": "11.34%", "2015-05-31": "11.86%", "2015-02-28": "12.28%", "2014-11-30": "13.06%", "2014-08-31": "12.50%", "2014-05-31": "12.35%", "2014-02-28": "12.27%", "2013-11-30": "12.13%", "2013-08-31": "12.78%", "2013-05-31": "12.83%", "2013-02-28": "12.99%", "2012-11-30": "13.10%", "2012-08-31": "12.99%", "2012-05-31": "12.77%", "2012-02-29": "12.87%", "2011-11-30": "13.28%", "2011-08-31": "13.66%", "2011-05-31": "14.09%", "2011-02-28": "14.07%", "2010-11-30": "13.84%", "2010-08-31": "13.83%", "2010-05-31": "13.54%", "2010-02-28": "13.28%", "2009-11-30": "13.06%", "2009-08-31": "11.40%", "2009-05-31": "11.00%", "2009-02-28": "10.97%", "2008-11-30": "10.64%", "2008-08-31": "11.05%", "2008-05-31": "10.84%", "2008-02-29": "10.55%", "2007-11-30": "10.39%", "2007-08-31": "10.42%", "2007-05-31": "9.76%", "2007-02-28": "9.57%", "2006-11-30": "8.21%", "2006-08-31": "8.75%", "2006-05-31": "9.46%", "2006-02-28": "10.08%", "2005-11-30": "11.42%"}, "net profit margin": {"2020-11-30": "13.35%", "2020-08-31": "13.75%", "2020-05-31": "13.75%", "2020-02-29": "13.12%", "2019-11-30": "13.13%", "2019-08-31": "13.19%", "2019-05-31": "12.88%", "2019-02-28": "12.39%", "2018-11-30": "17.62%", "2018-08-31": "17.16%", "2018-05-31": "16.31%", "2018-02-28": "16.47%", "2017-11-30": "10.11%", "2017-08-31": "10.04%", "2017-05-31": "10.70%", "2017-02-28": "10.69%", "2016-11-30": "10.70%", "2016-08-31": "10.58%", "2016-05-31": "9.97%", "2016-02-29": "9.82%", "2015-11-30": "9.36%", "2015-08-31": "9.40%", "2015-05-31": "10.02%", "2015-02-28": "10.02%", "2014-11-30": "10.35%", "2014-08-31": "9.93%", "2014-05-31": "9.54%", "2014-02-28": "9.47%", "2013-11-30": "9.43%", "2013-08-31": "9.95%", "2013-05-31": "10.05%", "2013-02-28": "10.12%", "2012-11-30": "10.16%", "2012-08-31": "9.82%", "2012-05-31": "9.66%", "2012-02-29": "9.76%", "2011-11-30": "10.14%", "2011-08-31": "10.57%", "2011-05-31": "11.25%", "2011-02-28": "11.30%", "2010-11-30": "11.09%", "2010-08-31": "10.72%", "2010-05-31": "9.91%", "2010-02-28": "9.57%", "2009-11-30": "9.40%", "2009-08-31": "8.41%", "2009-05-31": "8.25%", "2009-02-28": "8.29%", "2008-11-30": "8.06%", "2008-08-31": "8.34%", "2008-05-31": "8.13%", "2008-02-29": "7.93%", "2007-11-30": "7.89%", "2007-08-31": "7.87%", "2007-05-31": "7.52%", "2007-02-28": "8.41%", "2006-11-30": "7.43%", "2006-08-31": "7.81%", "2006-05-31": "8.12%", "2006-02-28": "7.43%", "2005-11-30": "8.29%"}, "pe ratio": {"current": "32.07", "2021-02-11": "44.17", "2020-11-30": "45.61", "2020-08-31": "36.06", "2020-05-31": "31.07", "2020-02-29": "27.51", "2019-11-30": "31.55", "2019-08-31": "30.21", "2019-05-31": "29.57", "2019-02-28": "26.66", "2018-11-30": "20.64", "2018-08-31": "17.83", "2018-05-31": "15.39", "2018-02-28": "16.55", "2017-11-30": "26.15", "2017-08-31": "24.77", "2017-05-31": "25.91", "2017-02-28": "24.77", "2016-11-30": "22.90", "2016-08-31": "26.04", "2016-05-31": "26.45", "2016-02-29": "25.91", "2015-11-30": "25.13", "2015-08-31": "23.22", "2015-05-31": "21.62", "2015-02-28": "20.72", "2014-11-30": "19.90", "2014-08-31": "19.49", "2014-05-31": "21.18", "2014-02-28": "19.68", "2013-11-30": "20.69", "2013-08-31": "19.31", "2013-05-31": "19.63", "2013-02-28": "18.96", "2012-11-30": "18.22", "2012-08-31": "18.02", "2012-05-31": "16.97", "2012-02-29": "15.38", "2011-11-30": "14.65", "2011-08-31": "14.24", "2011-05-31": "14.51", "2011-02-28": "13.98", "2010-11-30": "13.12", "2010-08-31": "12.35", "2010-05-31": "12.79", "2010-02-28": "12.80", "2009-11-30": "12.60", "2009-08-31": "12.84", "2009-05-31": "12.25", "2009-02-28": "12.29", "2008-11-30": "11.88", "2008-08-31": "15.65", "2008-05-31": "15.14", "2008-02-29": "14.56", "2007-11-30": "16.61", "2007-08-31": "15.95", "2007-05-31": "17.66", "2007-02-28": "16.47", "2006-11-30": "18.99"}, "price sales": {"2021-02-11": "4.32", "2020-11-30": "4.46", "2020-08-31": "4.96", "2020-05-31": "4.27", "2020-02-29": "3.61", "2019-11-30": "4.15", "2019-08-31": "3.99", "2019-05-31": "3.81", "2019-02-28": "3.30", "2018-11-30": "3.63", "2018-08-31": "3.03", "2018-05-31": "2.48", "2018-02-28": "2.67", "2017-11-30": "2.61", "2017-08-31": "2.50", "2017-05-31": "2.78", "2017-02-28": "2.65", "2016-11-30": "2.46", "2016-08-31": "2.76", "2016-05-31": "2.64", "2016-02-29": "2.55", "2015-11-30": "2.36", "2015-08-31": "2.19", "2015-05-31": "2.17", "2015-02-28": "2.08", "2014-11-30": "2.06", "2014-08-31": "1.93", "2014-05-31": "2.01", "2014-02-28": "1.86", "2013-11-30": "1.96", "2013-08-31": "1.92", "2013-05-31": "1.98", "2013-02-28": "1.93", "2012-11-30": "1.85", "2012-08-31": "1.77", "2012-05-31": "1.64", "2012-02-29": "1.50", "2011-11-30": "1.48", "2011-08-31": "1.50", "2011-05-31": "1.63", "2011-02-28": "1.58", "2010-11-30": "1.46", "2010-08-31": "1.33", "2010-05-31": "1.27", "2010-02-28": "1.22", "2009-11-30": "1.18", "2009-08-31": "1.07", "2009-05-31": "1.00", "2009-02-28": "1.02", "2008-11-30": "0.96", "2008-08-31": "1.31", "2008-05-31": "1.24", "2008-02-29": "1.16", "2007-11-30": "1.32", "2007-08-31": "1.26", "2007-05-31": "1.34", "2007-02-28": "1.39", "2006-11-30": "1.43"}, "price book": {"current": "6.15", "2021-02-11": "6.09", "2020-11-30": "6.29", "2020-08-31": "6.90", "2020-05-31": "6.28", "2020-02-29": "5.34", "2019-11-30": "6.37", "2019-08-31": "6.07", "2019-05-31": "5.94", "2019-02-28": "5.20", "2018-11-30": "6.01", "2018-08-31": "5.08", "2018-05-31": "4.17", "2018-02-28": "4.34", "2017-11-30": "4.93", "2017-08-31": "4.64", "2017-05-31": "6.73", "2017-02-28": "6.62", "2016-11-30": "6.48", "2016-08-31": "6.70", "2016-05-31": "6.38", "2016-02-29": "6.29", "2015-11-30": "5.92", "2015-08-31": "5.23", "2015-05-31": "5.23", "2015-02-28": "5.08", "2014-11-30": "4.72", "2014-08-31": "4.06", "2014-05-31": "4.19", "2014-02-28": "3.84", "2013-11-30": "4.07", "2013-08-31": "4.33", "2013-05-31": "4.56", "2013-02-28": "4.44", "2012-11-30": "4.32", "2012-08-31": "4.03", "2012-05-31": "3.87", "2012-02-29": "3.34", "2011-11-30": "3.36", "2011-08-31": "3.07", "2011-05-31": "3.35", "2011-02-28": "3.30", "2010-11-30": "3.28", "2010-08-31": "3.13", "2010-05-31": "3.23", "2010-02-28": "2.97", "2009-11-30": "2.79", "2009-08-31": "2.52", "2009-05-31": "2.48", "2009-02-28": "2.89", "2008-11-30": "2.84", "2008-08-31": "3.33", "2008-05-31": "3.00", "2008-02-29": "2.91", "2007-11-30": "3.40", "2007-08-31": "3.55", "2007-05-31": "3.60", "2007-02-28": "3.77", "2006-11-30": "4.00", "2006-08-31": "3.85", "2006-05-31": "3.67", "2006-02-28": "3.81"}, "price fcf": {"2021-02-11": "", "2020-11-30": "$3.03", "2020-08-31": "$3.22", "2020-05-31": "$2.91", "2020-02-29": "$2.61", "2019-11-30": "$2.88", "2019-08-31": "$2.85", "2019-05-31": "$2.76", "2019-02-28": "$2.93", "2018-11-30": "$2.45", "2018-08-31": "$2.74", "2018-05-31": "$2.68", "2018-02-28": "$2.21", "2017-11-30": "$2.46", "2017-08-31": "$1.82", "2017-05-31": "$1.79", "2017-02-28": "$1.82", "2016-11-30": "$1.98", "2016-08-31": "$1.75", "2016-05-31": "$1.85", "2016-02-29": "$1.70", "2015-11-30": "$1.79", "2015-08-31": "$1.62", "2015-05-31": "$1.46", "2015-02-28": "$1.51", "2014-11-30": "$1.42", "2014-08-31": "$1.48", "2014-05-31": "$1.52", "2014-02-28": "$1.52", "2013-11-30": "$1.38", "2013-08-31": "$1.22", "2013-05-31": "$1.25", "2013-02-28": "$1.34", "2012-11-30": "$1.29", "2012-08-31": "$1.53", "2012-05-31": "$1.30", "2012-02-29": "$1.07", "2011-11-30": "$0.91", "2011-08-31": "$0.87", "2011-05-31": "$1.02", "2011-02-28": "$1.04", "2010-11-30": "$1.13", "2010-08-31": "$1.09", "2010-05-31": "$1.16", "2010-02-28": "$1.32", "2009-11-30": "$1.26", "2009-08-31": "$1.19", "2009-05-31": "$0.91", "2009-02-28": "$0.80", "2008-11-30": "$0.94", "2008-08-31": "$0.94", "2008-05-31": "$0.97", "2008-02-29": "$0.92", "2007-11-30": "$0.56", "2007-08-31": "$0.50", "2007-05-31": "$0.52", "2007-02-28": "$0.62", "2006-11-30": "$0.86"}, "net worth": {"value": "$24.23B"}, "current ratio": {"current": "0.68", "2020-11-30": "0.68", "2020-08-31": "0.90", "2020-05-31": "1.02", "2020-02-29": "0.74", "2019-11-30": "0.72", "2019-08-31": "0.78", "2019-05-31": "0.79", "2019-02-28": "0.78", "2018-11-30": "0.74", "2018-08-31": "0.80", "2018-05-31": "0.85", "2018-02-28": "0.86", "2017-11-30": "0.83", "2017-08-31": "0.95", "2017-05-31": "0.79", "2017-02-28": "0.80", "2016-11-30": "1.00", "2016-08-31": "1.06", "2016-05-31": "1.07", "2016-02-29": "1.15", "2015-11-30": "1.10", "2015-08-31": "0.98", "2015-05-31": "1.02", "2015-02-28": "1.07", "2014-11-30": "1.26", "2014-08-31": "1.31", "2014-05-31": "1.32", "2014-02-28": "1.32", "2013-11-30": "1.29", "2013-08-31": "1.30", "2013-05-31": "0.99", "2013-02-28": "1.09", "2012-11-30": "1.08", "2012-08-31": "1.35", "2012-05-31": "1.30", "2012-02-29": "1.24", "2011-11-30": "1.23", "2011-08-31": "1.82", "2011-05-31": "1.28", "2011-02-28": "1.26", "2010-11-30": "1.22", "2010-08-31": "1.20", "2010-05-31": "1.28", "2010-02-28": "1.26", "2009-11-30": "1.19", "2009-08-31": "1.08", "2009-05-31": "1.03", "2009-02-28": "0.99", "2008-11-30": "0.94", "2008-08-31": "0.93", "2008-05-31": "1.30", "2008-02-29": "1.29", "2007-11-30": "1.14", "2007-08-31": "0.94", "2007-05-31": "0.99", "2007-02-28": "0.99", "2006-11-30": "1.15", "2006-08-31": "1.20", "2006-05-31": "1.18", "2006-02-28": "1.16", "2005-11-30": "1.15", "2005-08-31": "0.86", "2005-05-31": "0.84", "2005-02-28": "0.91"}, "quick ratio": {"2020-11-30": "0.35", "2020-08-31": "0.42", "2020-05-31": "0.50", "2020-02-29": "0.33", "2019-11-30": "0.35", "2019-08-31": "0.37", "2019-05-31": "0.35", "2019-02-28": "0.34", "2018-11-30": "0.35", "2018-08-31": "0.36", "2018-05-31": "0.42", "2018-02-28": "0.42", "2017-11-30": "0.42", "2017-08-31": "0.47", "2017-05-31": "0.36", "2017-02-28": "0.36", "2016-11-30": "0.47", "2016-08-31": "0.49", "2016-05-31": "0.48", "2016-02-29": "0.51", "2015-11-30": "0.52", "2015-08-31": "0.46", "2015-05-31": "0.46", "2015-02-28": "0.49", "2014-11-30": "0.63", "2014-08-31": "0.65", "2014-05-31": "0.64", "2014-02-28": "0.65", "2013-11-30": "0.65", "2013-08-31": "0.69", "2013-05-31": "0.49", "2013-02-28": "0.54", "2012-11-30": "0.56", "2012-08-31": "0.66", "2012-05-31": "0.62", "2012-02-29": "0.58", "2011-11-30": "0.61", "2011-08-31": "0.88", "2011-05-31": "0.59", "2011-02-28": "0.58", "2010-11-30": "0.65", "2010-08-31": "0.58", "2010-05-31": "0.64", "2010-02-28": "0.63", "2009-11-30": "0.63", "2009-08-31": "0.55", "2009-05-31": "0.51", "2009-02-28": "0.51", "2008-11-30": "0.51", "2008-08-31": "0.49", "2008-05-31": "0.69", "2008-02-29": "0.68", "2007-11-30": "0.64", "2007-08-31": "0.50", "2007-05-31": "0.52", "2007-02-28": "0.53", "2006-11-30": "0.63", "2006-08-31": "0.60", "2006-05-31": "0.64", "2006-02-28": "0.63", "2005-11-30": "0.65", "2005-08-31": "0.47", "2005-05-31": "0.45", "2005-02-28": "0.50"}, "debt equity ratio": {"current": "0.95", "2020-11-30": "2.07", "2020-08-31": "1.75", "2020-05-31": "1.89", "2020-02-29": "1.94", "2019-11-30": "2.00", "2019-08-31": "1.98", "2019-05-31": "2.03", "2019-02-28": "2.06", "2018-11-30": "2.22", "2018-08-31": "2.30", "2018-05-31": "2.42", "2018-02-28": "2.37", "2017-11-30": "3.04", "2017-08-31": "3.10", "2017-05-31": "1.69", "2017-02-28": "1.74", "2016-11-30": "1.83", "2016-08-31": "1.64", "2016-05-31": "1.60", "2016-02-29": "1.53", "2015-11-30": "1.65", "2015-08-31": "1.55", "2015-05-31": "1.52", "2015-02-28": "1.46", "2014-11-30": "1.44", "2014-08-31": "1.27", "2014-05-31": "1.23", "2014-02-28": "1.23", "2013-11-30": "1.29", "2013-08-31": "1.42", "2013-05-31": "1.43", "2013-02-28": "1.37", "2012-11-30": "1.45", "2012-08-31": "1.35", "2012-05-31": "1.42", "2012-02-29": "1.41", "2011-11-30": "1.53", "2011-08-31": "1.16", "2011-05-31": "1.19", "2011-02-28": "1.21", "2010-11-30": "1.34", "2010-08-31": "1.36", "2010-05-31": "1.48", "2010-02-28": "1.44", "2009-11-30": "1.52", "2009-08-31": "1.47", "2009-05-31": "1.55", "2009-02-28": "1.87", "2008-11-30": "2.05", "2008-08-31": "1.82", "2008-05-31": "1.35", "2008-02-29": "1.47", "2007-11-30": "1.57", "2007-08-31": "1.76", "2007-05-31": "1.57", "2007-02-28": "1.59", "2006-11-30": "1.75", "2006-08-31": "1.69", "2006-05-31": "1.60", "2006-02-28": "1.74", "2005-11-30": "1.84", "2005-08-31": "1.74", "2005-05-31": "1.71", "2005-02-28": "1.52"}, "return on equity": {"2020-11-30": "19.78%", "2020-08-31": "20.77%", "2020-05-31": "21.05%", "2020-02-29": "20.12%", "2019-11-30": "20.55%", "2019-08-31": "21.00%", "2019-05-31": "21.04%", "2019-02-28": "20.79%", "2018-11-30": "30.11%", "2018-08-31": "30.39%", "2018-05-31": "29.60%", "2018-02-28": "32.33%", "2017-11-30": "22.12%", "2017-08-31": "23.81%", "2017-05-31": "27.55%", "2017-02-28": "27.34%", "2016-11-30": "27.31%", "2016-08-31": "26.66%", "2016-05-31": "24.98%", "2016-02-29": "24.54%", "2015-11-30": "23.34%", "2015-08-31": "22.88%", "2015-05-31": "23.61%", "2015-02-28": "22.89%", "2014-11-30": "22.67%", "2014-08-31": "21.36%", "2014-05-31": "20.85%", "2014-02-28": "21.21%", "2013-11-30": "21.60%", "2013-08-31": "23.46%", "2013-05-31": "23.71%", "2013-02-28": "24.10%", "2012-11-30": "24.16%", "2012-08-31": "23.43%", "2012-05-31": "22.73%", "2012-02-29": "22.36%", "2011-11-30": "22.87%", "2011-08-31": "23.56%", "2011-05-31": "25.53%", "2011-02-28": "26.55%", "2010-11-30": "27.09%", "2010-08-31": "26.34%", "2010-05-31": "24.51%", "2010-02-28": "23.47%", "2009-11-30": "23.74%", "2009-08-31": "22.41%", "2009-05-31": "22.50%", "2009-02-28": "22.83%", "2008-11-30": "21.97%", "2008-08-31": "22.26%", "2008-05-31": "22.41%", "2008-02-29": "22.50%", "2007-11-30": "22.73%", "2007-08-31": "23.11%", "2007-05-31": "21.96%", "2007-02-28": "24.76%", "2006-11-30": "22.49%", "2006-08-31": "23.94%", "2006-05-31": "25.16%", "2006-02-28": "23.63%", "2005-11-30": "25.75%"}, "return on assets": {"2020-11-30": "6.80%", "2020-08-31": "7.19%", "2020-05-31": "7.14%", "2020-02-29": "6.74%", "2019-11-30": "6.82%", "2019-08-31": "6.84%", "2019-05-31": "6.68%", "2019-02-28": "6.41%", "2018-11-30": "9.05%", "2018-08-31": "8.65%", "2018-05-31": "8.00%", "2018-02-28": "8.97%", "2017-11-30": "6.29%", "2017-08-31": "7.45%", "2017-05-31": "10.12%", "2017-02-28": "10.13%", "2016-11-30": "10.32%", "2016-08-31": "10.24%", "2016-05-31": "9.68%", "2016-02-29": "9.58%", "2015-11-30": "9.17%", "2015-08-31": "9.18%", "2015-05-31": "9.76%", "2015-02-28": "9.76%", "2014-11-30": "9.91%", "2014-08-31": "9.48%", "2014-05-31": "9.11%", "2014-02-28": "9.08%", "2013-11-30": "9.10%", "2013-08-31": "9.71%", "2013-05-31": "9.88%", "2013-02-28": "10.05%", "2012-11-30": "10.03%", "2012-08-31": "9.66%", "2012-05-31": "9.57%", "2012-02-29": "9.64%", "2011-11-30": "10.09%", "2011-08-31": "10.62%", "2011-05-31": "11.26%", "2011-02-28": "11.35%", "2010-11-30": "11.28%", "2010-08-31": "10.76%", "2010-05-31": "9.90%", "2010-02-28": "9.41%", "2009-11-30": "9.17%", "2009-08-31": "8.26%", "2009-05-31": "8.00%", "2009-02-28": "8.28%", "2008-11-30": "8.25%", "2008-08-31": "8.72%", "2008-05-31": "8.88%", "2008-02-29": "8.69%", "2007-11-30": "8.67%", "2007-08-31": "8.66%", "2007-05-31": "8.29%", "2007-02-28": "9.32%", "2006-11-30": "8.35%", "2006-08-31": "8.83%", "2006-05-31": "9.23%", "2006-02-28": "8.57%", "2005-11-30": "9.55%"}, "return on investments": {"2020-11-30": "13.16%", "2020-08-31": "13.76%", "2020-05-31": "13.67%", "2020-02-29": "13.19%", "2019-11-30": "13.15%", "2019-08-31": "12.98%", "2019-05-31": "12.63%", "2019-02-28": "12.32%", "2018-11-30": "12.07%", "2018-08-31": "11.78%", "2018-05-31": "11.00%", "2018-02-28": "12.29%", "2017-11-30": "14.43%", "2017-08-31": "17.38%", "2017-05-31": "24.51%", "2017-02-28": "23.74%", "2016-11-30": "23.03%", "2016-08-31": "22.69%", "2016-05-31": "22.17%", "2016-02-29": "21.97%", "2015-11-30": "21.19%", "2015-08-31": "20.52%", "2015-05-31": "20.40%", "2015-02-28": "20.22%", "2014-11-30": "20.43%", "2014-08-31": "19.34%", "2014-05-31": "19.31%", "2014-02-28": "19.94%", "2013-11-30": "20.39%", "2013-08-31": "22.36%", "2013-05-31": "22.35%", "2013-02-28": "22.20%", "2012-11-30": "21.78%", "2012-08-31": "21.14%", "2012-05-31": "20.54%", "2012-02-29": "20.56%", "2011-11-30": "21.23%", "2011-08-31": "21.86%", "2011-05-31": "23.18%", "2011-02-28": "23.37%", "2010-11-30": "23.31%", "2010-08-31": "23.00%", "2010-05-31": "22.46%", "2010-02-28": "21.80%", "2009-11-30": "21.85%", "2009-08-31": "20.07%", "2009-05-31": "19.19%", "2009-02-28": "19.74%", "2008-11-30": "19.46%", "2008-08-31": "20.52%", "2008-05-31": "22.44%", "2008-02-29": "23.18%", "2007-11-30": "24.11%", "2007-08-31": "24.35%", "2007-05-31": "22.23%", "2007-02-28": "21.58%", "2006-11-30": "19.01%", "2006-08-31": "20.52%", "2006-05-31": "23.28%", "2006-02-28": "26.08%", "2005-11-30": "29.58%"}, "return on tangible equity": {"2020-11-30": "-19.72%", "2020-08-31": "-20.56%", "2020-05-31": "-19.66%", "2020-02-29": "-18.02%", "2019-11-30": "-17.75%", "2019-08-31": "-17.42%", "2019-05-31": "-16.51%", "2019-02-28": "-15.47%", "2018-11-30": "-21.43%", "2018-08-31": "-19.69%", "2018-05-31": "-17.53%", "2018-02-28": "-21.40%", "2017-11-30": "-17.03%", "2017-08-31": "-27.02%", "2017-05-31": "-86.93%", "2017-02-28": "-89.92%", "2016-11-30": "-98.80%", "2016-08-31": "-103.23%", "2016-05-31": "-99.66%", "2016-02-29": "-104.89%", "2015-11-30": "-108.65%", "2015-08-31": "-125.41%", "2015-05-31": "-170.57%", "2015-02-28": "-211.12%", "2014-11-30": "-253.39%", "2014-08-31": "-266.03%", "2014-05-31": "-200.25%", "2014-02-28": "-155.60%", "2013-11-30": "-134.84%", "2013-08-31": "-126.61%", "2013-05-31": "-128.40%", "2013-02-28": "-130.78%", "2012-11-30": "-123.54%", "2012-08-31": "-109.52%", "2012-05-31": "-129.91%", "2012-02-29": "-168.40%", "2011-11-30": "-234.74%", "2011-08-31": "-377.00%", "2011-05-31": "-251.71%", "2011-02-28": "-176.48%", "2010-11-30": "-137.93%", "2010-08-31": "-111.75%", "2010-05-31": "-95.31%", "2010-02-28": "-85.22%", "2009-11-30": "-73.89%", "2009-08-31": "-59.33%", "2009-05-31": "-52.54%", "2009-02-28": "-68.40%", "2008-11-30": "-96.42%", "2008-08-31": "-203.11%", "2008-05-31": "-1915.38%", "2008-02-29": "-929.41%", "2007-11-30": "-989.25%", "2007-08-31": "-580.65%", "2007-05-31": "-582.07%", "2007-02-28": "-843.64%", "2006-11-30": "-868.82%", "2006-08-31": "-1623.53%", "2006-05-31": "7066.67%", "2006-02-28": "38600.00%", "2005-11-30": "1194.44%"}, "dividend yield history": {"last payout": "$1.36", "last yield": "1.50%"}}