{"ticker": "MKSI", "price": {"title": "MKS Instruments Historical Annual Stock Price Data", "value": 162.33, "historical": {"2021": {"Average Stock Price": "169.6613", "Year Open": "150.2400", "Year High": "188.2400", "Year Low": "150.2400", "Year Close": "162.3300", "Annual % Change": "7.90%"}, "2020": {"Average Stock Price": "112.5855", "Year Open": "111.8300", "Year High": "156.8800", "Year Low": "70.8800", "Year Close": "150.4500", "Annual % Change": "36.76%"}, "2019": {"Average Stock Price": "88.2323", "Year Open": "66.1200", "Year High": "114.7300", "Year Low": "63.0700", "Year Close": "110.0100", "Annual % Change": "70.27%"}, "2018": {"Average Stock Price": "95.5696", "Year Open": "98.1000", "Year High": "125.4500", "Year Low": "57.0000", "Year Close": "64.6100", "Annual % Change": "-31.63%"}, "2017": {"Average Stock Price": "80.8059", "Year Open": "59.8500", "Year High": "108.6500", "Year Low": "59.8500", "Year Close": "94.5000", "Annual % Change": "59.09%"}, "2016": {"Average Stock Price": "43.5917", "Year Open": "35.6300", "Year High": "60.7500", "Year Low": "31.9800", "Year Close": "59.4000", "Annual % Change": "65.00%"}, "2015": {"Average Stock Price": "35.4871", "Year Open": "36.2800", "Year High": "39.3200", "Year Low": "32.0500", "Year Close": "36.0000", "Annual % Change": "-1.64%"}, "2014": {"Average Stock Price": "31.8040", "Year Open": "29.8600", "Year High": "37.2500", "Year Low": "27.0900", "Year Close": "36.6000", "Annual % Change": "22.33%"}, "2013": {"Average Stock Price": "27.5565", "Year Open": "26.8900", "Year High": "30.6600", "Year Low": "24.9000", "Year Close": "29.9200", "Annual % Change": "16.06%"}, "2012": {"Average Stock Price": "26.9948", "Year Open": "28.1000", "Year High": "32.1700", "Year Low": "22.6900", "Year Close": "25.7800", "Annual % Change": "-7.33%"}, "2011": {"Average Stock Price": "26.4578", "Year Open": "25.0800", "Year High": "33.6900", "Year Low": "20.2300", "Year Close": "27.8200", "Annual % Change": "13.55%"}, "2010": {"Average Stock Price": "19.8639", "Year Open": "17.8300", "Year High": "24.8500", "Year Low": "16.4100", "Year Close": "24.5000", "Annual % Change": "40.80%"}, "2009": {"Average Stock Price": "16.0383", "Year Open": "15.2400", "Year High": "20.4800", "Year Low": "11.4500", "Year Close": "17.4000", "Annual % Change": "17.65%"}, "2008": {"Average Stock Price": "20.0976", "Year Open": "18.6400", "Year High": "25.2700", "Year Low": "12.3500", "Year Close": "14.7900", "Annual % Change": "-22.73%"}, "2007": {"Average Stock Price": "23.1230", "Year Open": "22.6000", "Year High": "28.0700", "Year Low": "17.1300", "Year Close": "19.1400", "Annual % Change": "-15.23%"}, "2006": {"Average Stock Price": "21.2448", "Year Open": "18.5500", "Year High": "24.6000", "Year Low": "18.0900", "Year Close": "22.5800", "Annual % Change": "26.22%"}, "2005": {"Average Stock Price": "17.2795", "Year Open": "18.2300", "Year High": "20.6200", "Year Low": "14.4300", "Year Close": "17.8900", "Annual % Change": "-3.56%"}, "2004": {"Average Stock Price": "19.5748", "Year Open": "28.8800", "Year High": "29.9300", "Year Low": "12.7300", "Year Close": "18.5500", "Annual % Change": "-36.03%"}, "2003": {"Average Stock Price": "19.8243", "Year Open": "16.8700", "Year High": "29.0900", "Year Low": "11.6500", "Year Close": "29.0000", "Annual % Change": "76.51%"}, "2002": {"Average Stock Price": "21.5806", "Year Open": "27.3100", "Year High": "38.3000", "Year Low": "8.8100", "Year Close": "16.4300", "Annual % Change": "-39.22%"}, "2001": {"Average Stock Price": "23.0100", "Year Open": "15.8100", "Year High": "31.5100", "Year Low": "15.8100", "Year Close": "27.0300", "Annual % Change": "74.39%"}, "2000": {"Average Stock Price": "33.2504", "Year Open": "33.6300", "Year High": "61.5000", "Year Low": "14.6300", "Year Close": "15.5000", "Annual % Change": "-57.10%"}}}, "market cap": {"value": "$8.95B"}, "income statement": {"Revenue": {"2020-12-31": "2330.00000", "2019-12-31": "1899.77300", "2018-12-31": "2075.10800", "2017-12-31": "1915.97700", "2016-12-31": "1295.34200", "2015-12-31": "813.52400", "2014-12-31": "780.86900", "2013-12-31": "669.42000", "2012-12-31": "643.50800", "2011-12-31": "822.51700", "2010-12-31": "853.11400", "2009-12-31": "392.69300", "2008-12-31": "621.38000", "2007-12-31": "780.48700", "2006-12-31": "782.80100", "2005-12-31": "509.29400"}, "Cost Of Goods Sold": {"2020-12-31": "1280.50000", "2019-12-31": "1069.34200", "2018-12-31": "1095.63200", "2017-12-31": "1024.52600", "2016-12-31": "729.72300", "2015-12-31": "450.65200", "2014-12-31": "443.10300", "2013-12-31": "402.84600", "2012-12-31": "374.02900", "2011-12-31": "447.52900", "2010-12-31": "474.47600", "2009-12-31": "262.47700", "2008-12-31": "373.14200", "2007-12-31": "449.00000", "2006-12-31": "444.67900", "2005-12-31": "308.86000"}, "Gross Profit": {"2020-12-31": "1049.50000", "2019-12-31": "830.43090", "2018-12-31": "979.47600", "2017-12-31": "891.45100", "2016-12-31": "565.61900", "2015-12-31": "362.87200", "2014-12-31": "337.76600", "2013-12-31": "266.57400", "2012-12-31": "269.47900", "2011-12-31": "374.98800", "2010-12-31": "378.63800", "2009-12-31": "130.21600", "2008-12-31": "248.23800", "2007-12-31": "331.48700", "2006-12-31": "338.12200", "2005-12-31": "200.43400"}, "Research And Development Expenses": {"2020-12-31": "173.10000", "2019-12-31": "164.06100", "2018-12-31": "135.72000", "2017-12-31": "132.55500", "2016-12-31": "110.57900", "2015-12-31": "68.30500", "2014-12-31": "62.88800", "2013-12-31": "63.57000", "2012-12-31": "60.11800", "2011-12-31": "61.03300", "2010-12-31": "62.68900", "2009-12-31": "50.21200", "2008-12-31": "72.75300", "2007-12-31": "74.62800", "2006-12-31": "72.24000", "2005-12-31": "55.91600"}, "SG&A Expenses": {"2020-12-31": "353.10000", "2019-12-31": "330.34600", "2018-12-31": "298.11800", "2017-12-31": "290.05600", "2016-12-31": "227.93200", "2015-12-31": "129.08700", "2014-12-31": "131.82800", "2013-12-31": "142.01400", "2012-12-31": "127.18500", "2011-12-31": "128.01500", "2010-12-31": "119.84100", "2009-12-31": "100.42900", "2008-12-31": "120.61800", "2007-12-31": "132.79100", "2006-12-31": "125.16500", "2005-12-31": "93.10600"}, "Other Operating Income Or Expenses": {"2020-12-31": "-1.10000", "2019-12-31": "-4.52600", "2018-12-31": "-0.37800", "2017-12-31": "-7.21100", "2016-12-31": "-6.23900", "2015-12-31": "", "2014-12-31": "0.00000", "2013-12-31": "1.07100", "2012-12-31": "-5.31600", "2011-12-31": "", "2010-12-31": "0.68200", "2009-12-31": "", "2008-12-31": "", "2007-12-31": "", "2006-12-31": "", "2005-12-31": "3.00000"}, "Operating Expenses": {"2020-12-31": "1876.20000", "2019-12-31": "1679.92200", "2018-12-31": "1581.04900", "2017-12-31": "1509.34300", "2016-12-31": "1138.07500", "2015-12-31": "656.91200", "2014-12-31": "645.72710", "2013-12-31": "611.03300", "2012-12-31": "569.28500", "2011-12-31": "637.59200", "2010-12-31": "657.60700", "2009-12-31": "564.35390", "2008-12-31": "570.50600", "2007-12-31": "673.50210", "2006-12-31": "660.26000", "2005-12-31": "468.74600"}, "Operating Income": {"2020-12-31": "453.80020", "2019-12-31": "219.85080", "2018-12-31": "494.05880", "2017-12-31": "406.63400", "2016-12-31": "157.26700", "2015-12-31": "156.61200", "2014-12-31": "135.14200", "2013-12-31": "58.38700", "2012-12-31": "74.22300", "2011-12-31": "184.92500", "2010-12-31": "195.50700", "2009-12-31": "-171.66090", "2008-12-31": "50.87400", "2007-12-31": "106.98490", "2006-12-31": "122.54100", "2005-12-31": "40.54800"}, "Total Non-Operating Income/Expense": {"2020-12-31": "-30.80000", "2019-12-31": "-42.01500", "2018-12-31": "-13.10900", "2017-12-31": "40.99100", "2016-12-31": "-29.29000", "2015-12-31": "2.85600", "2014-12-31": "1.25100", "2013-12-31": "0.91400", "2012-12-31": "0.91300", "2011-12-31": "1.12700", "2010-12-31": "0.91700", "2009-12-31": "1.64100", "2008-12-31": "5.51800", "2007-12-31": "13.03100", "2006-12-31": "8.40000", "2005-12-31": "6.45900"}, "Pre-Tax Income": {"2020-12-31": "423.00000", "2019-12-31": "177.83600", "2018-12-31": "480.95000", "2017-12-31": "447.62500", "2016-12-31": "127.97700", "2015-12-31": "159.46800", "2014-12-31": "136.39300", "2013-12-31": "59.30100", "2012-12-31": "75.13600", "2011-12-31": "186.05200", "2010-12-31": "196.42400", "2009-12-31": "-170.02000", "2008-12-31": "56.39200", "2007-12-31": "120.01600", "2006-12-31": "130.94100", "2005-12-31": "47.00700"}, "Income Taxes": {"2020-12-31": "72.90000", "2019-12-31": "37.45000", "2018-12-31": "88.05400", "2017-12-31": "108.49300", "2016-12-31": "23.16800", "2015-12-31": "37.17100", "2014-12-31": "20.61500", "2013-12-31": "23.52500", "2012-12-31": "27.10700", "2011-12-31": "56.32100", "2010-12-31": "63.50500", "2009-12-31": "-20.65900", "2008-12-31": "16.38200", "2007-12-31": "33.65600", "2006-12-31": "36.70600", "2005-12-31": "12.44200"}, "Income After Taxes": {"2020-12-31": "350.10000", "2019-12-31": "140.38600", "2018-12-31": "392.89600", "2017-12-31": "339.13200", "2016-12-31": "104.80900", "2015-12-31": "122.29700", "2014-12-31": "115.77800", "2013-12-31": "35.77600", "2012-12-31": "48.02900", "2011-12-31": "129.73100", "2010-12-31": "132.91900", "2009-12-31": "-149.36100", "2008-12-31": "40.01000", "2007-12-31": "86.36000", "2006-12-31": "94.23500", "2005-12-31": "34.56500"}, "Other Income": {"2020-12-31": "", "2019-12-31": "", "2018-12-31": "", "2017-12-31": "", "2016-12-31": "", "2015-12-31": "", "2014-12-31": "", "2013-12-31": "", "2012-12-31": "", "2011-12-31": "", "2010-12-31": "", "2009-12-31": "", "2008-12-31": "", "2007-12-31": "", "2006-12-31": "", "2005-12-31": ""}, "Income From Continuous Operations": {"2020-12-31": "350.10000", "2019-12-31": "140.38600", "2018-12-31": "392.89600", "2017-12-31": "339.13200", "2016-12-31": "104.80900", "2015-12-31": "122.29700", "2014-12-31": "115.77800", "2013-12-31": "35.77600", "2012-12-31": "48.02900", "2011-12-31": "129.73100", "2010-12-31": "132.91900", "2009-12-31": "-149.36100", "2008-12-31": "40.01000", "2007-12-31": "86.36000", "2006-12-31": "94.23500", "2005-12-31": "34.56500"}, "Income From Discontinued Operations": {"2020-12-31": "", "2019-12-31": "", "2018-12-31": "", "2017-12-31": "", "2016-12-31": "", "2015-12-31": "", "2014-12-31": "", "2013-12-31": "", "2012-12-31": "", "2011-12-31": "", "2010-12-31": "9.66800", "2009-12-31": "-63.29800", "2008-12-31": "-9.89300", "2007-12-31": "", "2006-12-31": "", "2005-12-31": ""}, "Net Income": {"2020-12-31": "350.10000", "2019-12-31": "140.38600", "2018-12-31": "392.89600", "2017-12-31": "339.13200", "2016-12-31": "104.80900", "2015-12-31": "122.29700", "2014-12-31": "115.77800", "2013-12-31": "35.77600", "2012-12-31": "48.02900", "2011-12-31": "129.73100", "2010-12-31": "142.58700", "2009-12-31": "-212.65900", "2008-12-31": "30.11700", "2007-12-31": "86.36000", "2006-12-31": "94.23500", "2005-12-31": "34.56500"}, "EBITDA": {"2020-12-31": "555.70020", "2019-12-31": "344.58280", "2018-12-31": "578.62980", "2017-12-31": "499.88900", "2016-12-31": "247.54800", "2015-12-31": "178.71500", "2014-12-31": "157.83500", "2013-12-31": "75.48900", "2012-12-31": "88.66500", "2011-12-31": "197.90500", "2010-12-31": "209.33000", "2009-12-31": "40.35310", "2008-12-31": "74.39800", "2007-12-31": "137.62890", "2006-12-31": "153.88900", "2005-12-31": "66.76300"}, "EBIT": {"2020-12-31": "453.80020", "2019-12-31": "219.85080", "2018-12-31": "494.05880", "2017-12-31": "406.63400", "2016-12-31": "157.26700", "2015-12-31": "156.61200", "2014-12-31": "135.14200", "2013-12-31": "58.38700", "2012-12-31": "74.22300", "2011-12-31": "184.92500", "2010-12-31": "195.50700", "2009-12-31": "-171.66090", "2008-12-31": "50.87400", "2007-12-31": "106.98490", "2006-12-31": "122.54100", "2005-12-31": "40.54800"}, "Basic Shares Outstanding": {"2020-12-31": "55.10000", "2019-12-31": "54.71100", "2018-12-31": "54.40600", "2017-12-31": "54.13700", "2016-12-31": "53.47200", "2015-12-31": "53.28200", "2014-12-31": "53.23200", "2013-12-31": "53.06100", "2012-12-31": "52.68600", "2011-12-31": "52.16900", "2010-12-31": "50.07700", "2009-12-31": "49.31800", "2008-12-31": "49.71700", "2007-12-31": "56.34900", "2006-12-31": "55.39500", "2005-12-31": "54.06700"}, "Shares Outstanding": {"2020-12-31": "55.30000", "2019-12-31": "55.11100", "2018-12-31": "54.99200", "2017-12-31": "55.07400", "2016-12-31": "54.05100", "2015-12-31": "53.56000", "2014-12-31": "53.51500", "2013-12-31": "53.48100", "2012-12-31": "53.23400", "2011-12-31": "52.84700", "2010-12-31": "50.92700", "2009-12-31": "49.31800", "2008-12-31": "50.75400", "2007-12-31": "57.17300", "2006-12-31": "55.96100", "2005-12-31": "54.63300"}, "Basic EPS": {"2020-12-31": "6.36000", "2019-12-31": "2.57000", "2018-12-31": "7.22000", "2017-12-31": "6.26000", "2016-12-31": "1.96000", "2015-12-31": "2.30000", "2014-12-31": "2.17000", "2013-12-31": "0.67000", "2012-12-31": "0.91000", "2011-12-31": "2.49000", "2010-12-31": "2.85000", "2009-12-31": "-4.31000", "2008-12-31": "0.61000", "2007-12-31": "1.53000", "2006-12-31": "1.70000", "2005-12-31": "0.64000"}, "EPS - Earnings Per Share": {"2020-12-31": "6.33000", "2019-12-31": "2.55000", "2018-12-31": "7.14000", "2017-12-31": "6.16000", "2016-12-31": "1.94000", "2015-12-31": "2.28000", "2014-12-31": "2.16000", "2013-12-31": "0.67000", "2012-12-31": "0.90000", "2011-12-31": "2.45000", "2010-12-31": "2.80000", "2009-12-31": "-4.31000", "2008-12-31": "0.59000", "2007-12-31": "1.51000", "2006-12-31": "1.68000", "2005-12-31": "0.63000"}}, "income statement, quarterly": {"Revenue": {"2020-12-31": "660.20000", "2020-09-30": "589.80000", "2020-06-30": "544.30000", "2020-03-31": "535.70000", "2019-12-31": "499.57300", "2019-09-30": "462.50000", "2019-06-30": "474.10000", "2019-03-31": "463.60000", "2018-12-31": "460.54090", "2018-09-30": "487.15200", "2018-06-30": "573.14000", "2018-03-31": "554.27500", "2017-12-31": "511.80010", "2017-09-30": "486.26700", "2017-06-30": "480.75700", "2017-03-31": "437.15300", "2016-12-31": "405.14000", "2016-09-30": "380.66000", "2016-06-30": "325.86100", "2016-03-31": "183.68100", "2015-12-31": "172.38700", "2015-09-30": "209.33200", "2015-06-30": "217.96600", "2015-03-31": "213.83900", "2014-12-31": "203.02100", "2014-09-30": "186.79800", "2014-06-30": "184.69700", "2014-03-31": "206.35300", "2013-12-31": "204.39400", "2013-09-30": "166.45300", "2013-06-30": "156.92800", "2013-03-31": "141.64500", "2012-12-31": "133.79600", "2012-09-30": "141.44700", "2012-06-30": "177.39700", "2012-03-31": "190.86800", "2011-12-31": "171.67100", "2011-09-30": "194.50800", "2011-06-30": "224.48700", "2011-03-31": "231.85100", "2010-12-31": "218.97800", "2010-09-30": "221.32300", "2010-06-30": "220.64700", "2010-03-31": "192.16600", "2009-12-31": "138.32300", "2009-09-30": "102.02800", "2009-06-30": "75.62300", "2009-03-31": "76.71900", "2008-12-31": "99.56600", "2008-09-30": "157.36400", "2008-06-30": "171.00200", "2008-03-31": "193.44800", "2007-12-31": "184.06300", "2007-09-30": "181.01400", "2007-06-30": "203.97800", "2007-03-31": "211.43200", "2006-12-31": "199.89500", "2006-09-30": "205.49400", "2006-06-30": "198.35100", "2006-03-31": "179.06100", "2005-12-31": "129.17400", "2005-09-30": "122.52000", "2005-06-30": "130.19300", "2005-03-31": "127.40700"}, "Cost Of Goods Sold": {"2020-12-31": "358.60000", "2020-09-30": "327.80000", "2020-06-30": "298.00000", "2020-03-31": "296.10000", "2019-12-31": "283.24210", "2019-09-30": "257.50000", "2019-06-30": "263.10000", "2019-03-31": "265.50000", "2018-12-31": "250.65700", "2018-09-30": "255.29200", "2018-06-30": "298.26300", "2018-03-31": "291.42000", "2017-12-31": "273.47400", "2017-09-30": "258.27200", "2017-06-30": "261.17400", "2017-03-31": "231.60600", "2016-12-31": "221.73200", "2016-09-30": "212.27500", "2016-06-30": "189.94800", "2016-03-31": "105.76800", "2015-12-31": "99.58800", "2015-09-30": "115.10300", "2015-06-30": "119.16800", "2015-03-31": "116.79300", "2014-12-31": "113.58700", "2014-09-30": "107.47300", "2014-06-30": "105.06200", "2014-03-31": "116.98100", "2013-12-31": "116.71400", "2013-09-30": "104.21900", "2013-06-30": "94.97000", "2013-03-31": "86.94300", "2012-12-31": "81.19500", "2012-09-30": "84.87600", "2012-06-30": "100.88100", "2012-03-31": "107.07700", "2011-12-31": "95.71000", "2011-09-30": "106.83000", "2011-06-30": "119.49900", "2011-03-31": "125.49000", "2010-12-31": "121.65700", "2010-09-30": "122.82000", "2010-06-30": "123.32800", "2010-03-31": "106.67100", "2009-12-31": "80.58000", "2009-09-30": "64.15400", "2009-06-30": "51.37300", "2009-03-31": "66.37000", "2008-12-31": "66.66200", "2008-09-30": "94.42500", "2008-06-30": "100.51400", "2008-03-31": "111.54100", "2007-12-31": "108.06600", "2007-09-30": "104.41600", "2007-06-30": "117.94800", "2007-03-31": "118.57000", "2006-12-31": "112.63800", "2006-09-30": "114.87500", "2006-06-30": "111.85000", "2006-03-31": "105.31600", "2005-12-31": "77.54500", "2005-09-30": "74.86300", "2005-06-30": "78.40700", "2005-03-31": "78.04500"}, "Gross Profit": {"2020-12-31": "301.60000", "2020-09-30": "262.00000", "2020-06-30": "246.30000", "2020-03-31": "239.60000", "2019-12-31": "216.33090", "2019-09-30": "205.00000", "2019-06-30": "211.00000", "2019-03-31": "198.10000", "2018-12-31": "209.88390", "2018-09-30": "231.86000", "2018-06-30": "274.87700", "2018-03-31": "262.85500", "2017-12-31": "238.32610", "2017-09-30": "227.99500", "2017-06-30": "219.58300", "2017-03-31": "205.54700", "2016-12-31": "183.40810", "2016-09-30": "168.38500", "2016-06-30": "135.91300", "2016-03-31": "77.91300", "2015-12-31": "72.79900", "2015-09-30": "94.22900", "2015-06-30": "98.79800", "2015-03-31": "97.04600", "2014-12-31": "89.43400", "2014-09-30": "79.32500", "2014-06-30": "79.63500", "2014-03-31": "89.37200", "2013-12-31": "87.68000", "2013-09-30": "62.23400", "2013-06-30": "61.95800", "2013-03-31": "54.70200", "2012-12-31": "52.60100", "2012-09-30": "56.57100", "2012-06-30": "76.51600", "2012-03-31": "83.79100", "2011-12-31": "75.96110", "2011-09-30": "87.67800", "2011-06-30": "104.98800", "2011-03-31": "106.36100", "2010-12-31": "97.32100", "2010-09-30": "98.50300", "2010-06-30": "97.31900", "2010-03-31": "85.49500", "2009-12-31": "57.74300", "2009-09-30": "37.87400", "2009-06-30": "24.25000", "2009-03-31": "10.34900", "2008-12-31": "32.90400", "2008-09-30": "62.93900", "2008-06-30": "70.48800", "2008-03-31": "81.90700", "2007-12-31": "75.99700", "2007-09-30": "76.59800", "2007-06-30": "86.03000", "2007-03-31": "92.86200", "2006-12-31": "87.25700", "2006-09-30": "90.61900", "2006-06-30": "86.50100", "2006-03-31": "73.74500", "2005-12-31": "51.62900", "2005-09-30": "47.65700", "2005-06-30": "51.78600", "2005-03-31": "49.36200"}, "Research And Development Expenses": {"2020-12-31": "45.40000", "2020-09-30": "42.50000", "2020-06-30": "42.80000", "2020-03-31": "42.40000", "2019-12-31": "41.56100", "2019-09-30": "41.70000", "2019-06-30": "41.90000", "2019-03-31": "38.90000", "2018-12-31": "32.46100", "2018-09-30": "31.89800", "2018-06-30": "36.50400", "2018-03-31": "34.85700", "2017-12-31": "33.04500", "2017-09-30": "32.54800", "2017-06-30": "33.68000", "2017-03-31": "33.28200", "2016-12-31": "32.87000", "2016-09-30": "32.26800", "2016-06-30": "28.21400", "2016-03-31": "17.22700", "2015-12-31": "16.84100", "2015-09-30": "17.21700", "2015-06-30": "17.56700", "2015-03-31": "16.68000", "2014-12-31": "16.02200", "2014-09-30": "15.82700", "2014-06-30": "15.42100", "2014-03-31": "15.61800", "2013-12-31": "16.25200", "2013-09-30": "15.25700", "2013-06-30": "16.81300", "2013-03-31": "15.24800", "2012-12-31": "14.20700", "2012-09-30": "14.13600", "2012-06-30": "15.59100", "2012-03-31": "16.18400", "2011-12-31": "14.22400", "2011-09-30": "14.33100", "2011-06-30": "15.58200", "2011-03-31": "16.89600", "2010-12-31": "15.79000", "2010-09-30": "15.07000", "2010-06-30": "16.15400", "2010-03-31": "15.67500", "2009-12-31": "11.78700", "2009-09-30": "11.44800", "2009-06-30": "11.51400", "2009-03-31": "15.46300", "2008-12-31": "13.49000", "2008-09-30": "19.22800", "2008-06-30": "20.69400", "2008-03-31": "19.34100", "2007-12-31": "20.81900", "2007-09-30": "17.15900", "2007-06-30": "18.35100", "2007-03-31": "18.29900", "2006-12-31": "20.55600", "2006-09-30": "17.96400", "2006-06-30": "17.66300", "2006-03-31": "16.05700", "2005-12-31": "12.99400", "2005-09-30": "13.68400", "2005-06-30": "14.68900", "2005-03-31": "14.54900"}, "SG&A Expenses": {"2020-12-31": "92.80000", "2020-09-30": "87.00000", "2020-06-30": "86.10000", "2020-03-31": "87.20000", "2019-12-31": "82.54600", "2019-09-30": "82.10000", "2019-06-30": "83.20000", "2019-03-31": "82.50000", "2018-12-31": "68.16600", "2018-09-30": "70.82200", "2018-06-30": "76.18100", "2018-03-31": "82.94900", "2017-12-31": "72.51000", "2017-09-30": "71.34700", "2017-06-30": "71.97900", "2017-03-31": "74.22000", "2016-12-31": "66.38700", "2016-09-30": "68.01600", "2016-06-30": "59.57900", "2016-03-31": "33.95000", "2015-12-31": "31.55500", "2015-09-30": "33.39600", "2015-06-30": "33.26900", "2015-03-31": "30.86700", "2014-12-31": "32.63300", "2014-09-30": "32.36500", "2014-06-30": "32.23900", "2014-03-31": "34.59100", "2013-12-31": "39.87400", "2013-09-30": "33.15800", "2013-06-30": "34.84900", "2013-03-31": "34.13300", "2012-12-31": "30.82300", "2012-09-30": "29.66100", "2012-06-30": "32.58200", "2012-03-31": "34.11900", "2011-12-31": "31.47300", "2011-09-30": "31.98400", "2011-06-30": "31.85100", "2011-03-31": "32.70700", "2010-12-31": "32.88000", "2010-09-30": "28.24700", "2010-06-30": "30.90200", "2010-03-31": "27.81200", "2009-12-31": "24.60300", "2009-09-30": "22.98400", "2009-06-30": "24.62000", "2009-03-31": "28.22200", "2008-12-31": "20.33600", "2008-09-30": "33.76000", "2008-06-30": "34.90500", "2008-03-31": "31.61700", "2007-12-31": "29.79300", "2007-09-30": "32.49400", "2007-06-30": "35.92800", "2007-03-31": "34.57600", "2006-12-31": "32.08300", "2006-09-30": "33.01700", "2006-06-30": "30.30000", "2006-03-31": "29.76500", "2005-12-31": "23.87600", "2005-09-30": "22.34100", "2005-06-30": "23.04000", "2005-03-31": "23.84900"}, "Other Operating Income Or Expenses": {"2020-12-31": "-1.10000", "2020-09-30": "", "2020-06-30": "1.20000", "2020-03-31": "-1.20000", "2019-12-31": "-4.92600", "2019-09-30": "6.20000", "2019-06-30": "", "2019-03-31": "-5.80000", "2018-12-31": "1.00000", "2018-09-30": "", "2018-06-30": "-0.37800", "2018-03-31": "-1.00000", "2017-12-31": "", "2017-09-30": "-0.49200", "2017-06-30": "-6.71900", "2017-03-31": "0.00000", "2016-12-31": "", "2016-09-30": "", "2016-06-30": "0.00000", "2016-03-31": "", "2015-12-31": "", "2015-09-30": "", "2015-06-30": "", "2015-03-31": "", "2014-12-31": "", "2014-09-30": "", "2014-06-30": "", "2014-03-31": "", "2013-12-31": "", "2013-09-30": "", "2013-06-30": "1.07100", "2013-03-31": "", "2012-12-31": "", "2012-09-30": "-5.31600", "2012-06-30": "0.00000", "2012-03-31": "0.00000", "2011-12-31": "", "2011-09-30": "0.00000", "2011-06-30": "", "2011-03-31": "", "2010-12-31": "", "2010-09-30": "0.00000", "2010-06-30": "", "2010-03-31": "0.68200", "2009-12-31": "", "2009-09-30": "", "2009-06-30": "", "2009-03-31": "", "2008-12-31": "", "2008-09-30": "", "2008-06-30": "", "2008-03-31": "", "2007-12-31": "", "2007-09-30": "", "2007-06-30": "", "2007-03-31": "", "2006-12-31": "", "2006-09-30": "", "2006-06-30": "", "2006-03-31": "", "2005-12-31": "", "2005-09-30": "", "2005-06-30": "", "2005-03-31": ""}, "Operating Expenses": {"2020-12-31": "513.50000", "2020-09-30": "473.40000", "2020-06-30": "443.50000", "2020-03-31": "445.80000", "2019-12-31": "433.52220", "2019-09-30": "395.70000", "2019-06-30": "410.20000", "2019-03-31": "440.50000", "2018-12-31": "366.45710", "2018-09-30": "370.10700", "2018-06-30": "421.84900", "2018-03-31": "422.63600", "2017-12-31": "391.78390", "2017-09-30": "376.11200", "2017-06-30": "387.87400", "2017-03-31": "353.57300", "2016-12-31": "342.62610", "2016-09-30": "327.65200", "2016-06-30": "306.67500", "2016-03-31": "161.12200", "2015-12-31": "150.18200", "2015-09-30": "167.96900", "2015-06-30": "171.93200", "2015-03-31": "166.82900", "2014-12-31": "164.46700", "2014-09-30": "158.64800", "2014-06-30": "154.03700", "2014-03-31": "168.57500", "2013-12-31": "173.44200", "2013-09-30": "154.12100", "2013-06-30": "146.50100", "2013-03-31": "136.96900", "2012-12-31": "127.18110", "2012-09-30": "135.05500", "2012-06-30": "149.55000", "2012-03-31": "157.49900", "2011-12-31": "141.67100", "2011-09-30": "153.39600", "2011-06-30": "167.18200", "2011-03-31": "175.34300", "2010-12-31": "170.57700", "2010-09-30": "166.38700", "2010-06-30": "170.69800", "2010-03-31": "149.94500", "2009-12-31": "116.43690", "2009-09-30": "99.41900", "2009-06-30": "231.17000", "2009-03-31": "117.32800", "2008-12-31": "97.42900", "2008-09-30": "149.37600", "2008-06-30": "158.09700", "2008-03-31": "165.60400", "2007-12-31": "163.66910", "2007-09-30": "157.94600", "2007-06-30": "176.33500", "2007-03-31": "175.55200", "2006-12-31": "169.29700", "2006-09-30": "169.87200", "2006-06-30": "163.89900", "2006-03-31": "157.19200", "2005-12-31": "114.33800", "2005-09-30": "113.99200", "2005-06-30": "119.82900", "2005-03-31": "120.58700"}, "Operating Income": {"2020-12-31": "146.70000", "2020-09-30": "116.40000", "2020-06-30": "100.80000", "2020-03-31": "89.90000", "2019-12-31": "66.05080", "2019-09-30": "66.80000", "2019-06-30": "63.90000", "2019-03-31": "23.10000", "2018-12-31": "94.08380", "2018-09-30": "117.04500", "2018-06-30": "151.29100", "2018-03-31": "131.63900", "2017-12-31": "120.01620", "2017-09-30": "110.15500", "2017-06-30": "92.88300", "2017-03-31": "83.58000", "2016-12-31": "62.51400", "2016-09-30": "53.00800", "2016-06-30": "19.18600", "2016-03-31": "22.55900", "2015-12-31": "22.20500", "2015-09-30": "41.36300", "2015-06-30": "46.03400", "2015-03-31": "47.01000", "2014-12-31": "38.55400", "2014-09-30": "28.15000", "2014-06-30": "30.66000", "2014-03-31": "37.77800", "2013-12-31": "30.95200", "2013-09-30": "12.33200", "2013-06-30": "10.42700", "2013-03-31": "4.67600", "2012-12-31": "6.61490", "2012-09-30": "6.39200", "2012-06-30": "27.84700", "2012-03-31": "33.36900", "2011-12-31": "30.00010", "2011-09-30": "41.11200", "2011-06-30": "57.30500", "2011-03-31": "56.50800", "2010-12-31": "48.40100", "2010-09-30": "54.93600", "2010-06-30": "49.94900", "2010-03-31": "42.22100", "2009-12-31": "21.88600", "2009-09-30": "2.60900", "2009-06-30": "-155.54700", "2009-03-31": "-40.60900", "2008-12-31": "2.13700", "2008-09-30": "7.98800", "2008-06-30": "12.90500", "2008-03-31": "27.84400", "2007-12-31": "20.39400", "2007-09-30": "23.06800", "2007-06-30": "27.64300", "2007-03-31": "35.88000", "2006-12-31": "30.59800", "2006-09-30": "35.62200", "2006-06-30": "34.45200", "2006-03-31": "21.86900", "2005-12-31": "14.83600", "2005-09-30": "8.52800", "2005-06-30": "10.36400", "2005-03-31": "6.82000"}, "Total Non-Operating Income/Expense": {"2020-12-31": "-6.20000", "2020-09-30": "-7.60000", "2020-06-30": "-8.40000", "2020-03-31": "-8.60000", "2019-12-31": "-10.81500", "2019-09-30": "-11.40000", "2019-06-30": "-12.10000", "2019-03-31": "-7.70000", "2018-12-31": "-2.93600", "2018-09-30": "-2.52900", "2018-06-30": "-2.74700", "2018-03-31": "-4.89700", "2017-12-31": "-9.01900", "2017-09-30": "-8.78400", "2017-06-30": "65.08900", "2017-03-31": "-6.29500", "2016-12-31": "-12.95800", "2016-09-30": "-10.76000", "2016-06-30": "-6.81800", "2016-03-31": "1.24600", "2015-12-31": "0.84100", "2015-09-30": "0.72100", "2015-06-30": "0.79000", "2015-03-31": "0.50400", "2014-12-31": "0.39100", "2014-09-30": "0.39400", "2014-06-30": "0.23100", "2014-03-31": "0.23500", "2013-12-31": "0.20400", "2013-09-30": "0.20800", "2013-06-30": "0.21100", "2013-03-31": "0.29100", "2012-12-31": "0.24500", "2012-09-30": "0.26700", "2012-06-30": "0.14900", "2012-03-31": "0.25200", "2011-12-31": "0.27500", "2011-09-30": "0.27200", "2011-06-30": "0.30900", "2011-03-31": "0.27100", "2010-12-31": "0.30300", "2010-09-30": "0.03500", "2010-06-30": "0.25400", "2010-03-31": "0.32500", "2009-12-31": "0.15600", "2009-09-30": "0.26300", "2009-06-30": "0.21300", "2009-03-31": "1.00900", "2008-12-31": "1.28600", "2008-09-30": "1.83200", "2008-06-30": "1.38500", "2008-03-31": "1.01500", "2007-12-31": "2.13500", "2007-09-30": "4.01000", "2007-06-30": "3.58100", "2007-03-31": "3.30500", "2006-12-31": "2.79700", "2006-09-30": "2.23900", "2006-06-30": "1.93400", "2006-03-31": "1.43000", "2005-12-31": "2.20200", "2005-09-30": "1.81100", "2005-06-30": "1.34800", "2005-03-31": "1.09800"}, "Pre-Tax Income": {"2020-12-31": "140.50000", "2020-09-30": "108.80000", "2020-06-30": "92.40000", "2020-03-31": "81.30000", "2019-12-31": "55.23600", "2019-09-30": "55.40000", "2019-06-30": "51.80000", "2019-03-31": "15.40000", "2018-12-31": "91.14800", "2018-09-30": "114.51600", "2018-06-30": "148.54400", "2018-03-31": "126.74200", "2017-12-31": "110.99700", "2017-09-30": "101.37100", "2017-06-30": "157.97200", "2017-03-31": "77.28500", "2016-12-31": "49.55600", "2016-09-30": "42.24800", "2016-06-30": "12.36800", "2016-03-31": "23.80500", "2015-12-31": "23.04600", "2015-09-30": "42.08400", "2015-06-30": "46.82400", "2015-03-31": "47.51400", "2014-12-31": "38.94500", "2014-09-30": "28.54400", "2014-06-30": "30.89100", "2014-03-31": "38.01300", "2013-12-31": "31.15600", "2013-09-30": "12.54000", "2013-06-30": "10.63800", "2013-03-31": "4.96700", "2012-12-31": "6.86000", "2012-09-30": "6.65900", "2012-06-30": "27.99600", "2012-03-31": "33.62100", "2011-12-31": "30.27500", "2011-09-30": "41.38400", "2011-06-30": "57.61400", "2011-03-31": "56.77900", "2010-12-31": "48.70400", "2010-09-30": "54.97100", "2010-06-30": "50.20300", "2010-03-31": "42.54600", "2009-12-31": "22.04200", "2009-09-30": "2.87200", "2009-06-30": "-155.33400", "2009-03-31": "-39.60000", "2008-12-31": "3.42300", "2008-09-30": "9.82000", "2008-06-30": "14.29000", "2008-03-31": "28.85900", "2007-12-31": "22.52900", "2007-09-30": "27.07800", "2007-06-30": "31.22400", "2007-03-31": "39.18500", "2006-12-31": "33.39500", "2006-09-30": "37.86100", "2006-06-30": "36.38600", "2006-03-31": "23.29900", "2005-12-31": "17.03800", "2005-09-30": "10.33900", "2005-06-30": "11.71200", "2005-03-31": "7.91800"}, "Income Taxes": {"2020-12-31": "24.90000", "2020-09-30": "17.10000", "2020-06-30": "18.70000", "2020-03-31": "12.20000", "2019-12-31": "12.45000", "2019-09-30": "8.00000", "2019-06-30": "14.10000", "2019-03-31": "2.90000", "2018-12-31": "19.51200", "2018-09-30": "21.23900", "2018-06-30": "25.68200", "2018-03-31": "21.62100", "2017-12-31": "33.35900", "2017-09-30": "25.37700", "2017-06-30": "37.53200", "2017-03-31": "12.22500", "2016-12-31": "4.06900", "2016-09-30": "9.69900", "2016-06-30": "3.15800", "2016-03-31": "6.24200", "2015-12-31": "-2.47600", "2015-09-30": "12.31500", "2015-06-30": "13.60400", "2015-03-31": "13.72800", "2014-12-31": "4.75300", "2014-09-30": "-0.57300", "2014-06-30": "9.66700", "2014-03-31": "6.76800", "2013-12-31": "10.91900", "2013-09-30": "10.08200", "2013-06-30": "3.31800", "2013-03-31": "-0.79400", "2012-12-31": "2.75100", "2012-09-30": "4.07900", "2012-06-30": "9.42400", "2012-03-31": "10.85300", "2011-12-31": "7.56100", "2011-09-30": "11.01100", "2011-06-30": "19.01300", "2011-03-31": "18.73600", "2010-12-31": "14.52800", "2010-09-30": "18.37000", "2010-06-30": "17.05900", "2010-03-31": "13.54800", "2009-12-31": "6.11000", "2009-09-30": "5.31800", "2009-06-30": "-8.98600", "2009-03-31": "-23.10100", "2008-12-31": "-0.18000", "2008-09-30": "3.02900", "2008-06-30": "5.05600", "2008-03-31": "8.47700", "2007-12-31": "7.36800", "2007-09-30": "5.69600", "2007-06-30": "8.69700", "2007-03-31": "11.89500", "2006-12-31": "6.90200", "2006-09-30": "9.92800", "2006-06-30": "12.01200", "2006-03-31": "7.86400", "2005-12-31": "4.93300", "2005-09-30": "3.11500", "2005-06-30": "1.93400", "2005-03-31": "2.46000"}, "Income After Taxes": {"2020-12-31": "115.60000", "2020-09-30": "91.70000", "2020-06-30": "73.70000", "2020-03-31": "69.10000", "2019-12-31": "42.78600", "2019-09-30": "47.40000", "2019-06-30": "37.70000", "2019-03-31": "12.50000", "2018-12-31": "71.63600", "2018-09-30": "93.27700", "2018-06-30": "122.86200", "2018-03-31": "105.12100", "2017-12-31": "77.63800", "2017-09-30": "75.99400", "2017-06-30": "120.44000", "2017-03-31": "65.06000", "2016-12-31": "45.48700", "2016-09-30": "32.54900", "2016-06-30": "9.21000", "2016-03-31": "17.56300", "2015-12-31": "25.52200", "2015-09-30": "29.76900", "2015-06-30": "33.22000", "2015-03-31": "33.78600", "2014-12-31": "34.19200", "2014-09-30": "29.11700", "2014-06-30": "21.22400", "2014-03-31": "31.24500", "2013-12-31": "20.23700", "2013-09-30": "2.45800", "2013-06-30": "7.32000", "2013-03-31": "5.76100", "2012-12-31": "4.10900", "2012-09-30": "2.58000", "2012-06-30": "18.57200", "2012-03-31": "22.76800", "2011-12-31": "22.71400", "2011-09-30": "30.37300", "2011-06-30": "38.60100", "2011-03-31": "38.04300", "2010-12-31": "34.17600", "2010-09-30": "36.60100", "2010-06-30": "33.14400", "2010-03-31": "28.99800", "2009-12-31": "15.93200", "2009-09-30": "-2.44600", "2009-06-30": "-146.34800", "2009-03-31": "-16.49900", "2008-12-31": "3.60300", "2008-09-30": "6.79100", "2008-06-30": "9.23400", "2008-03-31": "20.38200", "2007-12-31": "15.16100", "2007-09-30": "21.38200", "2007-06-30": "22.52700", "2007-03-31": "27.29000", "2006-12-31": "26.49300", "2006-09-30": "27.93300", "2006-06-30": "24.37400", "2006-03-31": "15.43500", "2005-12-31": "12.10500", "2005-09-30": "7.22400", "2005-06-30": "9.77800", "2005-03-31": "5.45800"}, "Other Income": {"2020-12-31": "", "2020-09-30": "", "2020-06-30": "", "2020-03-31": "", "2019-12-31": "", "2019-09-30": "", "2019-06-30": "", "2019-03-31": "", "2018-12-31": "", "2018-09-30": "", "2018-06-30": "", "2018-03-31": "", "2017-12-31": "", "2017-09-30": "", "2017-06-30": "", "2017-03-31": "", "2016-12-31": "", "2016-09-30": "", "2016-06-30": "", "2016-03-31": "", "2015-12-31": "", "2015-09-30": "", "2015-06-30": "", "2015-03-31": "", "2014-12-31": "", "2014-09-30": "", "2014-06-30": "", "2014-03-31": "", "2013-12-31": "", "2013-09-30": "", "2013-06-30": "", "2013-03-31": "", "2012-12-31": "", "2012-09-30": "", "2012-06-30": "", "2012-03-31": "", "2011-12-31": "", "2011-09-30": "", "2011-06-30": "", "2011-03-31": "", "2010-12-31": "", "2010-09-30": "", "2010-06-30": "", "2010-03-31": "", "2009-12-31": "", "2009-09-30": "", "2009-06-30": "", "2009-03-31": "", "2008-12-31": "", "2008-09-30": "", "2008-06-30": "", "2008-03-31": "", "2007-12-31": "", "2007-09-30": "", "2007-06-30": "", "2007-03-31": "", "2006-12-31": "", "2006-09-30": "", "2006-06-30": "", "2006-03-31": "", "2005-12-31": "", "2005-09-30": "", "2005-06-30": "", "2005-03-31": ""}, "Income From Continuous Operations": {"2020-12-31": "115.60000", "2020-09-30": "91.70000", "2020-06-30": "73.70000", "2020-03-31": "69.10000", "2019-12-31": "42.78600", "2019-09-30": "47.40000", "2019-06-30": "37.70000", "2019-03-31": "12.50000", "2018-12-31": "71.63600", "2018-09-30": "93.27700", "2018-06-30": "122.86200", "2018-03-31": "105.12100", "2017-12-31": "77.63800", "2017-09-30": "75.99400", "2017-06-30": "120.44000", "2017-03-31": "65.06000", "2016-12-31": "45.48700", "2016-09-30": "32.54900", "2016-06-30": "9.21000", "2016-03-31": "17.56300", "2015-12-31": "25.52200", "2015-09-30": "29.76900", "2015-06-30": "33.22000", "2015-03-31": "33.78600", "2014-12-31": "34.19200", "2014-09-30": "29.11700", "2014-06-30": "21.22400", "2014-03-31": "31.24500", "2013-12-31": "20.23700", "2013-09-30": "2.45800", "2013-06-30": "7.32000", "2013-03-31": "5.76100", "2012-12-31": "4.10900", "2012-09-30": "2.58000", "2012-06-30": "18.57200", "2012-03-31": "22.76800", "2011-12-31": "22.71400", "2011-09-30": "30.37300", "2011-06-30": "38.60100", "2011-03-31": "38.04300", "2010-12-31": "34.17600", "2010-09-30": "36.60100", "2010-06-30": "33.14400", "2010-03-31": "28.99800", "2009-12-31": "15.93200", "2009-09-30": "-2.44600", "2009-06-30": "-146.34800", "2009-03-31": "-16.49900", "2008-12-31": "3.60300", "2008-09-30": "6.79100", "2008-06-30": "9.23400", "2008-03-31": "20.38200", "2007-12-31": "15.16100", "2007-09-30": "21.38200", "2007-06-30": "22.52700", "2007-03-31": "27.29000", "2006-12-31": "26.49300", "2006-09-30": "27.93300", "2006-06-30": "24.37400", "2006-03-31": "15.43500", "2005-12-31": "12.10500", "2005-09-30": "7.22400", "2005-06-30": "9.77800", "2005-03-31": "5.45800"}, "Income From Discontinued Operations": {"2020-12-31": "", "2020-09-30": "", "2020-06-30": "", "2020-03-31": "", "2019-12-31": "", "2019-09-30": "", "2019-06-30": "", "2019-03-31": "", "2018-12-31": "", "2018-09-30": "", "2018-06-30": "", "2018-03-31": "", "2017-12-31": "", "2017-09-30": "", "2017-06-30": "", "2017-03-31": "", "2016-12-31": "", "2016-09-30": "", "2016-06-30": "", "2016-03-31": "", "2015-12-31": "", "2015-09-30": "", "2015-06-30": "", "2015-03-31": "", "2014-12-31": "", "2014-09-30": "", "2014-06-30": "", "2014-03-31": "", "2013-12-31": "", "2013-09-30": "", "2013-06-30": "", "2013-03-31": "", "2012-12-31": "", "2012-09-30": "", "2012-06-30": "", "2012-03-31": "", "2011-12-31": "", "2011-09-30": "", "2011-06-30": "", "2011-03-31": "", "2010-12-31": "1.77300", "2010-09-30": "2.03500", "2010-06-30": "5.63300", "2010-03-31": "0.22700", "2009-12-31": "-0.98500", "2009-09-30": "-1.52700", "2009-06-30": "-60.78600", "2009-03-31": "", "2008-12-31": "", "2008-09-30": "", "2008-06-30": "", "2008-03-31": "", "2007-12-31": "", "2007-09-30": "", "2007-06-30": "", "2007-03-31": "", "2006-12-31": "", "2006-09-30": "", "2006-06-30": "", "2006-03-31": "", "2005-12-31": "", "2005-09-30": "", "2005-06-30": "", "2005-03-31": ""}, "Net Income": {"2020-12-31": "115.60000", "2020-09-30": "91.70000", "2020-06-30": "73.70000", "2020-03-31": "69.10000", "2019-12-31": "42.78600", "2019-09-30": "47.40000", "2019-06-30": "37.70000", "2019-03-31": "12.50000", "2018-12-31": "71.63600", "2018-09-30": "93.27700", "2018-06-30": "122.86200", "2018-03-31": "105.12100", "2017-12-31": "77.63800", "2017-09-30": "75.99400", "2017-06-30": "120.44000", "2017-03-31": "65.06000", "2016-12-31": "45.48700", "2016-09-30": "32.54900", "2016-06-30": "9.21000", "2016-03-31": "17.56300", "2015-12-31": "25.52200", "2015-09-30": "29.76900", "2015-06-30": "33.22000", "2015-03-31": "33.78600", "2014-12-31": "34.19200", "2014-09-30": "29.11700", "2014-06-30": "21.22400", "2014-03-31": "31.24500", "2013-12-31": "20.23700", "2013-09-30": "2.45800", "2013-06-30": "7.32000", "2013-03-31": "5.76100", "2012-12-31": "4.10900", "2012-09-30": "2.58000", "2012-06-30": "18.57200", "2012-03-31": "22.76800", "2011-12-31": "22.71400", "2011-09-30": "30.37300", "2011-06-30": "38.60100", "2011-03-31": "38.04300", "2010-12-31": "35.94900", "2010-09-30": "38.63600", "2010-06-30": "38.77700", "2010-03-31": "29.22500", "2009-12-31": "14.94700", "2009-09-30": "-3.97300", "2009-06-30": "-207.13400", "2009-03-31": "-16.49900", "2008-12-31": "-6.29000", "2008-09-30": "6.79100", "2008-06-30": "9.23400", "2008-03-31": "20.38200", "2007-12-31": "15.16100", "2007-09-30": "21.38200", "2007-06-30": "22.52700", "2007-03-31": "27.29000", "2006-12-31": "26.49300", "2006-09-30": "27.93300", "2006-06-30": "24.37400", "2006-03-31": "15.43500", "2005-12-31": "12.10500", "2005-09-30": "7.22400", "2005-06-30": "9.77800", "2005-03-31": "5.45800"}, "EBITDA": {"2020-12-31": "", "2020-09-30": "140.20000", "2020-06-30": "125.40000", "2020-03-31": "119.40000", "2019-12-31": "96.78280", "2019-09-30": "97.60000", "2019-06-30": "95.60000", "2019-03-31": "54.60000", "2018-12-31": "114.96480", "2018-09-30": "137.47100", "2018-06-30": "172.04400", "2018-03-31": "154.15000", "2017-12-31": "144.33620", "2017-09-30": "132.92700", "2017-06-30": "114.49800", "2017-03-31": "108.12800", "2016-12-31": "87.49500", "2016-09-30": "84.07300", "2016-06-30": "48.14300", "2016-03-31": "27.83700", "2015-12-31": "27.70200", "2015-09-30": "46.88700", "2015-06-30": "51.58400", "2015-03-31": "52.54200", "2014-12-31": "46.49000", "2014-09-30": "33.94200", "2014-06-30": "35.47500", "2014-03-31": "41.92800", "2013-12-31": "35.33900", "2013-09-30": "16.57700", "2013-06-30": "14.80500", "2013-03-31": "8.76800", "2012-12-31": "10.85990", "2012-09-30": "10.03200", "2012-06-30": "31.26100", "2012-03-31": "36.51200", "2011-12-31": "33.33910", "2011-09-30": "44.37900", "2011-06-30": "60.50200", "2011-03-31": "59.68500", "2010-12-31": "51.60500", "2010-09-30": "58.51800", "2010-06-30": "53.15600", "2010-03-31": "46.05100", "2009-12-31": "26.19410", "2009-09-30": "7.05700", "2009-06-30": "42.36100", "2009-03-31": "-35.25900", "2008-12-31": "7.85800", "2008-09-30": "13.57500", "2008-06-30": "18.44000", "2008-03-31": "34.52500", "2007-12-31": "28.24000", "2007-09-30": "30.43100", "2007-06-30": "35.42800", "2007-03-31": "43.53000", "2006-12-31": "38.25800", "2006-09-30": "43.42800", "2006-06-30": "41.81200", "2006-03-31": "30.39100", "2005-12-31": "21.25900", "2005-09-30": "14.89400", "2005-06-30": "17.07700", "2005-03-31": "13.53300"}, "EBIT": {"2020-12-31": "146.70000", "2020-09-30": "116.40000", "2020-06-30": "100.80000", "2020-03-31": "89.90000", "2019-12-31": "66.05080", "2019-09-30": "66.80000", "2019-06-30": "63.90000", "2019-03-31": "23.10000", "2018-12-31": "94.08380", "2018-09-30": "117.04500", "2018-06-30": "151.29100", "2018-03-31": "131.63900", "2017-12-31": "120.01600", "2017-09-30": "110.15500", "2017-06-30": "92.88300", "2017-03-31": "83.58000", "2016-12-31": "62.51400", "2016-09-30": "53.00800", "2016-06-30": "19.18600", "2016-03-31": "22.55900", "2015-12-31": "22.20500", "2015-09-30": "41.36300", "2015-06-30": "46.03400", "2015-03-31": "47.01000", "2014-12-31": "38.55400", "2014-09-30": "28.15000", "2014-06-30": "30.66000", "2014-03-31": "37.77800", "2013-12-31": "30.95200", "2013-09-30": "12.33200", "2013-06-30": "10.42700", "2013-03-31": "4.67600", "2012-12-31": "6.61490", "2012-09-30": "6.39200", "2012-06-30": "27.84700", "2012-03-31": "33.36900", "2011-12-31": "30.00010", "2011-09-30": "41.11200", "2011-06-30": "57.30500", "2011-03-31": "56.50800", "2010-12-31": "48.40100", "2010-09-30": "54.93600", "2010-06-30": "49.94900", "2010-03-31": "42.22100", "2009-12-31": "21.88600", "2009-09-30": "2.60900", "2009-06-30": "-155.54700", "2009-03-31": "-40.60900", "2008-12-31": "2.13700", "2008-09-30": "7.98800", "2008-06-30": "12.90500", "2008-03-31": "27.84400", "2007-12-31": "20.39390", "2007-09-30": "23.06800", "2007-06-30": "27.64300", "2007-03-31": "35.88000", "2006-12-31": "30.59800", "2006-09-30": "35.62200", "2006-06-30": "34.45200", "2006-03-31": "21.86900", "2005-12-31": "14.83600", "2005-09-30": "8.52800", "2005-06-30": "10.36400", "2005-03-31": "6.82000"}, "Basic Shares Outstanding": {"2020-12-31": "55.20000", "2020-09-30": "55.20000", "2020-06-30": "55.10000", "2020-03-31": "54.90000", "2019-12-31": "54.71100", "2019-09-30": "54.90000", "2019-06-30": "54.80000", "2019-03-31": "54.10000", "2018-12-31": "54.40600", "2018-09-30": "54.47600", "2018-06-30": "54.71900", "2018-03-31": "54.42300", "2017-12-31": "54.13700", "2017-09-30": "54.28200", "2017-06-30": "54.17800", "2017-03-31": "53.76900", "2016-12-31": "53.47200", "2016-09-30": "53.57400", "2016-06-30": "53.46100", "2016-03-31": "53.23500", "2015-12-31": "53.28200", "2015-09-30": "53.31400", "2015-06-30": "53.38400", "2015-03-31": "53.21400", "2014-12-31": "53.23200", "2014-09-30": "53.05400", "2014-06-30": "53.36100", "2014-03-31": "53.41100", "2013-12-31": "53.06100", "2013-09-30": "53.16500", "2013-06-30": "53.05400", "2013-03-31": "52.77300", "2012-12-31": "52.68600", "2012-09-30": "52.85400", "2012-06-30": "52.67900", "2012-03-31": "52.50400", "2011-12-31": "52.16900", "2011-09-30": "52.45600", "2011-06-30": "52.34600", "2011-03-31": "51.40700", "2010-12-31": "50.07700", "2010-09-30": "50.22600", "2010-06-30": "50.06700", "2010-03-31": "49.60100", "2009-12-31": "49.31800", "2009-09-30": "49.46100", "2009-06-30": "49.30700", "2009-03-31": "48.99400", "2008-12-31": "49.71700", "2008-09-30": "48.73000", "2008-06-30": "49.69100", "2008-03-31": "51.73300", "2007-12-31": "56.34900", "2007-09-30": "56.80900", "2007-06-30": "56.82000", "2007-03-31": "56.35400", "2006-12-31": "55.39500", "2006-09-30": "55.66800", "2006-06-30": "55.33800", "2006-03-31": "54.66000", "2005-12-31": "54.06700", "2005-09-30": "54.14600", "2005-06-30": "53.97500", "2005-03-31": "53.87800"}, "Shares Outstanding": {"2020-12-31": "55.50000", "2020-09-30": "55.40000", "2020-06-30": "55.30000", "2020-03-31": "55.20000", "2019-12-31": "55.11100", "2019-09-30": "55.20000", "2019-06-30": "55.10000", "2019-03-31": "54.80000", "2018-12-31": "54.99200", "2018-09-30": "54.95400", "2018-06-30": "55.27400", "2018-03-31": "55.28600", "2017-12-31": "55.07400", "2017-09-30": "55.10100", "2017-06-30": "55.00100", "2017-03-31": "54.95800", "2016-12-31": "54.05100", "2016-09-30": "54.31500", "2016-06-30": "53.80600", "2016-03-31": "53.56300", "2015-12-31": "53.56000", "2015-09-30": "53.56800", "2015-06-30": "53.58900", "2015-03-31": "53.52900", "2014-12-31": "53.51500", "2014-09-30": "53.31000", "2014-06-30": "53.53700", "2014-03-31": "53.77600", "2013-12-31": "53.48100", "2013-09-30": "53.51300", "2013-06-30": "53.35800", "2013-03-31": "53.35900", "2012-12-31": "53.23400", "2012-09-30": "53.29000", "2012-06-30": "53.20600", "2012-03-31": "53.22200", "2011-12-31": "52.84700", "2011-09-30": "52.99200", "2011-06-30": "52.90600", "2011-03-31": "52.38600", "2010-12-31": "50.92700", "2010-09-30": "50.99400", "2010-06-30": "50.87000", "2010-03-31": "50.60000", "2009-12-31": "49.31800", "2009-09-30": "49.46100", "2009-06-30": "49.30700", "2009-03-31": "48.99400", "2008-12-31": "50.75400", "2008-09-30": "49.89800", "2008-06-30": "50.86600", "2008-03-31": "52.57100", "2007-12-31": "57.17300", "2007-09-30": "57.48200", "2007-06-30": "57.93900", "2007-03-31": "57.32600", "2006-12-31": "55.96100", "2006-09-30": "56.10500", "2006-06-30": "55.90700", "2006-03-31": "55.26900", "2005-12-31": "54.63300", "2005-09-30": "54.74300", "2005-06-30": "54.45100", "2005-03-31": "54.39300"}, "Basic EPS": {"2020-12-31": "2.10000", "2020-09-30": "1.66000", "2020-06-30": "1.34000", "2020-03-31": "1.26000", "2019-12-31": "0.79000", "2019-09-30": "0.86000", "2019-06-30": "0.69000", "2019-03-31": "0.23000", "2018-12-31": "1.33000", "2018-09-30": "1.71000", "2018-06-30": "2.25000", "2018-03-31": "1.93000", "2017-12-31": "1.43000", "2017-09-30": "1.40000", "2017-06-30": "2.22000", "2017-03-31": "1.21000", "2016-12-31": "0.85000", "2016-09-30": "0.61000", "2016-06-30": "0.17000", "2016-03-31": "0.33000", "2015-12-31": "0.49000", "2015-09-30": "0.56000", "2015-06-30": "0.62000", "2015-03-31": "0.63000", "2014-12-31": "0.64000", "2014-09-30": "0.55000", "2014-06-30": "0.40000", "2014-03-31": "0.58000", "2013-12-31": "0.37000", "2013-09-30": "0.05000", "2013-06-30": "0.14000", "2013-03-31": "0.11000", "2012-12-31": "0.08000", "2012-09-30": "0.05000", "2012-06-30": "0.35000", "2012-03-31": "0.43000", "2011-12-31": "0.43000", "2011-09-30": "0.58000", "2011-06-30": "0.74000", "2011-03-31": "0.74000", "2010-12-31": "0.72000", "2010-09-30": "0.77000", "2010-06-30": "0.77000", "2010-03-31": "0.59000", "2009-12-31": "0.31000", "2009-09-30": "-0.08000", "2009-06-30": "-4.20000", "2009-03-31": "-0.34000", "2008-12-31": "-0.11000", "2008-09-30": "0.14000", "2008-06-30": "0.19000", "2008-03-31": "0.39000", "2007-12-31": "0.27000", "2007-09-30": "0.38000", "2007-06-30": "0.40000", "2007-03-31": "0.48000", "2006-12-31": "0.48000", "2006-09-30": "0.50000", "2006-06-30": "0.44000", "2006-03-31": "0.28000", "2005-12-31": "0.23000", "2005-09-30": "0.13000", "2005-06-30": "0.18000", "2005-03-31": "0.10000"}, "EPS - Earnings Per Share": {"2020-12-31": "2.08000", "2020-09-30": "1.66000", "2020-06-30": "1.33000", "2020-03-31": "1.25000", "2019-12-31": "0.77000", "2019-09-30": "0.86000", "2019-06-30": "0.69000", "2019-03-31": "0.23000", "2018-12-31": "1.32000", "2018-09-30": "1.70000", "2018-06-30": "2.22000", "2018-03-31": "1.90000", "2017-12-31": "1.41000", "2017-09-30": "1.38000", "2017-06-30": "2.19000", "2017-03-31": "1.18000", "2016-12-31": "0.84000", "2016-09-30": "0.60000", "2016-06-30": "0.17000", "2016-03-31": "0.33000", "2015-12-31": "0.47000", "2015-09-30": "0.56000", "2015-06-30": "0.62000", "2015-03-31": "0.63000", "2014-12-31": "0.63000", "2014-09-30": "0.55000", "2014-06-30": "0.40000", "2014-03-31": "0.58000", "2013-12-31": "0.37000", "2013-09-30": "0.05000", "2013-06-30": "0.14000", "2013-03-31": "0.11000", "2012-12-31": "0.07000", "2012-09-30": "0.05000", "2012-06-30": "0.35000", "2012-03-31": "0.43000", "2011-12-31": "0.42000", "2011-09-30": "0.57000", "2011-06-30": "0.73000", "2011-03-31": "0.73000", "2010-12-31": "0.70000", "2010-09-30": "0.76000", "2010-06-30": "0.76000", "2010-03-31": "0.58000", "2009-12-31": "0.31000", "2009-09-30": "-0.08000", "2009-06-30": "-4.20000", "2009-03-31": "-0.34000", "2008-12-31": "-0.12000", "2008-09-30": "0.14000", "2008-06-30": "0.18000", "2008-03-31": "0.39000", "2007-12-31": "0.27000", "2007-09-30": "0.37000", "2007-06-30": "0.39000", "2007-03-31": "0.48000", "2006-12-31": "0.46000", "2006-09-30": "0.50000", "2006-06-30": "0.44000", "2006-03-31": "0.28000", "2005-12-31": "0.22000", "2005-09-30": "0.13000", "2005-06-30": "0.18000", "2005-03-31": "0.10000"}}, "balance sheet": {"Cash On Hand": {"2020-12-31": "836.00000", "2019-12-31": "523.98900", "2018-12-31": "718.17100", "2017-12-31": "543.32100", "2016-12-31": "423.37300", "2015-12-31": "658.23700", "2014-12-31": "592.23210", "2013-12-31": "589.61700", "2012-12-31": "615.24100", "2011-12-31": "565.51900", "2010-12-31": "431.93300", "2009-12-31": "271.79500", "2008-12-31": "278.86900", "2007-12-31": "323.76500", "2006-12-31": "289.95700", "2005-12-31": "292.61900"}, "Receivables": {"2020-12-31": "392.70000", "2019-12-31": "341.06400", "2018-12-31": "295.45400", "2017-12-31": "300.30800", "2016-12-31": "248.75700", "2015-12-31": "110.56500", "2014-12-31": "106.36200", "2013-12-31": "116.74400", "2012-12-31": "82.06000", "2011-12-31": "120.89400", "2010-12-31": "138.18100", "2009-12-31": "108.69100", "2008-12-31": "89.40700", "2007-12-31": "107.50400", "2006-12-31": "123.65800", "2005-12-31": "82.61000"}, "Inventory": {"2020-12-31": "501.40000", "2019-12-31": "462.14600", "2018-12-31": "384.68900", "2017-12-31": "339.08100", "2016-12-31": "275.86900", "2015-12-31": "152.63100", "2014-12-31": "155.16900", "2013-12-31": "142.72700", "2012-12-31": "134.63900", "2011-12-31": "153.63200", "2010-12-31": "156.42900", "2009-12-31": "118.00400", "2008-12-31": "131.51900", "2007-12-31": "150.73100", "2006-12-31": "149.82000", "2005-12-31": "98.24200"}, "Pre-Paid Expenses": {"2020-12-31": "", "2019-12-31": "", "2018-12-31": "", "2017-12-31": "", "2016-12-31": "", "2015-12-31": "", "2014-12-31": "", "2013-12-31": "", "2012-12-31": "", "2011-12-31": "", "2010-12-31": "", "2009-12-31": "", "2008-12-31": "", "2007-12-31": "", "2006-12-31": "", "2005-12-31": ""}, "Other Current Assets": {"2020-12-31": "74.30000", "2019-12-31": "106.34800", "2018-12-31": "65.79000", "2017-12-31": "53.54300", "2016-12-31": "50.77000", "2015-12-31": "18.07800", "2014-12-31": "27.51200", "2013-12-31": "16.71500", "2012-12-31": "28.04800", "2011-12-31": "34.23800", "2010-12-31": "12.57700", "2009-12-31": "12.88600", "2008-12-31": "9.87500", "2007-12-31": "9.99600", "2006-12-31": "11.21600", "2005-12-31": "10.51100"}, "Total Current Assets": {"2020-12-31": "1804.40000", "2019-12-31": "1433.54700", "2018-12-31": "1464.10400", "2017-12-31": "1236.25300", "2016-12-31": "998.76900", "2015-12-31": "939.51100", "2014-12-31": "895.29200", "2013-12-31": "879.23100", "2012-12-31": "868.18200", "2011-12-31": "884.90100", "2010-12-31": "752.89500", "2009-12-31": "532.88100", "2008-12-31": "528.72800", "2007-12-31": "609.98000", "2006-12-31": "591.43800", "2005-12-31": "499.14700"}, "Property, Plant, And Equipment": {"2020-12-31": "284.30000", "2019-12-31": "241.87100", "2018-12-31": "194.36700", "2017-12-31": "171.78200", "2016-12-31": "174.55900", "2015-12-31": "68.85600", "2014-12-31": "72.77600", "2013-12-31": "77.53600", "2012-12-31": "80.51600", "2011-12-31": "72.48700", "2010-12-31": "68.97600", "2009-12-31": "67.19600", "2008-12-31": "82.01700", "2007-12-31": "81.36500", "2006-12-31": "79.46300", "2005-12-31": "78.72600"}, "Long-Term Investments": {"2020-12-31": "6.50000", "2019-12-31": "5.85400", "2018-12-31": "10.29000", "2017-12-31": "10.65500", "2016-12-31": "9.85800", "2015-12-31": "", "2014-12-31": "", "2013-12-31": "60.40500", "2012-12-31": "12.15800", "2011-12-31": "7.87300", "2010-12-31": "", "2009-12-31": "4.85300", "2008-12-31": "", "2007-12-31": "", "2006-12-31": "2.81600", "2005-12-31": "0.85700"}, "Goodwill And Intangible Assets": {"2020-12-31": "1578.60000", "2019-12-31": "1623.08400", "2018-12-31": "906.80300", "2017-12-31": "957.44500", "2016-12-31": "996.58900", "2015-12-31": "243.73000", "2014-12-31": "238.77000", "2013-12-31": "163.99900", "2012-12-31": "162.29400", "2011-12-31": "141.12700", "2010-12-31": "141.76300", "2009-12-31": "149.47400", "2008-12-31": "358.83400", "2007-12-31": "373.61400", "2006-12-31": "367.07700", "2005-12-31": "282.66500"}, "Other Long-Term Assets": {"2020-12-31": "45.60000", "2019-12-31": "47.46700", "2018-12-31": "38.68200", "2017-12-31": "37.88300", "2016-12-31": "32.46700", "2015-12-31": "21.25000", "2014-12-31": "17.20600", "2013-12-31": "31.84700", "2012-12-31": "29.41200", "2011-12-31": "12.26600", "2010-12-31": "18.77900", "2009-12-31": "19.66500", "2008-12-31": "15.36000", "2007-12-31": "11.30100", "2006-12-31": "2.92600", "2005-12-31": "2.34500"}, "Total Long-Term Assets": {"2020-12-31": "2094.10000", "2019-12-31": "1982.77300", "2018-12-31": "1150.14200", "2017-12-31": "1177.76500", "2016-12-31": "1213.47300", "2015-12-31": "333.83600", "2014-12-31": "328.75200", "2013-12-31": "333.78700", "2012-12-31": "284.38000", "2011-12-31": "233.75300", "2010-12-31": "229.51800", "2009-12-31": "241.18800", "2008-12-31": "456.21100", "2007-12-31": "466.28000", "2006-12-31": "452.28200", "2005-12-31": "364.59300"}, "Total Assets": {"2020-12-31": "3898.50000", "2019-12-31": "3416.32000", "2018-12-31": "2614.24600", "2017-12-31": "2414.01800", "2016-12-31": "2212.24200", "2015-12-31": "1273.34700", "2014-12-31": "1224.04400", "2013-12-31": "1213.01800", "2012-12-31": "1152.56200", "2011-12-31": "1118.65400", "2010-12-31": "982.41300", "2009-12-31": "774.06900", "2008-12-31": "984.93900", "2007-12-31": "1076.26000", "2006-12-31": "1043.72000", "2005-12-31": "863.74000"}, "Total Current Liabilities": {"2020-12-31": "373.90000", "2019-12-31": "317.68100", "2018-12-31": "263.28500", "2017-12-31": "289.82200", "2016-12-31": "237.30000", "2015-12-31": "90.98400", "2014-12-31": "103.62700", "2013-12-31": "128.42200", "2012-12-31": "79.31100", "2011-12-31": "96.43100", "2010-12-31": "109.68600", "2009-12-31": "71.30000", "2008-12-31": "75.93500", "2007-12-31": "95.74500", "2006-12-31": "129.89700", "2005-12-31": "89.08700"}, "Long Term Debt": {"2020-12-31": "815.00000", "2019-12-31": "871.66700", "2018-12-31": "343.84200", "2017-12-31": "389.99300", "2016-12-31": "601.22900", "2015-12-31": "", "2014-12-31": "", "2013-12-31": "", "2012-12-31": "", "2011-12-31": "", "2010-12-31": "", "2009-12-31": "", "2008-12-31": "0.39600", "2007-12-31": "5.87100", "2006-12-31": "6.11300", "2005-12-31": "6.15200"}, "Other Non-Current Liabilities": {"2020-12-31": "107.40000", "2019-12-31": "86.44100", "2018-12-31": "85.70900", "2017-12-31": "83.72500", "2016-12-31": "65.47500", "2015-12-31": "18.82700", "2014-12-31": "38.59500", "2013-12-31": "63.07300", "2012-12-31": "61.09500", "2011-12-31": "32.21100", "2010-12-31": "25.68800", "2009-12-31": "17.83600", "2008-12-31": "21.91000", "2007-12-31": "20.63500", "2006-12-31": "4.95600", "2005-12-31": "3.50500"}, "Total Long Term Liabilities": {"2020-12-31": "1163.70000", "2019-12-31": "1075.29500", "2018-12-31": "477.77400", "2017-12-31": "535.28900", "2016-12-31": "733.15000", "2015-12-31": "21.48200", "2014-12-31": "38.59500", "2013-12-31": "63.07300", "2012-12-31": "61.09500", "2011-12-31": "32.21100", "2010-12-31": "25.68800", "2009-12-31": "17.83600", "2008-12-31": "22.30600", "2007-12-31": "26.50600", "2006-12-31": "12.60400", "2005-12-31": "11.81000"}, "Total Liabilities": {"2020-12-31": "1537.60000", "2019-12-31": "1392.97600", "2018-12-31": "741.05900", "2017-12-31": "825.11100", "2016-12-31": "970.45000", "2015-12-31": "112.46600", "2014-12-31": "142.22200", "2013-12-31": "191.49500", "2012-12-31": "140.40600", "2011-12-31": "128.64200", "2010-12-31": "135.37400", "2009-12-31": "89.13600", "2008-12-31": "98.24100", "2007-12-31": "122.25100", "2006-12-31": "142.50100", "2005-12-31": "100.89700"}, "Common Stock Net": {"2020-12-31": "0.10000", "2019-12-31": "0.11300", "2018-12-31": "0.11300", "2017-12-31": "0.11300", "2016-12-31": "0.11300", "2015-12-31": "0.11300", "2014-12-31": "0.11300", "2013-12-31": "0.11300", "2012-12-31": "0.11300", "2011-12-31": "0.11300", "2010-12-31": "0.11300", "2009-12-31": "0.11300", "2008-12-31": "0.11300", "2007-12-31": "0.11300", "2006-12-31": "0.11300", "2005-12-31": "0.11300"}, "Retained Earnings (Accumulated Deficit)": {"2020-12-31": "1487.30000", "2019-12-31": "1181.21600", "2018-12-31": "1084.79700", "2017-12-31": "795.69800", "2016-12-31": "494.74400", "2015-12-31": "427.21400", "2014-12-31": "349.06100", "2013-12-31": "278.96600", "2012-12-31": "278.58300", "2011-12-31": "268.87000", "2010-12-31": "171.35600", "2009-12-31": "28.76900", "2008-12-31": "241.42800", "2007-12-31": "255.24400", "2006-12-31": "210.87700", "2005-12-31": "116.64200"}, "Comprehensive Income": {"2020-12-31": "0.30000", "2019-12-31": "-22.29000", "2018-12-31": "-5.65500", "2017-12-31": "3.45200", "2016-12-31": "-30.54700", "2015-12-31": "-11.17100", "2014-12-31": "-2.08400", "2013-12-31": "11.87300", "2012-12-31": "15.45500", "2011-12-31": "13.61000", "2010-12-31": "11.77800", "2009-12-31": "10.64000", "2008-12-31": "7.21900", "2007-12-31": "13.18700", "2006-12-31": "10.06500", "2005-12-31": "6.93600"}, "Other Share Holders Equity": {"2020-12-31": "", "2019-12-31": "", "2018-12-31": "", "2017-12-31": "", "2016-12-31": "", "2015-12-31": "", "2014-12-31": "", "2013-12-31": "", "2012-12-31": "", "2011-12-31": "", "2010-12-31": "", "2009-12-31": "", "2008-12-31": "", "2007-12-31": "", "2006-12-31": "", "2005-12-31": ""}, "Share Holder Equity": {"2020-12-31": "2360.90000", "2019-12-31": "2023.34400", "2018-12-31": "1873.18700", "2017-12-31": "1588.90700", "2016-12-31": "1241.79200", "2015-12-31": "1160.88100", "2014-12-31": "1081.82200", "2013-12-31": "1021.52300", "2012-12-31": "1012.15600", "2011-12-31": "990.01200", "2010-12-31": "847.03900", "2009-12-31": "684.93300", "2008-12-31": "886.69800", "2007-12-31": "954.00900", "2006-12-31": "901.21900", "2005-12-31": "762.84300"}, "Total Liabilities And Share Holders Equity": {"2020-12-31": "3898.50000", "2019-12-31": "3416.32000", "2018-12-31": "2614.24600", "2017-12-31": "2414.01800", "2016-12-31": "2212.24200", "2015-12-31": "1273.34700", "2014-12-31": "1224.04400", "2013-12-31": "1213.01800", "2012-12-31": "1152.56200", "2011-12-31": "1118.65400", "2010-12-31": "982.41300", "2009-12-31": "774.06900", "2008-12-31": "984.93900", "2007-12-31": "1076.26000", "2006-12-31": "1043.72000", "2005-12-31": "863.74000"}}, "balance sheet, quarterly": {"Cash On Hand": {"2020-12-31": "836.00000", "2020-09-30": "715.70000", "2020-06-30": "607.00000", "2020-03-31": "503.40000", "2019-12-31": "524.00000", "2019-09-30": "475.12800", "2019-06-30": "459.92000", "2019-03-31": "462.34200", "2018-12-31": "718.17100", "2018-09-30": "619.62600", "2018-06-30": "631.11700", "2018-03-31": "541.50200", "2017-12-31": "543.32100", "2017-09-30": "534.72500", "2017-06-30": "577.12800", "2017-03-31": "416.48500", "2016-12-31": "423.37300", "2016-09-30": "425.90900", "2016-06-30": "431.20700", "2016-03-31": "666.62300", "2015-12-31": "658.23700", "2015-09-30": "391.98900", "2015-06-30": "355.75200", "2015-03-31": "351.34400", "2014-12-31": "592.23210", "2014-09-30": "435.49800", "2014-06-30": "464.91700", "2014-03-31": "593.60300", "2013-12-31": "589.61700", "2013-09-30": "620.65400", "2013-06-30": "582.43900", "2013-03-31": "598.34200", "2012-12-31": "615.24100", "2012-09-30": "583.63400", "2012-06-30": "605.56600", "2012-03-31": "569.44500", "2011-12-31": "565.51900", "2011-09-30": "525.83900", "2011-06-30": "496.28700", "2011-03-31": "479.12000", "2010-12-31": "431.93300", "2010-09-30": "343.72500", "2010-06-30": "323.41400", "2010-03-31": "285.19900", "2009-12-31": "271.79500", "2009-09-30": "265.21800", "2009-06-30": "258.54100", "2009-03-31": "255.40400", "2008-12-31": "278.86900", "2008-09-30": "257.21200", "2008-06-30": "259.94300", "2008-03-31": "276.61800", "2007-12-31": "323.76500", "2007-09-30": "359.84400", "2007-06-30": "336.07600", "2007-03-31": "313.25700", "2006-12-31": "289.95700", "2006-09-30": "265.40000", "2006-06-30": "237.40600", "2006-03-31": "213.86000", "2005-12-31": "292.61900", "2005-09-30": "271.36500", "2005-06-30": "264.30300", "2005-03-31": "244.91700"}, "Receivables": {"2020-12-31": "392.70000", "2020-09-30": "363.90000", "2020-06-30": "381.10000", "2020-03-31": "381.00000", "2019-12-31": "341.10000", "2019-09-30": "327.98300", "2019-06-30": "313.53000", "2019-03-31": "335.99000", "2018-12-31": "295.45400", "2018-09-30": "318.47000", "2018-06-30": "339.95800", "2018-03-31": "341.71800", "2017-12-31": "300.30800", "2017-09-30": "280.30200", "2017-06-30": "268.54400", "2017-03-31": "267.24900", "2016-12-31": "248.75700", "2016-09-30": "243.85300", "2016-06-30": "233.95100", "2016-03-31": "113.47200", "2015-12-31": "110.56500", "2015-09-30": "115.98800", "2015-06-30": "124.55300", "2015-03-31": "124.44500", "2014-12-31": "106.36200", "2014-09-30": "106.29000", "2014-06-30": "101.48700", "2014-03-31": "119.46300", "2013-12-31": "116.74400", "2013-09-30": "98.13300", "2013-06-30": "95.77100", "2013-03-31": "90.45700", "2012-12-31": "82.06000", "2012-09-30": "87.53600", "2012-06-30": "104.82700", "2012-03-31": "131.13200", "2011-12-31": "120.89400", "2011-09-30": "125.51700", "2011-06-30": "150.98000", "2011-03-31": "155.68200", "2010-12-31": "138.18100", "2010-09-30": "173.69800", "2010-06-30": "163.46200", "2010-03-31": "140.67800", "2009-12-31": "108.69100", "2009-09-30": "103.53200", "2009-06-30": "91.74500", "2009-03-31": "85.56800", "2008-12-31": "89.40700", "2008-09-30": "104.55800", "2008-06-30": "109.51200", "2008-03-31": "121.57400", "2007-12-31": "107.50400", "2007-09-30": "115.66800", "2007-06-30": "125.91000", "2007-03-31": "131.81700", "2006-12-31": "123.65800", "2006-09-30": "126.83300", "2006-06-30": "118.62300", "2006-03-31": "106.67200", "2005-12-31": "82.61000", "2005-09-30": "76.06100", "2005-06-30": "78.45200", "2005-03-31": "82.77000"}, "Inventory": {"2020-12-31": "501.40000", "2020-09-30": "494.20000", "2020-06-30": "490.20000", "2020-03-31": "474.20000", "2019-12-31": "462.10000", "2019-09-30": "463.26300", "2019-06-30": "479.49700", "2019-03-31": "475.63300", "2018-12-31": "384.68900", "2018-09-30": "399.07700", "2018-06-30": "384.92900", "2018-03-31": "365.70900", "2017-12-31": "339.08100", "2017-09-30": "319.46000", "2017-06-30": "304.70700", "2017-03-31": "285.51800", "2016-12-31": "275.86900", "2016-09-30": "278.96500", "2016-06-30": "278.36000", "2016-03-31": "151.65000", "2015-12-31": "152.63100", "2015-09-30": "168.07900", "2015-06-30": "165.59000", "2015-03-31": "164.41200", "2014-12-31": "155.16900", "2014-09-30": "153.93000", "2014-06-30": "155.87200", "2014-03-31": "147.51100", "2013-12-31": "142.72700", "2013-09-30": "136.06000", "2013-06-30": "137.00600", "2013-03-31": "131.25300", "2012-12-31": "134.63900", "2012-09-30": "145.51800", "2012-06-30": "145.60900", "2012-03-31": "148.47400", "2011-12-31": "153.63200", "2011-09-30": "161.05900", "2011-06-30": "164.45000", "2011-03-31": "159.84300", "2010-12-31": "156.42900", "2010-09-30": "152.09600", "2010-06-30": "137.30500", "2010-03-31": "126.77000", "2009-12-31": "118.00400", "2009-09-30": "116.15600", "2009-06-30": "121.64100", "2009-03-31": "126.51200", "2008-12-31": "131.51900", "2008-09-30": "142.68000", "2008-06-30": "152.46800", "2008-03-31": "154.93800", "2007-12-31": "150.73100", "2007-09-30": "159.44100", "2007-06-30": "163.71300", "2007-03-31": "157.35600", "2006-12-31": "149.82000", "2006-09-30": "132.99400", "2006-06-30": "127.37900", "2006-03-31": "111.96700", "2005-12-31": "98.24200", "2005-09-30": "97.77600", "2005-06-30": "95.46900", "2005-03-31": "97.66300"}, "Pre-Paid Expenses": {"2020-12-31": "", "2020-09-30": "", "2020-06-30": "", "2020-03-31": "", "2019-12-31": "", "2019-09-30": "", "2019-06-30": "", "2019-03-31": "", "2018-12-31": "", "2018-09-30": "", "2018-06-30": "", "2018-03-31": "", "2017-12-31": "", "2017-09-30": "", "2017-06-30": "", "2017-03-31": "", "2016-12-31": "", "2016-09-30": "", "2016-06-30": "", "2016-03-31": "", "2015-12-31": "", "2015-09-30": "", "2015-06-30": "", "2015-03-31": "", "2014-12-31": "", "2014-09-30": "", "2014-06-30": "", "2014-03-31": "", "2013-12-31": "", "2013-09-30": "", "2013-06-30": "", "2013-03-31": "", "2012-12-31": "", "2012-09-30": "", "2012-06-30": "", "2012-03-31": "", "2011-12-31": "", "2011-09-30": "", "2011-06-30": "", "2011-03-31": "", "2010-12-31": "", "2010-09-30": "", "2010-06-30": "", "2010-03-31": "", "2009-12-31": "", "2009-09-30": "", "2009-06-30": "", "2009-03-31": "", "2008-12-31": "", "2008-09-30": "", "2008-06-30": "", "2008-03-31": "", "2007-12-31": "", "2007-09-30": "", "2007-06-30": "", "2007-03-31": "", "2006-12-31": "", "2006-09-30": "", "2006-06-30": "", "2006-03-31": "", "2005-12-31": "", "2005-09-30": "", "2005-06-30": "", "2005-03-31": ""}, "Other Current Assets": {"2020-12-31": "74.30000", "2020-09-30": "95.90000", "2020-06-30": "91.50000", "2020-03-31": "98.00000", "2019-12-31": "106.30000", "2019-09-30": "94.01100", "2019-06-30": "117.05300", "2019-03-31": "86.38700", "2018-12-31": "65.79000", "2018-09-30": "75.29800", "2018-06-30": "61.72000", "2018-03-31": "59.09300", "2017-12-31": "53.54300", "2017-09-30": "60.71600", "2017-06-30": "51.72100", "2017-03-31": "52.26600", "2016-12-31": "50.77000", "2016-09-30": "53.61600", "2016-06-30": "57.99500", "2016-03-31": "27.38800", "2015-12-31": "18.07800", "2015-09-30": "28.89400", "2015-06-30": "28.20300", "2015-03-31": "21.58000", "2014-12-31": "27.51200", "2014-09-30": "28.73500", "2014-06-30": "30.13400", "2014-03-31": "18.97900", "2013-12-31": "16.71500", "2013-09-30": "28.65100", "2013-06-30": "38.42600", "2013-03-31": "30.00800", "2012-12-31": "28.04800", "2012-09-30": "24.99800", "2012-06-30": "25.07800", "2012-03-31": "24.97800", "2011-12-31": "34.23800", "2011-09-30": "27.54200", "2011-06-30": "24.12000", "2011-03-31": "15.44000", "2010-12-31": "12.57700", "2010-09-30": "14.84500", "2010-06-30": "13.48100", "2010-03-31": "13.30500", "2009-12-31": "12.88600", "2009-09-30": "12.13600", "2009-06-30": "10.92100", "2009-03-31": "12.18700", "2008-12-31": "9.87500", "2008-09-30": "19.37900", "2008-06-30": "13.31600", "2008-03-31": "11.46400", "2007-12-31": "9.99600", "2007-09-30": "15.49600", "2007-06-30": "15.65200", "2007-03-31": "14.40500", "2006-12-31": "11.21600", "2006-09-30": "17.77100", "2006-06-30": "13.19800", "2006-03-31": "12.58500", "2005-12-31": "10.51100", "2005-09-30": "13.72300", "2005-06-30": "11.71300", "2005-03-31": "10.34800"}, "Total Current Assets": {"2020-12-31": "1804.40000", "2020-09-30": "1669.70000", "2020-06-30": "1569.80000", "2020-03-31": "1456.60000", "2019-12-31": "1433.50000", "2019-09-30": "1360.38500", "2019-06-30": "1370.00000", "2019-03-31": "1360.35200", "2018-12-31": "1464.10400", "2018-09-30": "1412.47100", "2018-06-30": "1417.72400", "2018-03-31": "1308.02200", "2017-12-31": "1236.25300", "2017-09-30": "1195.20300", "2017-06-30": "1202.10000", "2017-03-31": "1021.51800", "2016-12-31": "998.76900", "2016-09-30": "1002.34300", "2016-06-30": "1001.51300", "2016-03-31": "959.13300", "2015-12-31": "939.51100", "2015-09-30": "719.36200", "2015-06-30": "687.66800", "2015-03-31": "675.34100", "2014-12-31": "895.29200", "2014-09-30": "736.87500", "2014-06-30": "763.02800", "2014-03-31": "895.60900", "2013-12-31": "879.23100", "2013-09-30": "893.55700", "2013-06-30": "861.68800", "2013-03-31": "858.64500", "2012-12-31": "868.18200", "2012-09-30": "852.93700", "2012-06-30": "891.59600", "2012-03-31": "884.10900", "2011-12-31": "884.90100", "2011-09-30": "850.32800", "2011-06-30": "849.70900", "2011-03-31": "823.57400", "2010-12-31": "752.89500", "2010-09-30": "707.91200", "2010-06-30": "665.66300", "2010-03-31": "587.36300", "2009-12-31": "532.88100", "2009-09-30": "516.55300", "2009-06-30": "502.42400", "2009-03-31": "498.32300", "2008-12-31": "528.72800", "2008-09-30": "540.31800", "2008-06-30": "553.22100", "2008-03-31": "582.57600", "2007-12-31": "609.98000", "2007-09-30": "668.09200", "2007-06-30": "657.72700", "2007-03-31": "633.79200", "2006-12-31": "591.43800", "2006-09-30": "559.83400", "2006-06-30": "512.87500", "2006-03-31": "461.36900", "2005-12-31": "499.14700", "2005-09-30": "470.86200", "2005-06-30": "461.14200", "2005-03-31": "447.33600"}, "Property, Plant, And Equipment": {"2020-12-31": "284.30000", "2020-09-30": "267.90000", "2020-06-30": "248.40000", "2020-03-31": "238.20000", "2019-12-31": "241.90000", "2019-09-30": "236.12400", "2019-06-30": "230.64900", "2019-03-31": "251.42400", "2018-12-31": "194.36700", "2018-09-30": "180.18200", "2018-06-30": "174.05400", "2018-03-31": "172.80200", "2017-12-31": "171.78200", "2017-09-30": "166.92800", "2017-06-30": "167.21200", "2017-03-31": "169.83300", "2016-12-31": "174.55900", "2016-09-30": "179.69400", "2016-06-30": "184.22100", "2016-03-31": "67.56100", "2015-12-31": "68.85600", "2015-09-30": "69.19300", "2015-06-30": "69.89800", "2015-03-31": "70.90800", "2014-12-31": "72.77600", "2014-09-30": "73.64200", "2014-06-30": "75.96000", "2014-03-31": "75.51700", "2013-12-31": "77.53600", "2013-09-30": "78.02000", "2013-06-30": "78.87500", "2013-03-31": "79.70900", "2012-12-31": "80.51600", "2012-09-30": "77.49300", "2012-06-30": "73.98300", "2012-03-31": "73.99400", "2011-12-31": "72.48700", "2011-09-30": "69.89100", "2011-06-30": "69.65300", "2011-03-31": "68.91200", "2010-12-31": "68.97600", "2010-09-30": "67.65900", "2010-06-30": "65.56800", "2010-03-31": "65.68100", "2009-12-31": "67.19600", "2009-09-30": "70.19300", "2009-06-30": "72.73300", "2009-03-31": "78.55200", "2008-12-31": "82.01700", "2008-09-30": "79.76000", "2008-06-30": "80.13800", "2008-03-31": "81.80100", "2007-12-31": "81.36500", "2007-09-30": "82.06900", "2007-06-30": "80.13000", "2007-03-31": "78.85100", "2006-12-31": "79.46300", "2006-09-30": "79.56400", "2006-06-30": "79.91600", "2006-03-31": "80.08300", "2005-12-31": "78.72600", "2005-09-30": "79.69900", "2005-06-30": "80.06200", "2005-03-31": "80.19700"}, "Long-Term Investments": {"2020-12-31": "6.50000", "2020-09-30": "6.30000", "2020-06-30": "6.00000", "2020-03-31": "6.00000", "2019-12-31": "5.80000", "2019-09-30": "10.14600", "2019-06-30": "10.40100", "2019-03-31": "10.35000", "2018-12-31": "10.29000", "2018-09-30": "10.40400", "2018-06-30": "10.47600", "2018-03-31": "10.84100", "2017-12-31": "10.65500", "2017-09-30": "10.59300", "2017-06-30": "10.32900", "2017-03-31": "9.93300", "2016-12-31": "9.85800", "2016-09-30": "15.25600", "2016-06-30": "15.23000", "2016-03-31": "", "2015-12-31": "", "2015-09-30": "240.90800", "2015-06-30": "256.85500", "2015-03-31": "237.31300", "2014-12-31": "", "2014-09-30": "134.74900", "2014-06-30": "80.91200", "2014-03-31": "53.62000", "2013-12-31": "60.40500", "2013-09-30": "5.18300", "2013-06-30": "15.78800", "2013-03-31": "10.15700", "2012-12-31": "12.15800", "2012-09-30": "40.06200", "2012-06-30": "17.56800", "2012-03-31": "16.48100", "2011-12-31": "7.87300", "2011-09-30": "9.26000", "2011-06-30": "5.27700", "2011-03-31": "1.30100", "2010-12-31": "", "2010-09-30": "", "2010-06-30": "", "2010-03-31": "", "2009-12-31": "4.85300", "2009-09-30": "", "2009-06-30": "", "2009-03-31": "", "2008-12-31": "", "2008-09-30": "", "2008-06-30": "", "2008-03-31": "", "2007-12-31": "", "2007-09-30": "3.54100", "2007-06-30": "6.72900", "2007-03-31": "2.46300", "2006-12-31": "2.81600", "2006-09-30": "3.55500", "2006-06-30": "2.36600", "2006-03-31": "0.69600", "2005-12-31": "0.85700", "2005-09-30": "1.24000", "2005-06-30": "1.62700", "2005-03-31": "2.59700"}, "Goodwill And Intangible Assets": {"2020-12-31": "1578.60000", "2020-09-30": "1585.40000", "2020-06-30": "1592.50000", "2020-03-31": "1604.10000", "2019-12-31": "1623.10000", "2019-09-30": "1634.97100", "2019-06-30": "1658.03900", "2019-03-31": "1676.42200", "2018-12-31": "906.80300", "2018-09-30": "919.14900", "2018-06-30": "931.40200", "2018-03-31": "949.83900", "2017-12-31": "957.44500", "2017-09-30": "965.43300", "2017-06-30": "972.94000", "2017-03-31": "986.91100", "2016-12-31": "996.58900", "2016-09-30": "1014.44600", "2016-06-30": "1019.58800", "2016-03-31": "242.57400", "2015-12-31": "243.73000", "2015-09-30": "245.20900", "2015-06-30": "248.03400", "2015-03-31": "248.88300", "2014-12-31": "238.77000", "2014-09-30": "241.93700", "2014-06-30": "244.06200", "2014-03-31": "163.63100", "2013-12-31": "163.99900", "2013-09-30": "164.01600", "2013-06-30": "162.53500", "2013-03-31": "164.09000", "2012-12-31": "162.29400", "2012-09-30": "161.73000", "2012-06-30": "141.11500", "2012-03-31": "141.23400", "2011-12-31": "141.12700", "2011-09-30": "141.39100", "2011-06-30": "141.26300", "2011-03-31": "141.51300", "2010-12-31": "141.76300", "2010-09-30": "139.72100", "2010-06-30": "141.09300", "2010-03-31": "148.82300", "2009-12-31": "149.47400", "2009-09-30": "150.34600", "2009-06-30": "151.21700", "2009-03-31": "357.18100", "2008-12-31": "358.83400", "2008-09-30": "366.85400", "2008-06-30": "368.81700", "2008-03-31": "370.65700", "2007-12-31": "373.61400", "2007-09-30": "354.51800", "2007-06-30": "358.71000", "2007-03-31": "363.99000", "2006-12-31": "367.07700", "2006-09-30": "369.67500", "2006-06-30": "373.59300", "2006-03-31": "377.68400", "2005-12-31": "282.66500", "2005-09-30": "285.89700", "2005-06-30": "289.33700", "2005-03-31": "293.92000"}, "Other Long-Term Assets": {"2020-12-31": "45.60000", "2020-09-30": "41.50000", "2020-06-30": "40.10000", "2020-03-31": "42.90000", "2019-12-31": "47.50000", "2019-09-30": "45.28600", "2019-06-30": "44.22800", "2019-03-31": "48.56200", "2018-12-31": "38.68200", "2018-09-30": "42.39000", "2018-06-30": "39.83200", "2018-03-31": "39.95200", "2017-12-31": "37.88300", "2017-09-30": "32.18800", "2017-06-30": "32.10200", "2017-03-31": "32.35200", "2016-12-31": "32.46700", "2016-09-30": "29.92600", "2016-06-30": "24.57600", "2016-03-31": "21.39200", "2015-12-31": "21.25000", "2015-09-30": "18.67300", "2015-06-30": "17.87800", "2015-03-31": "17.16500", "2014-12-31": "17.20600", "2014-09-30": "30.16500", "2014-06-30": "33.93900", "2014-03-31": "34.38300", "2013-12-31": "31.84700", "2013-09-30": "31.19800", "2013-06-30": "11.46100", "2013-03-31": "12.80700", "2012-12-31": "29.41200", "2012-09-30": "10.08000", "2012-06-30": "10.65800", "2012-03-31": "11.91500", "2011-12-31": "12.26600", "2011-09-30": "16.84200", "2011-06-30": "14.71300", "2011-03-31": "14.01900", "2010-12-31": "18.77900", "2010-09-30": "20.32700", "2010-06-30": "10.73500", "2010-03-31": "16.53500", "2009-12-31": "19.66500", "2009-09-30": "13.33300", "2009-06-30": "16.54700", "2009-03-31": "12.00800", "2008-12-31": "15.36000", "2008-09-30": "9.76800", "2008-06-30": "12.01000", "2008-03-31": "11.68800", "2007-12-31": "11.30100", "2007-09-30": "2.55000", "2007-06-30": "2.37600", "2007-03-31": "2.60800", "2006-12-31": "2.92600", "2006-09-30": "2.37000", "2006-06-30": "2.95500", "2006-03-31": "2.58300", "2005-12-31": "2.34500", "2005-09-30": "2.47300", "2005-06-30": "2.71900", "2005-03-31": "3.14500"}, "Total Long-Term Assets": {"2020-12-31": "2094.10000", "2020-09-30": "2081.20000", "2020-06-30": "2061.30000", "2020-03-31": "2018.30000", "2019-12-31": "1982.80000", "2019-09-30": "1994.15900", "2019-06-30": "2011.94800", "2019-03-31": "2052.38600", "2018-12-31": "1150.14200", "2018-09-30": "1152.12500", "2018-06-30": "1155.76400", "2018-03-31": "1173.43400", "2017-12-31": "1177.76500", "2017-09-30": "1175.14200", "2017-06-30": "1182.58300", "2017-03-31": "1199.02900", "2016-12-31": "1213.47300", "2016-09-30": "1239.32200", "2016-06-30": "1243.61500", "2016-03-31": "331.52700", "2015-12-31": "333.83600", "2015-09-30": "573.98300", "2015-06-30": "592.66500", "2015-03-31": "574.26900", "2014-12-31": "328.75200", "2014-09-30": "480.49300", "2014-06-30": "434.87300", "2014-03-31": "327.15100", "2013-12-31": "333.78700", "2013-09-30": "278.41700", "2013-06-30": "268.65900", "2013-03-31": "266.76300", "2012-12-31": "284.38000", "2012-09-30": "289.36500", "2012-06-30": "243.32400", "2012-03-31": "243.62400", "2011-12-31": "233.75300", "2011-09-30": "237.38400", "2011-06-30": "230.90600", "2011-03-31": "225.74500", "2010-12-31": "229.51800", "2010-09-30": "227.70700", "2010-06-30": "217.39600", "2010-03-31": "231.03900", "2009-12-31": "241.18800", "2009-09-30": "233.87200", "2009-06-30": "240.49700", "2009-03-31": "447.74100", "2008-12-31": "456.21100", "2008-09-30": "456.38200", "2008-06-30": "460.96500", "2008-03-31": "464.14600", "2007-12-31": "466.28000", "2007-09-30": "445.90800", "2007-06-30": "447.94500", "2007-03-31": "447.91200", "2006-12-31": "452.28200", "2006-09-30": "455.16400", "2006-06-30": "458.83000", "2006-03-31": "461.04600", "2005-12-31": "364.59300", "2005-09-30": "371.90600", "2005-06-30": "376.46800", "2005-03-31": "382.09600"}, "Total Assets": {"2020-12-31": "3898.50000", "2020-09-30": "3750.90000", "2020-06-30": "3631.10000", "2020-03-31": "3474.90000", "2019-12-31": "3416.30000", "2019-09-30": "3354.54400", "2019-06-30": "3381.94800", "2019-03-31": "3412.73800", "2018-12-31": "2614.24600", "2018-09-30": "2564.59600", "2018-06-30": "2573.48800", "2018-03-31": "2481.45600", "2017-12-31": "2414.01800", "2017-09-30": "2370.34500", "2017-06-30": "2384.68300", "2017-03-31": "2220.54700", "2016-12-31": "2212.24200", "2016-09-30": "2241.66500", "2016-06-30": "2245.12800", "2016-03-31": "1290.66000", "2015-12-31": "1273.34700", "2015-09-30": "1293.34500", "2015-06-30": "1280.33300", "2015-03-31": "1249.61000", "2014-12-31": "1224.04400", "2014-09-30": "1217.36800", "2014-06-30": "1197.90100", "2014-03-31": "1222.76000", "2013-12-31": "1213.01800", "2013-09-30": "1171.97400", "2013-06-30": "1130.34700", "2013-03-31": "1125.40800", "2012-12-31": "1152.56200", "2012-09-30": "1142.30200", "2012-06-30": "1134.92000", "2012-03-31": "1127.73300", "2011-12-31": "1118.65400", "2011-09-30": "1087.71200", "2011-06-30": "1080.61500", "2011-03-31": "1049.31900", "2010-12-31": "982.41300", "2010-09-30": "935.61900", "2010-06-30": "883.05900", "2010-03-31": "818.40200", "2009-12-31": "774.06900", "2009-09-30": "750.42500", "2009-06-30": "742.92100", "2009-03-31": "946.06400", "2008-12-31": "984.93900", "2008-09-30": "996.70000", "2008-06-30": "1014.18600", "2008-03-31": "1046.72200", "2007-12-31": "1076.26000", "2007-09-30": "1114.00000", "2007-06-30": "1105.67200", "2007-03-31": "1081.70400", "2006-12-31": "1043.72000", "2006-09-30": "1014.99800", "2006-06-30": "971.70500", "2006-03-31": "922.41500", "2005-12-31": "863.74000", "2005-09-30": "842.76800", "2005-06-30": "837.61000", "2005-03-31": "829.43200"}, "Total Current Liabilities": {"2020-12-31": "373.90000", "2020-09-30": "364.30000", "2020-06-30": "351.60000", "2020-03-31": "321.60000", "2019-12-31": "317.70000", "2019-09-30": "310.65700", "2019-06-30": "285.15600", "2019-03-31": "296.55900", "2018-12-31": "263.28500", "2018-09-30": "262.49300", "2018-06-30": "282.07100", "2018-03-31": "291.02500", "2017-12-31": "289.82200", "2017-09-30": "282.61200", "2017-06-30": "258.25600", "2017-03-31": "230.39600", "2016-12-31": "237.30000", "2016-09-30": "230.43500", "2016-06-30": "207.69000", "2016-03-31": "97.94100", "2015-12-31": "90.98400", "2015-09-30": "107.61200", "2015-06-30": "111.97800", "2015-03-31": "103.86600", "2014-12-31": "103.62700", "2014-09-30": "104.86800", "2014-06-30": "92.77200", "2014-03-31": "116.21000", "2013-12-31": "128.42200", "2013-09-30": "96.16100", "2013-06-30": "79.58600", "2013-03-31": "76.73200", "2012-12-31": "79.31100", "2012-09-30": "89.19000", "2012-06-30": "84.57200", "2012-03-31": "87.47900", "2011-12-31": "96.43100", "2011-09-30": "82.93100", "2011-06-30": "101.98300", "2011-03-31": "110.05200", "2010-12-31": "109.68600", "2010-09-30": "110.15700", "2010-06-30": "108.14500", "2010-03-31": "87.76000", "2009-12-31": "71.30000", "2009-09-30": "64.51600", "2009-06-30": "60.44200", "2009-03-31": "65.05200", "2008-12-31": "75.93500", "2008-09-30": "86.44800", "2008-06-30": "89.98100", "2008-03-31": "107.43800", "2007-12-31": "95.74500", "2007-09-30": "106.18600", "2007-06-30": "111.53500", "2007-03-31": "123.17700", "2006-12-31": "129.89700", "2006-09-30": "131.86600", "2006-06-30": "120.52200", "2006-03-31": "109.78900", "2005-12-31": "89.08700", "2005-09-30": "83.29700", "2005-06-30": "86.12100", "2005-03-31": "87.26500"}, "Long Term Debt": {"2020-12-31": "815.00000", "2020-09-30": "816.80000", "2020-06-30": "818.60000", "2020-03-31": "820.40000", "2019-12-31": "871.70000", "2019-09-30": "873.45000", "2019-06-30": "926.87900", "2019-03-31": "976.82300", "2018-12-31": "343.84200", "2018-09-30": "342.97000", "2018-06-30": "342.09600", "2018-03-31": "341.29000", "2017-12-31": "389.99300", "2017-09-30": "435.73100", "2017-06-30": "551.84600", "2017-03-31": "552.23200", "2016-12-31": "601.22900", "2016-09-30": "639.06800", "2016-06-30": "696.90600", "2016-03-31": "", "2015-12-31": "", "2015-09-30": "", "2015-06-30": "", "2015-03-31": "", "2014-12-31": "", "2014-09-30": "", "2014-06-30": "", "2014-03-31": "", "2013-12-31": "", "2013-09-30": "", "2013-06-30": "", "2013-03-31": "", "2012-12-31": "", "2012-09-30": "", "2012-06-30": "", "2012-03-31": "", "2011-12-31": "", "2011-09-30": "", "2011-06-30": "", "2011-03-31": "", "2010-12-31": "", "2010-09-30": "", "2010-06-30": "", "2010-03-31": "", "2009-12-31": "", "2009-09-30": "0.11800", "2009-06-30": "0.17700", "2009-03-31": "0.26200", "2008-12-31": "0.39600", "2008-09-30": "0.54000", "2008-06-30": "5.56300", "2008-03-31": "5.69400", "2007-12-31": "5.87100", "2007-09-30": "6.05500", "2007-06-30": "6.13500", "2007-03-31": "6.03700", "2006-12-31": "6.11300", "2006-09-30": "6.12300", "2006-06-30": "6.14400", "2006-03-31": "5.93500", "2005-12-31": "6.15200", "2005-09-30": "6.43800", "2005-06-30": "6.83000", "2005-03-31": "6.69000"}, "Other Non-Current Liabilities": {"2020-12-31": "107.40000", "2020-09-30": "103.60000", "2020-06-30": "101.00000", "2020-03-31": "97.20000", "2019-12-31": "86.40000", "2019-09-30": "80.42200", "2019-06-30": "97.24300", "2019-03-31": "90.19900", "2018-12-31": "85.70900", "2018-09-30": "87.30000", "2018-06-30": "83.13100", "2018-03-31": "89.03200", "2017-12-31": "83.72500", "2017-09-30": "73.18700", "2017-06-30": "72.93000", "2017-03-31": "68.29300", "2016-12-31": "65.47500", "2016-09-30": "64.69500", "2016-06-30": "56.82100", "2016-03-31": "21.65000", "2015-12-31": "18.82700", "2015-09-30": "39.06100", "2015-06-30": "38.91900", "2015-03-31": "41.05500", "2014-12-31": "38.59500", "2014-09-30": "53.94000", "2014-06-30": "61.84300", "2014-03-31": "60.78200", "2013-12-31": "63.07300", "2013-09-30": "70.39100", "2013-06-30": "46.69300", "2013-03-31": "45.61300", "2012-12-31": "61.09500", "2012-09-30": "37.92500", "2012-06-30": "35.93900", "2012-03-31": "34.21200", "2011-12-31": "32.21100", "2011-09-30": "32.16900", "2011-06-30": "29.66600", "2011-03-31": "27.82300", "2010-12-31": "25.68800", "2010-09-30": "23.80900", "2010-06-30": "21.07100", "2010-03-31": "19.11800", "2009-12-31": "17.83600", "2009-09-30": "18.70400", "2009-06-30": "18.02000", "2009-03-31": "16.60000", "2008-12-31": "21.91000", "2008-09-30": "21.45900", "2008-06-30": "22.62400", "2008-03-31": "21.66200", "2007-12-31": "20.63500", "2007-09-30": "19.34800", "2007-06-30": "17.41200", "2007-03-31": "17.02900", "2006-12-31": "4.95600", "2006-09-30": "4.82600", "2006-06-30": "4.38800", "2006-03-31": "3.93100", "2005-12-31": "3.50500", "2005-09-30": "3.56900", "2005-06-30": "3.73500", "2005-03-31": "3.62100"}, "Total Long Term Liabilities": {"2020-12-31": "1163.70000", "2020-09-30": "1159.80000", "2020-06-30": "1152.90000", "2020-03-31": "1100.80000", "2019-12-31": "1075.30000", "2019-09-30": "1070.35600", "2019-06-30": "1151.30500", "2019-03-31": "1195.31800", "2018-12-31": "477.77400", "2018-09-30": "491.81000", "2018-06-30": "489.97900", "2018-03-31": "492.09100", "2017-12-31": "535.28900", "2017-09-30": "580.02800", "2017-06-30": "696.67100", "2017-03-31": "684.74600", "2016-12-31": "733.15000", "2016-09-30": "795.69100", "2016-06-30": "855.82800", "2016-03-31": "21.65000", "2015-12-31": "21.48200", "2015-09-30": "39.06100", "2015-06-30": "38.91900", "2015-03-31": "41.05500", "2014-12-31": "38.59500", "2014-09-30": "53.94000", "2014-06-30": "61.84300", "2014-03-31": "60.78200", "2013-12-31": "63.07300", "2013-09-30": "70.39100", "2013-06-30": "46.69300", "2013-03-31": "45.61300", "2012-12-31": "61.09500", "2012-09-30": "37.92500", "2012-06-30": "35.93900", "2012-03-31": "34.21200", "2011-12-31": "32.21100", "2011-09-30": "32.16900", "2011-06-30": "29.66600", "2011-03-31": "27.82300", "2010-12-31": "25.68800", "2010-09-30": "23.80900", "2010-06-30": "21.07100", "2010-03-31": "19.11800", "2009-12-31": "17.83600", "2009-09-30": "18.82200", "2009-06-30": "18.19700", "2009-03-31": "16.86200", "2008-12-31": "22.30600", "2008-09-30": "21.99900", "2008-06-30": "28.18700", "2008-03-31": "27.35600", "2007-12-31": "26.50600", "2007-09-30": "25.40300", "2007-06-30": "26.27400", "2007-03-31": "25.83100", "2006-12-31": "12.60400", "2006-09-30": "19.42500", "2006-06-30": "21.02700", "2006-03-31": "21.24900", "2005-12-31": "11.81000", "2005-09-30": "10.00700", "2005-06-30": "10.56500", "2005-03-31": "10.31100"}, "Total Liabilities": {"2020-12-31": "1537.60000", "2020-09-30": "1524.10000", "2020-06-30": "1504.50000", "2020-03-31": "1422.40000", "2019-12-31": "1393.00000", "2019-09-30": "1381.01300", "2019-06-30": "1436.46100", "2019-03-31": "1491.87700", "2018-12-31": "741.05900", "2018-09-30": "754.30300", "2018-06-30": "772.05000", "2018-03-31": "783.11600", "2017-12-31": "825.11100", "2017-09-30": "862.64000", "2017-06-30": "954.92700", "2017-03-31": "915.14200", "2016-12-31": "970.45000", "2016-09-30": "1026.12600", "2016-06-30": "1063.51800", "2016-03-31": "119.59100", "2015-12-31": "112.46600", "2015-09-30": "146.67300", "2015-06-30": "150.89700", "2015-03-31": "144.92100", "2014-12-31": "142.22200", "2014-09-30": "158.80800", "2014-06-30": "154.61500", "2014-03-31": "176.99200", "2013-12-31": "191.49500", "2013-09-30": "166.55200", "2013-06-30": "126.27900", "2013-03-31": "122.34500", "2012-12-31": "140.40600", "2012-09-30": "127.11500", "2012-06-30": "120.51100", "2012-03-31": "121.69100", "2011-12-31": "128.64200", "2011-09-30": "115.10000", "2011-06-30": "131.64900", "2011-03-31": "137.87500", "2010-12-31": "135.37400", "2010-09-30": "133.96600", "2010-06-30": "129.21600", "2010-03-31": "106.87800", "2009-12-31": "89.13600", "2009-09-30": "83.33800", "2009-06-30": "78.63900", "2009-03-31": "81.91400", "2008-12-31": "98.24100", "2008-09-30": "108.44700", "2008-06-30": "118.16800", "2008-03-31": "134.79400", "2007-12-31": "122.25100", "2007-09-30": "131.58900", "2007-06-30": "137.80900", "2007-03-31": "149.00800", "2006-12-31": "142.50100", "2006-09-30": "151.29100", "2006-06-30": "141.54900", "2006-03-31": "131.03800", "2005-12-31": "100.89700", "2005-09-30": "93.30400", "2005-06-30": "96.68600", "2005-03-31": "97.57600"}, "Common Stock Net": {"2020-12-31": "0.10000", "2020-09-30": "0.10000", "2020-06-30": "0.10000", "2020-03-31": "0.10000", "2019-12-31": "0.10000", "2019-09-30": "0.11300", "2019-06-30": "0.11300", "2019-03-31": "0.11300", "2018-12-31": "0.11300", "2018-09-30": "0.11300", "2018-06-30": "0.11300", "2018-03-31": "0.11300", "2017-12-31": "0.11300", "2017-09-30": "0.11300", "2017-06-30": "0.11300", "2017-03-31": "0.11300", "2016-12-31": "0.11300", "2016-09-30": "0.11300", "2016-06-30": "0.11300", "2016-03-31": "0.11300", "2015-12-31": "0.11300", "2015-09-30": "0.11300", "2015-06-30": "0.11300", "2015-03-31": "0.11300", "2014-12-31": "0.11300", "2014-09-30": "0.11300", "2014-06-30": "0.11300", "2014-03-31": "0.11300", "2013-12-31": "0.11300", "2013-09-30": "0.11300", "2013-06-30": "0.11300", "2013-03-31": "0.11300", "2012-12-31": "0.11300", "2012-09-30": "0.11300", "2012-06-30": "0.11300", "2012-03-31": "0.11300", "2011-12-31": "0.11300", "2011-09-30": "0.11300", "2011-06-30": "0.11300", "2011-03-31": "0.11300", "2010-12-31": "0.11300", "2010-09-30": "0.11300", "2010-06-30": "0.11300", "2010-03-31": "0.11300", "2009-12-31": "0.11300", "2009-09-30": "0.11300", "2009-06-30": "0.11300", "2009-03-31": "0.11300", "2008-12-31": "0.11300", "2008-09-30": "0.11300", "2008-06-30": "0.11300", "2008-03-31": "0.11300", "2007-12-31": "0.11300", "2007-09-30": "0.11300", "2007-06-30": "0.11300", "2007-03-31": "0.11300", "2006-12-31": "0.11300", "2006-09-30": "0.11300", "2006-06-30": "0.11300", "2006-03-31": "0.11300", "2005-12-31": "0.11300", "2005-09-30": "0.11300", "2005-06-30": "0.11300", "2005-03-31": "0.11300"}, "Retained Earnings (Accumulated Deficit)": {"2020-12-31": "1487.30000", "2020-09-30": "1382.70000", "2020-06-30": "1302.00000", "2020-03-31": "1239.30000", "2019-12-31": "1181.20000", "2019-09-30": "1149.45700", "2019-06-30": "1113.03600", "2019-03-31": "1086.40900", "2018-12-31": "1084.79700", "2018-09-30": "1023.95900", "2018-06-30": "1004.69800", "2018-03-31": "892.82000", "2017-12-31": "795.69800", "2017-09-30": "727.83500", "2017-06-30": "661.34100", "2017-03-31": "550.38500", "2016-12-31": "494.74400", "2016-09-30": "458.36900", "2016-06-30": "434.92800", "2016-03-31": "434.80300", "2015-12-31": "427.21400", "2015-09-30": "413.41900", "2015-06-30": "395.45500", "2015-03-31": "374.06300", "2014-12-31": "349.06100", "2014-09-30": "323.63900", "2014-06-30": "303.27700", "2014-03-31": "301.14700", "2013-12-31": "278.96600", "2013-09-30": "267.24600", "2013-06-30": "273.29600", "2013-03-31": "275.05800", "2012-12-31": "278.58300", "2012-09-30": "284.80200", "2012-06-30": "291.76500", "2012-03-31": "281.71100", "2011-12-31": "268.87000", "2011-09-30": "254.70100", "2011-06-30": "232.37200", "2011-03-31": "201.63600", "2010-12-31": "171.35600", "2010-09-30": "135.40700", "2010-06-30": "96.77100", "2010-03-31": "57.99400", "2009-12-31": "28.76900", "2009-09-30": "13.82200", "2009-06-30": "17.79500", "2009-03-31": "224.92900", "2008-12-31": "241.42800", "2008-09-30": "247.71800", "2008-06-30": "245.55900", "2008-03-31": "254.17800", "2007-12-31": "255.24400", "2007-09-30": "256.86800", "2007-06-30": "243.47900", "2007-03-31": "231.41300", "2006-12-31": "210.87700", "2006-09-30": "184.38400", "2006-06-30": "156.45100", "2006-03-31": "132.07700", "2005-12-31": "116.64200", "2005-09-30": "104.53700", "2005-06-30": "97.31300", "2005-03-31": "87.53500"}, "Comprehensive Income": {"2020-12-31": "0.30000", "2020-09-30": "-17.60000", "2020-06-30": "-34.20000", "2020-03-31": "-39.30000", "2019-12-31": "-22.30000", "2019-09-30": "-32.47600", "2019-06-30": "-17.24700", "2019-03-31": "-9.92200", "2018-12-31": "-5.65500", "2018-09-30": "0.08300", "2018-06-30": "3.24300", "2018-03-31": "14.25700", "2017-12-31": "3.45200", "2017-09-30": "-2.84000", "2017-06-30": "-10.75600", "2017-03-31": "-28.46400", "2016-12-31": "-30.54700", "2016-09-30": "-13.38700", "2016-06-30": "-18.82400", "2016-03-31": "-9.68700", "2015-12-31": "-11.17100", "2015-09-30": "-8.28300", "2015-06-30": "-5.69900", "2015-03-31": "-5.77700", "2014-12-31": "-2.08400", "2014-09-30": "4.69800", "2014-06-30": "13.06500", "2014-03-31": "11.76700", "2013-12-31": "11.87300", "2013-09-30": "12.04500", "2013-06-30": "7.29900", "2013-03-31": "8.11000", "2012-12-31": "15.45500", "2012-09-30": "15.27100", "2012-06-30": "9.61000", "2012-03-31": "14.51100", "2011-12-31": "13.61000", "2011-09-30": "14.39300", "2011-06-30": "17.02300", "2011-03-31": "15.34000", "2010-12-31": "11.77800", "2010-09-30": "11.52300", "2010-06-30": "4.95500", "2010-03-31": "8.85300", "2009-12-31": "10.64000", "2009-09-30": "10.16500", "2009-06-30": "6.12800", "2009-03-31": "2.48100", "2008-12-31": "7.21900", "2008-09-30": "7.99400", "2008-06-30": "13.24200", "2008-03-31": "12.30500", "2007-12-31": "13.18700", "2007-09-30": "12.49400", "2007-06-30": "10.23700", "2007-03-31": "10.14000", "2006-12-31": "10.06500", "2006-09-30": "7.65000", "2006-06-30": "8.37100", "2006-03-31": "7.40800", "2005-12-31": "6.93600", "2005-09-30": "8.16600", "2005-06-30": "8.92900", "2005-03-31": "11.40000"}, "Other Share Holders Equity": {"2020-12-31": "", "2020-09-30": "", "2020-06-30": "", "2020-03-31": "", "2019-12-31": "", "2019-09-30": "", "2019-06-30": "", "2019-03-31": "", "2018-12-31": "", "2018-09-30": "", "2018-06-30": "", "2018-03-31": "", "2017-12-31": "", "2017-09-30": "", "2017-06-30": "", "2017-03-31": "", "2016-12-31": "", "2016-09-30": "", "2016-06-30": "", "2016-03-31": "", "2015-12-31": "", "2015-09-30": "", "2015-06-30": "", "2015-03-31": "", "2014-12-31": "", "2014-09-30": "", "2014-06-30": "", "2014-03-31": "", "2013-12-31": "", "2013-09-30": "", "2013-06-30": "", "2013-03-31": "", "2012-12-31": "", "2012-09-30": "", "2012-06-30": "", "2012-03-31": "", "2011-12-31": "", "2011-09-30": "", "2011-06-30": "", "2011-03-31": "", "2010-12-31": "", "2010-09-30": "", "2010-06-30": "", "2010-03-31": "", "2009-12-31": "", "2009-09-30": "", "2009-06-30": "", "2009-03-31": "", "2008-12-31": "", "2008-09-30": "", "2008-06-30": "", "2008-03-31": "", "2007-12-31": "", "2007-09-30": "", "2007-06-30": "", "2007-03-31": "", "2006-12-31": "", "2006-09-30": "", "2006-06-30": "", "2006-03-31": "", "2005-12-31": "", "2005-09-30": "", "2005-06-30": "", "2005-03-31": ""}, "Share Holder Equity": {"2020-12-31": "2360.90000", "2020-09-30": "2226.80000", "2020-06-30": "2126.60000", "2020-03-31": "2052.50000", "2019-12-31": "2023.30000", "2019-09-30": "1973.53100", "2019-06-30": "1945.48700", "2019-03-31": "1920.86100", "2018-12-31": "1873.18700", "2018-09-30": "1810.29300", "2018-06-30": "1801.43800", "2018-03-31": "1698.34000", "2017-12-31": "1588.90700", "2017-09-30": "1507.70500", "2017-06-30": "1429.75600", "2017-03-31": "1305.40500", "2016-12-31": "1241.79200", "2016-09-30": "1215.53900", "2016-06-30": "1181.61000", "2016-03-31": "1171.06900", "2015-12-31": "1160.88100", "2015-09-30": "1146.67200", "2015-06-30": "1129.43600", "2015-03-31": "1104.68900", "2014-12-31": "1081.82200", "2014-09-30": "1058.56000", "2014-06-30": "1043.28600", "2014-03-31": "1045.76800", "2013-12-31": "1021.52300", "2013-09-30": "1005.42200", "2013-06-30": "1004.06800", "2013-03-31": "1003.06300", "2012-12-31": "1012.15600", "2012-09-30": "1015.18700", "2012-06-30": "1014.40900", "2012-03-31": "1006.04200", "2011-12-31": "990.01200", "2011-09-30": "972.61200", "2011-06-30": "948.96600", "2011-03-31": "911.44400", "2010-12-31": "847.03900", "2010-09-30": "801.65300", "2010-06-30": "753.84300", "2010-03-31": "711.52400", "2009-12-31": "684.93300", "2009-09-30": "667.08700", "2009-06-30": "664.28200", "2009-03-31": "864.15000", "2008-12-31": "886.69800", "2008-09-30": "888.25300", "2008-06-30": "896.01800", "2008-03-31": "911.92800", "2007-12-31": "954.00900", "2007-09-30": "982.41100", "2007-06-30": "967.86300", "2007-03-31": "932.69600", "2006-12-31": "901.21900", "2006-09-30": "863.70700", "2006-06-30": "830.15600", "2006-03-31": "791.37700", "2005-12-31": "762.84300", "2005-09-30": "749.46400", "2005-06-30": "740.92400", "2005-03-31": "731.85600"}, "Total Liabilities And Share Holders Equity": {"2020-12-31": "3898.50000", "2020-09-30": "3750.90000", "2020-06-30": "3631.10000", "2020-03-31": "3474.90000", "2019-12-31": "3416.30000", "2019-09-30": "3354.54400", "2019-06-30": "3381.94800", "2019-03-31": "3412.73800", "2018-12-31": "2614.24600", "2018-09-30": "2564.59600", "2018-06-30": "2573.48800", "2018-03-31": "2481.45600", "2017-12-31": "2414.01800", "2017-09-30": "2370.34500", "2017-06-30": "2384.68300", "2017-03-31": "2220.54700", "2016-12-31": "2212.24200", "2016-09-30": "2241.66500", "2016-06-30": "2245.12800", "2016-03-31": "1290.66000", "2015-12-31": "1273.34700", "2015-09-30": "1293.34500", "2015-06-30": "1280.33300", "2015-03-31": "1249.61000", "2014-12-31": "1224.04400", "2014-09-30": "1217.36800", "2014-06-30": "1197.90100", "2014-03-31": "1222.76000", "2013-12-31": "1213.01800", "2013-09-30": "1171.97400", "2013-06-30": "1130.34700", "2013-03-31": "1125.40800", "2012-12-31": "1152.56200", "2012-09-30": "1142.30200", "2012-06-30": "1134.92000", "2012-03-31": "1127.73300", "2011-12-31": "1118.65400", "2011-09-30": "1087.71200", "2011-06-30": "1080.61500", "2011-03-31": "1049.31900", "2010-12-31": "982.41300", "2010-09-30": "935.61900", "2010-06-30": "883.05900", "2010-03-31": "818.40200", "2009-12-31": "774.06900", "2009-09-30": "750.42500", "2009-06-30": "742.92100", "2009-03-31": "946.06400", "2008-12-31": "984.93900", "2008-09-30": "996.70000", "2008-06-30": "1014.18600", "2008-03-31": "1046.72200", "2007-12-31": "1076.26000", "2007-09-30": "1114.00000", "2007-06-30": "1105.67200", "2007-03-31": "1081.70400", "2006-12-31": "1043.72000", "2006-09-30": "1014.99800", "2006-06-30": "971.70500", "2006-03-31": "922.41500", "2005-12-31": "863.74000", "2005-09-30": "842.76800", "2005-06-30": "837.61000", "2005-03-31": "829.43200"}}, "cash flow statement": {"Net Income/Loss": {"2020-12-31": "350.10000", "2019-12-31": "140.38600", "2018-12-31": "392.89600", "2017-12-31": "339.13200", "2016-12-31": "104.80900", "2015-12-31": "122.29700", "2014-12-31": "115.77800", "2013-12-31": "35.77600", "2012-12-31": "48.02900", "2011-12-31": "129.73100", "2010-12-31": "142.58700", "2009-12-31": "-212.65900", "2008-12-31": "30.11700", "2007-12-31": "86.36000", "2006-12-31": "94.23500", "2005-12-31": "34.56500"}, "Total Depreciation And Amortization - Cash Flow": {"2020-12-31": "101.90000", "2019-12-31": "124.73200", "2018-12-31": "84.57100", "2017-12-31": "93.25500", "2016-12-31": "90.28100", "2015-12-31": "22.10300", "2014-12-31": "22.69300", "2013-12-31": "17.10200", "2012-12-31": "14.44200", "2011-12-31": "12.98000", "2010-12-31": "13.82300", "2009-12-31": "212.01400", "2008-12-31": "23.52400", "2007-12-31": "30.64400", "2006-12-31": "31.34800", "2005-12-31": "26.21500"}, "Other Non-Cash Items": {"2020-12-31": "50.20000", "2019-12-31": "67.74400", "2018-12-31": "34.28200", "2017-12-31": "-26.72800", "2016-12-31": "7.34200", "2015-12-31": "26.14100", "2014-12-31": "29.07000", "2013-12-31": "32.47000", "2012-12-31": "30.70200", "2011-12-31": "28.86000", "2010-12-31": "26.82700", "2009-12-31": "42.24200", "2008-12-31": "27.94100", "2007-12-31": "8.69300", "2006-12-31": "2.33200", "2005-12-31": "1.87200"}, "Total Non-Cash Items": {"2020-12-31": "152.10000", "2019-12-31": "192.47600", "2018-12-31": "118.85300", "2017-12-31": "66.52700", "2016-12-31": "97.62300", "2015-12-31": "48.24400", "2014-12-31": "51.76300", "2013-12-31": "49.57200", "2012-12-31": "45.14400", "2011-12-31": "41.84000", "2010-12-31": "40.65000", "2009-12-31": "254.25600", "2008-12-31": "51.46500", "2007-12-31": "39.33700", "2006-12-31": "33.68000", "2005-12-31": "28.08700"}, "Change In Accounts Receivable": {"2020-12-31": "", "2019-12-31": "-0.09300", "2018-12-31": "-0.54600", "2017-12-31": "-44.07700", "2016-12-31": "-58.11100", "2015-12-31": "2.33400", "2014-12-31": "6.10300", "2013-12-31": "-36.15300", "2012-12-31": "38.28800", "2011-12-31": "17.92300", "2010-12-31": "-42.54000", "2009-12-31": "-9.93500", "2008-12-31": "23.56500", "2007-12-31": "18.26300", "2006-12-31": "-33.55500", "2005-12-31": "-4.70200"}, "Change In Inventories": {"2020-12-31": "", "2019-12-31": "-29.28900", "2018-12-31": "-73.77900", "2017-12-31": "-72.47100", "2016-12-31": "-13.79800", "2015-12-31": "-14.50100", "2014-12-31": "-23.08900", "2013-12-31": "-29.79700", "2012-12-31": "5.34100", "2011-12-31": "-11.69700", "2010-12-31": "-52.46700", "2009-12-31": "-4.67700", "2008-12-31": "7.08800", "2007-12-31": "-5.19500", "2006-12-31": "-46.01300", "2005-12-31": "-1.82900"}, "Change In Accounts Payable": {"2020-12-31": "", "2019-12-31": "-24.15200", "2018-12-31": "2.02300", "2017-12-31": "11.40500", "2016-12-31": "16.18000", "2015-12-31": "-10.62900", "2014-12-31": "-5.47800", "2013-12-31": "23.17200", "2012-12-31": "-8.28100", "2011-12-31": "-11.64600", "2010-12-31": "11.22000", "2009-12-31": "6.10300", "2008-12-31": "-9.17500", "2007-12-31": "-18.85500", "2006-12-31": "5.73100", "2005-12-31": "6.36200"}, "Change In Assets/Liabilities": {"2020-12-31": "11.00000", "2019-12-31": "-18.25400", "2018-12-31": "-5.58700", "2017-12-31": "9.39900", "2016-12-31": "-8.48400", "2015-12-31": "-4.32300", "2014-12-31": "3.14400", "2013-12-31": "-4.60100", "2012-12-31": "9.01300", "2011-12-31": "-7.67400", "2010-12-31": "0.29600", "2009-12-31": "2.51100", "2008-12-31": "-3.73000", "2007-12-31": "0.70800", "2006-12-31": "2.21300", "2005-12-31": "0.30700"}, "Total Change In Assets/Liabilities": {"2020-12-31": "11.00000", "2019-12-31": "-88.35300", "2018-12-31": "-97.96800", "2017-12-31": "-50.43700", "2016-12-31": "-22.33400", "2015-12-31": "-32.24600", "2014-12-31": "-65.62700", "2013-12-31": "-9.26100", "2012-12-31": "43.99400", "2011-12-31": "-15.53500", "2010-12-31": "-19.76700", "2009-12-31": "-36.69400", "2008-12-31": "11.16500", "2007-12-31": "-6.57800", "2006-12-31": "-49.70400", "2005-12-31": "1.50800"}, "Cash Flow From Operating Activities": {"2020-12-31": "513.20000", "2019-12-31": "244.50900", "2018-12-31": "413.78100", "2017-12-31": "355.22200", "2016-12-31": "180.09800", "2015-12-31": "138.29500", "2014-12-31": "101.91400", "2013-12-31": "76.08700", "2012-12-31": "137.16700", "2011-12-31": "156.03600", "2010-12-31": "163.47000", "2009-12-31": "4.90300", "2008-12-31": "92.74700", "2007-12-31": "119.11900", "2006-12-31": "78.21100", "2005-12-31": "64.16000"}, "Net Change In Property, Plant, And Equipment": {"2020-12-31": "-84.90000", "2019-12-31": "-21.82500", "2018-12-31": "-62.94100", "2017-12-31": "-31.28700", "2016-12-31": "-19.12300", "2015-12-31": "-12.41400", "2014-12-31": "-13.18300", "2013-12-31": "-12.41000", "2012-12-31": "-17.70500", "2011-12-31": "-15.56700", "2010-12-31": "-15.81900", "2009-12-31": "-4.17900", "2008-12-31": "-13.45700", "2007-12-31": "-15.09000", "2006-12-31": "-10.69000", "2005-12-31": "-10.28100"}, "Net Change In Intangible Assets": {"2020-12-31": "", "2019-12-31": "", "2018-12-31": "", "2017-12-31": "", "2016-12-31": "", "2015-12-31": "", "2014-12-31": "", "2013-12-31": "", "2012-12-31": "", "2011-12-31": "", "2010-12-31": "", "2009-12-31": "", "2008-12-31": "", "2007-12-31": "", "2006-12-31": "", "2005-12-31": ""}, "Net Acquisitions/Divestitures": {"2020-12-31": "", "2019-12-31": "-988.59900", "2018-12-31": "", "2017-12-31": "72.50900", "2016-12-31": "-939.59100", "2015-12-31": "-9.91000", "2014-12-31": "-86.95000", "2013-12-31": "-2.32600", "2012-12-31": "-22.60700", "2011-12-31": "", "2010-12-31": "15.58200", "2009-12-31": "", "2008-12-31": "", "2007-12-31": "-24.02100", "2006-12-31": "-98.67100", "2005-12-31": ""}, "Net Change In Short-term Investments": {"2020-12-31": "", "2019-12-31": "", "2018-12-31": "", "2017-12-31": "", "2016-12-31": "", "2015-12-31": "", "2014-12-31": "", "2013-12-31": "", "2012-12-31": "", "2011-12-31": "", "2010-12-31": "", "2009-12-31": "", "2008-12-31": "", "2007-12-31": "", "2006-12-31": "", "2005-12-31": ""}, "Net Change In Long-Term Investments": {"2020-12-31": "-117.50000", "2019-12-31": "63.17100", "2018-12-31": "135.69300", "2017-12-31": "-18.65100", "2016-12-31": "231.45500", "2015-12-31": "-145.05500", "2014-12-31": "73.73200", "2013-12-31": "-21.58200", "2012-12-31": "-76.10400", "2011-12-31": "9.93000", "2010-12-31": "-104.05300", "2009-12-31": "-5.91000", "2008-12-31": "-60.66000", "2007-12-31": "-23.65800", "2006-12-31": "-4.64200", "2005-12-31": "29.18500"}, "Net Change In Investments - Total": {"2020-12-31": "-117.50000", "2019-12-31": "63.17100", "2018-12-31": "135.69300", "2017-12-31": "-18.65100", "2016-12-31": "231.45500", "2015-12-31": "-145.05500", "2014-12-31": "73.73200", "2013-12-31": "-21.58200", "2012-12-31": "-76.10400", "2011-12-31": "9.93000", "2010-12-31": "-104.05300", "2009-12-31": "-5.91000", "2008-12-31": "-60.66000", "2007-12-31": "-23.65800", "2006-12-31": "-4.64200", "2005-12-31": "29.18500"}, "Investing Activities - Other": {"2020-12-31": "", "2019-12-31": "", "2018-12-31": "", "2017-12-31": "0.06600", "2016-12-31": "0.27300", "2015-12-31": "0.00800", "2014-12-31": "1.59300", "2013-12-31": "-0.21600", "2012-12-31": "-1.45100", "2011-12-31": "-0.44100", "2010-12-31": "-1.33300", "2009-12-31": "0.46100", "2008-12-31": "0.06300", "2007-12-31": "1.82100", "2006-12-31": "-0.24900", "2005-12-31": "1.14200"}, "Cash Flow From Investing Activities": {"2020-12-31": "-202.40000", "2019-12-31": "-947.25300", "2018-12-31": "72.75200", "2017-12-31": "22.63700", "2016-12-31": "-726.98600", "2015-12-31": "-167.37100", "2014-12-31": "-24.80800", "2013-12-31": "-36.53400", "2012-12-31": "-117.86700", "2011-12-31": "-6.07800", "2010-12-31": "-105.62300", "2009-12-31": "-9.62800", "2008-12-31": "-74.05400", "2007-12-31": "-60.94800", "2006-12-31": "-114.25200", "2005-12-31": "20.04600"}, "Net Long-Term Debt": {"2020-12-31": "-32.20000", "2019-12-31": "536.09090", "2018-12-31": "17.66600", "2017-12-31": "-199.59000", "2016-12-31": "591.25800", "2015-12-31": "", "2014-12-31": "", "2013-12-31": "", "2012-12-31": "", "2011-12-31": "", "2010-12-31": "", "2009-12-31": "", "2008-12-31": "-5.00000", "2007-12-31": "-1.42600", "2006-12-31": "-2.42100", "2005-12-31": "-2.41300"}, "Net Current Debt": {"2020-12-31": "-24.70000", "2019-12-31": "-5.37500", "2018-12-31": "-67.16300", "2017-12-31": "-29.71100", "2016-12-31": "7.22200", "2015-12-31": "", "2014-12-31": "", "2013-12-31": "-0.77000", "2012-12-31": "-6.45200", "2011-12-31": "1.88700", "2010-12-31": "-13.66300", "2009-12-31": "-4.48600", "2008-12-31": "-4.84900", "2007-12-31": "-4.09300", "2006-12-31": "5.16600", "2005-12-31": "-2.72400"}, "Debt Issuance/Retirement Net - Total": {"2020-12-31": "-56.90000", "2019-12-31": "530.71590", "2018-12-31": "-49.49700", "2017-12-31": "-229.30100", "2016-12-31": "598.48000", "2015-12-31": "", "2014-12-31": "", "2013-12-31": "-0.77000", "2012-12-31": "-6.45200", "2011-12-31": "1.88700", "2010-12-31": "-13.66300", "2009-12-31": "-4.48600", "2008-12-31": "-9.84900", "2007-12-31": "-5.51900", "2006-12-31": "2.74500", "2005-12-31": "-5.13700"}, "Net Common Equity Issued/Repurchased": {"2020-12-31": "", "2019-12-31": "-11.01000", "2018-12-31": "-86.10400", "2017-12-31": "-12.21600", "2016-12-31": "-3.46700", "2015-12-31": "-12.03200", "2014-12-31": "-18.31700", "2013-12-31": "-3.33900", "2012-12-31": "-9.93700", "2011-12-31": "26.53900", "2010-12-31": "6.52400", "2009-12-31": "-0.11400", "2008-12-31": "-106.86200", "2007-12-31": "-55.89200", "2006-12-31": "23.25500", "2005-12-31": "6.05800"}, "Net Total Equity Issued/Repurchased": {"2020-12-31": "", "2019-12-31": "-11.01000", "2018-12-31": "-86.10400", "2017-12-31": "-12.21600", "2016-12-31": "-3.46700", "2015-12-31": "-12.03200", "2014-12-31": "-18.31700", "2013-12-31": "-3.33900", "2012-12-31": "-9.93700", "2011-12-31": "26.53900", "2010-12-31": "6.52400", "2009-12-31": "-0.11400", "2008-12-31": "-106.86200", "2007-12-31": "-55.89200", "2006-12-31": "23.25500", "2005-12-31": "6.05800"}, "Total Common And Preferred Stock Dividends Paid": {"2020-12-31": "-44.00000", "2019-12-31": "-43.52800", "2018-12-31": "-42.40500", "2017-12-31": "-38.17800", "2016-12-31": "-36.36100", "2015-12-31": "-35.96900", "2014-12-31": "-34.85100", "2013-12-31": "-33.97500", "2012-12-31": "-32.68600", "2011-12-31": "-31.37300", "2010-12-31": "", "2009-12-31": "", "2008-12-31": "", "2007-12-31": "", "2006-12-31": "", "2005-12-31": ""}, "Financial Activities - Other": {"2020-12-31": "-20.60000", "2019-12-31": "", "2018-12-31": "", "2017-12-31": "", "2016-12-31": "1.46800", "2015-12-31": "0.90400", "2014-12-31": "0.44700", "2013-12-31": "0.93500", "2012-12-31": "2.10500", "2011-12-31": "5.33800", "2010-12-31": "2.11200", "2009-12-31": "-0.95600", "2008-12-31": "-1.05000", "2007-12-31": "2.68800", "2006-12-31": "4.46900", "2005-12-31": ""}, "Cash Flow From Financial Activities": {"2020-12-31": "-121.50000", "2019-12-31": "476.17800", "2018-12-31": "-178.00600", "2017-12-31": "-279.69500", "2016-12-31": "560.12000", "2015-12-31": "-47.09700", "2014-12-31": "-52.72100", "2013-12-31": "-37.14900", "2012-12-31": "-46.97000", "2011-12-31": "2.39100", "2010-12-31": "-5.02700", "2009-12-31": "-5.55600", "2008-12-31": "-117.76100", "2007-12-31": "-58.72300", "2006-12-31": "30.46900", "2005-12-31": "0.92100"}, "Net Cash Flow": {"2020-12-31": "193.70000", "2019-12-31": "-229.77300", "2018-12-31": "310.45800", "2017-12-31": "99.97700", "2016-12-31": "6.33600", "2015-12-31": "-77.86300", "2014-12-31": "16.53500", "2013-12-31": "1.31400", "2012-12-31": "-25.32800", "2011-12-31": "150.44000", "2010-12-31": "51.46700", "2009-12-31": "-8.25200", "2008-12-31": "-104.70700", "2007-12-31": "8.76000", "2006-12-31": "-5.36500", "2005-12-31": "82.18400"}, "Stock-Based Compensation": {"2020-12-31": "29.50000", "2019-12-31": "49.19400", "2018-12-31": "27.26200", "2017-12-31": "24.37800", "2016-12-31": "25.22800", "2015-12-31": "13.01300", "2014-12-31": "11.31500", "2013-12-31": "13.99200", "2012-12-31": "13.03100", "2011-12-31": "11.22500", "2010-12-31": "10.60400", "2009-12-31": "8.84500", "2008-12-31": "15.27400", "2007-12-31": "12.91800", "2006-12-31": "13.14300", "2005-12-31": ""}, "Common Stock Dividends Paid": {"2020-12-31": "-44.00000", "2019-12-31": "-43.52800", "2018-12-31": "-42.40500", "2017-12-31": "-38.17800", "2016-12-31": "-36.36100", "2015-12-31": "-35.96900", "2014-12-31": "-34.85100", "2013-12-31": "-33.97500", "2012-12-31": "-32.68600", "2011-12-31": "-31.37300", "2010-12-31": "0.00000", "2009-12-31": "", "2008-12-31": "", "2007-12-31": "", "2006-12-31": "", "2005-12-31": ""}}, "cash flow statement, quarterly": {"Net Income/Loss": {"2020-12-31": 115.6, "2020-09-30": 91.7, "2020-06-30": 73.7, "2020-03-31": "69.10000", "2019-12-31": 42.786, "2019-09-30": 47.4, "2019-06-30": 37.7, "2019-03-31": "12.50000", "2018-12-31": 71.636, "2018-09-30": 93.277, "2018-06-30": 122.862, "2018-03-31": "105.12100", "2017-12-31": 77.638, "2017-09-30": 75.994, "2017-06-30": 120.44, "2017-03-31": "65.06000", "2016-12-31": 45.487, "2016-09-30": 32.549, "2016-06-30": 9.21, "2016-03-31": "17.56300", "2015-12-31": 25.522, "2015-09-30": 29.769, "2015-06-30": 33.22, "2015-03-31": "33.78600", "2014-12-31": 34.192, "2014-09-30": 29.117, "2014-06-30": 21.224, "2014-03-31": "31.24500", "2013-12-31": 20.237, "2013-09-30": 2.458, "2013-06-30": 7.32, "2013-03-31": "5.76100", "2012-12-31": 4.109, "2012-09-30": 2.58, "2012-06-30": 18.572, "2012-03-31": "22.76800", "2011-12-31": 22.714, "2011-09-30": 30.373, "2011-06-30": 38.601, "2011-03-31": "38.04300", "2010-12-31": 35.949, "2010-09-30": 38.636, "2010-06-30": 38.777, "2010-03-31": "29.22500", "2009-12-31": 14.947, "2009-09-30": -3.973, "2009-06-30": -207.134, "2009-03-31": "-16.49900", "2008-12-31": -6.29, "2008-09-30": 6.791, "2008-06-30": 9.234, "2008-03-31": "20.38200", "2007-12-31": 15.161, "2007-09-30": 21.382, "2007-06-30": 22.527, "2007-03-31": "27.29000", "2006-12-31": 26.493, "2006-09-30": 27.933, "2006-06-30": 24.374, "2006-03-31": "15.43500", "2005-12-31": 12.105, "2005-09-30": 7.224, "2005-06-30": 9.778, "2005-03-31": "5.45800"}, "Total Depreciation And Amortization - Cash Flow": {"2020-12-31": 24, "2020-09-30": 23.8, "2020-06-30": 24.6, "2020-03-31": "29.50000", "2019-12-31": 30.732, "2019-09-30": 30.8, "2019-06-30": 31.7, "2019-03-31": "31.50000", "2018-12-31": 20.881, "2018-09-30": 20.426, "2018-06-30": 20.753, "2018-03-31": "22.51100", "2017-12-31": 24.32, "2017-09-30": 22.772, "2017-06-30": 21.615, "2017-03-31": "24.54800", "2016-12-31": 24.981, "2016-09-30": 31.065, "2016-06-30": 28.957, "2016-03-31": "5.27800", "2015-12-31": 5.497, "2015-09-30": 5.524, "2015-06-30": 5.55, "2015-03-31": "5.53200", "2014-12-31": 7.936, "2014-09-30": 5.792, "2014-06-30": 4.815, "2014-03-31": "4.15000", "2013-12-31": 4.387, "2013-09-30": 4.245, "2013-06-30": 4.378, "2013-03-31": "4.09200", "2012-12-31": 4.245, "2012-09-30": 3.64, "2012-06-30": 3.414, "2012-03-31": "3.14300", "2011-12-31": 3.339, "2011-09-30": 3.267, "2011-06-30": 3.197, "2011-03-31": "3.17700", "2010-12-31": 3.204, "2010-09-30": 3.582, "2010-06-30": 3.207, "2010-03-31": "3.83000", "2009-12-31": 4.308, "2009-09-30": 4.448, "2009-06-30": 197.908, "2009-03-31": "5.35000", "2008-12-31": 5.721, "2008-09-30": 5.587, "2008-06-30": 5.535, "2008-03-31": "6.68100", "2007-12-31": 7.846, "2007-09-30": 7.363, "2007-06-30": 7.785, "2007-03-31": "7.65000", "2006-12-31": 7.66, "2006-09-30": 7.806, "2006-06-30": 7.36, "2006-03-31": "8.52200", "2005-12-31": 6.423, "2005-09-30": 6.366, "2005-06-30": 6.713, "2005-03-31": "6.71300"}, "Other Non-Cash Items": {"2020-12-31": 5.4, "2020-09-30": 11.5, "2020-06-30": 16.7, "2020-03-31": "16.60000", "2019-12-31": 22.344, "2019-09-30": 0.9, "2019-06-30": 14.4, "2019-03-31": "30.10000", "2018-12-31": -1.163, "2018-09-30": 6.135, "2018-06-30": 13.887, "2018-03-31": "15.42300", "2017-12-31": -1.897, "2017-09-30": 8.21, "2017-06-30": -45.446, "2017-03-31": "12.40500", "2016-12-31": -13.576, "2016-09-30": -1.573, "2016-06-30": 15.192, "2016-03-31": "7.29900", "2015-12-31": 10.028, "2015-09-30": 3.429, "2015-06-30": 6.748, "2015-03-31": "5.93600", "2014-12-31": 11.08, "2014-09-30": 5.059, "2014-06-30": 11.33, "2014-03-31": "1.60100", "2013-12-31": 0.375, "2013-09-30": 12.882, "2013-06-30": 10.289, "2013-03-31": "8.92400", "2012-12-31": 6.535, "2012-09-30": 8.041, "2012-06-30": 7.656, "2012-03-31": "8.47000", "2011-12-31": 11.034, "2011-09-30": 7.754, "2011-06-30": 6.242, "2011-03-31": "3.83000", "2010-12-31": 6.475, "2010-09-30": 14.426, "2010-06-30": 2.235, "2010-03-31": "3.69100", "2009-12-31": 2.81, "2009-09-30": 5.44, "2009-06-30": 16.93, "2009-03-31": "17.06200", "2008-12-31": 10.651, "2008-09-30": 6.522, "2008-06-30": 5.408, "2008-03-31": "5.36000", "2007-12-31": 2.614, "2007-09-30": -3.806, "2007-06-30": 4.577, "2007-03-31": "5.30800", "2006-12-31": -7.616, "2006-09-30": 1.103, "2006-06-30": 4.385, "2006-03-31": "4.46000", "2005-12-31": 2.041, "2005-09-30": -0.201, "2005-06-30": -0.075, "2005-03-31": "0.10700"}, "Total Non-Cash Items": {"2020-12-31": 29.4, "2020-09-30": 35.3, "2020-06-30": 41.3, "2020-03-31": "46.10000", "2019-12-31": 53.076, "2019-09-30": 31.7, "2019-06-30": 46.1, "2019-03-31": "61.60000", "2018-12-31": 19.718, "2018-09-30": 26.561, "2018-06-30": 34.64, "2018-03-31": "37.93400", "2017-12-31": 22.423, "2017-09-30": 30.982, "2017-06-30": -23.831, "2017-03-31": "36.95300", "2016-12-31": 11.405, "2016-09-30": 29.492, "2016-06-30": 44.149, "2016-03-31": "12.57700", "2015-12-31": 15.525, "2015-09-30": 8.953, "2015-06-30": 12.298, "2015-03-31": "11.46800", "2014-12-31": 19.016, "2014-09-30": 10.851, "2014-06-30": 16.145, "2014-03-31": "5.75100", "2013-12-31": 4.762, "2013-09-30": 17.127, "2013-06-30": 14.667, "2013-03-31": "13.01600", "2012-12-31": 10.78, "2012-09-30": 11.681, "2012-06-30": 11.07, "2012-03-31": "11.61300", "2011-12-31": 14.373, "2011-09-30": 11.021, "2011-06-30": 9.439, "2011-03-31": "7.00700", "2010-12-31": 9.679, "2010-09-30": 18.008, "2010-06-30": 5.442, "2010-03-31": "7.52100", "2009-12-31": 7.118, "2009-09-30": 9.888, "2009-06-30": 214.838, "2009-03-31": "22.41200", "2008-12-31": 16.372, "2008-09-30": 12.109, "2008-06-30": 10.943, "2008-03-31": "12.04100", "2007-12-31": 10.46, "2007-09-30": 3.557, "2007-06-30": 12.362, "2007-03-31": "12.95800", "2006-12-31": 0.044, "2006-09-30": 8.909, "2006-06-30": 11.745, "2006-03-31": "12.98200", "2005-12-31": 8.464, "2005-09-30": 6.165, "2005-06-30": 6.638, "2005-03-31": "6.82000"}, "Change In Accounts Receivable": {"2020-12-31": 20.9, "2020-09-30": 20.4, "2020-06-30": 1.2, "2020-03-31": "-42.50000", "2019-12-31": -9.393, "2019-09-30": -17.9, "2019-06-30": 23.2, "2019-03-31": "4.00000", "2018-12-31": 22.579, "2018-09-30": 19.386, "2018-06-30": -5.175, "2018-03-31": "-37.33600", "2017-12-31": -17.588, "2017-09-30": -10.588, "2017-06-30": -0.686, "2017-03-31": "-15.21500", "2016-12-31": -13.603, "2016-09-30": -8.634, "2016-06-30": -25.79, "2016-03-31": "-10.08400", "2015-12-31": 13.758, "2015-09-30": 7.363, "2015-06-30": 0.243, "2015-03-31": "-19.03000", "2014-12-31": -3.149, "2014-09-30": -6.59, "2014-06-30": 18.626, "2014-03-31": "-2.78400", "2013-12-31": -18.451, "2013-09-30": -1.357, "2013-06-30": -5.997, "2013-03-31": "-10.34800", "2012-12-31": 4.296, "2012-09-30": 19.408, "2012-06-30": 26.801, "2012-03-31": "-12.21700", "2011-12-31": 4.412, "2011-09-30": 24.464, "2011-06-30": 5.885, "2011-03-31": "-16.83800", "2010-12-31": 17.834, "2010-09-30": -2.38, "2010-06-30": -17.144, "2010-03-31": "-40.85000", "2009-12-31": -22.072, "2009-09-30": -14.399, "2009-06-30": 1.833, "2009-03-31": "24.70300", "2008-12-31": 22.543, "2008-09-30": 1.975, "2008-06-30": 9.933, "2008-03-31": "-10.88600", "2007-12-31": 8.293, "2007-09-30": 12.709, "2007-06-30": 5.044, "2007-03-31": "-7.78300", "2006-12-31": 3.563, "2006-09-30": -8.767, "2006-06-30": -10.313, "2006-03-31": "-18.03800", "2005-12-31": -7.559, "2005-09-30": -0.262, "2005-06-30": 4.904, "2005-03-31": "-1.78500"}, "Change In Inventories": {"2020-12-31": 47.1, "2020-09-30": -5.6, "2020-06-30": -21.2, "2020-03-31": "-20.30000", "2019-12-31": -3.489, "2019-09-30": 5, "2019-06-30": -20.5, "2019-03-31": "-10.30000", "2018-12-31": 6.662, "2018-09-30": -20.912, "2018-06-30": -31.352, "2018-03-31": "-28.17700", "2017-12-31": -21.22, "2017-09-30": -17.195, "2017-06-30": -22.342, "2017-03-31": "-11.71400", "2016-12-31": -8.721, "2016-09-30": -8.945, "2016-06-30": 4.712, "2016-03-31": "-0.84400", "2015-12-31": 10.718, "2015-09-30": -6.748, "2015-06-30": -5.654, "2015-03-31": "-12.81700", "2014-12-31": -8.613, "2014-09-30": -2.672, "2014-06-30": -4.402, "2014-03-31": "-7.40200", "2013-12-31": -11.848, "2013-09-30": -7.015, "2013-06-30": -10.587, "2013-03-31": "-0.34700", "2012-12-31": 6.234, "2012-09-30": 0.151, "2012-06-30": -1.622, "2012-03-31": "0.57800", "2011-12-31": 3.159, "2011-09-30": -1.976, "2011-06-30": -6.896, "2011-03-31": "-5.98400", "2010-12-31": -8.053, "2010-09-30": -16.134, "2010-06-30": -17.373, "2010-03-31": "-10.90700", "2009-12-31": -6.333, "2009-09-30": 2.917, "2009-06-30": 5.414, "2009-03-31": "-6.67500", "2008-12-31": 5.91, "2008-09-30": 5.783, "2008-06-30": -0.773, "2008-03-31": "-3.83200", "2007-12-31": 2.473, "2007-09-30": 6.486, "2007-06-30": -6.843, "2007-03-31": "-7.31100", "2006-12-31": -15.877, "2006-09-30": -6.137, "2006-06-30": -14.276, "2006-03-31": "-9.72300", "2005-12-31": -0.933, "2005-09-30": -2.795, "2005-06-30": 1.2, "2005-03-31": "0.69900"}, "Change In Accounts Payable": {"2020-12-31": -24.5, "2020-09-30": 7.8, "2020-06-30": -6, "2020-03-31": "22.70000", "2019-12-31": -0.252, "2019-09-30": 0.8, "2019-06-30": -7.4, "2019-03-31": "-17.30000", "2018-12-31": 2.408, "2018-09-30": -5.989, "2018-06-30": -3.717, "2018-03-31": "9.32100", "2017-12-31": 4.334, "2017-09-30": 4.211, "2017-06-30": 2.051, "2017-03-31": "0.80900", "2016-12-31": 2.07, "2016-09-30": 6.653, "2016-06-30": 2.685, "2016-03-31": "4.77200", "2015-12-31": -3.087, "2015-09-30": -7.516, "2015-06-30": -3.613, "2015-03-31": "3.58700", "2014-12-31": 3.69, "2014-09-30": 4.37, "2014-06-30": -8.882, "2014-03-31": "-4.65600", "2013-12-31": 12.704, "2013-09-30": 2.787, "2013-06-30": 3.169, "2013-03-31": "4.51200", "2012-12-31": 0.469, "2012-09-30": -7.385, "2012-06-30": 0.924, "2012-03-31": "-2.28900", "2011-12-31": 2.316, "2011-09-30": -11.065, "2011-06-30": -1.171, "2011-03-31": "-1.72600", "2010-12-31": -1.012, "2010-09-30": -1.727, "2010-06-30": 3.237, "2010-03-31": "10.72200", "2009-12-31": 5.089, "2009-09-30": 1.982, "2009-06-30": -0.035, "2009-03-31": "-0.93300", "2008-12-31": -6.19, "2008-09-30": 1.412, "2008-06-30": -5.113, "2008-03-31": "0.71600", "2007-12-31": -9.369, "2007-09-30": -8.926, "2007-06-30": -5.488, "2007-03-31": "4.92800", "2006-12-31": -0.086, "2006-09-30": 1.39, "2006-06-30": -1.964, "2006-03-31": "6.39100", "2005-12-31": 8.028, "2005-09-30": -2.563, "2005-06-30": -0.905, "2005-03-31": "1.80200"}, "Change In Assets/Liabilities": {"2020-12-31": -25.7, "2020-09-30": -1.3, "2020-06-30": 19.9, "2020-03-31": "18.10000", "2019-12-31": -3.054, "2019-09-30": -13.9, "2019-06-30": -6.5, "2019-03-31": "5.20000", "2018-12-31": 3.131, "2018-09-30": -14.313, "2018-06-30": -4.007, "2018-03-31": "9.60200", "2017-12-31": -3.404, "2017-09-30": 10.612, "2017-06-30": 3.308, "2017-03-31": "-1.11700", "2016-12-31": -0.918, "2016-09-30": 6.425, "2016-06-30": -17.958, "2016-03-31": "3.96700", "2015-12-31": -0.504, "2015-09-30": -4.562, "2015-06-30": -4.764, "2015-03-31": "5.50700", "2014-12-31": -3.559, "2014-09-30": 5.857, "2014-06-30": 0.763, "2014-03-31": "0.08300", "2013-12-31": -0.681, "2013-09-30": 7.911, "2013-06-30": -7.224, "2013-03-31": "-4.60700", "2012-12-31": 6.029, "2012-09-30": -1.038, "2012-06-30": 0.503, "2012-03-31": "3.51900", "2011-12-31": 2.142, "2011-09-30": 0.069, "2011-06-30": -8.837, "2011-03-31": "-1.04800", "2010-12-31": 2.049, "2010-09-30": -1.057, "2010-06-30": -0.551, "2010-03-31": "-0.14500", "2009-12-31": 4.508, "2009-09-30": -1.085, "2009-06-30": -0.294, "2009-03-31": "-0.61800", "2008-12-31": 2.678, "2008-09-30": -4.031, "2008-06-30": 1.861, "2008-03-31": "-4.23800", "2007-12-31": 5.928, "2007-09-30": -0.395, "2007-06-30": -1.17, "2007-03-31": "-3.65500", "2006-12-31": 6.777, "2006-09-30": -4.047, "2006-06-30": -0.196, "2006-03-31": "-0.32100", "2005-12-31": 3.321, "2005-09-30": -2.022, "2005-06-30": -0.445, "2005-03-31": "-0.54700"}, "Total Change In Assets/Liabilities": {"2020-12-31": 2.2, "2020-09-30": 25.1, "2020-06-30": 24, "2020-03-31": "-40.30000", "2019-12-31": -18.653, "2019-09-30": -18.4, "2019-06-30": -6.3, "2019-03-31": "-45.00000", "2018-12-31": 44.104, "2018-09-30": -23.882, "2018-06-30": -47.891, "2018-03-31": "-70.29900", "2017-12-31": -19.275, "2017-09-30": -8.013, "2017-06-30": 12.807, "2017-03-31": "-35.95600", "2016-12-31": -4.171, "2016-09-30": 13.566, "2016-06-30": -24.77, "2016-03-31": "-6.95900", "2015-12-31": 1.678, "2015-09-30": -1.348, "2015-06-30": -6.927, "2015-03-31": "-25.64900", "2014-12-31": -18.994, "2014-09-30": -0.082, "2014-06-30": -19.458, "2014-03-31": "-27.09300", "2013-12-31": 9.306, "2013-09-30": 16.551, "2013-06-30": -18.804, "2013-03-31": "-16.31400", "2012-12-31": 8.43, "2012-09-30": 17.592, "2012-06-30": 24.92, "2012-03-31": "-6.94800", "2011-12-31": 14.305, "2011-09-30": 4.526, "2011-06-30": -16.084, "2011-03-31": "-18.28200", "2010-12-31": 41.59, "2010-09-30": -19.565, "2010-06-30": -21.763, "2010-03-31": "-20.02900", "2009-12-31": -12.826, "2009-09-30": -4.352, "2009-06-30": -3.824, "2009-03-31": "-15.69200", "2008-12-31": 21.326, "2008-09-30": 0.279, "2008-06-30": -0.876, "2008-03-31": "-9.56400", "2007-12-31": 8.436, "2007-09-30": 14.952, "2007-06-30": -17.363, "2007-03-31": "-12.60300", "2006-12-31": -4.196, "2006-09-30": -5.74, "2006-06-30": -22.014, "2006-03-31": "-17.75400", "2005-12-31": 3.283, "2005-09-30": -4.869, "2005-06-30": 5.487, "2005-03-31": "-2.39300"}, "Cash Flow From Operating Activities": {"2020-12-31": 147.2, "2020-09-30": 152.1, "2020-06-30": 139, "2020-03-31": "74.90000", "2019-12-31": 77.209, "2019-09-30": 60.7, "2019-06-30": 77.5, "2019-03-31": "29.10000", "2018-12-31": 135.458, "2018-09-30": 95.956, "2018-06-30": 109.611, "2018-03-31": "72.75600", "2017-12-31": 80.786, "2017-09-30": 98.963, "2017-06-30": 109.416, "2017-03-31": "66.05700", "2016-12-31": 52.721, "2016-09-30": 75.607, "2016-06-30": 28.589, "2016-03-31": "23.18100", "2015-12-31": 42.725, "2015-09-30": 37.374, "2015-06-30": 38.591, "2015-03-31": "19.60500", "2014-12-31": 34.214, "2014-09-30": 39.886, "2014-06-30": 17.911, "2014-03-31": "9.90300", "2013-12-31": 34.305, "2013-09-30": 36.136, "2013-06-30": 3.183, "2013-03-31": "2.46300", "2012-12-31": 23.319, "2012-09-30": 31.853, "2012-06-30": 54.562, "2012-03-31": "27.43300", "2011-12-31": 51.392, "2011-09-30": 45.92, "2011-06-30": 31.956, "2011-03-31": "26.76800", "2010-12-31": 87.218, "2010-09-30": 37.079, "2010-06-30": 22.456, "2010-03-31": "16.71700", "2009-12-31": 9.239, "2009-09-30": 1.563, "2009-06-30": 3.88, "2009-03-31": "-9.77900", "2008-12-31": 31.408, "2008-09-30": 19.179, "2008-06-30": 19.301, "2008-03-31": "22.85900", "2007-12-31": 34.057, "2007-09-30": 39.891, "2007-06-30": 17.526, "2007-03-31": "27.64500", "2006-12-31": 22.341, "2006-09-30": 31.102, "2006-06-30": 14.105, "2006-03-31": "10.66300", "2005-12-31": 23.852, "2005-09-30": 8.52, "2005-06-30": 21.903, "2005-03-31": "9.88500"}, "Net Change In Property, Plant, And Equipment": {"2020-12-31": -25, "2020-09-30": -29, "2020-06-30": -20.9, "2020-03-31": "-10.00000", "2019-12-31": 22.875, "2019-09-30": -16.5, "2019-06-30": -13.8, "2019-03-31": "-14.40000", "2018-12-31": -26.056, "2018-09-30": -15.067, "2018-06-30": -12.428, "2018-03-31": "-9.39000", "2017-12-31": -13.43, "2017-09-30": -8.118, "2017-06-30": -5.64, "2017-03-31": "-4.09900", "2016-12-31": -7.204, "2016-09-30": -4.655, "2016-06-30": -5.108, "2016-03-31": "-2.15600", "2015-12-31": -3.591, "2015-09-30": -3.489, "2015-06-30": -2.83, "2015-03-31": "-2.50400", "2014-12-31": -5.329, "2014-09-30": -0.599, "2014-06-30": -4.157, "2014-03-31": "-3.09800", "2013-12-31": -3.256, "2013-09-30": -2.794, "2013-06-30": -3.004, "2013-03-31": "-3.35600", "2012-12-31": -6.665, "2012-09-30": -3.028, "2012-06-30": -3.445, "2012-03-31": "-4.56700", "2011-12-31": -5.876, "2011-09-30": -3.426, "2011-06-30": -3.934, "2011-03-31": "-2.33100", "2010-12-31": -4.389, "2010-09-30": -4.803, "2010-06-30": -3.353, "2010-03-31": "-3.27400", "2009-12-31": -1.135, "2009-09-30": -0.678, "2009-06-30": -1.14, "2009-03-31": "-1.22600", "2008-12-31": -5.044, "2008-09-30": -2.967, "2008-06-30": -2.29, "2008-03-31": "-3.15600", "2007-12-31": -3.571, "2007-09-30": -4.621, "2007-06-30": -4.581, "2007-03-31": "-2.31700", "2006-12-31": -3.613, "2006-09-30": -2.867, "2006-06-30": -2.146, "2006-03-31": "-2.06400", "2005-12-31": -2.678, "2005-09-30": -2.699, "2005-06-30": -2.562, "2005-03-31": "-2.34200"}, "Net Change In Intangible Assets": {"2020-12-31": 0, "2020-09-30": 0, "2020-06-30": 0, "2020-03-31": "", "2019-12-31": 0, "2019-09-30": 0, "2019-06-30": 0, "2019-03-31": "", "2018-12-31": 0, "2018-09-30": 0, "2018-06-30": 0, "2018-03-31": "", "2017-12-31": 0, "2017-09-30": 0, "2017-06-30": 0, "2017-03-31": "", "2016-12-31": 0, "2016-09-30": 0, "2016-06-30": 0, "2016-03-31": "", "2015-12-31": 0, "2015-09-30": 0, "2015-06-30": 0, "2015-03-31": "", "2014-12-31": 0, "2014-09-30": 0, "2014-06-30": 0, "2014-03-31": "", "2013-12-31": 0, "2013-09-30": 0, "2013-06-30": 0, "2013-03-31": "", "2012-12-31": 0, "2012-09-30": 0, "2012-06-30": 0, "2012-03-31": "", "2011-12-31": 0, "2011-09-30": 0, "2011-06-30": 0, "2011-03-31": "", "2010-12-31": 0, "2010-09-30": 0, "2010-06-30": 0, "2010-03-31": "", "2009-12-31": 0, "2009-09-30": 0, "2009-06-30": 0, "2009-03-31": "", "2008-12-31": 0, "2008-09-30": 0, "2008-06-30": 0, "2008-03-31": "", "2007-12-31": 0, "2007-09-30": 0, "2007-06-30": 0, "2007-03-31": "", "2006-12-31": 0, "2006-09-30": 0, "2006-06-30": 0, "2006-03-31": "", "2005-12-31": 0, "2005-09-30": 0, "2005-06-30": 0, "2005-03-31": ""}, "Net Acquisitions/Divestitures": {"2020-12-31": 0, "2020-09-30": 0, "2020-06-30": 0, "2020-03-31": "", "2019-12-31": 0.001, "2019-09-30": 0, "2019-06-30": 0, "2019-03-31": "-988.60000", "2018-12-31": 0, "2018-09-30": 0, "2018-06-30": 0, "2018-03-31": "", "2017-12-31": 0, "2017-09-30": 0, "2017-06-30": 72.509, "2017-03-31": "", "2016-12-31": 0, "2016-09-30": 0, "2016-06-30": -939.591, "2016-03-31": "", "2015-12-31": 0, "2015-09-30": 0, "2015-06-30": -0.043, "2015-03-31": "-9.86700", "2014-12-31": 0, "2014-09-30": 0, "2014-06-30": -86.95, "2014-03-31": "", "2013-12-31": 0, "2013-09-30": -0.268, "2013-06-30": -0.095, "2013-03-31": "-1.96300", "2012-12-31": 1.778, "2012-09-30": -24.385, "2012-06-30": 0, "2012-03-31": "", "2011-12-31": 0, "2011-09-30": 0, "2011-06-30": 0, "2011-03-31": "", "2010-12-31": 0.001, "2010-09-30": 0.484, "2010-06-30": 15.097, "2010-03-31": "", "2009-12-31": 0, "2009-09-30": 0, "2009-06-30": 0, "2009-03-31": "", "2008-12-31": 0, "2008-09-30": 0, "2008-06-30": 0, "2008-03-31": "", "2007-12-31": -24.021, "2007-09-30": 0, "2007-06-30": 0, "2007-03-31": "", "2006-12-31": -1.999, "2006-09-30": 0, "2006-06-30": -0.057, "2006-03-31": "-96.61500", "2005-12-31": 0, "2005-09-30": 0, "2005-06-30": 0, "2005-03-31": ""}, "Net Change In Short-term Investments": {"2020-12-31": 0, "2020-09-30": 0, "2020-06-30": 0, "2020-03-31": "", "2019-12-31": 0, "2019-09-30": 0, "2019-06-30": 0, "2019-03-31": "", "2018-12-31": 0, "2018-09-30": 0, "2018-06-30": 0, "2018-03-31": "", "2017-12-31": 0, "2017-09-30": 0, "2017-06-30": 0, "2017-03-31": "", "2016-12-31": 0, "2016-09-30": 0, "2016-06-30": 0, "2016-03-31": "", "2015-12-31": 0, "2015-09-30": 0, "2015-06-30": 0, "2015-03-31": "", "2014-12-31": 0, "2014-09-30": 0, "2014-06-30": 0, "2014-03-31": "", "2013-12-31": 0, "2013-09-30": 0, "2013-06-30": 0, "2013-03-31": "", "2012-12-31": 0, "2012-09-30": 0, "2012-06-30": 0, "2012-03-31": "", "2011-12-31": 0, "2011-09-30": 0, "2011-06-30": 0, "2011-03-31": "", "2010-12-31": 0, "2010-09-30": 0, "2010-06-30": 0, "2010-03-31": "", "2009-12-31": 0, "2009-09-30": 0, "2009-06-30": 0, "2009-03-31": "", "2008-12-31": 0, "2008-09-30": 0, "2008-06-30": 0, "2008-03-31": "", "2007-12-31": 0, "2007-09-30": 0, "2007-06-30": 0, "2007-03-31": "", "2006-12-31": 0, "2006-09-30": 0, "2006-06-30": 0, "2006-03-31": "", "2005-12-31": 0, "2005-09-30": 0, "2005-06-30": 0, "2005-03-31": ""}, "Net Change In Long-Term Investments": {"2020-12-31": -5.1, "2020-09-30": -43.9, "2020-06-30": -116.5, "2020-03-31": "48.00000", "2019-12-31": -21.229, "2019-09-30": 4.2, "2019-06-30": -48.7, "2019-03-31": "128.90000", "2018-12-31": 146.26, "2018-09-30": -15.848, "2018-06-30": -3.492, "2018-03-31": "8.77300", "2017-12-31": 20.011, "2017-09-30": -79.633, "2017-06-30": 6.412, "2017-03-31": "34.55900", "2016-12-31": -138.668, "2016-09-30": 18.852, "2016-06-30": 228.184, "2016-03-31": "123.08700", "2015-12-31": 6.561, "2015-09-30": -4.121, "2015-06-30": -38.787, "2015-03-31": "-108.70800", "2014-12-31": -12.309, "2014-09-30": 7.837, "2014-06-30": 77.157, "2014-03-31": "1.04700", "2013-12-31": 9.605, "2013-09-30": -8.359, "2013-06-30": -20.819, "2013-03-31": "-2.00900", "2012-12-31": -1.094, "2012-09-30": -121.458, "2012-06-30": 26.291, "2012-03-31": "20.15700", "2011-12-31": 58.368, "2011-09-30": -43.808, "2011-06-30": -53.423, "2011-03-31": "48.79300", "2010-12-31": -43.121, "2010-09-30": -53.709, "2010-06-30": -15.561, "2010-03-31": "8.33800", "2009-12-31": -40.194, "2009-09-30": -2.028, "2009-06-30": 36.748, "2009-03-31": "-0.43600", "2008-12-31": -47.508, "2008-09-30": -22.337, "2008-06-30": 54.861, "2008-03-31": "-45.67600", "2007-12-31": 31.895, "2007-09-30": -11.465, "2007-06-30": -52.18, "2007-03-31": "8.09200", "2006-12-31": -28.626, "2006-09-30": 3.768, "2006-06-30": 4.8, "2006-03-31": "15.41600", "2005-12-31": 39.659, "2005-09-30": 3.84, "2005-06-30": -20.817, "2005-03-31": "6.50300"}, "Net Change In Investments - Total": {"2020-12-31": -5.1, "2020-09-30": -43.9, "2020-06-30": -116.5, "2020-03-31": "48.00000", "2019-12-31": -21.229, "2019-09-30": 4.2, "2019-06-30": -48.7, "2019-03-31": "128.90000", "2018-12-31": 146.26, "2018-09-30": -15.848, "2018-06-30": -3.492, "2018-03-31": "8.77300", "2017-12-31": 20.011, "2017-09-30": -79.633, "2017-06-30": 6.412, "2017-03-31": "34.55900", "2016-12-31": -138.668, "2016-09-30": 18.852, "2016-06-30": 228.184, "2016-03-31": "123.08700", "2015-12-31": 6.561, "2015-09-30": -4.121, "2015-06-30": -38.787, "2015-03-31": "-108.70800", "2014-12-31": -12.309, "2014-09-30": 7.837, "2014-06-30": 77.157, "2014-03-31": "1.04700", "2013-12-31": 9.605, "2013-09-30": -8.359, "2013-06-30": -20.819, "2013-03-31": "-2.00900", "2012-12-31": -1.094, "2012-09-30": -121.458, "2012-06-30": 26.291, "2012-03-31": "20.15700", "2011-12-31": 58.368, "2011-09-30": -43.808, "2011-06-30": -53.423, "2011-03-31": "48.79300", "2010-12-31": -43.121, "2010-09-30": -53.709, "2010-06-30": -15.561, "2010-03-31": "8.33800", "2009-12-31": -40.194, "2009-09-30": -2.028, "2009-06-30": 36.748, "2009-03-31": "-0.43600", "2008-12-31": -47.508, "2008-09-30": -22.337, "2008-06-30": 54.861, "2008-03-31": "-45.67600", "2007-12-31": 31.895, "2007-09-30": -11.465, "2007-06-30": -52.18, "2007-03-31": "8.09200", "2006-12-31": -28.626, "2006-09-30": 3.768, "2006-06-30": 4.8, "2006-03-31": "15.41600", "2005-12-31": 39.659, "2005-09-30": 3.84, "2005-06-30": -20.817, "2005-03-31": "6.50300"}, "Investing Activities - Other": {"2020-12-31": 0, "2020-09-30": 0, "2020-06-30": 0, "2020-03-31": "", "2019-12-31": -41.2, "2019-09-30": 41.2, "2019-06-30": 0, "2019-03-31": "", "2018-12-31": 0, "2018-09-30": 0, "2018-06-30": 0, "2018-03-31": "", "2017-12-31": 0.066, "2017-09-30": 0, "2017-06-30": 0, "2017-03-31": "", "2016-12-31": 0.273, "2016-09-30": 0, "2016-06-30": 0, "2016-03-31": "", "2015-12-31": 0.008, "2015-09-30": 0, "2015-06-30": -0.005, "2015-03-31": "0.00500", "2014-12-31": 1.54, "2014-09-30": -0.082, "2014-06-30": 0.056, "2014-03-31": "0.07900", "2013-12-31": -0.157, "2013-09-30": 0, "2013-06-30": -0.189, "2013-03-31": "0.13000", "2012-12-31": -1.104, "2012-09-30": -0.321, "2012-06-30": 0.12, "2012-03-31": "-0.14600", "2011-12-31": 0.025, "2011-09-30": -0.3, "2011-06-30": -0.135, "2011-03-31": "-0.03100", "2010-12-31": -2.42, "2010-09-30": 0.412, "2010-06-30": -1.628, "2010-03-31": "2.30300", "2009-12-31": -0.043, "2009-09-30": -0.187, "2009-06-30": 0.047, "2009-03-31": "0.64400", "2008-12-31": 0.122, "2008-09-30": -0.583, "2008-06-30": 0.235, "2008-03-31": "0.28900", "2007-12-31": 0.834, "2007-09-30": 0.43, "2007-06-30": 1.42, "2007-03-31": "-0.86300", "2006-12-31": 0.183, "2006-09-30": 0.324, "2006-06-30": -0.469, "2006-03-31": "-0.28700", "2005-12-31": 0.296, "2005-09-30": 0.198, "2005-06-30": 0.282, "2005-03-31": "0.36600"}, "Cash Flow From Investing Activities": {"2020-12-31": -30.1, "2020-09-30": -72.9, "2020-06-30": -137.4, "2020-03-31": "38.00000", "2019-12-31": -39.553, "2019-09-30": 28.9, "2019-06-30": -62.5, "2019-03-31": "-874.10000", "2018-12-31": 120.204, "2018-09-30": -30.915, "2018-06-30": -15.92, "2018-03-31": "-0.61700", "2017-12-31": 6.647, "2017-09-30": -87.751, "2017-06-30": 73.281, "2017-03-31": "30.46000", "2016-12-31": -145.599, "2016-09-30": 14.197, "2016-06-30": -716.515, "2016-03-31": "120.93100", "2015-12-31": 2.978, "2015-09-30": -7.61, "2015-06-30": -41.665, "2015-03-31": "-121.07400", "2014-12-31": -16.098, "2014-09-30": 7.156, "2014-06-30": -13.894, "2014-03-31": "-1.97200", "2013-12-31": 6.192, "2013-09-30": -11.421, "2013-06-30": -24.107, "2013-03-31": "-7.19800", "2012-12-31": -7.085, "2012-09-30": -149.192, "2012-06-30": 22.966, "2012-03-31": "15.44400", "2011-12-31": 52.517, "2011-09-30": -47.534, "2011-06-30": -57.492, "2011-03-31": "46.43100", "2010-12-31": -49.929, "2010-09-30": -57.616, "2010-06-30": -5.445, "2010-03-31": "7.36700", "2009-12-31": -41.372, "2009-09-30": -2.893, "2009-06-30": 35.655, "2009-03-31": "-1.01800", "2008-12-31": -52.43, "2008-09-30": -25.887, "2008-06-30": 52.806, "2008-03-31": "-48.54300", "2007-12-31": 5.137, "2007-09-30": -15.656, "2007-06-30": -55.341, "2007-03-31": "4.91200", "2006-12-31": -34.055, "2006-09-30": 1.225, "2006-06-30": 2.128, "2006-03-31": "-83.55000", "2005-12-31": 37.277, "2005-09-30": 1.339, "2005-06-30": -23.097, "2005-03-31": "4.52700"}, "Net Long-Term Debt": {"2020-12-31": 24.7, "2020-09-30": -73.6, "2020-06-30": 4.6, "2020-03-31": "12.10000", "2019-12-31": 1.6909, "2019-09-30": -106.5, "2019-06-30": 2.3, "2019-03-31": "638.60000", "2018-12-31": 7.044, "2018-09-30": 60.622, "2018-06-30": -11.907, "2018-03-31": "-38.09300", "2017-12-31": -21.449, "2017-09-30": -125, "2017-06-30": -2.307, "2017-03-31": "-50.83400", "2016-12-31": -40.663, "2016-09-30": -61.992, "2016-06-30": 693.913, "2016-03-31": "", "2015-12-31": 0, "2015-09-30": 0, "2015-06-30": 0, "2015-03-31": "", "2014-12-31": 0, "2014-09-30": 0, "2014-06-30": 0, "2014-03-31": "", "2013-12-31": 0, "2013-09-30": 0, "2013-06-30": 0, "2013-03-31": "", "2012-12-31": 0, "2012-09-30": 0, "2012-06-30": 0, "2012-03-31": "", "2011-12-31": 0, "2011-09-30": 0, "2011-06-30": 0, "2011-03-31": "", "2010-12-31": 0, "2010-09-30": 0, "2010-06-30": 0, "2010-03-31": "", "2009-12-31": 0, "2009-09-30": 0, "2009-06-30": 0, "2009-03-31": "", "2008-12-31": 1.021, "2008-09-30": -5.238, "2008-06-30": -0.352, "2008-03-31": "-0.43100", "2007-12-31": -0.4, "2007-09-30": -0.386, "2007-06-30": -0.348, "2007-03-31": "-0.29200", "2006-12-31": -0.251, "2006-09-30": -0.237, "2006-06-30": -0.145, "2006-03-31": "-1.78800", "2005-12-31": -0.444, "2005-09-30": -0.539, "2005-06-30": -1.04, "2005-03-31": "-0.39000"}, "Net Current Debt": {"2020-12-31": -24.7, "2020-09-30": 72, "2020-06-30": -9.8, "2020-03-31": "-62.20000", "2019-12-31": -5.375, "2019-09-30": 53.6, "2019-06-30": -53.4, "2019-03-31": "-0.20000", "2018-12-31": -9.298, "2018-09-30": -66.795, "2018-06-30": 19.204, "2018-03-31": "-10.27400", "2017-12-31": -29.592, "2017-09-30": 0.505, "2017-06-30": 0.774, "2017-03-31": "-1.39800", "2016-12-31": 0.077, "2016-09-30": -1.213, "2016-06-30": 8.358, "2016-03-31": "", "2015-12-31": 0, "2015-09-30": 0, "2015-06-30": 0, "2015-03-31": "", "2014-12-31": 0, "2014-09-30": 0, "2014-06-30": 0, "2014-03-31": "", "2013-12-31": 0, "2013-09-30": 0, "2013-06-30": -0.776, "2013-03-31": "0.00600", "2012-12-31": -4.392, "2012-09-30": -0.185, "2012-06-30": -0.37, "2012-03-31": "-1.50500", "2011-12-31": 0.641, "2011-09-30": 0.633, "2011-06-30": -0.913, "2011-03-31": "1.52600", "2010-12-31": -9.21, "2010-09-30": -3.929, "2010-06-30": 2.739, "2010-03-31": "-3.26300", "2009-12-31": 3.011, "2009-09-30": 0.545, "2009-06-30": -0.441, "2009-03-31": "-7.60100", "2008-12-31": -2.175, "2008-09-30": -0.04, "2008-06-30": 0.857, "2008-03-31": "-3.49100", "2007-12-31": -4.321, "2007-09-30": -2.821, "2007-06-30": 4.368, "2007-03-31": "-1.31900", "2006-12-31": -0.013, "2006-09-30": -0.881, "2006-06-30": 4.357, "2006-03-31": "1.70300", "2005-12-31": -1.796, "2005-09-30": -2.344, "2005-06-30": 3.331, "2005-03-31": "-1.91500"}, "Debt Issuance/Retirement Net - Total": {"2020-12-31": 0, "2020-09-30": -1.6, "2020-06-30": -5.2, "2020-03-31": "-50.10000", "2019-12-31": -3.6841, "2019-09-30": -52.9, "2019-06-30": -51.1, "2019-03-31": "638.40000", "2018-12-31": -2.254, "2018-09-30": -6.173, "2018-06-30": 7.297, "2018-03-31": "-48.36700", "2017-12-31": -51.041, "2017-09-30": -124.495, "2017-06-30": -1.533, "2017-03-31": "-52.23200", "2016-12-31": -40.586, "2016-09-30": -63.205, "2016-06-30": 702.271, "2016-03-31": "", "2015-12-31": 0, "2015-09-30": 0, "2015-06-30": 0, "2015-03-31": "", "2014-12-31": 0, "2014-09-30": 0, "2014-06-30": 0, "2014-03-31": "", "2013-12-31": 0, "2013-09-30": 0, "2013-06-30": -0.776, "2013-03-31": "0.00600", "2012-12-31": -4.392, "2012-09-30": -0.185, "2012-06-30": -0.37, "2012-03-31": "-1.50500", "2011-12-31": 0.641, "2011-09-30": 0.633, "2011-06-30": -0.913, "2011-03-31": "1.52600", "2010-12-31": -9.21, "2010-09-30": -3.929, "2010-06-30": 2.739, "2010-03-31": "-3.26300", "2009-12-31": 3.011, "2009-09-30": 0.545, "2009-06-30": -0.441, "2009-03-31": "-7.60100", "2008-12-31": -1.154, "2008-09-30": -5.278, "2008-06-30": 0.505, "2008-03-31": "-3.92200", "2007-12-31": -4.721, "2007-09-30": -3.207, "2007-06-30": 4.02, "2007-03-31": "-1.61100", "2006-12-31": -0.264, "2006-09-30": -1.118, "2006-06-30": 4.212, "2006-03-31": "-0.08500", "2005-12-31": -2.24, "2005-09-30": -2.883, "2005-06-30": 2.291, "2005-03-31": "-2.30500"}, "Net Common Equity Issued/Repurchased": {"2020-12-31": 25.4, "2020-09-30": -25.4, "2020-06-30": 20.4, "2020-03-31": "-20.40000", "2019-12-31": 0.79, "2019-09-30": -11.8, "2019-06-30": 9, "2019-03-31": "-9.00000", "2018-12-31": -11.104, "2018-09-30": -61.948, "2018-06-30": -4.131, "2018-03-31": "-8.92100", "2017-12-31": 2.503, "2017-09-30": -1.306, "2017-06-30": -10.519, "2017-03-31": "-2.89400", "2016-12-31": 1.186, "2016-09-30": -0.187, "2016-06-30": -0.334, "2016-03-31": "-4.13200", "2015-12-31": -2.366, "2015-09-30": -4.201, "2015-06-30": -3.36, "2015-03-31": "-2.10500", "2014-12-31": 2.035, "2014-09-30": 0.468, "2014-06-30": -19.113, "2014-03-31": "-1.70700", "2013-12-31": 2, "2013-09-30": -0.038, "2013-06-30": -2.382, "2013-03-31": "-2.91900", "2012-12-31": -2.081, "2012-09-30": -1.808, "2012-06-30": -2.346, "2012-03-31": "-3.70200", "2011-12-31": 0.687, "2011-09-30": 1.19, "2011-06-30": 1.99, "2011-03-31": "22.67200", "2010-12-31": 5.115, "2010-09-30": -0.856, "2010-06-30": 4.858, "2010-03-31": "-2.59300", "2009-12-31": 0.01, "2009-09-30": 0.548, "2009-06-30": 1.455, "2009-03-31": "-2.12700", "2008-12-31": 1.841, "2008-09-30": -13.303, "2008-06-30": -30.807, "2008-03-31": "-64.59300", "2007-12-31": -50.223, "2007-09-30": -12.918, "2007-06-30": 7.424, "2007-03-31": "-0.17500", "2006-12-31": 4.595, "2006-09-30": 2.1, "2006-06-30": 8.597, "2006-03-31": "7.96300", "2005-12-31": 2.088, "2005-09-30": 1.721, "2005-06-30": 1.503, "2005-03-31": "0.74600"}, "Net Total Equity Issued/Repurchased": {"2020-12-31": 25.4, "2020-09-30": -25.4, "2020-06-30": 20.4, "2020-03-31": "-20.40000", "2019-12-31": 0.79, "2019-09-30": -11.8, "2019-06-30": 9, "2019-03-31": "-9.00000", "2018-12-31": -11.104, "2018-09-30": -61.948, "2018-06-30": -4.131, "2018-03-31": "-8.92100", "2017-12-31": 2.503, "2017-09-30": -1.306, "2017-06-30": -10.519, "2017-03-31": "-2.89400", "2016-12-31": 1.186, "2016-09-30": -0.187, "2016-06-30": -0.334, "2016-03-31": "-4.13200", "2015-12-31": -2.366, "2015-09-30": -4.201, "2015-06-30": -3.36, "2015-03-31": "-2.10500", "2014-12-31": 2.035, "2014-09-30": 0.468, "2014-06-30": -19.113, "2014-03-31": "-1.70700", "2013-12-31": 2, "2013-09-30": -0.038, "2013-06-30": -2.382, "2013-03-31": "-2.91900", "2012-12-31": -2.081, "2012-09-30": -1.808, "2012-06-30": -2.346, "2012-03-31": "-3.70200", "2011-12-31": 0.687, "2011-09-30": 1.19, "2011-06-30": 1.99, "2011-03-31": "22.67200", "2010-12-31": 5.115, "2010-09-30": -0.856, "2010-06-30": 4.858, "2010-03-31": "-2.59300", "2009-12-31": 0.01, "2009-09-30": 0.548, "2009-06-30": 1.455, "2009-03-31": "-2.12700", "2008-12-31": 1.841, "2008-09-30": -13.303, "2008-06-30": -30.807, "2008-03-31": "-64.59300", "2007-12-31": -50.223, "2007-09-30": -12.918, "2007-06-30": 7.424, "2007-03-31": "-0.17500", "2006-12-31": 4.595, "2006-09-30": 2.1, "2006-06-30": 8.597, "2006-03-31": "7.96300", "2005-12-31": 2.088, "2005-09-30": 1.721, "2005-06-30": 1.503, "2005-03-31": "0.74600"}, "Total Common And Preferred Stock Dividends Paid": {"2020-12-31": -11, "2020-09-30": -11, "2020-06-30": -11, "2020-03-31": "-11.00000", "2019-12-31": -10.928, "2019-09-30": -10.9, "2019-06-30": -10.9, "2019-03-31": "-10.80000", "2018-12-31": -10.797, "2018-09-30": -10.858, "2018-06-30": -10.942, "2018-03-31": "-9.80800", "2017-12-31": -9.775, "2017-09-30": -9.5, "2017-06-30": -9.484, "2017-03-31": "-9.41900", "2016-12-31": -9.112, "2016-09-30": -9.108, "2016-06-30": -9.085, "2016-03-31": "-9.05600", "2015-12-31": -9.041, "2015-09-30": -9.06, "2015-06-30": -9.084, "2015-03-31": "-8.78400", "2014-12-31": -8.77, "2014-09-30": -8.755, "2014-06-30": -8.773, "2014-03-31": "-8.55300", "2013-12-31": -8.517, "2013-09-30": -8.507, "2013-06-30": -8.503, "2013-03-31": "-8.44800", "2012-12-31": -8.425, "2012-09-30": -8.455, "2012-06-30": -7.929, "2012-03-31": "-7.87700", "2011-12-31": -7.875, "2011-09-30": -7.87, "2011-06-30": -7.865, "2011-03-31": "-7.76300", "2010-12-31": 0, "2010-09-30": 0, "2010-06-30": 0, "2010-03-31": "", "2009-12-31": 0, "2009-09-30": 0, "2009-06-30": 0, "2009-03-31": "", "2008-12-31": 0, "2008-09-30": 0, "2008-06-30": 0, "2008-03-31": "", "2007-12-31": 0, "2007-09-30": 0, "2007-06-30": 0, "2007-03-31": "", "2006-12-31": 0, "2006-09-30": 0, "2006-06-30": 0, "2006-03-31": "", "2005-12-31": 0, "2005-09-30": 0, "2005-06-30": 0, "2005-03-31": ""}, "Financial Activities - Other": {"2020-12-31": -20.6, "2020-09-30": 20.9, "2020-06-30": -20.9, "2020-03-31": "", "2019-12-31": 0, "2019-09-30": 11, "2019-06-30": -11, "2019-03-31": "", "2018-12-31": 13.641, "2018-09-30": -13.641, "2018-06-30": 0, "2018-03-31": "", "2017-12-31": 0, "2017-09-30": 0, "2017-06-30": 0, "2017-03-31": "", "2016-12-31": 6.966, "2016-09-30": -0.391, "2016-06-30": -5.34, "2016-03-31": "0.23300", "2015-12-31": 0.02, "2015-09-30": 0.015, "2015-06-30": 0.345, "2015-03-31": "0.52400", "2014-12-31": 0.031, "2014-09-30": 0.068, "2014-06-30": 0.159, "2014-03-31": "0.18900", "2013-12-31": 0.11, "2013-09-30": 0.011, "2013-06-30": 0.615, "2013-03-31": "0.19900", "2012-12-31": 0.107, "2012-09-30": 0.003, "2012-06-30": 1.338, "2012-03-31": "0.65700", "2011-12-31": 0.056, "2011-09-30": 0.064, "2011-06-30": 0.186, "2011-03-31": "5.03200", "2010-12-31": 0.282, "2010-09-30": 1.19, "2010-06-30": 0.56, "2010-03-31": "0.08000", "2009-12-31": -0.076, "2009-09-30": -0.254, "2009-06-30": -0.32, "2009-03-31": "-0.30600", "2008-12-31": -3.252, "2008-09-30": 0.872, "2008-06-30": 0.733, "2008-03-31": "0.59700", "2007-12-31": 1.177, "2007-09-30": 0.486, "2007-06-30": 0.88, "2007-03-31": "0.14500", "2006-12-31": 1.394, "2006-09-30": 1.246, "2006-06-30": 1.014, "2006-03-31": "0.81500", "2005-12-31": 0, "2005-09-30": 0, "2005-06-30": 0, "2005-03-31": ""}, "Cash Flow From Financial Activities": {"2020-12-31": -6.2, "2020-09-30": -17.1, "2020-06-30": -16.7, "2020-03-31": "-81.50000", "2019-12-31": -13.822, "2019-09-30": -64.6, "2019-06-30": -64, "2019-03-31": "618.60000", "2018-12-31": -10.514, "2018-09-30": -92.62, "2018-06-30": -7.776, "2018-03-31": "-67.09600", "2017-12-31": -58.313, "2017-09-30": -135.301, "2017-06-30": -21.536, "2017-03-31": "-64.54500", "2016-12-31": -41.546, "2016-09-30": -72.891, "2016-06-30": 687.512, "2016-03-31": "-12.95500", "2015-12-31": -11.387, "2015-09-30": -13.246, "2015-06-30": -12.099, "2015-03-31": "-10.36500", "2014-12-31": -6.704, "2014-09-30": -8.219, "2014-06-30": -27.727, "2014-03-31": "-10.07100", "2013-12-31": -6.407, "2013-09-30": -8.534, "2013-06-30": -11.046, "2013-03-31": "-11.16200", "2012-12-31": -14.791, "2012-09-30": -10.445, "2012-06-30": -9.307, "2012-03-31": "-12.42700", "2011-12-31": -6.491, "2011-09-30": -5.983, "2011-06-30": -6.602, "2011-03-31": "21.46700", "2010-12-31": -3.813, "2010-09-30": -3.595, "2010-06-30": 8.157, "2010-03-31": "-5.77600", "2009-12-31": 2.945, "2009-09-30": 0.839, "2009-06-30": 0.694, "2009-03-31": "-10.03400", "2008-12-31": -2.565, "2008-09-30": -17.709, "2008-06-30": -29.569, "2008-03-31": "-67.91800", "2007-12-31": -53.767, "2007-09-30": -15.639, "2007-06-30": 12.324, "2007-03-31": "-1.64100", "2006-12-31": 5.725, "2006-09-30": 2.228, "2006-06-30": 13.823, "2006-03-31": "8.69300", "2005-12-31": -0.152, "2005-09-30": -1.162, "2005-06-30": 3.794, "2005-03-31": "-1.55900"}, "Net Cash Flow": {"2020-12-31": 115, "2020-09-30": 64.4, "2020-06-30": -13.1, "2020-03-31": "27.40000", "2019-12-31": 28.227, "2019-09-30": 19.4, "2019-06-30": -51.1, "2019-03-31": "-226.30000", "2018-12-31": 244.495, "2018-09-30": -27.581, "2018-06-30": 86.543, "2018-03-31": "7.00100", "2017-12-31": 27.793, "2017-09-30": -122.018, "2017-06-30": 166.926, "2017-03-31": "27.27600", "2016-12-31": -132.964, "2016-09-30": 12.599, "2016-06-30": -3.58, "2016-03-31": "130.28100", "2015-12-31": 32.427, "2015-09-30": 16.828, "2015-06-30": -14.394, "2015-03-31": "-112.72400", "2014-12-31": 9.981, "2014-09-30": 32.667, "2014-06-30": -24.301, "2014-03-31": "-1.81200", "2013-12-31": 34.124, "2013-09-30": 19.054, "2013-06-30": -30.984, "2013-03-31": "-20.88000", "2012-12-31": 2.62, "2012-09-30": -124.248, "2012-06-30": 63.543, "2012-03-31": "32.75700", "2011-12-31": 96.805, "2011-09-30": -10.427, "2011-06-30": -32.669, "2011-03-31": "96.73100", "2010-12-31": 32.485, "2010-09-30": -21.531, "2010-06-30": 23.217, "2010-03-31": "17.29600", "2009-12-31": -29.063, "2009-09-30": 0.369, "2009-06-30": 42.298, "2009-03-31": "-21.85600", "2008-12-31": -26.171, "2008-09-30": -25.493, "2008-06-30": 38.617, "2008-03-31": "-91.66000", "2007-12-31": -6.3, "2007-09-30": 9.115, "2007-06-30": -25.062, "2007-03-31": "31.00700", "2006-12-31": -4.781, "2006-09-30": 32.692, "2006-06-30": 30.476, "2006-03-31": "-63.75200", "2005-12-31": 60.584, "2005-09-30": 8.695, "2005-06-30": 1.061, "2005-03-31": "11.84400"}, "Stock-Based Compensation": {"2020-12-31": 6.8, "2020-09-30": 7.4, "2020-06-30": 6.8, "2020-03-31": "8.50000", "2019-12-31": 7.094, "2019-09-30": 7.3, "2019-06-30": 7, "2019-03-31": "27.80000", "2018-12-31": 5.257, "2018-09-30": 5.213, "2018-06-30": 6.366, "2018-03-31": "10.42600", "2017-12-31": 4.544, "2017-09-30": 4.845, "2017-06-30": 6.207, "2017-03-31": "8.78200", "2016-12-31": 5.402, "2016-09-30": 5.158, "2016-06-30": 10.516, "2016-03-31": "4.15200", "2015-12-31": 2.988, "2015-09-30": 3.247, "2015-06-30": 3.566, "2015-03-31": "3.21200", "2014-12-31": 2.564, "2014-09-30": 2.753, "2014-06-30": 2.8, "2014-03-31": "3.19800", "2013-12-31": 2.483, "2013-09-30": 2.7, "2013-06-30": 5.011, "2013-03-31": "3.79800", "2012-12-31": 3.131, "2012-09-30": 2.821, "2012-06-30": 3.779, "2012-03-31": "3.30000", "2011-12-31": 2.628, "2011-09-30": 2.549, "2011-06-30": 2.956, "2011-03-31": "3.09200", "2010-12-31": 3.89, "2010-09-30": 2.404, "2010-06-30": 2.173, "2010-03-31": "2.13700", "2009-12-31": 2.439, "2009-09-30": 2.233, "2009-06-30": 2.309, "2009-03-31": "1.86400", "2008-12-31": 3.516, "2008-09-30": 4.163, "2008-06-30": 4.404, "2008-03-31": "3.19100", "2007-12-31": 3.624, "2007-09-30": 2.399, "2007-06-30": 3.862, "2007-03-31": "3.03300", "2006-12-31": 3.286, "2006-09-30": 3.877, "2006-06-30": 3.314, "2006-03-31": "2.66600", "2005-12-31": 0, "2005-09-30": 0, "2005-06-30": 0, "2005-03-31": ""}, "Common Stock Dividends Paid": {"2020-12-31": -11, "2020-09-30": -11, "2020-06-30": -11, "2020-03-31": "-11.00000", "2019-12-31": -10.928, "2019-09-30": -10.9, "2019-06-30": -10.9, "2019-03-31": "-10.80000", "2018-12-31": -10.797, "2018-09-30": -10.858, "2018-06-30": -10.942, "2018-03-31": "-9.80800", "2017-12-31": -9.775, "2017-09-30": -9.5, "2017-06-30": -9.484, "2017-03-31": "-9.41900", "2016-12-31": -9.112, "2016-09-30": -9.108, "2016-06-30": -9.085, "2016-03-31": "-9.05600", "2015-12-31": -9.041, "2015-09-30": -9.06, "2015-06-30": -9.084, "2015-03-31": "-8.78400", "2014-12-31": -8.77, "2014-09-30": -8.755, "2014-06-30": -8.773, "2014-03-31": "-8.55300", "2013-12-31": -8.517, "2013-09-30": -8.507, "2013-06-30": -8.503, "2013-03-31": "-8.44800", "2012-12-31": -8.425, "2012-09-30": -8.455, "2012-06-30": -7.929, "2012-03-31": "-7.87700", "2011-12-31": -7.875, "2011-09-30": -7.87, "2011-06-30": -7.865, "2011-03-31": "-7.76300", "2010-12-31": 0, "2010-09-30": 0, "2010-06-30": 0, "2010-03-31": "", "2009-12-31": 0, "2009-09-30": 0, "2009-06-30": 0, "2009-03-31": "", "2008-12-31": 0, "2008-09-30": 0, "2008-06-30": 0, "2008-03-31": "", "2007-12-31": 0, "2007-09-30": 0, "2007-06-30": 0, "2007-03-31": "", "2006-12-31": 0, "2006-09-30": 0, "2006-06-30": 0, "2006-03-31": "", "2005-12-31": 0, "2005-09-30": 0, "2005-06-30": 0, "2005-03-31": ""}}, "financial ratios": {"Current Ratio": {"2019-12-31": "4.51250", "2018-12-31": "5.56090", "2017-12-31": "4.26560", "2016-12-31": "4.20890", "2015-12-31": "10.32610", "2014-12-31": "8.63960", "2013-12-31": "6.84640", "2012-12-31": "10.94660", "2011-12-31": "9.17650", "2010-12-31": "6.86410", "2009-12-31": "7.47380", "2008-12-31": "6.96290", "2007-12-31": "6.37090", "2006-12-31": "4.55310", "2005-12-31": "5.60290"}, "Long-term Debt / Capital": {"2019-12-31": "0.30110", "2018-12-31": "0.15510", "2017-12-31": "0.19710", "2016-12-31": "0.32620", "2015-12-31": "", "2014-12-31": "", "2013-12-31": "", "2012-12-31": "", "2011-12-31": "", "2010-12-31": "", "2009-12-31": "", "2008-12-31": "0.00040", "2007-12-31": "0.00610", "2006-12-31": "0.00670", "2005-12-31": "0.00800"}, "Debt/Equity Ratio": {"2019-12-31": "0.43680", "2018-12-31": "0.18570", "2017-12-31": "0.24730", "2016-12-31": "0.49300", "2015-12-31": "", "2014-12-31": "", "2013-12-31": "", "2012-12-31": "", "2011-12-31": "0.00200", "2010-12-31": "", "2009-12-31": "0.01880", "2008-12-31": "0.02150", "2007-12-31": "0.02730", "2006-12-31": "0.03230", "2005-12-31": "0.03280"}, "Gross Margin": {"2019-12-31": "43.71210", "2018-12-31": "47.20120", "2017-12-31": "46.52720", "2016-12-31": "43.66560", "2015-12-31": "44.60500", "2014-12-31": "43.25510", "2013-12-31": "39.82160", "2012-12-31": "41.87660", "2011-12-31": "45.59030", "2010-12-31": "44.38310", "2009-12-31": "33.15980", "2008-12-31": "39.94950", "2007-12-31": "42.47180", "2006-12-31": "43.19390", "2005-12-31": "39.35530"}, "Operating Margin": {"2019-12-31": "11.57250", "2018-12-31": "23.80880", "2017-12-31": "21.22330", "2016-12-31": "12.14100", "2015-12-31": "19.25110", "2014-12-31": "17.30660", "2013-12-31": "8.72200", "2012-12-31": "11.53410", "2011-12-31": "22.48280", "2010-12-31": "22.91690", "2009-12-31": "-43.71380", "2008-12-31": "8.18730", "2007-12-31": "13.70750", "2006-12-31": "15.65420", "2005-12-31": "7.96160"}, "EBIT Margin": {"2019-12-31": "11.57250", "2018-12-31": "23.80880", "2017-12-31": "21.22330", "2016-12-31": "12.14100", "2015-12-31": "19.25110", "2014-12-31": "17.30660", "2013-12-31": "8.72200", "2012-12-31": "11.53410", "2011-12-31": "22.48280", "2010-12-31": "22.91690", "2009-12-31": "-43.71380", "2008-12-31": "8.18730", "2007-12-31": "13.70750", "2006-12-31": "15.65420", "2005-12-31": "7.96160"}, "EBITDA Margin": {"2019-12-31": "18.13810", "2018-12-31": "27.88430", "2017-12-31": "26.09060", "2016-12-31": "19.11060", "2015-12-31": "21.96800", "2014-12-31": "20.21270", "2013-12-31": "11.27680", "2012-12-31": "13.77840", "2011-12-31": "24.06090", "2010-12-31": "24.53720", "2009-12-31": "10.27600", "2008-12-31": "11.97300", "2007-12-31": "17.63370", "2006-12-31": "19.65880", "2005-12-31": "13.10890"}, "Pre-Tax Profit Margin": {"2019-12-31": "9.36090", "2018-12-31": "23.17710", "2017-12-31": "23.36280", "2016-12-31": "9.87980", "2015-12-31": "19.60210", "2014-12-31": "17.46680", "2013-12-31": "8.85860", "2012-12-31": "11.67600", "2011-12-31": "22.61980", "2010-12-31": "23.02440", "2009-12-31": "-43.29590", "2008-12-31": "9.07530", "2007-12-31": "15.37710", "2006-12-31": "16.72720", "2005-12-31": "9.22980"}, "Net Profit Margin": {"2019-12-31": "7.38960", "2018-12-31": "18.93380", "2017-12-31": "17.70020", "2016-12-31": "8.09120", "2015-12-31": "15.03300", "2014-12-31": "14.82680", "2013-12-31": "5.34430", "2012-12-31": "7.46360", "2011-12-31": "15.77240", "2010-12-31": "16.71370", "2009-12-31": "-54.15400", "2008-12-31": "4.84680", "2007-12-31": "11.06490", "2006-12-31": "12.03820", "2005-12-31": "6.78680"}, "Asset Turnover": {"2019-12-31": "0.55610", "2018-12-31": "0.79380", "2017-12-31": "0.79370", "2016-12-31": "0.58550", "2015-12-31": "0.63890", "2014-12-31": "0.63790", "2013-12-31": "0.55190", "2012-12-31": "0.55830", "2011-12-31": "0.73530", "2010-12-31": "0.86840", "2009-12-31": "0.50730", "2008-12-31": "0.63090", "2007-12-31": "0.72520", "2006-12-31": "0.75000", "2005-12-31": "0.58960"}, "Inventory Turnover Ratio": {"2019-12-31": "2.31390", "2018-12-31": "2.84810", "2017-12-31": "3.02150", "2016-12-31": "2.64520", "2015-12-31": "2.95260", "2014-12-31": "2.85560", "2013-12-31": "2.82250", "2012-12-31": "2.77800", "2011-12-31": "2.91300", "2010-12-31": "3.03320", "2009-12-31": "2.22430", "2008-12-31": "2.83720", "2007-12-31": "2.97880", "2006-12-31": "2.96810", "2005-12-31": "3.14390"}, "Receiveable Turnover": {"2019-12-31": "5.57010", "2018-12-31": "7.02350", "2017-12-31": "6.38000", "2016-12-31": "5.20730", "2015-12-31": "7.35790", "2014-12-31": "7.34160", "2013-12-31": "5.73410", "2012-12-31": "7.84190", "2011-12-31": "6.80360", "2010-12-31": "6.17390", "2009-12-31": "3.61290", "2008-12-31": "6.95000", "2007-12-31": "7.26010", "2006-12-31": "6.33040", "2005-12-31": "6.16500"}, "Days Sales In Receivables": {"2019-12-31": "65.52800", "2018-12-31": "51.96870", "2017-12-31": "57.20970", "2016-12-31": "70.09450", "2015-12-31": "49.60670", "2014-12-31": "49.71660", "2013-12-31": "63.65450", "2012-12-31": "46.54470", "2011-12-31": "53.64790", "2010-12-31": "59.12000", "2009-12-31": "101.02600", "2008-12-31": "52.51790", "2007-12-31": "50.27500", "2006-12-31": "57.65850", "2005-12-31": "59.20480"}, "ROE - Return On Equity": {"2019-12-31": "6.93830", "2018-12-31": "20.97470", "2017-12-31": "21.34370", "2016-12-31": "8.44010", "2015-12-31": "10.53480", "2014-12-31": "10.70210", "2013-12-31": "3.50220", "2012-12-31": "4.74520", "2011-12-31": "13.10400", "2010-12-31": "15.69220", "2009-12-31": "-21.80670", "2008-12-31": "4.51220", "2007-12-31": "9.05230", "2006-12-31": "10.45640", "2005-12-31": "4.53110"}, "Return On Tangible Equity": {"2019-12-31": "35.07370", "2018-12-31": "40.65630", "2017-12-31": "53.70590", "2016-12-31": "42.74380", "2015-12-31": "13.33440", "2014-12-31": "13.73320", "2013-12-31": "4.17200", "2012-12-31": "5.65140", "2011-12-31": "15.28250", "2010-12-31": "18.84640", "2009-12-31": "-27.89400", "2008-12-31": "7.57960", "2007-12-31": "14.87950", "2006-12-31": "17.64230", "2005-12-31": "7.19840"}, "ROA - Return On Assets": {"2019-12-31": "4.10930", "2018-12-31": "15.02900", "2017-12-31": "14.04840", "2016-12-31": "4.73770", "2015-12-31": "9.60440", "2014-12-31": "9.45860", "2013-12-31": "2.94930", "2012-12-31": "4.16720", "2011-12-31": "11.59710", "2010-12-31": "13.52990", "2009-12-31": "-19.29560", "2008-12-31": "4.06220", "2007-12-31": "8.02410", "2006-12-31": "9.02880", "2005-12-31": "4.00180"}, "ROI - Return On Investment": {"2019-12-31": "4.84920", "2018-12-31": "17.72170", "2017-12-31": "17.13740", "2016-12-31": "5.68680", "2015-12-31": "10.53480", "2014-12-31": "10.70210", "2013-12-31": "3.50220", "2012-12-31": "4.74520", "2011-12-31": "13.10400", "2010-12-31": "15.69220", "2009-12-31": "-21.80670", "2008-12-31": "4.51020", "2007-12-31": "8.99700", "2006-12-31": "10.38590", "2005-12-31": "4.49480"}, "Book Value Per Share": {"2019-12-31": "37.06030", "2018-12-31": "34.66300", "2017-12-31": "29.23150", "2016-12-31": "23.13630", "2015-12-31": "21.82110", "2014-12-31": "20.35220", "2013-12-31": "19.14290", "2012-12-31": "19.18820", "2011-12-31": "18.86020", "2010-12-31": "16.72370", "2009-12-31": "13.83280", "2008-12-31": "17.99490", "2007-12-31": "17.58190", "2006-12-31": "15.87720", "2005-12-31": "14.02360"}, "Operating Cash Flow Per Share": {"2019-12-31": -3.0877, "2018-12-31": 1.0745, "2017-12-31": 3.1179, "2016-12-31": 0.7499, "2015-12-31": 0.6777, "2014-12-31": 0.4817, "2013-12-31": -1.154, "2012-12-31": -0.3759, "2011-12-31": -0.2573, "2010-12-31": 3.1105, "2009-12-31": -1.728, "2008-12-31": -0.2561, "2007-12-31": 0.6859, "2006-12-31": 0.2232, "2005-12-31": 1.1744}, "Free Cash Flow Per Share": {"2019-12-31": -2.3392, "2018-12-31": 0.498, "2017-12-31": 2.9036, "2016-12-31": 0.6279, "2015-12-31": 0.6922, "2014-12-31": 0.4675, "2013-12-31": -1.0535, "2012-12-31": -0.4139, "2011-12-31": -0.2413, "2010-12-31": 2.8846, "2009-12-31": -1.5475, "2008-12-31": -0.2573, "2007-12-31": 0.6129, "2006-12-31": 0.2204, "2005-12-31": 0.9862}}, "financial ratios, quarterly": {"Current Ratio": {"2020-09-30": "4.58330", "2020-06-30": "4.46470", "2020-03-31": "4.52920", "2019-12-31": "4.51210", "2019-09-30": "4.37910", "2019-06-30": "4.80440", "2019-03-31": "4.58710", "2018-12-31": "5.56090", "2018-09-30": "5.38100", "2018-06-30": "5.02610", "2018-03-31": "4.49450", "2017-12-31": "4.26560", "2017-09-30": "4.22910", "2017-06-30": "4.65470", "2017-03-31": "4.43370", "2016-12-31": "4.20890", "2016-09-30": "4.34980", "2016-06-30": "4.82220", "2016-03-31": "9.79300", "2015-12-31": "10.32610", "2015-09-30": "6.68480", "2015-06-30": "6.14110", "2015-03-31": "6.50200", "2014-12-31": "8.63960", "2014-09-30": "7.02670", "2014-06-30": "8.22480", "2014-03-31": "7.70680", "2013-12-31": "6.84640", "2013-09-30": "9.29230", "2013-06-30": "10.82710", "2013-03-31": "11.19020", "2012-12-31": "10.94660", "2012-09-30": "9.56310", "2012-06-30": "10.54250", "2012-03-31": "10.10650", "2011-12-31": "9.17650", "2011-09-30": "10.25340", "2011-06-30": "8.33190", "2011-03-31": "7.48350", "2010-12-31": "6.86410", "2010-09-30": "6.42640", "2010-06-30": "6.15530", "2010-03-31": "6.69280", "2009-12-31": "7.47380", "2009-09-30": "8.00660", "2009-06-30": "8.31250", "2009-03-31": "7.66040", "2008-12-31": "6.96290", "2008-09-30": "6.25020", "2008-06-30": "6.14820", "2008-03-31": "5.42240", "2007-12-31": "6.37090", "2007-09-30": "6.29170", "2007-06-30": "5.89700", "2007-03-31": "5.14540", "2006-12-31": "4.55310", "2006-09-30": "4.24550", "2006-06-30": "4.25540", "2006-03-31": "4.20230", "2005-12-31": "5.60290", "2005-09-30": "5.65280", "2005-06-30": "5.35460", "2005-03-31": "5.12620"}, "Long-term Debt / Capital": {"2020-09-30": "0.26840", "2020-06-30": "0.27790", "2020-03-31": "0.28560", "2019-12-31": "0.30110", "2019-09-30": "0.30680", "2019-06-30": "0.32270", "2019-03-31": "0.33710", "2018-12-31": "0.15510", "2018-09-30": "0.15930", "2018-06-30": "0.15960", "2018-03-31": "0.16730", "2017-12-31": "0.19710", "2017-09-30": "0.22420", "2017-06-30": "0.27850", "2017-03-31": "0.29730", "2016-12-31": "0.32620", "2016-09-30": "0.34460", "2016-06-30": "0.37100", "2016-03-31": "", "2015-12-31": "", "2015-09-30": "", "2015-06-30": "", "2015-03-31": "", "2014-12-31": "", "2014-09-30": "", "2014-06-30": "", "2014-03-31": "", "2013-12-31": "", "2013-09-30": "", "2013-06-30": "", "2013-03-31": "", "2012-12-31": "", "2012-09-30": "", "2012-06-30": "", "2012-03-31": "", "2011-12-31": "", "2011-09-30": "", "2011-06-30": "", "2011-03-31": "", "2010-12-31": "", "2010-09-30": "", "2010-06-30": "", "2010-03-31": "", "2009-12-31": "", "2009-09-30": "0.00020", "2009-06-30": "0.00030", "2009-03-31": "0.00030", "2008-12-31": "0.00040", "2008-09-30": "0.00060", "2008-06-30": "0.00620", "2008-03-31": "0.00620", "2007-12-31": "0.00610", "2007-09-30": "0.00610", "2007-06-30": "0.00630", "2007-03-31": "0.00640", "2006-12-31": "0.00670", "2006-09-30": "0.00700", "2006-06-30": "0.00730", "2006-03-31": "0.00740", "2005-12-31": "0.00800", "2005-09-30": "0.00850", "2005-06-30": "0.00910", "2005-03-31": "0.00910"}, "Debt/Equity Ratio": {"2020-09-30": "0.37220", "2020-06-30": "0.39020", "2020-03-31": "0.40670", "2019-12-31": "0.43680", "2019-09-30": "0.44900", "2019-06-30": "0.48200", "2019-03-31": "0.51390", "2018-12-31": "0.18570", "2018-09-30": "0.19280", "2018-06-30": "0.19680", "2018-03-31": "0.20420", "2017-12-31": "0.24730", "2017-09-30": "0.29170", "2017-06-30": "0.39280", "2017-03-31": "0.43120", "2016-12-31": "0.49300", "2016-09-30": "0.53520", "2016-06-30": "0.60050", "2016-03-31": "", "2015-12-31": "", "2015-09-30": "", "2015-06-30": "", "2015-03-31": "", "2014-12-31": "", "2014-09-30": "", "2014-06-30": "", "2014-03-31": "", "2013-12-31": "", "2013-09-30": "", "2013-06-30": "", "2013-03-31": "0.00080", "2012-12-31": "", "2012-09-30": "0.00410", "2012-06-30": "", "2012-03-31": "0.00040", "2011-12-31": "0.00200", "2011-09-30": "0.00130", "2011-06-30": "0.00070", "2011-03-31": "0.00170", "2010-12-31": "", "2010-09-30": "0.01190", "2010-06-30": "0.01720", "2010-03-31": "0.01360", "2009-12-31": "0.01880", "2009-09-30": "0.01600", "2009-06-30": "0.01440", "2009-03-31": "0.01170", "2008-12-31": "0.02150", "2008-09-30": "0.02120", "2008-06-30": "0.02670", "2008-03-31": "0.02670", "2007-12-31": "0.02730", "2007-09-30": "0.03080", "2007-06-30": "0.03260", "2007-03-31": "0.03010", "2006-12-31": "0.03230", "2006-09-30": "0.03380", "2006-06-30": "0.03680", "2006-03-31": "0.03190", "2005-12-31": "0.03280", "2005-09-30": "0.03690", "2005-06-30": "0.04150", "2005-03-31": "0.03890"}, "Gross Margin": {"2020-09-30": "44.42180", "2020-06-30": "45.25080", "2020-03-31": "44.72650", "2019-12-31": "43.30320", "2019-09-30": "44.32430", "2019-06-30": "44.50540", "2019-03-31": "42.73080", "2018-12-31": "45.57340", "2018-09-30": "47.59500", "2018-06-30": "47.95980", "2018-03-31": "47.42320", "2017-12-31": "46.56620", "2017-09-30": "46.88680", "2017-06-30": "45.67440", "2017-03-31": "47.01950", "2016-12-31": "45.27030", "2016-09-30": "44.23500", "2016-06-30": "41.70890", "2016-03-31": "42.41760", "2015-12-31": "42.23000", "2015-09-30": "45.01410", "2015-06-30": "45.32730", "2015-03-31": "45.38270", "2014-12-31": "44.05160", "2014-09-30": "42.46570", "2014-06-30": "43.11660", "2014-03-31": "43.31030", "2013-12-31": "42.89750", "2013-09-30": "37.38830", "2013-06-30": "39.48180", "2013-03-31": "38.61910", "2012-12-31": "39.31430", "2012-09-30": "39.99450", "2012-06-30": "43.13260", "2012-03-31": "43.90000", "2011-12-31": "44.24800", "2011-09-30": "45.07680", "2011-06-30": "46.76800", "2011-03-31": "45.87470", "2010-12-31": "44.44330", "2010-09-30": "44.50650", "2010-06-30": "44.10620", "2010-03-31": "44.49020", "2009-12-31": "41.74510", "2009-09-30": "37.12120", "2009-06-30": "32.06700", "2009-03-31": "13.48950", "2008-12-31": "33.04750", "2008-09-30": "39.99580", "2008-06-30": "41.22060", "2008-03-31": "42.34060", "2007-12-31": "41.28860", "2007-09-30": "42.31610", "2007-06-30": "42.17610", "2007-03-31": "43.92050", "2006-12-31": "43.65140", "2006-09-30": "44.09810", "2006-06-30": "43.61010", "2006-03-31": "41.18430", "2005-12-31": "39.96860", "2005-09-30": "38.89730", "2005-06-30": "39.77630", "2005-03-31": "38.74360"}, "Operating Margin": {"2020-09-30": "19.73550", "2020-06-30": "18.51920", "2020-03-31": "16.78180", "2019-12-31": "13.22140", "2019-09-30": "14.44320", "2019-06-30": "13.47820", "2019-03-31": "4.98270", "2018-12-31": "20.42900", "2018-09-30": "24.02640", "2018-06-30": "26.39690", "2018-03-31": "23.74980", "2017-12-31": "23.44980", "2017-09-30": "22.65320", "2017-06-30": "19.32020", "2017-03-31": "19.11920", "2016-12-31": "15.43020", "2016-09-30": "13.92530", "2016-06-30": "5.88780", "2016-03-31": "12.28160", "2015-12-31": "12.88090", "2015-09-30": "19.75950", "2015-06-30": "21.11980", "2015-03-31": "21.98380", "2014-12-31": "18.99010", "2014-09-30": "15.06980", "2014-06-30": "16.60020", "2014-03-31": "18.30750", "2013-12-31": "15.14330", "2013-09-30": "7.40870", "2013-06-30": "6.64450", "2013-03-31": "3.30120", "2012-12-31": "4.94400", "2012-09-30": "4.51900", "2012-06-30": "15.69760", "2012-03-31": "17.48280", "2011-12-31": "17.47530", "2011-09-30": "21.13640", "2011-06-30": "25.52710", "2011-03-31": "24.37260", "2010-12-31": "22.10310", "2010-09-30": "24.82160", "2010-06-30": "22.63750", "2010-03-31": "21.97110", "2009-12-31": "15.82240", "2009-09-30": "2.55710", "2009-06-30": "-205.68740", "2009-03-31": "-52.93210", "2008-12-31": "2.14630", "2008-09-30": "5.07610", "2008-06-30": "7.54670", "2008-03-31": "14.39350", "2007-12-31": "11.07990", "2007-09-30": "12.74380", "2007-06-30": "13.55190", "2007-03-31": "16.97000", "2006-12-31": "15.30700", "2006-09-30": "17.33480", "2006-06-30": "17.36920", "2006-03-31": "12.21320", "2005-12-31": "11.48530", "2005-09-30": "6.96050", "2005-06-30": "7.96050", "2005-03-31": "5.35290"}, "EBIT Margin": {"2020-09-30": "19.73550", "2020-06-30": "18.51920", "2020-03-31": "16.78180", "2019-12-31": "13.22150", "2019-09-30": "14.44320", "2019-06-30": "13.47820", "2019-03-31": "4.98270", "2018-12-31": "20.42900", "2018-09-30": "24.02640", "2018-06-30": "26.39690", "2018-03-31": "23.74980", "2017-12-31": "23.44980", "2017-09-30": "22.65320", "2017-06-30": "19.32020", "2017-03-31": "19.11920", "2016-12-31": "15.43020", "2016-09-30": "13.92530", "2016-06-30": "5.88780", "2016-03-31": "12.28160", "2015-12-31": "12.88090", "2015-09-30": "19.75950", "2015-06-30": "21.11980", "2015-03-31": "21.98380", "2014-12-31": "18.99010", "2014-09-30": "15.06980", "2014-06-30": "16.60020", "2014-03-31": "18.30750", "2013-12-31": "15.14330", "2013-09-30": "7.40870", "2013-06-30": "6.64450", "2013-03-31": "3.30120", "2012-12-31": "4.94410", "2012-09-30": "4.51900", "2012-06-30": "15.69760", "2012-03-31": "17.48280", "2011-12-31": "17.47530", "2011-09-30": "21.13640", "2011-06-30": "25.52710", "2011-03-31": "24.37260", "2010-12-31": "22.10310", "2010-09-30": "24.82160", "2010-06-30": "22.63750", "2010-03-31": "21.97110", "2009-12-31": "15.82240", "2009-09-30": "2.55710", "2009-06-30": "-205.68740", "2009-03-31": "-52.93210", "2008-12-31": "2.14630", "2008-09-30": "5.07610", "2008-06-30": "7.54670", "2008-03-31": "14.39350", "2007-12-31": "11.07990", "2007-09-30": "12.74380", "2007-06-30": "13.55190", "2007-03-31": "16.97000", "2006-12-31": "15.30700", "2006-09-30": "17.33480", "2006-06-30": "17.36920", "2006-03-31": "12.21320", "2005-12-31": "11.48530", "2005-09-30": "6.96050", "2005-06-30": "7.96050", "2005-03-31": "5.35290"}, "EBITDA Margin": {"2020-09-30": "", "2020-06-30": "", "2020-03-31": "", "2019-12-31": "", "2019-09-30": "", "2019-06-30": "", "2019-03-31": "", "2018-12-31": "", "2018-09-30": "", "2018-06-30": "", "2018-03-31": "", "2017-12-31": "", "2017-09-30": "", "2017-06-30": "", "2017-03-31": "", "2016-12-31": "", "2016-09-30": "", "2016-06-30": "", "2016-03-31": "", "2015-12-31": "", "2015-09-30": "", "2015-06-30": "", "2015-03-31": "", "2014-12-31": "", "2014-09-30": "", "2014-06-30": "", "2014-03-31": "", "2013-12-31": "", "2013-09-30": "", "2013-06-30": "", "2013-03-31": "", "2012-12-31": "", "2012-09-30": "", "2012-06-30": "", "2012-03-31": "", "2011-12-31": "", "2011-09-30": "", "2011-06-30": "", "2011-03-31": "", "2010-12-31": "", "2010-09-30": "", "2010-06-30": "", "2010-03-31": "", "2009-12-31": "", "2009-09-30": "", "2009-06-30": "", "2009-03-31": "", "2008-12-31": "", "2008-09-30": "", "2008-06-30": "", "2008-03-31": "", "2007-12-31": "", "2007-09-30": "", "2007-06-30": "", "2007-03-31": "", "2006-12-31": "", "2006-09-30": "", "2006-06-30": "", "2006-03-31": "", "2005-12-31": "", "2005-09-30": "", "2005-06-30": "", "2005-03-31": ""}, "Pre-Tax Profit Margin": {"2020-09-30": "18.44690", "2020-06-30": "16.97590", "2020-03-31": "15.17640", "2019-12-31": "11.05660", "2019-09-30": "11.97840", "2019-06-30": "10.92600", "2019-03-31": "3.32180", "2018-12-31": "19.79150", "2018-09-30": "23.50720", "2018-06-30": "25.91760", "2018-03-31": "22.86630", "2017-12-31": "21.68760", "2017-09-30": "20.84680", "2017-06-30": "32.85900", "2017-03-31": "17.67920", "2016-12-31": "12.23180", "2016-09-30": "11.09860", "2016-06-30": "3.79550", "2016-03-31": "12.96000", "2015-12-31": "13.36880", "2015-09-30": "20.10400", "2015-06-30": "21.48230", "2015-03-31": "22.21950", "2014-12-31": "19.18280", "2014-09-30": "15.28070", "2014-06-30": "16.72520", "2014-03-31": "18.42140", "2013-12-31": "15.24310", "2013-09-30": "7.53370", "2013-06-30": "6.77890", "2013-03-31": "3.50670", "2012-12-31": "5.12720", "2012-09-30": "4.70780", "2012-06-30": "15.78160", "2012-03-31": "17.61480", "2011-12-31": "17.63550", "2011-09-30": "21.27630", "2011-06-30": "25.66470", "2011-03-31": "24.48940", "2010-12-31": "22.24150", "2010-09-30": "24.83750", "2010-06-30": "22.75260", "2010-03-31": "22.14020", "2009-12-31": "15.93520", "2009-09-30": "2.81490", "2009-06-30": "-205.40580", "2009-03-31": "-51.61690", "2008-12-31": "3.43790", "2008-09-30": "6.24030", "2008-06-30": "8.35660", "2008-03-31": "14.91820", "2007-12-31": "12.23980", "2007-09-30": "14.95910", "2007-06-30": "15.30750", "2007-03-31": "18.53310", "2006-12-31": "16.70630", "2006-09-30": "18.42440", "2006-06-30": "18.34430", "2006-03-31": "13.01180", "2005-12-31": "13.19000", "2005-09-30": "8.43860", "2005-06-30": "8.99590", "2005-03-31": "6.21470"}, "Net Profit Margin": {"2020-09-30": "15.54760", "2020-06-30": "13.54030", "2020-03-31": "12.89900", "2019-12-31": "8.56450", "2019-09-30": "10.24870", "2019-06-30": "7.95190", "2019-03-31": "2.69630", "2018-12-31": "15.55480", "2018-09-30": "19.14740", "2018-06-30": "21.43670", "2018-03-31": "18.96550", "2017-12-31": "15.16960", "2017-09-30": "15.62800", "2017-06-30": "25.05220", "2017-03-31": "14.88270", "2016-12-31": "11.22750", "2016-09-30": "8.55070", "2016-06-30": "2.82640", "2016-03-31": "9.56170", "2015-12-31": "14.80510", "2015-09-30": "14.22100", "2015-06-30": "15.24090", "2015-03-31": "15.79970", "2014-12-31": "16.84160", "2014-09-30": "15.58740", "2014-06-30": "11.49130", "2014-03-31": "15.14150", "2013-12-31": "9.90100", "2013-09-30": "1.47670", "2013-06-30": "4.66460", "2013-03-31": "4.06720", "2012-12-31": "3.07110", "2012-09-30": "1.82400", "2012-06-30": "10.46920", "2012-03-31": "11.92870", "2011-12-31": "13.23110", "2011-09-30": "15.61530", "2011-06-30": "17.19520", "2011-03-31": "16.40840", "2010-12-31": "16.41670", "2010-09-30": "17.45680", "2010-06-30": "17.57420", "2010-03-31": "15.20820", "2009-12-31": "10.80590", "2009-09-30": "-3.89400", "2009-06-30": "-273.90340", "2009-03-31": "-21.50580", "2008-12-31": "-6.31740", "2008-09-30": "4.31550", "2008-06-30": "5.39990", "2008-03-31": "10.53620", "2007-12-31": "8.23690", "2007-09-30": "11.81240", "2007-06-30": "11.04380", "2007-03-31": "12.90720", "2006-12-31": "13.25350", "2006-09-30": "13.59310", "2006-06-30": "12.28830", "2006-03-31": "8.62000", "2005-12-31": "9.37110", "2005-09-30": "5.89620", "2005-06-30": "7.51040", "2005-03-31": "4.28390"}, "Asset Turnover": {"2020-09-30": "0.15720", "2020-06-30": "0.14990", "2020-03-31": "0.15420", "2019-12-31": "0.14620", "2019-09-30": "0.13790", "2019-06-30": "0.14020", "2019-03-31": "0.13580", "2018-12-31": "0.17620", "2018-09-30": "0.19000", "2018-06-30": "0.22270", "2018-03-31": "0.22340", "2017-12-31": "0.21200", "2017-09-30": "0.20510", "2017-06-30": "0.20160", "2017-03-31": "0.19690", "2016-12-31": "0.18310", "2016-09-30": "0.16980", "2016-06-30": "0.14510", "2016-03-31": "0.14230", "2015-12-31": "0.13540", "2015-09-30": "0.16190", "2015-06-30": "0.17020", "2015-03-31": "0.17110", "2014-12-31": "0.16590", "2014-09-30": "0.15340", "2014-06-30": "0.15420", "2014-03-31": "0.16880", "2013-12-31": "0.16850", "2013-09-30": "0.14200", "2013-06-30": "0.13880", "2013-03-31": "0.12590", "2012-12-31": "0.11610", "2012-09-30": "0.12380", "2012-06-30": "0.15630", "2012-03-31": "0.16920", "2011-12-31": "0.15350", "2011-09-30": "0.17880", "2011-06-30": "0.20770", "2011-03-31": "0.22100", "2010-12-31": "0.22290", "2010-09-30": "0.23660", "2010-06-30": "0.24990", "2010-03-31": "0.23480", "2009-12-31": "0.17870", "2009-09-30": "0.13600", "2009-06-30": "0.10180", "2009-03-31": "0.08110", "2008-12-31": "0.10110", "2008-09-30": "0.15790", "2008-06-30": "0.16860", "2008-03-31": "0.18480", "2007-12-31": "0.17100", "2007-09-30": "0.16250", "2007-06-30": "0.18450", "2007-03-31": "0.19550", "2006-12-31": "0.19150", "2006-09-30": "0.20250", "2006-06-30": "0.20410", "2006-03-31": "0.19410", "2005-12-31": "0.14960", "2005-09-30": "0.14540", "2005-06-30": "0.15540", "2005-03-31": "0.15360"}, "Inventory Turnover Ratio": {"2020-09-30": "0.66330", "2020-06-30": "0.60790", "2020-03-31": "0.62440", "2019-12-31": "0.61290", "2019-09-30": "0.55580", "2019-06-30": "0.54870", "2019-03-31": "0.55820", "2018-12-31": "0.65160", "2018-09-30": "0.63970", "2018-06-30": "0.77490", "2018-03-31": "0.79690", "2017-12-31": "0.80650", "2017-09-30": "0.80850", "2017-06-30": "0.85710", "2017-03-31": "0.81120", "2016-12-31": "0.80380", "2016-09-30": "0.76090", "2016-06-30": "0.68240", "2016-03-31": "0.69740", "2015-12-31": "0.65250", "2015-09-30": "0.68480", "2015-06-30": "0.71970", "2015-03-31": "0.71040", "2014-12-31": "0.73200", "2014-09-30": "0.69820", "2014-06-30": "0.67400", "2014-03-31": "0.79300", "2013-12-31": "0.81770", "2013-09-30": "0.76600", "2013-06-30": "0.69320", "2013-03-31": "0.66240", "2012-12-31": "0.60310", "2012-09-30": "0.58330", "2012-06-30": "0.69280", "2012-03-31": "0.72120", "2011-12-31": "0.62300", "2011-09-30": "0.66330", "2011-06-30": "0.72670", "2011-03-31": "0.78510", "2010-12-31": "0.77770", "2010-09-30": "0.80750", "2010-06-30": "0.89820", "2010-03-31": "0.84150", "2009-12-31": "0.68290", "2009-09-30": "0.55230", "2009-06-30": "0.42230", "2009-03-31": "0.52460", "2008-12-31": "0.50690", "2008-09-30": "0.66180", "2008-06-30": "0.65920", "2008-03-31": "0.71990", "2007-12-31": "0.71690", "2007-09-30": "0.65490", "2007-06-30": "0.72050", "2007-03-31": "0.75350", "2006-12-31": "0.75180", "2006-09-30": "0.86380", "2006-06-30": "0.87810", "2006-03-31": "0.94060", "2005-12-31": "0.78930", "2005-09-30": "0.76570", "2005-06-30": "0.82130", "2005-03-31": "0.79910"}, "Receiveable Turnover": {"2020-09-30": "1.62080", "2020-06-30": "1.42820", "2020-03-31": "1.40600", "2019-12-31": "1.46460", "2019-09-30": "1.41010", "2019-06-30": "1.51210", "2019-03-31": "1.37980", "2018-12-31": "1.55880", "2018-09-30": "1.52970", "2018-06-30": "1.68590", "2018-03-31": "1.62200", "2017-12-31": "1.70430", "2017-09-30": "1.73480", "2017-06-30": "1.79020", "2017-03-31": "1.63580", "2016-12-31": "1.62870", "2016-09-30": "1.56100", "2016-06-30": "1.39290", "2016-03-31": "1.61870", "2015-12-31": "1.55910", "2015-09-30": "1.80480", "2015-06-30": "1.75000", "2015-03-31": "1.71830", "2014-12-31": "1.90880", "2014-09-30": "1.75740", "2014-06-30": "1.81990", "2014-03-31": "1.72730", "2013-12-31": "1.75080", "2013-09-30": "1.69620", "2013-06-30": "1.63860", "2013-03-31": "1.56590", "2012-12-31": "1.63050", "2012-09-30": "1.61590", "2012-06-30": "1.69230", "2012-03-31": "1.45550", "2011-12-31": "1.42000", "2011-09-30": "1.54970", "2011-06-30": "1.48690", "2011-03-31": "1.48930", "2010-12-31": "1.58470", "2010-09-30": "1.27420", "2010-06-30": "1.34980", "2010-03-31": "1.36600", "2009-12-31": "1.27260", "2009-09-30": "0.98550", "2009-06-30": "0.82430", "2009-03-31": "0.89660", "2008-12-31": "1.11360", "2008-09-30": "1.50500", "2008-06-30": "1.56150", "2008-03-31": "1.59120", "2007-12-31": "1.71220", "2007-09-30": "1.56490", "2007-06-30": "1.62000", "2007-03-31": "1.60400", "2006-12-31": "1.61650", "2006-09-30": "1.62020", "2006-06-30": "1.67210", "2006-03-31": "1.67860", "2005-12-31": "1.56370", "2005-09-30": "1.61080", "2005-06-30": "1.65950", "2005-03-31": "1.53930"}, "Days Sales In Receivables": {"2020-09-30": "55.52900", "2020-06-30": "63.01490", "2020-03-31": "64.00970", "2019-12-31": "61.45050", "2019-09-30": "63.82370", "2019-06-30": "59.51850", "2019-03-31": "65.22670", "2018-12-31": "57.73830", "2018-09-30": "58.83650", "2018-06-30": "53.38350", "2018-03-31": "55.48620", "2017-12-31": "52.80910", "2017-09-30": "51.87930", "2017-06-30": "50.27270", "2017-03-31": "55.02060", "2016-12-31": "55.26020", "2016-09-30": "57.65450", "2016-06-30": "64.61530", "2016-03-31": "55.59900", "2015-12-31": "57.72390", "2015-09-30": "49.86780", "2015-06-30": "51.42900", "2015-03-31": "52.37610", "2014-12-31": "47.15070", "2014-09-30": "51.21090", "2014-06-30": "49.45310", "2014-03-31": "52.10330", "2013-12-31": "51.40540", "2013-09-30": "53.05980", "2013-06-30": "54.92580", "2013-03-31": "57.47560", "2012-12-31": "55.19900", "2012-09-30": "55.69750", "2012-06-30": "53.18260", "2012-03-31": "61.83270", "2011-12-31": "63.37970", "2011-09-30": "58.07750", "2011-06-30": "60.53000", "2011-03-31": "60.43270", "2010-12-31": "56.79240", "2010-09-30": "70.63350", "2010-06-30": "66.67470", "2010-03-31": "65.88590", "2009-12-31": "70.71990", "2009-09-30": "91.32670", "2009-06-30": "109.18700", "2009-03-31": "100.38090", "2008-12-31": "80.81710", "2008-09-30": "59.79910", "2008-06-30": "57.63720", "2008-03-31": "56.56130", "2007-12-31": "52.56550", "2007-09-30": "57.51000", "2007-06-30": "55.55450", "2007-03-31": "56.11040", "2006-12-31": "55.67530", "2006-09-30": "55.54890", "2006-06-30": "53.82410", "2006-03-31": "53.61570", "2005-12-31": "57.55720", "2005-09-30": "55.87240", "2005-06-30": "54.23240", "2005-03-31": "58.46850"}, "ROE - Return On Equity": {"2020-09-30": "4.11800", "2020-06-30": "3.46560", "2020-03-31": "3.36660", "2019-12-31": "2.11470", "2019-09-30": "2.40180", "2019-06-30": "1.93780", "2019-03-31": "0.65070", "2018-12-31": "3.82430", "2018-09-30": "5.15260", "2018-06-30": "6.82020", "2018-03-31": "6.18960", "2017-12-31": "4.88630", "2017-09-30": "5.04040", "2017-06-30": "8.42380", "2017-03-31": "4.98390", "2016-12-31": "3.66300", "2016-09-30": "2.67770", "2016-06-30": "0.77940", "2016-03-31": "1.49970", "2015-12-31": "2.19850", "2015-09-30": "2.59610", "2015-06-30": "2.94130", "2015-03-31": "3.05840", "2014-12-31": "3.16060", "2014-09-30": "2.75060", "2014-06-30": "2.03430", "2014-03-31": "2.98780", "2013-12-31": "1.98110", "2013-09-30": "0.24450", "2013-06-30": "0.72900", "2013-03-31": "0.57430", "2012-12-31": "0.40600", "2012-09-30": "0.25410", "2012-06-30": "1.83080", "2012-03-31": "2.26310", "2011-12-31": "2.29430", "2011-09-30": "3.12280", "2011-06-30": "4.06770", "2011-03-31": "4.17390", "2010-12-31": "4.03480", "2010-09-30": "4.56570", "2010-06-30": "4.39670", "2010-03-31": "4.07550", "2009-12-31": "2.32610", "2009-09-30": "-0.36670", "2009-06-30": "-22.03100", "2009-03-31": "-1.90930", "2008-12-31": "0.40630", "2008-09-30": "0.76450", "2008-06-30": "1.03060", "2008-03-31": "2.23500", "2007-12-31": "1.58920", "2007-09-30": "2.17650", "2007-06-30": "2.32750", "2007-03-31": "2.92590", "2006-12-31": "2.93970", "2006-09-30": "3.23410", "2006-06-30": "2.93610", "2006-03-31": "1.95040", "2005-12-31": "1.58680", "2005-09-30": "0.96390", "2005-06-30": "1.31970", "2005-03-31": "0.74580"}, "Return On Tangible Equity": {"2020-09-30": "14.29690", "2020-06-30": "13.79890", "2020-03-31": "15.41040", "2019-12-31": "10.69120", "2019-09-30": "14.00050", "2019-06-30": "13.11540", "2019-03-31": "5.11380", "2018-12-31": "7.41280", "2018-09-30": "10.46710", "2018-06-30": "14.12150", "2018-03-31": "14.04420", "2017-12-31": "12.29500", "2017-09-30": "14.01400", "2017-06-30": "26.36510", "2017-03-31": "20.42740", "2016-12-31": "18.55080", "2016-09-30": "16.18600", "2016-06-30": "5.68440", "2016-03-31": "1.89160", "2015-12-31": "2.78270", "2015-09-30": "3.30230", "2015-06-30": "3.76900", "2015-03-31": "3.94790", "2014-12-31": "4.05570", "2014-09-30": "3.56550", "2014-06-30": "2.65560", "2014-03-31": "3.54200", "2013-12-31": "2.35990", "2013-09-30": "0.29210", "2013-06-30": "0.86980", "2013-03-31": "0.68670", "2012-12-31": "0.48350", "2012-09-30": "0.30230", "2012-06-30": "2.12670", "2012-03-31": "2.63270", "2011-12-31": "2.67570", "2011-09-30": "3.65400", "2011-06-30": "4.77910", "2011-03-31": "4.94110", "2010-12-31": "4.84580", "2010-09-30": "5.52940", "2010-06-30": "5.40910", "2010-03-31": "5.15340", "2009-12-31": "2.97540", "2009-09-30": "-0.47340", "2009-06-30": "-28.52430", "2009-03-31": "-3.25440", "2008-12-31": "0.68260", "2008-09-30": "1.30250", "2008-06-30": "1.75150", "2008-03-31": "3.76560", "2007-12-31": "2.61220", "2007-09-30": "3.40540", "2007-06-30": "3.69810", "2007-03-31": "4.79860", "2006-12-31": "4.95990", "2006-09-30": "5.65410", "2006-06-30": "5.33860", "2006-03-31": "3.73100", "2005-12-31": "2.52090", "2005-09-30": "1.55840", "2005-06-30": "2.16530", "2005-03-31": "1.24630"}, "ROA - Return On Assets": {"2020-09-30": "2.44470", "2020-06-30": "2.02970", "2020-03-31": "1.98850", "2019-12-31": "1.25240", "2019-09-30": "1.41300", "2019-06-30": "1.11470", "2019-03-31": "0.36630", "2018-12-31": "2.74020", "2018-09-30": "3.63710", "2018-06-30": "4.77410", "2018-03-31": "4.23630", "2017-12-31": "3.21610", "2017-09-30": "3.20600", "2017-06-30": "5.05060", "2017-03-31": "2.92990", "2016-12-31": "2.05610", "2016-09-30": "1.45200", "2016-06-30": "0.41020", "2016-03-31": "1.36080", "2015-12-31": "2.00430", "2015-09-30": "2.30170", "2015-06-30": "2.59460", "2015-03-31": "2.70370", "2014-12-31": "2.79340", "2014-09-30": "2.39180", "2014-06-30": "1.77180", "2014-03-31": "2.55530", "2013-12-31": "1.66830", "2013-09-30": "0.20970", "2013-06-30": "0.64760", "2013-03-31": "0.51190", "2012-12-31": "0.35650", "2012-09-30": "0.22590", "2012-06-30": "1.63640", "2012-03-31": "2.01890", "2011-12-31": "2.03050", "2011-09-30": "2.79240", "2011-06-30": "3.57210", "2011-03-31": "3.62550", "2010-12-31": "3.47880", "2010-09-30": "3.91200", "2010-06-30": "3.75330", "2010-03-31": "3.54320", "2009-12-31": "2.05820", "2009-09-30": "-0.32590", "2009-06-30": "-19.69900", "2009-03-31": "-1.74400", "2008-12-31": "0.36580", "2008-09-30": "0.68130", "2008-06-30": "0.91050", "2008-03-31": "1.94720", "2007-12-31": "1.40870", "2007-09-30": "1.91940", "2007-06-30": "2.03740", "2007-03-31": "2.52290", "2006-12-31": "2.53830", "2006-09-30": "2.75200", "2006-06-30": "2.50840", "2006-03-31": "1.67330", "2005-12-31": "1.40150", "2005-09-30": "0.85720", "2005-06-30": "1.16740", "2005-03-31": "0.65800"}, "ROI - Return On Investment": {"2020-09-30": "3.01290", "2020-06-30": "2.50240", "2020-03-31": "2.40520", "2019-12-31": "1.47790", "2019-09-30": "1.66490", "2019-06-30": "1.31250", "2019-03-31": "0.43140", "2018-12-31": "3.23120", "2018-09-30": "4.33190", "2018-06-30": "5.73180", "2018-03-31": "5.15390", "2017-12-31": "3.92330", "2017-09-30": "3.91030", "2017-06-30": "6.07790", "2017-03-31": "3.50230", "2016-12-31": "2.46810", "2016-09-30": "1.75500", "2016-06-30": "0.49030", "2016-03-31": "1.49970", "2015-12-31": "2.19850", "2015-09-30": "2.59610", "2015-06-30": "2.94130", "2015-03-31": "3.05840", "2014-12-31": "3.16060", "2014-09-30": "2.75060", "2014-06-30": "2.03430", "2014-03-31": "2.98780", "2013-12-31": "1.98110", "2013-09-30": "0.24450", "2013-06-30": "0.72900", "2013-03-31": "0.57430", "2012-12-31": "0.40600", "2012-09-30": "0.25410", "2012-06-30": "1.83080", "2012-03-31": "2.26310", "2011-12-31": "2.29430", "2011-09-30": "3.12280", "2011-06-30": "4.06770", "2011-03-31": "4.17390", "2010-12-31": "4.03480", "2010-09-30": "4.56570", "2010-06-30": "4.39670", "2010-03-31": "4.07550", "2009-12-31": "2.32610", "2009-09-30": "-0.36660", "2009-06-30": "-22.02510", "2009-03-31": "-1.90870", "2008-12-31": "0.40620", "2008-09-30": "0.76410", "2008-06-30": "1.02420", "2008-03-31": "2.22120", "2007-12-31": "1.57950", "2007-09-30": "2.16320", "2007-06-30": "2.31280", "2007-03-31": "2.90710", "2006-12-31": "2.91990", "2006-09-30": "3.21130", "2006-06-30": "2.91450", "2006-03-31": "1.93590", "2005-12-31": "1.57410", "2005-09-30": "0.95570", "2005-06-30": "1.30760", "2005-03-31": "0.73900"}, "Book Value Per Share": {"2020-09-30": "40.38740", "2020-06-30": "38.61000", "2020-03-31": "37.40460", "2019-12-31": "37.05950", "2019-09-30": "36.21360", "2019-06-30": "35.71010", "2019-03-31": "35.41930", "2018-12-31": "34.66300", "2018-09-30": "33.53330", "2018-06-30": "32.88080", "2018-03-31": "31.16680", "2017-12-31": "29.23150", "2017-09-30": "27.77080", "2017-06-30": "26.34380", "2017-03-31": "24.22490", "2016-12-31": "23.13630", "2016-09-30": "22.68730", "2016-06-30": "22.05770", "2016-03-31": "21.96920", "2015-12-31": "21.82110", "2015-09-30": "21.53130", "2015-06-30": "21.16360", "2015-03-31": "20.72980", "2014-12-31": "20.35220", "2014-09-30": "19.94840", "2014-06-30": "19.67310", "2014-03-31": "19.56280", "2013-12-31": "19.14290", "2013-09-30": "18.90890", "2013-06-30": "18.89020", "2013-03-31": "18.99920", "2012-12-31": "19.18820", "2012-09-30": "19.22190", "2012-06-30": "19.18690", "2012-03-31": "19.15210", "2011-12-31": "18.86020", "2011-09-30": "18.54540", "2011-06-30": "18.09660", "2011-03-31": "17.44890", "2010-12-31": "16.72370", "2010-09-30": "15.93210", "2010-06-30": "15.02940", "2010-03-31": "14.28330", "2009-12-31": "13.83280", "2009-09-30": "13.47810", "2009-06-30": "13.43150", "2009-03-31": "17.55230", "2008-12-31": "17.99490", "2008-09-30": "18.07930", "2008-06-30": "18.02420", "2008-03-31": "17.92590", "2007-12-31": "17.58190", "2007-09-30": "17.23890", "2007-06-30": "16.77700", "2007-03-31": "16.38060", "2006-12-31": "15.87720", "2006-09-30": "15.32750", "2006-06-30": "14.77300", "2006-03-31": "14.23390", "2005-12-31": "14.02360", "2005-09-30": "13.81990", "2005-06-30": "13.70380", "2005-03-31": "13.57200"}, "Operating Cash Flow Per Share": {"2020-09-30": 2.7385, "2020-06-30": 2.5111, "2020-03-31": "1.35690", "2019-12-31": 1.4059, "2019-09-30": 1.0961, "2019-06-30": 1.4037, "2019-03-31": "0.53100", "2018-12-31": 2.4597, "2018-09-30": 1.7654, "2018-06-30": 1.9833, "2018-03-31": "1.31600", "2017-12-31": 1.4693, "2017-09-30": 1.7902, "2017-06-30": 1.9884, "2017-03-31": "1.20200", "2016-12-31": 0.9868, "2016-09-30": 1.383, "2016-06-30": 0.5294, "2016-03-31": "0.43280", "2015-12-31": 0.798, "2015-09-30": 0.6981, "2015-06-30": 0.7197, "2015-03-31": "0.36630", "2014-12-31": 0.6345, "2014-09-30": 0.7504, "2014-06-30": 0.3353, "2014-03-31": "0.18420", "2013-12-31": 0.6419, "2013-09-30": 0.675, "2013-06-30": 0.0596, "2013-03-31": "0.04620", "2012-12-31": 0.4403, "2012-09-30": 0.5953, "2012-06-30": 1.0257, "2012-03-31": "0.51540", "2011-12-31": 0.9779, "2011-09-30": 0.8647, "2011-06-30": 0.599, "2011-03-31": "0.51100", "2010-12-31": 1.7146, "2010-09-30": 0.7252, "2010-06-30": 0.4397, "2010-03-31": "0.33040", "2009-12-31": 0.1871, "2009-09-30": 0.0319, "2009-06-30": 0.08, "2009-03-31": "-0.19960", "2008-12-31": 0.5981, "2008-09-30": 0.4005, "2008-06-30": 0.394, "2008-03-31": "0.43480", "2007-12-31": 0.6037, "2007-09-30": 0.7002, "2007-06-30": 0.2974, "2007-03-31": "0.48220", "2006-12-31": 0.4018, "2006-09-30": 0.5528, "2006-06-30": 0.2501, "2006-03-31": "0.19290", "2005-12-31": 0.4381, "2005-09-30": 0.1525, "2005-06-30": 0.4021, "2005-03-31": "0.18170"}, "Free Cash Flow Per Share": {"2020-09-30": 2.2161, "2020-06-30": 2.1335, "2020-03-31": "1.17570", "2019-12-31": 1.8196, "2019-09-30": 0.7981, "2019-06-30": 1.1547, "2019-03-31": "0.26820", "2018-12-31": 1.9863, "2018-09-30": 1.4889, "2018-06-30": 1.7585, "2018-03-31": "1.14610", "2017-12-31": 1.2253, "2017-09-30": 1.6432, "2017-06-30": 1.8859, "2017-03-31": "1.12740", "2016-12-31": 0.8525, "2016-09-30": 1.2985, "2016-06-30": 0.4347, "2016-03-31": "0.39250", "2015-12-31": 0.7309, "2015-09-30": 0.633, "2015-06-30": 0.6669, "2015-03-31": "0.31950", "2014-12-31": 0.5355, "2014-09-30": 0.7386, "2014-06-30": 0.2575, "2014-03-31": "0.12650", "2013-12-31": 0.5809, "2013-09-30": 0.6231, "2013-06-30": 0.0033, "2013-03-31": "-0.01670", "2012-12-31": 0.3149, "2012-09-30": 0.5387, "2012-06-30": 0.9609, "2012-03-31": "0.42960", "2011-12-31": 0.8662, "2011-09-30": 0.8002, "2011-06-30": 0.5251, "2011-03-31": "0.46650", "2010-12-31": 1.6281, "2010-09-30": 0.6314, "2010-06-30": 0.3741, "2010-03-31": "0.26570", "2009-12-31": 0.1639, "2009-09-30": 0.0184, "2009-06-30": 0.057, "2009-03-31": "-0.22460", "2008-12-31": 0.5015, "2008-09-30": 0.3389, "2008-06-30": 0.347, "2008-03-31": "0.37480", "2007-12-31": 0.5401, "2007-09-30": 0.6188, "2007-06-30": 0.2188, "2007-03-31": "0.44180", "2006-12-31": 0.3369, "2006-09-30": 0.502, "2006-06-30": 0.2121, "2006-03-31": "0.15560", "2005-12-31": 0.3888, "2005-09-30": 0.1037, "2005-06-30": 0.355, "2005-03-31": "0.13870"}}, "revenue": {"MKS Instruments Annual Revenue (Millions of US $)": {"2020": "$2,330", "2019": "$1,900", "2018": "$2,075", "2017": "$1,916", "2016": "$1,295", "2015": "$814", "2014": "$781", "2013": "$669", "2012": "$644", "2011": "$823", "2010": "$853", "2009": "$393", "2008": "$621", "2007": "$780", "2006": "$783", "2005": "$509"}, "MKS Instruments Quarterly Revenue (Millions of US $)": {"2020-12-31": "$660", "2020-09-30": "$590", "2020-06-30": "$544", "2020-03-31": "$536", "2019-12-31": "$500", "2019-09-30": "$463", "2019-06-30": "$474", "2019-03-31": "$464", "2018-12-31": "$461", "2018-09-30": "$487", "2018-06-30": "$573", "2018-03-31": "$554", "2017-12-31": "$512", "2017-09-30": "$486", "2017-06-30": "$481", "2017-03-31": "$437", "2016-12-31": "$405", "2016-09-30": "$381", "2016-06-30": "$326", "2016-03-31": "$184", "2015-12-31": "$172", "2015-09-30": "$209", "2015-06-30": "$218", "2015-03-31": "$214", "2014-12-31": "$203", "2014-09-30": "$187", "2014-06-30": "$185", "2014-03-31": "$206", "2013-12-31": "$204", "2013-09-30": "$166", "2013-06-30": "$157", "2013-03-31": "$142", "2012-12-31": "$134", "2012-09-30": "$141", "2012-06-30": "$177", "2012-03-31": "$191", "2011-12-31": "$172", "2011-09-30": "$195", "2011-06-30": "$224", "2011-03-31": "$232", "2010-12-31": "$219", "2010-09-30": "$221", "2010-06-30": "$221", "2010-03-31": "$192", "2009-12-31": "$138", "2009-09-30": "$102", "2009-06-30": "$76", "2009-03-31": "$77", "2008-12-31": "$100", "2008-09-30": "$157", "2008-06-30": "$171", "2008-03-31": "$193", "2007-12-31": "$184", "2007-09-30": "$181", "2007-06-30": "$204", "2007-03-31": "$211", "2006-12-31": "$200", "2006-09-30": "$205", "2006-06-30": "$198", "2006-03-31": "$179", "2005-12-31": "$129", "2005-09-30": "$123", "2005-06-30": "$130", "2005-03-31": "$127"}}, "gross-profit": {"MKS Instruments Annual Gross Profit (Millions of US $)": {"2020": "$1,050", "2019": "$830", "2018": "$979", "2017": "$891", "2016": "$566", "2015": "$363", "2014": "$338", "2013": "$267", "2012": "$269", "2011": "$375", "2010": "$379", "2009": "$130", "2008": "$248", "2007": "$331", "2006": "$338", "2005": "$200"}, "MKS Instruments Quarterly Gross Profit (Millions of US $)": {"2020-12-31": "$302", "2020-09-30": "$262", "2020-06-30": "$246", "2020-03-31": "$240", "2019-12-31": "$216", "2019-09-30": "$205", "2019-06-30": "$211", "2019-03-31": "$198", "2018-12-31": "$210", "2018-09-30": "$232", "2018-06-30": "$275", "2018-03-31": "$263", "2017-12-31": "$238", "2017-09-30": "$228", "2017-06-30": "$220", "2017-03-31": "$206", "2016-12-31": "$183", "2016-09-30": "$168", "2016-06-30": "$136", "2016-03-31": "$78", "2015-12-31": "$73", "2015-09-30": "$94", "2015-06-30": "$99", "2015-03-31": "$97", "2014-12-31": "$89", "2014-09-30": "$79", "2014-06-30": "$80", "2014-03-31": "$89", "2013-12-31": "$88", "2013-09-30": "$62", "2013-06-30": "$62", "2013-03-31": "$55", "2012-12-31": "$53", "2012-09-30": "$57", "2012-06-30": "$77", "2012-03-31": "$84", "2011-12-31": "$76", "2011-09-30": "$88", "2011-06-30": "$105", "2011-03-31": "$106", "2010-12-31": "$97", "2010-09-30": "$99", "2010-06-30": "$97", "2010-03-31": "$85", "2009-12-31": "$58", "2009-09-30": "$38", "2009-06-30": "$24", "2009-03-31": "$10", "2008-12-31": "$33", "2008-09-30": "$63", "2008-06-30": "$70", "2008-03-31": "$82", "2007-12-31": "$76", "2007-09-30": "$77", "2007-06-30": "$86", "2007-03-31": "$93", "2006-12-31": "$87", "2006-09-30": "$91", "2006-06-30": "$87", "2006-03-31": "$74", "2005-12-31": "$52", "2005-09-30": "$48", "2005-06-30": "$52", "2005-03-31": "$49"}}, "operating-income": {"MKS Instruments Annual Operating Income (Millions of US $)": {"2020": "$454", "2019": "$220", "2018": "$494", "2017": "$407", "2016": "$157", "2015": "$157", "2014": "$135", "2013": "$58", "2012": "$74", "2011": "$185", "2010": "$196", "2009": "$-172", "2008": "$51", "2007": "$107", "2006": "$123", "2005": "$41"}, "MKS Instruments Quarterly Operating Income (Millions of US $)": {"2020-12-31": "$147", "2020-09-30": "$116", "2020-06-30": "$101", "2020-03-31": "$90", "2019-12-31": "$66", "2019-09-30": "$67", "2019-06-30": "$64", "2019-03-31": "$23", "2018-12-31": "$94", "2018-09-30": "$117", "2018-06-30": "$151", "2018-03-31": "$132", "2017-12-31": "$120", "2017-09-30": "$110", "2017-06-30": "$93", "2017-03-31": "$84", "2016-12-31": "$63", "2016-09-30": "$53", "2016-06-30": "$19", "2016-03-31": "$23", "2015-12-31": "$22", "2015-09-30": "$41", "2015-06-30": "$46", "2015-03-31": "$47", "2014-12-31": "$39", "2014-09-30": "$28", "2014-06-30": "$31", "2014-03-31": "$38", "2013-12-31": "$31", "2013-09-30": "$12", "2013-06-30": "$10", "2013-03-31": "$5", "2012-12-31": "$7", "2012-09-30": "$6", "2012-06-30": "$28", "2012-03-31": "$33", "2011-12-31": "$30", "2011-09-30": "$41", "2011-06-30": "$57", "2011-03-31": "$57", "2010-12-31": "$48", "2010-09-30": "$55", "2010-06-30": "$50", "2010-03-31": "$42", "2009-12-31": "$22", "2009-09-30": "$3", "2009-06-30": "$-156", "2009-03-31": "$-41", "2008-12-31": "$2", "2008-09-30": "$8", "2008-06-30": "$13", "2008-03-31": "$28", "2007-12-31": "$20", "2007-09-30": "$23", "2007-06-30": "$28", "2007-03-31": "$36", "2006-12-31": "$31", "2006-09-30": "$36", "2006-06-30": "$34", "2006-03-31": "$22", "2005-12-31": "$15", "2005-09-30": "$9", "2005-06-30": "$10", "2005-03-31": "$7"}}, "ebitda": {"MKS Instruments Annual EBITDA (Millions of US $)": {"2019": "$345", "2018": "$579", "2017": "$500", "2016": "$248", "2015": "$179", "2014": "$158", "2013": "$75", "2012": "$89", "2011": "$198", "2010": "$209", "2009": "$40", "2008": "$74", "2007": "$138", "2006": "$154", "2005": "$67"}, "MKS Instruments Quarterly EBITDA (Millions of US $)": {"2020-09-30": "$140", "2020-06-30": "$125", "2020-03-31": "$119", "2019-12-31": "$97", "2019-09-30": "$98", "2019-06-30": "$96", "2019-03-31": "$55", "2018-12-31": "$115", "2018-09-30": "$137", "2018-06-30": "$172", "2018-03-31": "$154", "2017-12-31": "$144", "2017-09-30": "$133", "2017-06-30": "$114", "2017-03-31": "$108", "2016-12-31": "$87", "2016-09-30": "$84", "2016-06-30": "$48", "2016-03-31": "$28", "2015-12-31": "$28", "2015-09-30": "$47", "2015-06-30": "$52", "2015-03-31": "$53", "2014-12-31": "$46", "2014-09-30": "$34", "2014-06-30": "$35", "2014-03-31": "$42", "2013-12-31": "$35", "2013-09-30": "$17", "2013-06-30": "$15", "2013-03-31": "$9", "2012-12-31": "$11", "2012-09-30": "$10", "2012-06-30": "$31", "2012-03-31": "$37", "2011-12-31": "$33", "2011-09-30": "$44", "2011-06-30": "$61", "2011-03-31": "$60", "2010-12-31": "$52", "2010-09-30": "$59", "2010-06-30": "$53", "2010-03-31": "$46", "2009-12-31": "$26", "2009-09-30": "$7", "2009-06-30": "$42", "2009-03-31": "$-35", "2008-12-31": "$8", "2008-09-30": "$14", "2008-06-30": "$18", "2008-03-31": "$35", "2007-12-31": "$28", "2007-09-30": "$30", "2007-06-30": "$35", "2007-03-31": "$44", "2006-12-31": "$38", "2006-09-30": "$43", "2006-06-30": "$42", "2006-03-31": "$30", "2005-12-31": "$21", "2005-09-30": "$15", "2005-06-30": "$17", "2005-03-31": "$14"}}, "net-income": {"MKS Instruments Annual Net Income (Millions of US $)": {"2020": "$350", "2019": "$140", "2018": "$393", "2017": "$339", "2016": "$105", "2015": "$122", "2014": "$116", "2013": "$36", "2012": "$48", "2011": "$130", "2010": "$143", "2009": "$-213", "2008": "$30", "2007": "$86", "2006": "$94", "2005": "$35"}, "MKS Instruments Quarterly Net Income (Millions of US $)": {"2020-12-31": "$116", "2020-09-30": "$92", "2020-06-30": "$74", "2020-03-31": "$69", "2019-12-31": "$43", "2019-09-30": "$47", "2019-06-30": "$38", "2019-03-31": "$13", "2018-12-31": "$72", "2018-09-30": "$93", "2018-06-30": "$123", "2018-03-31": "$105", "2017-12-31": "$78", "2017-09-30": "$76", "2017-06-30": "$120", "2017-03-31": "$65", "2016-12-31": "$45", "2016-09-30": "$33", "2016-06-30": "$9", "2016-03-31": "$18", "2015-12-31": "$26", "2015-09-30": "$30", "2015-06-30": "$33", "2015-03-31": "$34", "2014-12-31": "$34", "2014-09-30": "$29", "2014-06-30": "$21", "2014-03-31": "$31", "2013-12-31": "$20", "2013-09-30": "$2", "2013-06-30": "$7", "2013-03-31": "$6", "2012-12-31": "$4", "2012-09-30": "$3", "2012-06-30": "$19", "2012-03-31": "$23", "2011-12-31": "$23", "2011-09-30": "$30", "2011-06-30": "$39", "2011-03-31": "$38", "2010-12-31": "$36", "2010-09-30": "$39", "2010-06-30": "$39", "2010-03-31": "$29", "2009-12-31": "$15", "2009-09-30": "$-4", "2009-06-30": "$-207", "2009-03-31": "$-16", "2008-12-31": "$-6", "2008-09-30": "$7", "2008-06-30": "$9", "2008-03-31": "$20", "2007-12-31": "$15", "2007-09-30": "$21", "2007-06-30": "$23", "2007-03-31": "$27", "2006-12-31": "$26", "2006-09-30": "$28", "2006-06-30": "$24", "2006-03-31": "$15", "2005-12-31": "$12", "2005-09-30": "$7", "2005-06-30": "$10", "2005-03-31": "$5"}}, "eps-earnings-per-share-diluted": {"MKS Instruments Annual EPS": {"2020": "$6.33", "2019": "$2.55", "2018": "$7.14", "2017": "$6.16", "2016": "$1.94", "2015": "$2.28", "2014": "$2.16", "2013": "$0.67", "2012": "$0.90", "2011": "$2.45", "2010": "$2.80", "2009": "$-4.31", "2008": "$0.59", "2007": "$1.51", "2006": "$1.68", "2005": "$0.63"}, "MKS Instruments Quarterly EPS": {"2020-12-31": "$2.08", "2020-09-30": "$1.66", "2020-06-30": "$1.33", "2020-03-31": "$1.25", "2019-12-31": "$0.77", "2019-09-30": "$0.86", "2019-06-30": "$0.69", "2019-03-31": "$0.23", "2018-12-31": "$1.32", "2018-09-30": "$1.70", "2018-06-30": "$2.22", "2018-03-31": "$1.90", "2017-12-31": "$1.41", "2017-09-30": "$1.38", "2017-06-30": "$2.19", "2017-03-31": "$1.18", "2016-12-31": "$0.84", "2016-09-30": "$0.60", "2016-06-30": "$0.17", "2016-03-31": "$0.33", "2015-12-31": "$0.47", "2015-09-30": "$0.56", "2015-06-30": "$0.62", "2015-03-31": "$0.63", "2014-12-31": "$0.63", "2014-09-30": "$0.55", "2014-06-30": "$0.40", "2014-03-31": "$0.58", "2013-12-31": "$0.37", "2013-09-30": "$0.05", "2013-06-30": "$0.14", "2013-03-31": "$0.11", "2012-12-31": "$0.07", "2012-09-30": "$0.05", "2012-06-30": "$0.35", "2012-03-31": "$0.43", "2011-12-31": "$0.42", "2011-09-30": "$0.57", "2011-06-30": "$0.73", "2011-03-31": "$0.73", "2010-12-31": "$0.70", "2010-09-30": "$0.76", "2010-06-30": "$0.76", "2010-03-31": "$0.58", "2009-12-31": "$0.31", "2009-09-30": "$-0.08", "2009-06-30": "$-4.20", "2009-03-31": "$-0.34", "2008-12-31": "$-0.12", "2008-09-30": "$0.14", "2008-06-30": "$0.18", "2008-03-31": "$0.39", "2007-12-31": "$0.27", "2007-09-30": "$0.37", "2007-06-30": "$0.39", "2007-03-31": "$0.48", "2006-12-31": "$0.46", "2006-09-30": "$0.50", "2006-06-30": "$0.44", "2006-03-31": "$0.28", "2005-12-31": "$0.22", "2005-09-30": "$0.13", "2005-06-30": "$0.18", "2005-03-31": "$0.10"}}, "shares-outstanding": {"MKS Instruments Annual Shares Outstanding (Millions of Shares)": {"2020": "55", "2019": "55", "2018": "55", "2017": "55", "2016": "54", "2015": "54", "2014": "54", "2013": "53", "2012": "53", "2011": "53", "2010": "51", "2009": "49", "2008": "51", "2007": "57", "2006": "56", "2005": "55"}, "MKS Instruments Quarterly Shares Outstanding (Millions of Shares)": {"2020-12-31": "56", "2020-09-30": "55", "2020-06-30": "55", "2020-03-31": "55", "2019-12-31": "55", "2019-09-30": "55", "2019-06-30": "55", "2019-03-31": "55", "2018-12-31": "55", "2018-09-30": "55", "2018-06-30": "55", "2018-03-31": "55", "2017-12-31": "55", "2017-09-30": "55", "2017-06-30": "55", "2017-03-31": "55", "2016-12-31": "54", "2016-09-30": "54", "2016-06-30": "54", "2016-03-31": "54", "2015-12-31": "54", "2015-09-30": "54", "2015-06-30": "54", "2015-03-31": "54", "2014-12-31": "54", "2014-09-30": "53", "2014-06-30": "54", "2014-03-31": "54", "2013-12-31": "53", "2013-09-30": "54", "2013-06-30": "53", "2013-03-31": "53", "2012-12-31": "53", "2012-09-30": "53", "2012-06-30": "53", "2012-03-31": "53", "2011-12-31": "53", "2011-09-30": "53", "2011-06-30": "53", "2011-03-31": "52", "2010-12-31": "51", "2010-09-30": "51", "2010-06-30": "51", "2010-03-31": "51", "2009-12-31": "49", "2009-09-30": "49", "2009-06-30": "49", "2009-03-31": "49", "2008-12-31": "51", "2008-09-30": "50", "2008-06-30": "51", "2008-03-31": "53", "2007-12-31": "57", "2007-09-30": "57", "2007-06-30": "58", "2007-03-31": "57", "2006-12-31": "56", "2006-09-30": "56", "2006-06-30": "56", "2006-03-31": "55", "2005-12-31": "55", "2005-09-30": "55", "2005-06-30": "54", "2005-03-31": "54"}}, "total-assets": {"MKS Instruments Annual Total Assets (Millions of US $)": {"2019": "$3,416", "2018": "$2,614", "2017": "$2,414", "2016": "$2,212", "2015": "$1,273", "2014": "$1,224", "2013": "$1,213", "2012": "$1,153", "2011": "$1,119", "2010": "$982", "2009": "$774", "2008": "$985", "2007": "$1,076", "2006": "$1,044", "2005": "$864"}, "MKS Instruments Quarterly Total Assets (Millions of US $)": {"2020-09-30": "$3,751", "2020-06-30": "$3,631", "2020-03-31": "$3,475", "2019-12-31": "$3,416", "2019-09-30": "$3,355", "2019-06-30": "$3,382", "2019-03-31": "$3,413", "2018-12-31": "$2,614", "2018-09-30": "$2,565", "2018-06-30": "$2,573", "2018-03-31": "$2,481", "2017-12-31": "$2,414", "2017-09-30": "$2,370", "2017-06-30": "$2,385", "2017-03-31": "$2,221", "2016-12-31": "$2,212", "2016-09-30": "$2,242", "2016-06-30": "$2,245", "2016-03-31": "$1,291", "2015-12-31": "$1,273", "2015-09-30": "$1,293", "2015-06-30": "$1,280", "2015-03-31": "$1,250", "2014-12-31": "$1,224", "2014-09-30": "$1,217", "2014-06-30": "$1,198", "2014-03-31": "$1,223", "2013-12-31": "$1,213", "2013-09-30": "$1,172", "2013-06-30": "$1,130", "2013-03-31": "$1,125", "2012-12-31": "$1,153", "2012-09-30": "$1,142", "2012-06-30": "$1,135", "2012-03-31": "$1,128", "2011-12-31": "$1,119", "2011-09-30": "$1,088", "2011-06-30": "$1,081", "2011-03-31": "$1,049", "2010-12-31": "$982", "2010-09-30": "$936", "2010-06-30": "$883", "2010-03-31": "$818", "2009-12-31": "$774", "2009-09-30": "$750", "2009-06-30": "$743", "2009-03-31": "$946", "2008-12-31": "$985", "2008-09-30": "$997", "2008-06-30": "$1,014", "2008-03-31": "$1,047", "2007-12-31": "$1,076", "2007-09-30": "$1,114", "2007-06-30": "$1,106", "2007-03-31": "$1,082", "2006-12-31": "$1,044", "2006-09-30": "$1,015", "2006-06-30": "$972", "2006-03-31": "$922", "2005-12-31": "$864", "2005-09-30": "$843", "2005-06-30": "$838", "2005-03-31": "$829"}}, "cash-on-hand": {"MKS Instruments Annual Cash on Hand (Millions of US $)": {"2019": "$524", "2018": "$718", "2017": "$543", "2016": "$423", "2015": "$658", "2014": "$592", "2013": "$590", "2012": "$615", "2011": "$566", "2010": "$432", "2009": "$272", "2008": "$279", "2007": "$324", "2006": "$290", "2005": "$293"}, "MKS Instruments Quarterly Cash on Hand (Millions of US $)": {"2020-09-30": "$716", "2020-06-30": "$607", "2020-03-31": "$503", "2019-12-31": "$524", "2019-09-30": "$475", "2019-06-30": "$460", "2019-03-31": "$462", "2018-12-31": "$718", "2018-09-30": "$620", "2018-06-30": "$631", "2018-03-31": "$542", "2017-12-31": "$543", "2017-09-30": "$535", "2017-06-30": "$577", "2017-03-31": "$416", "2016-12-31": "$423", "2016-09-30": "$426", "2016-06-30": "$431", "2016-03-31": "$667", "2015-12-31": "$658", "2015-09-30": "$392", "2015-06-30": "$356", "2015-03-31": "$351", "2014-12-31": "$592", "2014-09-30": "$435", "2014-06-30": "$465", "2014-03-31": "$594", "2013-12-31": "$590", "2013-09-30": "$621", "2013-06-30": "$582", "2013-03-31": "$598", "2012-12-31": "$615", "2012-09-30": "$584", "2012-06-30": "$606", "2012-03-31": "$569", "2011-12-31": "$566", "2011-09-30": "$526", "2011-06-30": "$496", "2011-03-31": "$479", "2010-12-31": "$432", "2010-09-30": "$344", "2010-06-30": "$323", "2010-03-31": "$285", "2009-12-31": "$272", "2009-09-30": "$265", "2009-06-30": "$259", "2009-03-31": "$255", "2008-12-31": "$279", "2008-09-30": "$257", "2008-06-30": "$260", "2008-03-31": "$277", "2007-12-31": "$324", "2007-09-30": "$360", "2007-06-30": "$336", "2007-03-31": "$313", "2006-12-31": "$290", "2006-09-30": "$265", "2006-06-30": "$237", "2006-03-31": "$214", "2005-12-31": "$293", "2005-09-30": "$271", "2005-06-30": "$264", "2005-03-31": "$245"}}, "long-term-debt": {"MKS Instruments Annual Long Term Debt (Millions of US $)": {"2019": "$872", "2018": "$344", "2017": "$390", "2016": "$601", "2015": "$", "2014": "$", "2013": "$", "2012": "$", "2011": "$", "2010": "$", "2009": "$", "2008": "$0", "2007": "$6", "2006": "$6", "2005": "$6"}, "MKS Instruments Quarterly Long Term Debt (Millions of US $)": {"2020-09-30": "$817", "2020-06-30": "$819", "2020-03-31": "$820", "2019-12-31": "$872", "2019-09-30": "$873", "2019-06-30": "$927", "2019-03-31": "$977", "2018-12-31": "$344", "2018-09-30": "$343", "2018-06-30": "$342", "2018-03-31": "$341", "2017-12-31": "$390", "2017-09-30": "$436", "2017-06-30": "$552", "2017-03-31": "$552", "2016-12-31": "$601", "2016-09-30": "$639", "2016-06-30": "$697", "2016-03-31": "", "2015-12-31": "", "2015-09-30": "", "2015-06-30": "", "2015-03-31": "", "2014-12-31": "", "2014-09-30": "", "2014-06-30": "", "2014-03-31": "", "2013-12-31": "", "2013-09-30": "", "2013-06-30": "", "2013-03-31": "", "2012-12-31": "", "2012-09-30": "", "2012-06-30": "", "2012-03-31": "", "2011-12-31": "", "2011-09-30": "", "2011-06-30": "", "2011-03-31": "", "2010-12-31": "", "2010-09-30": "", "2010-06-30": "", "2010-03-31": "", "2009-12-31": "", "2009-09-30": "$0", "2009-06-30": "$0", "2009-03-31": "$0", "2008-12-31": "$0", "2008-09-30": "$1", "2008-06-30": "$6", "2008-03-31": "$6", "2007-12-31": "$6", "2007-09-30": "$6", "2007-06-30": "$6", "2007-03-31": "$6", "2006-12-31": "$6", "2006-09-30": "$6", "2006-06-30": "$6", "2006-03-31": "$6", "2005-12-31": "$6", "2005-09-30": "$6", "2005-06-30": "$7", "2005-03-31": "$7"}}, "total-liabilities": {"MKS Instruments Annual Total Liabilities (Millions of US $)": {"2019": "$1,393", "2018": "$741", "2017": "$825", "2016": "$970", "2015": "$112", "2014": "$142", "2013": "$191", "2012": "$140", "2011": "$129", "2010": "$135", "2009": "$89", "2008": "$98", "2007": "$122", "2006": "$143", "2005": "$101"}, "MKS Instruments Quarterly Total Liabilities (Millions of US $)": {"2020-09-30": "$1,524", "2020-06-30": "$1,505", "2020-03-31": "$1,422", "2019-12-31": "$1,393", "2019-09-30": "$1,381", "2019-06-30": "$1,436", "2019-03-31": "$1,492", "2018-12-31": "$741", "2018-09-30": "$754", "2018-06-30": "$772", "2018-03-31": "$783", "2017-12-31": "$825", "2017-09-30": "$863", "2017-06-30": "$955", "2017-03-31": "$915", "2016-12-31": "$970", "2016-09-30": "$1,026", "2016-06-30": "$1,064", "2016-03-31": "$120", "2015-12-31": "$112", "2015-09-30": "$147", "2015-06-30": "$151", "2015-03-31": "$145", "2014-12-31": "$142", "2014-09-30": "$159", "2014-06-30": "$155", "2014-03-31": "$177", "2013-12-31": "$191", "2013-09-30": "$167", "2013-06-30": "$126", "2013-03-31": "$122", "2012-12-31": "$140", "2012-09-30": "$127", "2012-06-30": "$121", "2012-03-31": "$122", "2011-12-31": "$129", "2011-09-30": "$115", "2011-06-30": "$132", "2011-03-31": "$138", "2010-12-31": "$135", "2010-09-30": "$134", "2010-06-30": "$129", "2010-03-31": "$107", "2009-12-31": "$89", "2009-09-30": "$83", "2009-06-30": "$79", "2009-03-31": "$82", "2008-12-31": "$98", "2008-09-30": "$108", "2008-06-30": "$118", "2008-03-31": "$135", "2007-12-31": "$122", "2007-09-30": "$132", "2007-06-30": "$138", "2007-03-31": "$149", "2006-12-31": "$143", "2006-09-30": "$151", "2006-06-30": "$142", "2006-03-31": "$131", "2005-12-31": "$101", "2005-09-30": "$93", "2005-06-30": "$97", "2005-03-31": "$98"}}, "total-share-holder-equity": {"MKS Instruments Annual Share Holder Equity (Millions of US $)": {"2019": "$2,023", "2018": "$1,873", "2017": "$1,589", "2016": "$1,242", "2015": "$1,161", "2014": "$1,082", "2013": "$1,022", "2012": "$1,012", "2011": "$990", "2010": "$847", "2009": "$685", "2008": "$887", "2007": "$954", "2006": "$901", "2005": "$763"}, "MKS Instruments Quarterly Share Holder Equity (Millions of US $)": {"2020-09-30": "$2,227", "2020-06-30": "$2,127", "2020-03-31": "$2,053", "2019-12-31": "$2,023", "2019-09-30": "$1,974", "2019-06-30": "$1,945", "2019-03-31": "$1,921", "2018-12-31": "$1,873", "2018-09-30": "$1,810", "2018-06-30": "$1,801", "2018-03-31": "$1,698", "2017-12-31": "$1,589", "2017-09-30": "$1,508", "2017-06-30": "$1,430", "2017-03-31": "$1,305", "2016-12-31": "$1,242", "2016-09-30": "$1,216", "2016-06-30": "$1,182", "2016-03-31": "$1,171", "2015-12-31": "$1,161", "2015-09-30": "$1,147", "2015-06-30": "$1,129", "2015-03-31": "$1,105", "2014-12-31": "$1,082", "2014-09-30": "$1,059", "2014-06-30": "$1,043", "2014-03-31": "$1,046", "2013-12-31": "$1,022", "2013-09-30": "$1,005", "2013-06-30": "$1,004", "2013-03-31": "$1,003", "2012-12-31": "$1,012", "2012-09-30": "$1,015", "2012-06-30": "$1,014", "2012-03-31": "$1,006", "2011-12-31": "$990", "2011-09-30": "$973", "2011-06-30": "$949", "2011-03-31": "$911", "2010-12-31": "$847", "2010-09-30": "$802", "2010-06-30": "$754", "2010-03-31": "$712", "2009-12-31": "$685", "2009-09-30": "$667", "2009-06-30": "$664", "2009-03-31": "$864", "2008-12-31": "$887", "2008-09-30": "$888", "2008-06-30": "$896", "2008-03-31": "$912", "2007-12-31": "$954", "2007-09-30": "$982", "2007-06-30": "$968", "2007-03-31": "$933", "2006-12-31": "$901", "2006-09-30": "$864", "2006-06-30": "$830", "2006-03-31": "$791", "2005-12-31": "$763", "2005-09-30": "$749", "2005-06-30": "$741", "2005-03-31": "$732"}}, "profit-margins": {"current": "15.03%"}, "gross margin": {"2020-12-31": "45.06%", "2020-09-30": "44.42%", "2020-06-30": "44.40%", "2020-03-31": "44.20%", "2019-12-31": "43.66%", "2019-09-30": "44.25%", "2019-06-30": "45.12%", "2019-03-31": "46.10%", "2018-12-31": "47.23%", "2018-09-30": "47.41%", "2018-06-30": "47.25%", "2018-03-31": "46.68%", "2017-12-31": "46.56%", "2017-09-30": "46.27%", "2017-06-30": "45.60%", "2017-03-31": "44.74%", "2016-12-31": "43.60%", "2016-09-30": "42.80%", "2016-06-30": "42.76%", "2016-03-31": "43.93%", "2015-12-31": "44.65%", "2015-09-30": "44.91%", "2015-06-30": "44.28%", "2015-03-31": "43.73%", "2014-12-31": "43.15%", "2014-09-30": "42.97%", "2014-06-30": "41.92%", "2014-03-31": "41.06%", "2013-12-31": "39.91%", "2013-09-30": "38.73%", "2013-06-30": "39.55%", "2013-03-31": "40.74%", "2012-12-31": "42.15%", "2012-09-30": "43.17%", "2012-06-30": "44.22%", "2012-03-31": "45.14%", "2011-12-31": "45.57%", "2011-09-30": "45.52%", "2011-06-30": "45.42%", "2011-03-31": "44.68%", "2010-12-31": "44.31%", "2010-09-30": "43.91%", "2010-06-30": "42.57%", "2010-03-31": "40.35%", "2009-12-31": "33.08%", "2009-09-30": "29.58%", "2009-06-30": "31.71%", "2009-03-31": "34.85%", "2008-12-31": "39.94%", "2008-09-30": "41.28%", "2008-06-30": "41.84%", "2008-03-31": "42.13%", "2007-12-31": "42.56%", "2007-09-30": "43.09%", "2007-06-30": "43.54%", "2007-03-31": "43.98%", "2006-12-31": "43.35%", "2006-09-30": "42.76%", "2006-06-30": "41.49%", "2006-03-31": "40.29%", "2005-12-31": "39.49%"}, "operating margin": {"2020-12-31": "19.48%", "2020-09-30": "17.19%", "2020-06-30": "15.86%", "2020-03-31": "14.55%", "2019-12-31": "11.57%", "2019-09-30": "13.32%", "2019-06-30": "15.80%", "2019-03-31": "19.40%", "2018-12-31": "23.81%", "2018-09-30": "24.46%", "2018-06-30": "24.14%", "2018-03-31": "22.38%", "2017-12-31": "21.24%", "2017-09-30": "19.35%", "2017-06-30": "17.19%", "2017-03-31": "14.14%", "2016-12-31": "12.19%", "2016-09-30": "11.01%", "2016-06-30": "11.78%", "2016-03-31": "16.86%", "2015-12-31": "19.19%", "2015-09-30": "20.50%", "2015-06-30": "19.46%", "2015-03-31": "18.38%", "2014-12-31": "17.41%", "2014-09-30": "16.37%", "2014-06-30": "14.72%", "2014-03-31": "12.41%", "2013-12-31": "8.67%", "2013-09-30": "5.68%", "2013-06-30": "4.88%", "2013-03-31": "7.74%", "2012-12-31": "11.51%", "2012-09-30": "14.24%", "2012-06-30": "17.96%", "2012-03-31": "20.59%", "2011-12-31": "22.48%", "2011-09-30": "23.33%", "2011-06-30": "24.22%", "2011-03-31": "23.52%", "2010-12-31": "22.86%", "2010-09-30": "21.89%", "2010-06-30": "17.92%", "2010-03-31": "-17.52%", "2009-12-31": "-43.77%", "2009-09-30": "-54.08%", "2009-06-30": "-45.61%", "2009-03-31": "-3.56%", "2008-12-31": "8.21%", "2008-09-30": "9.79%", "2008-06-30": "11.52%", "2008-03-31": "12.99%", "2007-12-31": "13.72%", "2007-09-30": "14.82%", "2007-06-30": "15.98%", "2007-03-31": "16.83%", "2006-12-31": "15.73%", "2006-09-30": "15.05%", "2006-06-30": "12.72%", "2006-03-31": "9.98%", "2005-12-31": "8.06%"}, "ebitda margin": {"2020-09-30": "22.17%", "2020-06-30": "21.49%", "2020-03-31": "20.78%", "2019-12-31": "18.20%", "2019-09-30": "19.55%", "2019-06-30": "21.37%", "2019-03-31": "24.13%", "2018-12-31": "27.86%", "2018-09-30": "28.55%", "2018-06-30": "28.38%", "2018-03-31": "26.81%", "2017-12-31": "26.04%", "2017-09-30": "24.43%", "2017-06-30": "23.06%", "2017-03-31": "21.11%", "2016-12-31": "19.06%", "2016-09-30": "17.69%", "2016-06-30": "16.95%", "2016-03-31": "19.80%", "2015-12-31": "22.14%", "2015-09-30": "23.46%", "2015-06-30": "22.51%", "2015-03-31": "21.29%", "2014-12-31": "20.10%", "2014-09-30": "18.67%", "2014-06-30": "16.95%", "2014-03-31": "14.87%", "2013-12-31": "11.36%", "2013-09-30": "8.68%", "2013-06-30": "7.84%", "2013-03-31": "10.27%", "2012-12-31": "13.84%", "2012-09-30": "16.30%", "2012-06-30": "19.73%", "2012-03-31": "22.38%", "2011-12-31": "24.06%", "2011-09-30": "24.94%", "2011-06-30": "25.89%", "2011-03-31": "25.08%", "2010-12-31": "24.62%", "2010-09-30": "23.83%", "2010-06-30": "20.21%", "2010-03-31": "23.82%", "2009-12-31": "10.18%", "2009-09-30": "6.20%", "2009-06-30": "7.07%", "2009-03-31": "0.99%", "2008-12-31": "12.08%", "2008-09-30": "13.48%", "2008-06-30": "15.23%", "2008-03-31": "16.80%", "2007-12-31": "17.56%", "2007-09-30": "18.47%", "2007-06-30": "19.51%", "2007-03-31": "20.52%", "2006-12-31": "19.57%", "2006-09-30": "19.13%", "2006-06-30": "17.17%", "2006-03-31": "14.80%", "2005-12-31": "13.16%"}, "pre tax profit margin": {"2020-12-31": "18.15%", "2020-09-30": "15.53%", "2020-06-30": "13.85%", "2020-03-31": "12.32%", "2019-12-31": "9.31%", "2019-09-30": "11.44%", "2019-06-30": "14.48%", "2019-03-31": "18.64%", "2018-12-31": "23.23%", "2018-09-30": "23.61%", "2018-06-30": "22.96%", "2018-03-31": "24.45%", "2017-12-31": "23.33%", "2017-09-30": "21.34%", "2017-06-30": "19.19%", "2017-03-31": "11.68%", "2016-12-31": "9.88%", "2016-09-30": "9.50%", "2016-06-30": "11.34%", "2016-03-31": "17.37%", "2015-12-31": "19.68%", "2015-09-30": "20.85%", "2015-06-30": "19.83%", "2015-03-31": "18.63%", "2014-12-31": "17.54%", "2014-09-30": "16.50%", "2014-06-30": "14.85%", "2014-03-31": "12.69%", "2013-12-31": "8.97%", "2013-09-30": "6.01%", "2013-06-30": "5.23%", "2013-03-31": "7.91%", "2012-12-31": "11.82%", "2012-09-30": "14.54%", "2012-06-30": "18.10%", "2012-03-31": "20.84%", "2011-12-31": "22.60%", "2011-09-30": "23.56%", "2011-06-30": "24.44%", "2011-03-31": "23.63%", "2010-12-31": "23.09%", "2010-09-30": "22.02%", "2010-06-30": "18.07%", "2010-03-31": "-17.13%", "2009-12-31": "-43.26%", "2009-09-30": "-53.24%", "2009-06-30": "-44.39%", "2009-03-31": "-2.57%", "2008-12-31": "9.02%", "2008-09-30": "10.78%", "2008-06-30": "12.76%", "2008-03-31": "14.44%", "2007-12-31": "15.38%", "2007-09-30": "16.33%", "2007-06-30": "17.20%", "2007-03-31": "17.94%", "2006-12-31": "16.62%", "2006-09-30": "16.03%", "2006-06-30": "13.67%", "2006-03-31": "11.05%", "2005-12-31": "9.23%"}, "net profit margin": {"2020-12-31": "15.06%", "2020-09-30": "12.81%", "2020-06-30": "11.40%", "2020-03-31": "9.98%", "2019-12-31": "7.42%", "2019-09-30": "9.13%", "2019-06-30": "11.45%", "2019-03-31": "15.16%", "2018-12-31": "18.94%", "2018-09-30": "18.77%", "2018-06-30": "17.98%", "2018-03-31": "18.64%", "2017-12-31": "17.69%", "2017-09-30": "16.92%", "2017-06-30": "15.43%", "2017-03-31": "9.81%", "2016-12-31": "8.10%", "2016-09-30": "8.09%", "2016-06-30": "9.32%", "2016-03-31": "13.67%", "2015-12-31": "15.13%", "2015-09-30": "15.52%", "2015-06-30": "15.82%", "2015-03-31": "14.96%", "2014-12-31": "14.72%", "2014-09-30": "12.92%", "2014-06-30": "9.72%", "2014-03-31": "8.19%", "2013-12-31": "5.23%", "2013-09-30": "3.17%", "2013-06-30": "3.48%", "2013-03-31": "5.39%", "2012-12-31": "7.62%", "2012-09-30": "9.99%", "2012-06-30": "12.93%", "2012-03-31": "14.71%", "2011-12-31": "15.80%", "2011-09-30": "16.44%", "2011-06-30": "16.96%", "2011-03-31": "17.02%", "2010-12-31": "16.76%", "2010-09-30": "15.80%", "2010-06-30": "12.10%", "2010-03-31": "-32.87%", "2009-12-31": "-53.94%", "2009-09-30": "-65.63%", "2009-06-30": "-54.15%", "2009-03-31": "-1.19%", "2008-12-31": "4.83%", "2008-09-30": "7.23%", "2008-06-30": "8.92%", "2008-03-31": "10.37%", "2007-12-31": "11.03%", "2007-09-30": "12.19%", "2007-06-30": "12.68%", "2007-03-31": "12.90%", "2006-12-31": "11.89%", "2006-09-30": "11.11%", "2006-06-30": "9.22%", "2006-03-31": "7.84%", "2005-12-31": "6.68%"}, "pe ratio": {"current": "21.85", "2021-02-05": "38.29", "2020-12-31": "35.48", "2020-09-30": "21.77", "2020-06-30": "26.81", "2020-03-31": "22.70", "2019-12-31": "42.84", "2019-09-30": "29.50", "2019-06-30": "19.54", "2019-03-31": "16.77", "2018-12-31": "8.90", "2018-09-30": "10.87", "2018-06-30": "13.55", "2018-03-31": "16.42", "2017-12-31": "14.96", "2017-09-30": "16.48", "2017-06-30": "13.62", "2017-03-31": "23.98", "2016-12-31": "29.76", "2016-09-30": "30.35", "2016-06-30": "26.86", "2016-03-31": "18.10", "2015-12-31": "14.96", "2015-09-30": "12.96", "2015-06-30": "14.66", "2015-03-31": "14.29", "2014-12-31": "15.75", "2014-09-30": "16.25", "2014-06-30": "20.50", "2014-03-31": "23.91", "2013-12-31": "40.27", "2013-09-30": "63.69", "2013-06-30": "63.17", "2013-03-31": "41.46", "2012-12-31": "25.33", "2012-09-30": "17.97", "2012-06-30": "14.32", "2012-03-31": "12.00", "2011-12-31": "9.88", "2011-09-30": "6.91", "2011-06-30": "7.81", "2011-03-31": "9.68", "2010-12-31": "7.47", "2010-09-30": "6.39", "2010-06-30": "10.24", "2010-03-31": "0.00", "2009-12-31": "0.00", "2009-09-30": "0.00", "2009-06-30": "0.00", "2009-03-31": "0.00", "2008-12-31": "21.77", "2008-09-30": "17.34", "2008-06-30": "15.58", "2008-03-31": "12.96", "2007-12-31": "10.89", "2007-09-30": "9.55", "2007-06-30": "12.85", "2007-03-31": "11.53", "2006-12-31": "11.40"}, "price sales": {"2021-02-05": "3.86", "2020-12-31": "3.57", "2020-09-30": "2.78", "2020-06-30": "3.05", "2020-03-31": "2.27", "2019-12-31": "3.17", "2019-09-30": "2.70", "2019-06-30": "2.24", "2019-03-31": "2.54", "2018-12-31": "1.69", "2018-09-30": "2.04", "2018-06-30": "2.43", "2018-03-31": "3.06", "2017-12-31": "2.65", "2017-09-30": "2.79", "2017-06-30": "2.10", "2017-03-31": "2.34", "2016-12-31": "2.39", "2016-09-30": "2.43", "2016-06-30": "2.49", "2016-03-31": "2.46", "2015-12-31": "2.26", "2015-09-30": "2.01", "2015-06-30": "2.33", "2015-03-31": "2.15", "2014-12-31": "2.34", "2014-09-30": "2.12", "2014-06-30": "2.03", "2014-03-31": "2.01", "2013-12-31": "2.19", "2013-09-30": "2.16", "2013-06-30": "2.23", "2013-03-31": "2.19", "2012-12-31": "1.91", "2012-09-30": "1.77", "2012-06-30": "1.84", "2012-03-31": "1.76", "2011-12-31": "1.56", "2011-09-30": "1.13", "2011-06-30": "1.32", "2011-03-31": "1.64", "2010-12-31": "1.25", "2010-09-30": "1.00", "2010-06-30": "1.23", "2010-03-31": "1.64", "2009-12-31": "1.86", "2009-09-30": "2.31", "2009-06-30": "1.37", "2009-03-31": "1.25", "2008-12-31": "1.04", "2008-09-30": "1.27", "2008-06-30": "1.39", "2008-03-31": "1.35", "2007-12-31": "1.20", "2007-09-30": "1.17", "2007-06-30": "1.64", "2007-03-31": "1.51", "2006-12-31": "1.37"}, "price book": {"current": "3.79", "2021-02-05": "4.02", "2020-09-30": "2.70", "2020-06-30": "2.92", "2020-03-31": "2.17", "2019-12-31": "2.95", "2019-09-30": "2.53", "2019-06-30": "2.16", "2019-03-31": "2.59", "2018-12-31": "1.83", "2018-09-30": "2.34", "2018-06-30": "2.85", "2018-03-31": "3.63", "2017-12-31": "3.15", "2017-09-30": "3.31", "2017-06-30": "2.48", "2017-03-31": "2.75", "2016-12-31": "2.48", "2016-09-30": "2.11", "2016-06-30": "1.88", "2016-03-31": "1.64", "2015-12-31": "1.57", "2015-09-30": "1.48", "2015-06-30": "1.69", "2015-03-31": "1.53", "2014-12-31": "1.68", "2014-09-30": "1.56", "2014-06-30": "1.47", "2014-03-31": "1.41", "2013-12-31": "1.43", "2013-09-30": "1.28", "2013-06-30": "1.27", "2013-03-31": "1.29", "2012-12-31": "1.20", "2012-09-30": "1.18", "2012-06-30": "1.33", "2012-03-31": "1.35", "2011-12-31": "1.29", "2011-09-30": "1.02", "2011-06-30": "1.26", "2011-03-31": "1.64", "2010-12-31": "1.25", "2010-09-30": "0.96", "2010-06-30": "1.06", "2010-03-31": "1.17", "2009-12-31": "1.07", "2009-09-30": "1.22", "2009-06-30": "0.84", "2009-03-31": "0.71", "2008-12-31": "0.70", "2008-09-30": "0.94", "2008-06-30": "1.04", "2008-03-31": "1.02", "2007-12-31": "0.93", "2007-09-30": "0.94", "2007-06-30": "1.41", "2007-03-31": "1.33", "2006-12-31": "1.21", "2006-09-30": "1.13", "2006-06-30": "1.16", "2006-03-31": "1.41"}, "price fcf": {"2021-02-05": "", "2020-09-30": "$7.34", "2020-06-30": "$5.93", "2020-03-31": "$4.95", "2019-12-31": "$4.04", "2019-09-30": "$4.21", "2019-06-30": "$4.90", "2019-03-31": "$5.50", "2018-12-31": "$6.38", "2018-09-30": "$5.62", "2018-06-30": "$5.77", "2018-03-31": "$5.90", "2017-12-31": "$5.88", "2017-09-30": "$5.51", "2017-06-30": "$5.16", "2017-03-31": "$3.71", "2016-12-31": "$2.98", "2016-09-30": "$2.86", "2016-06-30": "$2.19", "2016-03-31": "$2.42", "2015-12-31": "$2.35", "2015-09-30": "$2.15", "2015-06-30": "$2.26", "2015-03-31": "$1.85", "2014-12-31": "$1.66", "2014-09-30": "$1.70", "2014-06-30": "$1.59", "2014-03-31": "$1.33", "2013-12-31": "$1.19", "2013-09-30": "$0.92", "2013-06-30": "$0.84", "2013-03-31": "$1.80", "2012-12-31": "$2.24", "2012-09-30": "$2.80", "2012-06-30": "$3.06", "2012-03-31": "$2.62", "2011-12-31": "$2.66", "2011-09-30": "$3.42", "2011-06-30": "$3.25", "2011-03-31": "$3.10", "2010-12-31": "$2.90", "2010-09-30": "$1.44", "2010-06-30": "$0.82", "2010-03-31": "$0.51", "2009-12-31": "$0.01", "2009-09-30": "$0.35", "2009-06-30": "$0.67", "2009-03-31": "$0.96", "2008-12-31": "$1.56", "2008-09-30": "$1.60", "2008-06-30": "$1.88", "2008-03-31": "$1.75", "2007-12-31": "$1.82", "2007-09-30": "$1.62", "2007-06-30": "$1.50", "2007-03-31": "$1.49", "2006-12-31": "$1.21"}, "net worth": {"value": "$8.95B"}, "current ratio": {"2020-12-31": "4.83", "2020-09-30": "4.58", "2020-06-30": "4.47", "2020-03-31": "4.53", "2019-12-31": "4.51", "2019-09-30": "4.38", "2019-06-30": "4.80", "2019-03-31": "4.59", "2018-12-31": "5.56", "2018-09-30": "5.38", "2018-06-30": "5.03", "2018-03-31": "4.50", "2017-12-31": "4.27", "2017-09-30": "4.23", "2017-06-30": "4.66", "2017-03-31": "4.43", "2016-12-31": "4.21", "2016-09-30": "4.35", "2016-06-30": "4.82", "2016-03-31": "9.79", "2015-12-31": "10.33", "2015-09-30": "6.69", "2015-06-30": "6.14", "2015-03-31": "6.50", "2014-12-31": "8.64", "2014-09-30": "7.03", "2014-06-30": "8.23", "2014-03-31": "7.71", "2013-12-31": "6.85", "2013-09-30": "9.29", "2013-06-30": "10.83", "2013-03-31": "11.19", "2012-12-31": "10.95", "2012-09-30": "9.56", "2012-06-30": "10.54", "2012-03-31": "10.11", "2011-12-31": "9.18", "2011-09-30": "10.25", "2011-06-30": "8.33", "2011-03-31": "7.48", "2010-12-31": "6.86", "2010-09-30": "6.43", "2010-06-30": "6.16", "2010-03-31": "6.69", "2009-12-31": "7.47", "2009-09-30": "8.01", "2009-06-30": "8.31", "2009-03-31": "7.66", "2008-12-31": "6.96", "2008-09-30": "6.25", "2008-06-30": "6.15", "2008-03-31": "5.42", "2007-12-31": "6.37", "2007-09-30": "6.29", "2007-06-30": "5.90", "2007-03-31": "5.15", "2006-12-31": "4.55", "2006-09-30": "4.25", "2006-06-30": "4.26", "2006-03-31": "4.20", "2005-12-31": "5.60", "2005-09-30": "5.65", "2005-06-30": "5.36", "2005-03-31": "5.13"}, "quick ratio": {"2020-12-31": "3.49", "2020-09-30": "3.23", "2020-06-30": "3.07", "2020-03-31": "3.06", "2019-12-31": "3.06", "2019-09-30": "2.89", "2019-06-30": "3.12", "2019-03-31": "2.98", "2018-12-31": "4.10", "2018-09-30": "3.86", "2018-06-30": "3.66", "2018-03-31": "3.24", "2017-12-31": "3.10", "2017-09-30": "3.10", "2017-06-30": "3.48", "2017-03-31": "3.19", "2016-12-31": "3.05", "2016-09-30": "3.14", "2016-06-30": "3.48", "2016-03-31": "8.25", "2015-12-31": "8.65", "2015-09-30": "5.12", "2015-06-30": "4.66", "2015-03-31": "4.92", "2014-12-31": "7.14", "2014-09-30": "5.56", "2014-06-30": "6.55", "2014-03-31": "6.44", "2013-12-31": "5.74", "2013-09-30": "7.88", "2013-06-30": "9.11", "2013-03-31": "9.48", "2012-12-31": "9.25", "2012-09-30": "7.93", "2012-06-30": "8.82", "2012-03-31": "8.41", "2011-12-31": "7.58", "2011-09-30": "8.31", "2011-06-30": "6.72", "2011-03-31": "6.03", "2010-12-31": "5.44", "2010-09-30": "5.05", "2010-06-30": "4.89", "2010-03-31": "5.25", "2009-12-31": "5.82", "2009-09-30": "6.21", "2009-06-30": "6.30", "2009-03-31": "5.72", "2008-12-31": "5.23", "2008-09-30": "4.60", "2008-06-30": "4.45", "2008-03-31": "3.98", "2007-12-31": "4.80", "2007-09-30": "4.79", "2007-06-30": "4.43", "2007-03-31": "3.87", "2006-12-31": "3.40", "2006-09-30": "3.24", "2006-06-30": "3.20", "2006-03-31": "3.18", "2005-12-31": "4.50", "2005-09-30": "4.48", "2005-06-30": "4.25", "2005-03-31": "4.01"}, "debt equity ratio": {"current": "0.35", "2020-12-31": "0.65", "2020-09-30": "0.68", "2020-06-30": "0.71", "2020-03-31": "0.69", "2019-12-31": "0.69", "2019-09-30": "0.70", "2019-06-30": "0.74", "2019-03-31": "0.78", "2018-12-31": "0.40", "2018-09-30": "0.42", "2018-06-30": "0.43", "2018-03-31": "0.46", "2017-12-31": "0.52", "2017-09-30": "0.57", "2017-06-30": "0.67", "2017-03-31": "0.70", "2016-12-31": "0.78", "2016-09-30": "0.84", "2016-06-30": "0.90", "2016-03-31": "0.10", "2015-12-31": "0.10", "2015-09-30": "0.13", "2015-06-30": "0.13", "2015-03-31": "0.13", "2014-12-31": "0.13", "2014-09-30": "0.15", "2014-06-30": "0.15", "2014-03-31": "0.17", "2013-12-31": "0.19", "2013-09-30": "0.17", "2013-06-30": "0.13", "2013-03-31": "0.12", "2012-12-31": "0.14", "2012-09-30": "0.13", "2012-06-30": "0.12", "2012-03-31": "0.12", "2011-12-31": "0.13", "2011-09-30": "0.12", "2011-06-30": "0.14", "2011-03-31": "0.15", "2010-12-31": "0.16", "2010-09-30": "0.17", "2010-06-30": "0.17", "2010-03-31": "0.15", "2009-12-31": "0.13", "2009-09-30": "0.13", "2009-06-30": "0.12", "2009-03-31": "0.10", "2008-12-31": "0.11", "2008-09-30": "0.12", "2008-06-30": "0.13", "2008-03-31": "0.15", "2007-12-31": "0.13", "2007-09-30": "0.13", "2007-06-30": "0.14", "2007-03-31": "0.16", "2006-12-31": "0.16", "2006-09-30": "0.18", "2006-06-30": "0.17", "2006-03-31": "0.17", "2005-12-31": "0.13", "2005-09-30": "0.12", "2005-06-30": "0.13", "2005-03-31": "0.13"}, "return on equity": {"2020-12-31": "16.01%", "2020-09-30": "13.19%", "2020-06-30": "11.40%", "2020-03-31": "9.86%", "2019-12-31": "7.17%", "2019-09-30": "8.82%", "2019-06-30": "11.45%", "2019-03-31": "16.26%", "2018-12-31": "21.89%", "2018-09-30": "23.14%", "2018-06-30": "23.17%", "2018-03-31": "24.35%", "2017-12-31": "23.25%", "2017-09-30": "22.32%", "2017-06-30": "20.26%", "2017-03-31": "12.30%", "2016-12-31": "8.73%", "2016-09-30": "7.27%", "2016-06-30": "7.12%", "2016-03-31": "9.29%", "2015-12-31": "10.83%", "2015-09-30": "11.74%", "2015-06-30": "11.89%", "2015-03-31": "11.00%", "2014-12-31": "10.87%", "2014-09-30": "9.69%", "2014-06-30": "7.19%", "2014-03-31": "5.89%", "2013-12-31": "3.47%", "2013-09-30": "1.89%", "2013-06-30": "1.98%", "2013-03-31": "3.17%", "2012-12-31": "4.84%", "2012-09-30": "6.76%", "2012-06-30": "9.54%", "2012-03-31": "11.74%", "2011-12-31": "13.60%", "2011-09-30": "15.54%", "2011-06-30": "17.33%", "2011-03-31": "18.35%", "2010-12-31": "18.36%", "2010-09-30": "16.53%", "2010-06-30": "11.21%", "2010-03-31": "-24.49%", "2009-12-31": "-29.44%", "2009-09-30": "-30.24%", "2009-06-30": "-26.88%", "2009-03-31": "-0.68%", "2008-12-31": "3.35%", "2008-09-30": "5.59%", "2008-06-30": "6.94%", "2008-03-31": "8.28%", "2007-12-31": "8.97%", "2007-09-30": "10.25%", "2007-06-30": "11.35%", "2007-03-31": "11.90%", "2006-12-31": "10.99%", "2006-09-30": "9.73%", "2006-06-30": "7.41%", "2006-03-31": "5.78%", "2005-12-31": "4.56%"}, "return on assets": {"2020-12-31": "9.51%", "2020-09-30": "7.79%", "2020-06-30": "6.72%", "2020-03-31": "5.78%", "2019-12-31": "4.16%", "2019-09-30": "5.33%", "2019-06-30": "7.22%", "2019-03-31": "10.78%", "2018-12-31": "15.36%", "2018-09-30": "15.91%", "2018-06-30": "15.53%", "2018-03-31": "15.71%", "2017-12-31": "14.44%", "2017-09-30": "13.32%", "2017-06-30": "11.61%", "2017-03-31": "6.82%", "2016-12-31": "5.26%", "2016-09-30": "4.88%", "2016-06-30": "5.44%", "2016-03-31": "8.33%", "2015-12-31": "9.65%", "2015-09-30": "10.38%", "2015-06-30": "10.46%", "2015-03-31": "9.65%", "2014-12-31": "9.46%", "2014-09-30": "8.33%", "2014-06-30": "6.16%", "2014-03-31": "5.07%", "2013-12-31": "3.02%", "2013-09-30": "1.66%", "2013-06-30": "1.76%", "2013-03-31": "2.81%", "2012-12-31": "4.30%", "2012-09-30": "6.01%", "2012-06-30": "8.50%", "2012-03-31": "10.42%", "2011-12-31": "11.99%", "2011-09-30": "13.62%", "2011-06-30": "15.02%", "2011-03-31": "15.79%", "2010-12-31": "15.81%", "2010-09-30": "14.31%", "2010-06-30": "9.80%", "2010-03-31": "-21.65%", "2009-12-31": "-26.39%", "2009-09-30": "-27.22%", "2009-06-30": "-24.19%", "2009-03-31": "-0.61%", "2008-12-31": "2.97%", "2008-09-30": "4.93%", "2008-06-30": "6.12%", "2008-03-31": "7.28%", "2007-12-31": "7.86%", "2007-09-30": "8.93%", "2007-06-30": "9.80%", "2007-03-31": "10.21%", "2006-12-31": "9.41%", "2006-09-30": "8.38%", "2006-06-30": "6.44%", "2006-03-31": "5.08%", "2005-12-31": "4.03%"}, "return on investments": {"2020-12-31": "15.09%", "2020-09-30": "12.69%", "2020-06-30": "11.21%", "2020-03-31": "9.99%", "2019-12-31": "7.64%", "2019-09-30": "9.16%", "2019-06-30": "11.76%", "2019-03-31": "16.36%", "2018-12-31": "23.10%", "2018-09-30": "25.01%", "2018-06-30": "25.31%", "2018-03-31": "22.91%", "2017-12-31": "20.97%", "2017-09-30": "18.36%", "2017-06-30": "15.55%", "2017-03-31": "11.78%", "2016-12-31": "11.33%", "2016-09-30": "12.53%", "2016-06-30": "22.35%", "2016-03-31": "inf%", "2015-12-31": "inf%", "2015-09-30": "inf%", "2015-06-30": "inf%", "2015-03-31": "inf%", "2014-12-31": "inf%", "2014-09-30": "inf%", "2014-06-30": "inf%", "2014-03-31": "inf%", "2013-12-31": "inf%", "2013-09-30": "inf%", "2013-06-30": "inf%", "2013-03-31": "inf%", "2012-12-31": "inf%", "2012-09-30": "inf%", "2012-06-30": "inf%", "2012-03-31": "inf%", "2011-12-31": "inf%", "2011-09-30": "inf%", "2011-06-30": "inf%", "2011-03-31": "inf%", "2010-12-31": "inf%", "2010-09-30": "inf%", "2010-06-30": "70.16%", "2010-03-31": "-26.75%", "2009-12-31": "-31.34%", "2009-09-30": "-24.92%", "2009-06-30": "-22.64%", "2009-03-31": "-2.03%", "2008-12-31": "5.67%", "2008-09-30": "7.52%", "2008-06-30": "8.92%", "2008-03-31": "10.31%", "2007-12-31": "11.09%", "2007-09-30": "12.39%", "2007-06-30": "14.20%", "2007-03-31": "15.43%", "2006-12-31": "14.43%", "2006-09-30": "13.08%", "2006-06-30": "10.13%", "2006-03-31": "7.30%", "2005-12-31": "5.44%"}, "return on tangible equity": {"2020-09-30": "54.97%", "2020-06-30": "54.15%", "2020-03-31": "53.46%", "2019-12-31": "44.41%", "2019-09-30": "37.04%", "2019-06-30": "36.18%", "2019-03-31": "40.53%", "2018-12-31": "45.22%", "2018-09-30": "50.81%", "2018-06-30": "54.73%", "2018-03-31": "63.72%", "2017-12-31": "69.61%", "2017-09-30": "78.36%", "2017-06-30": "86.16%", "2017-03-31": "65.66%", "2016-12-31": "27.34%", "2016-09-30": "15.58%", "2016-06-30": "11.42%", "2016-03-31": "11.80%", "2015-12-31": "13.84%", "2015-09-30": "15.05%", "2015-06-30": "15.31%", "2015-03-31": "14.24%", "2014-12-31": "13.77%", "2014-09-30": "12.04%", "2014-06-30": "8.76%", "2014-03-31": "7.01%", "2013-12-31": "4.14%", "2013-09-30": "2.25%", "2013-06-30": "2.36%", "2013-03-31": "3.75%", "2012-12-31": "5.70%", "2012-09-30": "7.91%", "2012-06-30": "11.12%", "2012-03-31": "13.72%", "2011-12-31": "15.96%", "2011-09-30": "18.37%", "2011-06-30": "20.65%", "2011-03-31": "22.11%", "2010-12-31": "22.49%", "2010-09-30": "20.56%", "2010-06-30": "14.18%", "2010-03-31": "-31.39%", "2009-12-31": "-40.93%", "2009-09-30": "-45.13%", "2009-06-30": "-42.92%", "2009-03-31": "-1.15%", "2008-12-31": "5.67%", "2008-09-30": "9.41%", "2008-06-30": "11.42%", "2008-03-31": "13.40%", "2007-12-31": "14.42%", "2007-09-30": "16.58%", "2007-06-30": "18.86%", "2007-03-31": "20.45%", "2006-12-31": "19.59%", "2006-09-30": "17.13%", "2006-06-30": "12.78%", "2006-03-31": "9.72%", "2005-12-31": "7.42%"}, "dividend yield history": {"last payout": "$0.80", "last yield": "0.49%"}}