{"ticker": "MLM", "price": {"title": "Martin Marietta Materials Historical Annual Stock Price Data", "value": 318.56, "historical": {"2021": {"Average Stock Price": "301.2300", "Year Open": "277.8000", "Year High": "318.5600", "Year Low": "277.8000", "Year Close": "318.5600", "Annual % Change": "12.18%"}, "2020": {"Average Stock Price": "228.5557", "Year Open": "276.6100", "Year High": "284.9400", "Year Low": "144.1200", "Year Close": "283.9700", "Annual % Change": "1.55%"}, "2019": {"Average Stock Price": "229.8515", "Year Open": "170.9400", "Year High": "279.6400", "Year Low": "170.5100", "Year Close": "279.6400", "Annual % Change": "62.70%"}, "2018": {"Average Stock Price": "203.4559", "Year Open": "225.0000", "Year High": "239.9600", "Year Low": "153.4300", "Year Close": "171.8700", "Annual % Change": "-22.24%"}, "2017": {"Average Stock Price": "216.8849", "Year Open": "223.3300", "Year High": "242.0000", "Year Low": "195.5400", "Year Close": "221.0400", "Annual % Change": "-0.22%"}, "2016": {"Average Stock Price": "178.5567", "Year Open": "135.8100", "Year High": "233.5200", "Year Low": "117.0000", "Year Close": "221.5300", "Annual % Change": "62.20%"}, "2015": {"Average Stock Price": "147.1978", "Year Open": "110.8500", "Year High": "176.5100", "Year Low": "104.5800", "Year Close": "136.5800", "Annual % Change": "23.80%"}, "2014": {"Average Stock Price": "121.9838", "Year Open": "99.5400", "Year High": "134.9100", "Year Low": "98.7000", "Year Close": "110.3200", "Annual % Change": "10.39%"}, "2013": {"Average Stock Price": "100.3328", "Year Open": "96.9900", "Year High": "112.0900", "Year Low": "93.5600", "Year Close": "99.9400", "Annual % Change": "6.00%"}, "2012": {"Average Stock Price": "81.7382", "Year Open": "75.7400", "Year High": "95.5900", "Year Low": "64.5600", "Year Close": "94.2800", "Annual % Change": "25.02%"}, "2011": {"Average Stock Price": "78.6787", "Year Open": "93.0000", "Year High": "93.0000", "Year Low": "61.6200", "Year Close": "75.4100", "Annual % Change": "-18.25%"}, "2010": {"Average Stock Price": "85.0117", "Year Open": "91.6700", "Year High": "99.8100", "Year Low": "72.6100", "Year Close": "92.2400", "Annual % Change": "3.17%"}, "2009": {"Average Stock Price": "85.2281", "Year Open": "101.3400", "Year High": "104.2400", "Year Low": "68.3700", "Year Close": "89.4100", "Annual % Change": "-7.90%"}, "2008": {"Average Stock Price": "102.6779", "Year Open": "127.1400", "Year High": "127.1400", "Year Low": "60.2900", "Year Close": "97.0800", "Annual % Change": "-26.79%"}, "2007": {"Average Stock Price": "134.7102", "Year Open": "103.3300", "Year High": "168.7700", "Year Low": "99.9300", "Year Close": "132.6000", "Annual % Change": "27.61%"}, "2006": {"Average Stock Price": "91.2924", "Year Open": "78.7100", "Year High": "112.3700", "Year Low": "76.3900", "Year Close": "103.9100", "Annual % Change": "35.44%"}, "2005": {"Average Stock Price": "65.3941", "Year Open": "52.4000", "Year High": "79.9300", "Year Low": "50.0100", "Year Close": "76.7200", "Annual % Change": "42.97%"}, "2004": {"Average Stock Price": "45.9000", "Year Open": "46.4700", "Year High": "53.6600", "Year Low": "41.6600", "Year Close": "53.6600", "Annual % Change": "14.24%"}, "2003": {"Average Stock Price": "35.0510", "Year Open": "31.6800", "Year High": "47.7800", "Year Low": "26.1500", "Year Close": "46.9700", "Annual % Change": "53.20%"}, "2002": {"Average Stock Price": "37.1742", "Year Open": "46.5700", "Year High": "48.1200", "Year Low": "27.4500", "Year Close": "30.6600", "Annual % Change": "-34.21%"}, "2001": {"Average Stock Price": "43.9928", "Year Open": "40.7600", "Year High": "51.2700", "Year Low": "36.0000", "Year Close": "46.6000", "Annual % Change": "10.17%"}, "2000": {"Average Stock Price": "42.6955", "Year Open": "40.5000", "Year High": "54.2500", "Year Low": "32.2500", "Year Close": "42.3000", "Annual % Change": "3.17%"}, "1999": {"Average Stock Price": "50.3206", "Year Open": "58.0000", "Year High": "67.7500", "Year Low": "36.0000", "Year Close": "41.0000", "Annual % Change": "-34.07%"}, "1998": {"Average Stock Price": "45.1628", "Year Open": "37.0000", "Year High": "62.1900", "Year Low": "36.0000", "Year Close": "62.1900", "Annual % Change": "70.10%"}, "1997": {"Average Stock Price": "31.1631", "Year Open": "23.2500", "Year High": "37.0000", "Year Low": "23.2500", "Year Close": "36.5600", "Annual % Change": "57.25%"}, "1996": {"Average Stock Price": "22.7702", "Year Open": "20.6200", "Year High": "25.1250", "Year Low": "20.0000", "Year Close": "23.2500", "Annual % Change": "12.70%"}, "1995": {"Average Stock Price": "19.7858", "Year Open": "17.7500", "Year High": "22.0000", "Year Low": "16.7500", "Year Close": "20.6300", "Annual % Change": "16.23%"}}}, "market cap": {"value": "$19.05B"}, "income statement": {"Revenue": {"2019-12-31": "4739.10000", "2018-12-31": "4244.30000", "2017-12-31": "3965.60000", "2016-12-31": "3818.74900", "2015-12-31": "3539.57000", "2014-12-31": "2957.95100", "2013-12-31": "2155.55100", "2012-12-31": "2031.90100", "2011-12-31": "1713.61600", "2010-12-31": "1652.80600", "2009-12-31": "1573.31600", "2008-12-31": "2116.42100", "2007-12-31": "2189.24800", "2006-12-31": "2177.77500", "2005-12-31": "1975.28800"}, "Cost Of Goods Sold": {"2019-12-31": "3560.10000", "2018-12-31": "3277.70000", "2017-12-31": "2993.70000", "2016-12-31": "2907.01100", "2015-12-31": "2812.65000", "2014-12-31": "2435.59100", "2013-12-31": "1791.59400", "2012-12-31": "1704.76700", "2011-12-31": "1411.61400", "2010-12-31": "1331.15500", "2009-12-31": "1241.74900", "2008-12-31": "1645.90600", "2007-12-31": "1621.04300", "2006-12-31": "1655.24600", "2005-12-31": "1546.35300"}, "Gross Profit": {"2019-12-31": "1179.00000", "2018-12-31": "966.59990", "2017-12-31": "971.90010", "2016-12-31": "911.73800", "2015-12-31": "726.91990", "2014-12-31": "522.35990", "2013-12-31": "363.95700", "2012-12-31": "327.13400", "2011-12-31": "302.00200", "2010-12-31": "321.65100", "2009-12-31": "331.56710", "2008-12-31": "470.51490", "2007-12-31": "568.20500", "2006-12-31": "522.52890", "2005-12-31": "428.93490"}, "Research And Development Expenses": {"2019-12-31": "", "2018-12-31": "", "2017-12-31": "", "2016-12-31": "", "2015-12-31": "", "2014-12-31": "", "2013-12-31": "", "2012-12-31": "", "2011-12-31": "18.57500", "2010-12-31": "1.22000", "2009-12-31": "2.19900", "2008-12-31": "0.59600", "2007-12-31": "0.86900", "2006-12-31": "0.73600", "2005-12-31": "0.66200"}, "SG&A Expenses": {"2019-12-31": "302.70000", "2018-12-31": "280.60000", "2017-12-31": "262.10000", "2016-12-31": "241.60600", "2015-12-31": "210.75400", "2014-12-31": "169.24500", "2013-12-31": "150.09100", "2012-12-31": "138.39800", "2011-12-31": "124.13800", "2010-12-31": "130.42200", "2009-12-31": "135.88100", "2008-12-31": "151.34800", "2007-12-31": "155.18600", "2006-12-31": "146.66500", "2005-12-31": "130.70300"}, "Other Operating Income Or Expenses": {"2019-12-31": "9.10000", "2018-12-31": "18.20000", "2017-12-31": "-0.80000", "2016-12-31": "8.04300", "2015-12-31": "-15.65300", "2014-12-31": "4.64900", "2013-12-31": "4.79300", "2012-12-31": "2.57400", "2011-12-31": "1.72000", "2010-12-31": "8.29800", "2009-12-31": "-10.57500", "2008-12-31": "4.81500", "2007-12-31": "18.07700", "2006-12-31": "12.64000", "2005-12-31": "16.23100"}, "Operating Expenses": {"2019-12-31": "3854.20000", "2018-12-31": "3553.60000", "2017-12-31": "3265.20000", "2016-12-31": "3141.48300", "2015-12-31": "3045.40300", "2014-12-31": "2643.07800", "2013-12-31": "1937.56300", "2012-12-31": "1875.73100", "2011-12-31": "1552.60700", "2010-12-31": "1454.49900", "2009-12-31": "1390.40400", "2008-12-31": "1793.03500", "2007-12-31": "1759.02100", "2006-12-31": "1790.00700", "2005-12-31": "1661.48700"}, "Operating Income": {"2019-12-31": "884.90010", "2018-12-31": "690.69970", "2017-12-31": "700.39990", "2016-12-31": "677.26610", "2015-12-31": "494.16700", "2014-12-31": "314.87280", "2013-12-31": "217.98790", "2012-12-31": "156.17000", "2011-12-31": "161.00900", "2010-12-31": "198.30700", "2009-12-31": "182.91220", "2008-12-31": "323.38590", "2007-12-31": "430.22690", "2006-12-31": "387.76790", "2005-12-31": "313.80090"}, "Total Non-Operating Income/Expense": {"2019-12-31": "-136.60000", "2018-12-31": "-114.60000", "2017-12-31": "-81.50000", "2016-12-31": "-70.23800", "2015-12-31": "-80.36600", "2014-12-31": "-65.69500", "2013-12-31": "-53.76200", "2012-12-31": "-52.04000", "2011-12-31": "-60.42000", "2010-12-31": "-68.63800", "2009-12-31": "-72.29000", "2008-12-31": "-76.25700", "2007-12-31": "-53.60200", "2006-12-31": "-37.61600", "2005-12-31": "-41.11400"}, "Pre-Tax Income": {"2019-12-31": "748.30000", "2018-12-31": "576.10000", "2017-12-31": "618.90000", "2016-12-31": "607.02800", "2015-12-31": "413.80100", "2014-12-31": "249.17800", "2013-12-31": "164.22600", "2012-12-31": "104.13000", "2011-12-31": "100.58900", "2010-12-31": "129.66900", "2009-12-31": "110.62200", "2008-12-31": "247.12900", "2007-12-31": "376.62500", "2006-12-31": "350.15200", "2005-12-31": "272.68700"}, "Income Taxes": {"2019-12-31": "136.30000", "2018-12-31": "105.70000", "2017-12-31": "-94.50000", "2016-12-31": "181.58400", "2015-12-31": "124.86300", "2014-12-31": "94.84700", "2013-12-31": "44.04500", "2012-12-31": "17.43100", "2011-12-31": "21.00300", "2010-12-31": "30.91300", "2009-12-31": "25.97400", "2008-12-31": "72.08800", "2007-12-31": "115.36000", "2006-12-31": "106.69100", "2005-12-31": "74.22500"}, "Income After Taxes": {"2019-12-31": "612.00000", "2018-12-31": "470.40000", "2017-12-31": "713.40000", "2016-12-31": "425.44400", "2015-12-31": "288.93800", "2014-12-31": "154.33100", "2013-12-31": "120.18100", "2012-12-31": "86.69900", "2011-12-31": "79.58600", "2010-12-31": "98.75600", "2009-12-31": "84.64800", "2008-12-31": "175.04100", "2007-12-31": "261.26500", "2006-12-31": "243.46100", "2005-12-31": "198.46200"}, "Other Income": {"2019-12-31": "", "2018-12-31": "", "2017-12-31": "", "2016-12-31": "", "2015-12-31": "", "2014-12-31": "", "2013-12-31": "", "2012-12-31": "", "2011-12-31": "", "2010-12-31": "", "2009-12-31": "", "2008-12-31": "", "2007-12-31": "", "2006-12-31": "", "2005-12-31": ""}, "Income From Continuous Operations": {"2019-12-31": "612.00000", "2018-12-31": "470.40000", "2017-12-31": "713.40000", "2016-12-31": "425.44400", "2015-12-31": "288.93800", "2014-12-31": "154.33100", "2013-12-31": "120.18100", "2012-12-31": "86.69900", "2011-12-31": "79.58600", "2010-12-31": "98.75600", "2009-12-31": "84.64800", "2008-12-31": "175.04100", "2007-12-31": "261.26500", "2006-12-31": "243.46100", "2005-12-31": "198.46200"}, "Income From Discontinued Operations": {"2019-12-31": "", "2018-12-31": "", "2017-12-31": "", "2016-12-31": "", "2015-12-31": "", "2014-12-31": "-0.03700", "2013-12-31": "-0.74900", "2012-12-31": "-1.17200", "2011-12-31": "3.98700", "2010-12-31": "-0.09200", "2009-12-31": "3.51600", "2008-12-31": "4.70900", "2007-12-31": "2.07400", "2006-12-31": "1.96100", "2005-12-31": "-5.79600"}, "Net Income": {"2019-12-31": "611.90000", "2018-12-31": "470.00000", "2017-12-31": "713.30000", "2016-12-31": "425.38600", "2015-12-31": "288.79200", "2014-12-31": "155.60100", "2013-12-31": "121.33700", "2012-12-31": "84.47400", "2011-12-31": "82.37900", "2010-12-31": "97.01200", "2009-12-31": "85.45900", "2008-12-31": "176.25600", "2007-12-31": "262.74900", "2006-12-31": "245.42200", "2005-12-31": "192.66600"}, "EBITDA": {"2019-12-31": "1256.40000", "2018-12-31": "1034.70000", "2017-12-31": "997.59990", "2016-12-31": "962.51910", "2015-12-31": "757.75400", "2014-12-31": "537.61880", "2013-12-31": "391.74890", "2012-12-31": "333.38100", "2011-12-31": "334.41600", "2010-12-31": "379.84400", "2009-12-31": "362.30320", "2008-12-31": "494.51490", "2007-12-31": "580.56490", "2006-12-31": "529.19700", "2005-12-31": "452.05190"}, "EBIT": {"2019-12-31": "884.90010", "2018-12-31": "690.69970", "2017-12-31": "700.39990", "2016-12-31": "677.26610", "2015-12-31": "494.16700", "2014-12-31": "314.87280", "2013-12-31": "217.98790", "2012-12-31": "156.17000", "2011-12-31": "161.00900", "2010-12-31": "198.30700", "2009-12-31": "182.91220", "2008-12-31": "323.38590", "2007-12-31": "430.22690", "2006-12-31": "387.76790", "2005-12-31": "313.80090"}, "Basic Shares Outstanding": {"2019-12-31": "62.50000", "2018-12-31": "62.90000", "2017-12-31": "62.90000", "2016-12-31": "63.61000", "2015-12-31": "66.77000", "2014-12-31": "56.85400", "2013-12-31": "46.16400", "2012-12-31": "45.82800", "2011-12-31": "45.65200", "2010-12-31": "45.48500", "2009-12-31": "44.00000", "2008-12-31": "41.37000", "2007-12-31": "42.65300", "2006-12-31": "45.45300", "2005-12-31": "46.54000"}, "Shares Outstanding": {"2019-12-31": "62.70000", "2018-12-31": "63.10000", "2017-12-31": "63.20000", "2016-12-31": "63.86100", "2015-12-31": "67.02000", "2014-12-31": "57.08800", "2013-12-31": "46.28500", "2012-12-31": "45.97000", "2011-12-31": "45.79300", "2010-12-31": "45.65900", "2009-12-31": "44.19000", "2008-12-31": "41.61700", "2007-12-31": "43.02100", "2006-12-31": "46.36700", "2005-12-31": "47.27900"}, "Basic EPS": {"2019-12-31": "9.77000", "2018-12-31": "7.46000", "2017-12-31": "11.30000", "2016-12-31": "6.66000", "2015-12-31": "4.31000", "2014-12-31": "2.73000", "2013-12-31": "2.62000", "2012-12-31": "1.83000", "2011-12-31": "1.79000", "2010-12-31": "2.11000", "2009-12-31": "1.92000", "2008-12-31": "4.20000", "2007-12-31": "6.09000", "2006-12-31": "5.40000", "2005-12-31": "4.14000"}, "EPS - Earnings Per Share": {"2019-12-31": "9.74000", "2018-12-31": "7.43000", "2017-12-31": "11.25000", "2016-12-31": "6.63000", "2015-12-31": "4.29000", "2014-12-31": "2.71000", "2013-12-31": "2.61000", "2012-12-31": "1.83000", "2011-12-31": "1.78000", "2010-12-31": "2.10000", "2009-12-31": "1.91000", "2008-12-31": "4.18000", "2007-12-31": "6.03000", "2006-12-31": "5.29000", "2005-12-31": "4.08000"}}, "income statement, quarterly": {"Revenue": {"2020-09-30": "1321.40000", "2020-06-30": "1270.60000", "2020-03-31": "958.20000", "2019-12-31": "1100.40000", "2019-09-30": "1420.20000", "2019-06-30": "1279.50000", "2019-03-31": "939.00000", "2018-12-31": "1020.25300", "2018-09-30": "1219.64000", "2018-06-30": "1202.40300", "2018-03-31": "802.00400", "2017-12-31": "970.48510", "2017-09-30": "1087.73200", "2017-06-30": "1063.52400", "2017-03-31": "843.85900", "2016-12-31": "948.81620", "2016-09-30": "1103.90100", "2016-06-30": "977.29800", "2016-03-31": "788.73400", "2015-12-31": "844.55510", "2015-09-30": "1082.24900", "2015-06-30": "921.41900", "2015-03-31": "691.34700", "2014-12-31": "856.37390", "2014-09-30": "1003.72300", "2014-06-30": "669.22500", "2014-03-31": "428.62900", "2013-12-31": "544.99600", "2013-09-30": "665.32000", "2013-06-30": "561.32600", "2013-03-31": "383.90900", "2012-12-31": "499.97110", "2012-09-30": "592.26800", "2012-06-30": "545.68800", "2012-03-31": "393.97400", "2011-12-31": "420.89600", "2011-09-30": "502.38600", "2011-06-30": "462.39100", "2011-03-31": "327.94300", "2010-12-31": "297.83100", "2010-09-30": "509.40100", "2010-06-30": "504.63000", "2010-03-31": "340.94400", "2009-12-31": "245.40300", "2009-09-30": "487.96700", "2009-06-30": "465.38500", "2009-03-31": "374.56100", "2008-12-31": "468.32700", "2008-09-30": "598.71100", "2008-06-30": "597.82400", "2008-03-31": "451.55900", "2007-12-31": "523.87800", "2007-09-30": "615.38200", "2007-06-30": "590.31300", "2007-03-31": "459.67500", "2006-12-31": "506.16980", "2006-09-30": "601.65300", "2006-06-30": "587.03300", "2006-03-31": "482.91900", "2005-12-31": "477.80600", "2005-09-30": "563.91400", "2005-06-30": "543.84100", "2005-03-31": "389.72700"}, "Cost Of Goods Sold": {"2020-09-30": "916.90000", "2020-06-30": "890.10000", "2020-03-31": "815.80000", "2019-12-31": "841.80000", "2019-09-30": "999.60000", "2019-06-30": "922.60000", "2019-03-31": "796.10000", "2018-12-31": "792.94590", "2018-09-30": "906.65600", "2018-06-30": "886.48600", "2018-03-31": "691.61200", "2017-12-31": "711.42410", "2017-09-30": "796.05400", "2017-06-30": "789.43000", "2017-03-31": "696.79200", "2016-12-31": "723.06600", "2016-09-30": "810.59400", "2016-06-30": "729.86700", "2016-03-31": "643.48400", "2015-12-31": "654.55410", "2015-09-30": "819.74400", "2015-06-30": "721.26600", "2015-03-31": "617.08600", "2014-12-31": "691.04420", "2014-09-30": "808.13000", "2014-06-30": "533.62300", "2014-03-31": "402.79400", "2013-12-31": "443.96410", "2013-09-30": "522.21200", "2013-06-30": "454.33000", "2013-03-31": "371.08800", "2012-12-31": "422.75100", "2012-09-30": "468.24600", "2012-06-30": "443.62200", "2012-03-31": "370.14800", "2011-12-31": "350.98510", "2011-09-30": "390.49300", "2011-06-30": "364.84800", "2011-03-31": "305.28800", "2010-12-31": "227.30210", "2010-09-30": "395.59200", "2010-06-30": "386.93000", "2010-03-31": "321.33100", "2009-12-31": "191.83590", "2009-09-30": "370.21900", "2009-06-30": "353.66800", "2009-03-31": "326.02600", "2008-12-31": "364.00310", "2008-09-30": "447.13700", "2008-06-30": "458.35500", "2008-03-31": "376.41100", "2007-12-31": "395.10510", "2007-09-30": "448.06800", "2007-06-30": "412.39100", "2007-03-31": "365.47900", "2006-12-31": "370.38410", "2006-09-30": "452.36600", "2006-06-30": "433.89300", "2006-03-31": "398.60300", "2005-12-31": "363.05400", "2005-09-30": "429.02500", "2005-06-30": "414.21600", "2005-03-31": "340.05800"}, "Gross Profit": {"2020-09-30": "404.50010", "2020-06-30": "380.49990", "2020-03-31": "142.40000", "2019-12-31": "258.60020", "2019-09-30": "420.60000", "2019-06-30": "356.90000", "2019-03-31": "142.90000", "2018-12-31": "227.30680", "2018-09-30": "312.98400", "2018-06-30": "315.91690", "2018-03-31": "110.39200", "2017-12-31": "259.06100", "2017-09-30": "291.67810", "2017-06-30": "274.09410", "2017-03-31": "147.06700", "2016-12-31": "225.75010", "2016-09-30": "293.30700", "2016-06-30": "247.43100", "2016-03-31": "145.25000", "2015-12-31": "190.00100", "2015-09-30": "262.50500", "2015-06-30": "200.15300", "2015-03-31": "74.26100", "2014-12-31": "165.32970", "2014-09-30": "195.59300", "2014-06-30": "135.60200", "2014-03-31": "25.83500", "2013-12-31": "101.03190", "2013-09-30": "143.10800", "2013-06-30": "106.99600", "2013-03-31": "12.82100", "2012-12-31": "77.22010", "2012-09-30": "124.02200", "2012-06-30": "102.06600", "2012-03-31": "23.82600", "2011-12-31": "69.91090", "2011-09-30": "111.89300", "2011-06-30": "97.54300", "2011-03-31": "22.65500", "2010-12-31": "70.52900", "2010-09-30": "113.80900", "2010-06-30": "117.70000", "2010-03-31": "19.61300", "2009-12-31": "53.56710", "2009-09-30": "117.74800", "2009-06-30": "111.71700", "2009-03-31": "48.53500", "2008-12-31": "104.32390", "2008-09-30": "151.57400", "2008-06-30": "139.46900", "2008-03-31": "75.14800", "2007-12-31": "128.77290", "2007-09-30": "167.31400", "2007-06-30": "177.92200", "2007-03-31": "94.19600", "2006-12-31": "135.78570", "2006-09-30": "149.28700", "2006-06-30": "153.14000", "2006-03-31": "84.31600", "2005-12-31": "114.75200", "2005-09-30": "134.88900", "2005-06-30": "129.62500", "2005-03-31": "49.66900"}, "Research And Development Expenses": {"2020-09-30": "", "2020-06-30": "", "2020-03-31": "", "2019-12-31": "", "2019-09-30": "", "2019-06-30": "", "2019-03-31": "", "2018-12-31": "", "2018-09-30": "", "2018-06-30": "", "2018-03-31": "", "2017-12-31": "", "2017-09-30": "", "2017-06-30": "", "2017-03-31": "", "2016-12-31": "", "2016-09-30": "", "2016-06-30": "", "2016-03-31": "", "2015-12-31": "", "2015-09-30": "", "2015-06-30": "", "2015-03-31": "", "2014-12-31": "", "2014-09-30": "", "2014-06-30": "", "2014-03-31": "", "2013-12-31": "", "2013-09-30": "", "2013-06-30": "0.27500", "2013-03-31": "0.30700", "2012-12-31": "", "2012-09-30": "", "2012-06-30": "9.24000", "2012-03-31": "25.90100", "2011-12-31": "15.13500", "2011-09-30": "0.73300", "2011-06-30": "1.73500", "2011-03-31": "0.97200", "2010-12-31": "1.07100", "2010-09-30": "0.11400", "2010-06-30": "0.02200", "2010-03-31": "0.01300", "2009-12-31": "1.84900", "2009-09-30": "0.05100", "2009-06-30": "0.16300", "2009-03-31": "0.13600", "2008-12-31": "0.13900", "2008-09-30": "0.14500", "2008-06-30": "0.13400", "2008-03-31": "0.17800", "2007-12-31": "0.31000", "2007-09-30": "0.17000", "2007-06-30": "0.18600", "2007-03-31": "0.20300", "2006-12-31": "0.25700", "2006-09-30": "0.17500", "2006-06-30": "0.14000", "2006-03-31": "0.16400", "2005-12-31": "0.13200", "2005-09-30": "0.18900", "2005-06-30": "0.19300", "2005-03-31": "0.14800"}, "SG&A Expenses": {"2020-09-30": "71.10000", "2020-06-30": "71.20000", "2020-03-31": "78.70000", "2019-12-31": "73.80000", "2019-09-30": "78.20000", "2019-06-30": "72.40000", "2019-03-31": "78.30000", "2018-12-31": "70.96800", "2018-09-30": "68.44100", "2018-06-30": "71.07000", "2018-03-31": "70.12100", "2017-12-31": "66.97300", "2017-09-30": "57.21900", "2017-06-30": "68.37300", "2017-03-31": "69.53500", "2016-12-31": "68.70300", "2016-09-30": "54.77300", "2016-06-30": "59.78100", "2016-03-31": "58.34900", "2015-12-31": "49.63400", "2015-09-30": "54.88700", "2015-06-30": "56.78300", "2015-03-31": "49.45000", "2014-12-31": "50.00500", "2014-09-30": "48.42700", "2014-06-30": "36.56600", "2014-03-31": "34.24700", "2013-12-31": "37.46000", "2013-09-30": "37.14000", "2013-06-30": "37.84300", "2013-03-31": "37.64800", "2012-12-31": "37.99900", "2012-09-30": "32.09500", "2012-06-30": "35.27500", "2012-03-31": "33.02900", "2011-12-31": "31.72300", "2011-09-30": "32.77400", "2011-06-30": "31.00100", "2011-03-31": "28.64000", "2010-12-31": "32.05700", "2010-09-30": "31.23500", "2010-06-30": "33.55900", "2010-03-31": "33.57100", "2009-12-31": "29.02600", "2009-09-30": "32.93200", "2009-06-30": "36.76600", "2009-03-31": "37.15700", "2008-12-31": "33.87900", "2008-09-30": "37.73400", "2008-06-30": "42.03900", "2008-03-31": "37.69600", "2007-12-31": "36.16500", "2007-09-30": "36.43900", "2007-06-30": "44.30900", "2007-03-31": "38.27300", "2006-12-31": "38.10200", "2006-09-30": "35.25400", "2006-06-30": "37.14800", "2006-03-31": "36.16100", "2005-12-31": "33.54800", "2005-09-30": "33.52600", "2005-06-30": "31.80100", "2005-03-31": "31.82800"}, "Other Operating Income Or Expenses": {"2020-09-30": "67.60000", "2020-06-30": "-2.40000", "2020-03-31": "-5.60000", "2019-12-31": "0.10000", "2019-09-30": "2.90000", "2019-06-30": "1.40000", "2019-03-31": "4.70000", "2018-12-31": "-8.76100", "2018-09-30": "-3.79200", "2018-06-30": "31.23200", "2018-03-31": "-0.47900", "2017-12-31": "-3.37200", "2017-09-30": "-6.18100", "2017-06-30": "9.11300", "2017-03-31": "-0.36000", "2016-12-31": "0.73500", "2016-09-30": "4.44100", "2016-06-30": "3.44600", "2016-03-31": "-0.57900", "2015-12-31": "12.31000", "2015-09-30": "-26.03300", "2015-06-30": "-4.29400", "2015-03-31": "2.36400", "2014-12-31": "5.23000", "2014-09-30": "-5.09200", "2014-06-30": "2.48500", "2014-03-31": "2.02600", "2013-12-31": "-0.74200", "2013-09-30": "2.96400", "2013-06-30": "0.75700", "2013-03-31": "1.81400", "2012-12-31": "1.50100", "2012-09-30": "-0.39400", "2012-06-30": "1.69000", "2012-03-31": "-0.22300", "2011-12-31": "-2.30800", "2011-09-30": "1.62500", "2011-06-30": "-0.10600", "2011-03-31": "2.50900", "2010-12-31": "-0.73400", "2010-09-30": "1.39400", "2010-06-30": "6.53100", "2010-03-31": "1.10700", "2009-12-31": "-12.88600", "2009-09-30": "4.44800", "2009-06-30": "-1.84300", "2009-03-31": "-0.29400", "2008-12-31": "-9.57400", "2008-09-30": "1.21600", "2008-06-30": "7.58700", "2008-03-31": "5.58600", "2007-12-31": "6.58200", "2007-09-30": "6.17600", "2007-06-30": "2.82800", "2007-03-31": "2.49100", "2006-12-31": "3.25400", "2006-09-30": "2.15400", "2006-06-30": "3.59200", "2006-03-31": "3.64000", "2005-12-31": "5.60400", "2005-09-30": "6.64400", "2005-06-30": "2.22500", "2005-03-31": "1.75800"}, "Operating Expenses": {"2020-09-30": "920.80000", "2020-06-30": "964.20010", "2020-03-31": "900.40000", "2019-12-31": "915.90010", "2019-09-30": "1074.90000", "2019-06-30": "993.60000", "2019-03-31": "869.80000", "2018-12-31": "873.24910", "2018-09-30": "978.97800", "2018-06-30": "938.45000", "2018-03-31": "762.92300", "2017-12-31": "787.05110", "2017-09-30": "860.76800", "2017-06-30": "850.67200", "2017-03-31": "766.70900", "2016-12-31": "791.09000", "2016-09-30": "861.23210", "2016-06-30": "786.45000", "2016-03-31": "702.71100", "2015-12-31": "692.44100", "2015-09-30": "902.75100", "2015-06-30": "784.43500", "2015-03-31": "665.77600", "2014-12-31": "737.80020", "2014-09-30": "887.76700", "2014-06-30": "572.98400", "2014-03-31": "444.52700", "2013-12-31": "482.16620", "2013-09-30": "556.47700", "2013-06-30": "491.69100", "2013-03-31": "407.22900", "2012-12-31": "459.24800", "2012-09-30": "500.73500", "2012-06-30": "486.44700", "2012-03-31": "429.30100", "2011-12-31": "400.15100", "2011-09-30": "422.37500", "2011-06-30": "397.69000", "2011-03-31": "332.39100", "2010-12-31": "261.16410", "2010-09-30": "425.54700", "2010-06-30": "413.98000", "2010-03-31": "353.80800", "2009-12-31": "235.59680", "2009-09-30": "398.75400", "2009-06-30": "392.44000", "2009-03-31": "363.61300", "2008-12-31": "407.59500", "2008-09-30": "483.80000", "2008-06-30": "492.94100", "2008-03-31": "408.69900", "2007-12-31": "424.99800", "2007-09-30": "478.50100", "2007-06-30": "454.05800", "2007-03-31": "401.46400", "2006-12-31": "405.48900", "2006-09-30": "485.64100", "2006-06-30": "467.58900", "2006-03-31": "431.28800", "2005-12-31": "391.13010", "2005-09-30": "456.09600", "2005-06-30": "443.98500", "2005-03-31": "370.27600"}, "Operating Income": {"2020-09-30": "400.60000", "2020-06-30": "306.39990", "2020-03-31": "57.80000", "2019-12-31": "184.50010", "2019-09-30": "345.30000", "2019-06-30": "285.90000", "2019-03-31": "69.20000", "2018-12-31": "147.00360", "2018-09-30": "240.66200", "2018-06-30": "263.95290", "2018-03-31": "39.08100", "2017-12-31": "183.43400", "2017-09-30": "226.96410", "2017-06-30": "212.85210", "2017-03-31": "77.15000", "2016-12-31": "157.72610", "2016-09-30": "242.66890", "2016-06-30": "190.84800", "2016-03-31": "86.02300", "2015-12-31": "152.11410", "2015-09-30": "179.49800", "2015-06-30": "136.98400", "2015-03-31": "25.57100", "2014-12-31": "118.57370", "2014-09-30": "115.95610", "2014-06-30": "96.24100", "2014-03-31": "-15.89800", "2013-12-31": "62.82980", "2013-09-30": "108.84300", "2013-06-30": "69.63500", "2013-03-31": "-23.32000", "2012-12-31": "40.72310", "2012-09-30": "91.53300", "2012-06-30": "59.24100", "2012-03-31": "-35.32700", "2011-12-31": "20.74500", "2011-09-30": "80.01100", "2011-06-30": "64.70100", "2011-03-31": "-4.44800", "2010-12-31": "36.66700", "2010-09-30": "83.85400", "2010-06-30": "90.65000", "2010-03-31": "-12.86400", "2009-12-31": "9.80620", "2009-09-30": "89.21300", "2009-06-30": "72.94500", "2009-03-31": "10.94800", "2008-12-31": "60.73200", "2008-09-30": "114.91100", "2008-06-30": "104.88300", "2008-03-31": "42.86000", "2007-12-31": "98.88000", "2007-09-30": "136.88100", "2007-06-30": "136.25500", "2007-03-31": "58.21100", "2006-12-31": "100.68080", "2006-09-30": "116.01200", "2006-06-30": "119.44400", "2006-03-31": "51.63100", "2005-12-31": "86.67590", "2005-09-30": "107.81800", "2005-06-30": "99.85600", "2005-03-31": "19.45100"}, "Total Non-Operating Income/Expense": {"2020-09-30": "-24.70000", "2020-06-30": "-27.40000", "2020-03-31": "-31.80000", "2019-12-31": "-28.30000", "2019-09-30": "-30.50000", "2019-06-30": "-46.50000", "2019-03-31": "-31.30000", "2018-12-31": "-30.94700", "2018-09-30": "-31.22000", "2018-06-30": "-25.84900", "2018-03-31": "-26.58400", "2017-12-31": "-19.89800", "2017-09-30": "-22.66200", "2017-06-30": "-18.62500", "2017-03-31": "-20.31500", "2016-12-31": "-21.35800", "2016-09-30": "-12.32200", "2016-06-30": "-15.30000", "2016-03-31": "-21.25800", "2015-12-31": "-29.62900", "2015-09-30": "-14.43700", "2015-06-30": "-16.07600", "2015-03-31": "-20.22400", "2014-12-31": "-19.41200", "2014-09-30": "-17.96400", "2014-06-30": "-12.65500", "2014-03-31": "-15.66400", "2013-12-31": "-12.94900", "2013-09-30": "-13.61900", "2013-06-30": "-13.07500", "2013-03-31": "-14.11900", "2012-12-31": "-13.35000", "2012-09-30": "-13.84400", "2012-06-30": "-13.21400", "2012-03-31": "-11.63200", "2011-12-31": "-12.91000", "2011-09-30": "-15.54500", "2011-06-30": "-14.06100", "2011-03-31": "-17.90400", "2010-12-31": "-16.90900", "2010-09-30": "-16.55900", "2010-06-30": "-18.15400", "2010-03-31": "-17.01600", "2009-12-31": "-18.44700", "2009-09-30": "-16.98500", "2009-06-30": "-17.31100", "2009-03-31": "-19.54700", "2008-12-31": "-21.32200", "2008-09-30": "-20.26400", "2008-06-30": "-18.94700", "2008-03-31": "-15.72400", "2007-12-31": "-13.54200", "2007-09-30": "-15.99200", "2007-06-30": "-15.54800", "2007-03-31": "-8.52000", "2006-12-31": "-10.02300", "2006-09-30": "-10.30900", "2006-06-30": "-9.40200", "2006-03-31": "-7.88200", "2005-12-31": "-9.97200", "2005-09-30": "-10.96100", "2005-06-30": "-11.62600", "2005-03-31": "-8.55500"}, "Pre-Tax Income": {"2020-09-30": "375.90000", "2020-06-30": "279.00000", "2020-03-31": "26.00000", "2019-12-31": "156.20000", "2019-09-30": "314.80000", "2019-06-30": "239.40000", "2019-03-31": "37.90000", "2018-12-31": "116.05700", "2018-09-30": "209.44200", "2018-06-30": "238.10400", "2018-03-31": "12.49700", "2017-12-31": "163.53600", "2017-09-30": "204.30200", "2017-06-30": "194.22700", "2017-03-31": "56.83500", "2016-12-31": "136.36800", "2016-09-30": "230.34700", "2016-06-30": "175.54800", "2016-03-31": "64.76500", "2015-12-31": "122.48500", "2015-09-30": "165.06100", "2015-06-30": "120.90800", "2015-03-31": "5.34700", "2014-12-31": "99.16200", "2014-09-30": "97.99200", "2014-06-30": "83.58600", "2014-03-31": "-31.56200", "2013-12-31": "49.88100", "2013-09-30": "95.22400", "2013-06-30": "56.56000", "2013-03-31": "-37.43900", "2012-12-31": "27.37300", "2012-09-30": "77.68900", "2012-06-30": "46.02700", "2012-03-31": "-46.95900", "2011-12-31": "7.83500", "2011-09-30": "64.46600", "2011-06-30": "50.64000", "2011-03-31": "-22.35200", "2010-12-31": "19.75800", "2010-09-30": "67.29500", "2010-06-30": "72.49600", "2010-03-31": "-29.88000", "2009-12-31": "-8.64100", "2009-09-30": "72.22800", "2009-06-30": "55.63400", "2009-03-31": "-8.59900", "2008-12-31": "39.41000", "2008-09-30": "94.64700", "2008-06-30": "85.93600", "2008-03-31": "27.13600", "2007-12-31": "85.33800", "2007-09-30": "120.88900", "2007-06-30": "120.70700", "2007-03-31": "49.69100", "2006-12-31": "90.65800", "2006-09-30": "105.70300", "2006-06-30": "110.04200", "2006-03-31": "43.74900", "2005-12-31": "76.70400", "2005-09-30": "96.85700", "2005-06-30": "88.23000", "2005-03-31": "10.89600"}, "Income Taxes": {"2020-09-30": "81.50000", "2020-06-30": "61.40000", "2020-03-31": "0.10000", "2019-12-31": "25.20000", "2019-09-30": "66.20000", "2019-06-30": "49.90000", "2019-03-31": "-5.00000", "2018-12-31": "21.55300", "2018-09-30": "29.08900", "2018-06-30": "52.60100", "2018-03-31": "2.45700", "2017-12-31": "-213.77700", "2017-09-30": "52.76300", "2017-06-30": "51.98600", "2017-03-31": "14.52800", "2016-12-31": "37.57000", "2016-09-30": "70.86900", "2016-06-30": "53.43500", "2016-03-31": "19.71000", "2015-12-31": "39.26300", "2015-09-30": "47.48300", "2015-06-30": "38.92900", "2015-03-31": "-0.81200", "2014-12-31": "35.27600", "2014-09-30": "44.08900", "2014-06-30": "23.90600", "2014-03-31": "-8.42400", "2013-12-31": "14.43000", "2013-09-30": "22.91500", "2013-06-30": "15.09800", "2013-03-31": "-8.39800", "2012-12-31": "5.05200", "2012-09-30": "13.70100", "2012-06-30": "8.55300", "2012-03-31": "-9.87500", "2011-12-31": "-0.85000", "2011-09-30": "14.13000", "2011-06-30": "13.83400", "2011-03-31": "-6.11100", "2010-12-31": "4.30100", "2010-09-30": "14.06100", "2010-06-30": "17.53500", "2010-03-31": "-4.98400", "2009-12-31": "-2.69600", "2009-09-30": "15.30800", "2009-06-30": "15.53600", "2009-03-31": "-2.17400", "2008-12-31": "12.71900", "2008-09-30": "26.17300", "2008-06-30": "26.32200", "2008-03-31": "6.87400", "2007-12-31": "29.20600", "2007-09-30": "31.04800", "2007-06-30": "38.32000", "2007-03-31": "16.78600", "2006-12-31": "29.49000", "2006-09-30": "29.19900", "2006-06-30": "34.15500", "2006-03-31": "13.84700", "2005-12-31": "25.68000", "2005-09-30": "20.81000", "2005-06-30": "25.44900", "2005-03-31": "2.28600"}, "Income After Taxes": {"2020-09-30": "294.40000", "2020-06-30": "217.60000", "2020-03-31": "25.90000", "2019-12-31": "131.00000", "2019-09-30": "248.60000", "2019-06-30": "189.50000", "2019-03-31": "42.90000", "2018-12-31": "94.50400", "2018-09-30": "180.35300", "2018-06-30": "185.50300", "2018-03-31": "10.04000", "2017-12-31": "377.31300", "2017-09-30": "151.53900", "2017-06-30": "142.24100", "2017-03-31": "42.30700", "2016-12-31": "98.79800", "2016-09-30": "159.47800", "2016-06-30": "122.11300", "2016-03-31": "45.05500", "2015-12-31": "83.22200", "2015-09-30": "117.57800", "2015-06-30": "81.97900", "2015-03-31": "6.15900", "2014-12-31": "63.88600", "2014-09-30": "53.90300", "2014-06-30": "59.68000", "2014-03-31": "-23.13800", "2013-12-31": "35.45100", "2013-09-30": "72.30900", "2013-06-30": "41.46200", "2013-03-31": "-29.04100", "2012-12-31": "22.32100", "2012-09-30": "63.98800", "2012-06-30": "37.47400", "2012-03-31": "-37.08400", "2011-12-31": "8.68500", "2011-09-30": "50.33600", "2011-06-30": "36.80600", "2011-03-31": "-16.24100", "2010-12-31": "15.45700", "2010-09-30": "53.23400", "2010-06-30": "54.96100", "2010-03-31": "-24.89600", "2009-12-31": "-5.94500", "2009-09-30": "56.92000", "2009-06-30": "40.09800", "2009-03-31": "-6.42500", "2008-12-31": "26.69100", "2008-09-30": "68.47400", "2008-06-30": "59.61400", "2008-03-31": "20.26200", "2007-12-31": "56.13200", "2007-09-30": "89.84100", "2007-06-30": "82.38700", "2007-03-31": "32.90500", "2006-12-31": "61.16800", "2006-09-30": "76.50400", "2006-06-30": "75.88700", "2006-03-31": "29.90200", "2005-12-31": "51.02400", "2005-09-30": "76.04700", "2005-06-30": "62.78100", "2005-03-31": "8.61000"}, "Other Income": {"2020-09-30": "", "2020-06-30": "", "2020-03-31": "", "2019-12-31": "", "2019-09-30": "", "2019-06-30": "", "2019-03-31": "", "2018-12-31": "", "2018-09-30": "", "2018-06-30": "", "2018-03-31": "", "2017-12-31": "", "2017-09-30": "", "2017-06-30": "", "2017-03-31": "", "2016-12-31": "", "2016-09-30": "", "2016-06-30": "", "2016-03-31": "", "2015-12-31": "", "2015-09-30": "", "2015-06-30": "", "2015-03-31": "", "2014-12-31": "", "2014-09-30": "", "2014-06-30": "", "2014-03-31": "", "2013-12-31": "", "2013-09-30": "", "2013-06-30": "", "2013-03-31": "", "2012-12-31": "", "2012-09-30": "", "2012-06-30": "", "2012-03-31": "", "2011-12-31": "", "2011-09-30": "", "2011-06-30": "", "2011-03-31": "", "2010-12-31": "", "2010-09-30": "", "2010-06-30": "", "2010-03-31": "", "2009-12-31": "", "2009-09-30": "", "2009-06-30": "", "2009-03-31": "", "2008-12-31": "", "2008-09-30": "", "2008-06-30": "", "2008-03-31": "", "2007-12-31": "", "2007-09-30": "", "2007-06-30": "", "2007-03-31": "", "2006-12-31": "", "2006-09-30": "", "2006-06-30": "", "2006-03-31": "", "2005-12-31": "", "2005-09-30": "", "2005-06-30": "", "2005-03-31": ""}, "Income From Continuous Operations": {"2020-09-30": "294.40000", "2020-06-30": "217.60000", "2020-03-31": "25.90000", "2019-12-31": "131.00000", "2019-09-30": "248.60000", "2019-06-30": "189.50000", "2019-03-31": "42.90000", "2018-12-31": "94.50400", "2018-09-30": "180.35300", "2018-06-30": "185.50300", "2018-03-31": "10.04000", "2017-12-31": "377.31300", "2017-09-30": "151.53900", "2017-06-30": "142.24100", "2017-03-31": "42.30700", "2016-12-31": "98.79800", "2016-09-30": "159.47800", "2016-06-30": "122.11300", "2016-03-31": "45.05500", "2015-12-31": "83.22200", "2015-09-30": "117.57800", "2015-06-30": "81.97900", "2015-03-31": "6.15900", "2014-12-31": "63.88600", "2014-09-30": "53.90300", "2014-06-30": "59.68000", "2014-03-31": "-23.13800", "2013-12-31": "35.45100", "2013-09-30": "72.30900", "2013-06-30": "41.46200", "2013-03-31": "-29.04100", "2012-12-31": "22.32100", "2012-09-30": "63.98800", "2012-06-30": "37.47400", "2012-03-31": "-37.08400", "2011-12-31": "8.68500", "2011-09-30": "50.33600", "2011-06-30": "36.80600", "2011-03-31": "-16.24100", "2010-12-31": "15.45700", "2010-09-30": "53.23400", "2010-06-30": "54.96100", "2010-03-31": "-24.89600", "2009-12-31": "-5.94500", "2009-09-30": "56.92000", "2009-06-30": "40.09800", "2009-03-31": "-6.42500", "2008-12-31": "26.69100", "2008-09-30": "68.47400", "2008-06-30": "59.61400", "2008-03-31": "20.26200", "2007-12-31": "56.13200", "2007-09-30": "89.84100", "2007-06-30": "82.38700", "2007-03-31": "32.90500", "2006-12-31": "61.16800", "2006-09-30": "76.50400", "2006-06-30": "75.88700", "2006-03-31": "29.90200", "2005-12-31": "51.02400", "2005-09-30": "76.04700", "2005-06-30": "62.78100", "2005-03-31": "8.61000"}, "Income From Discontinued Operations": {"2020-09-30": "", "2020-06-30": "", "2020-03-31": "", "2019-12-31": "", "2019-09-30": "", "2019-06-30": "", "2019-03-31": "", "2018-12-31": "", "2018-09-30": "", "2018-06-30": "", "2018-03-31": "", "2017-12-31": "", "2017-09-30": "", "2017-06-30": "", "2017-03-31": "", "2016-12-31": "", "2016-09-30": "", "2016-06-30": "", "2016-03-31": "", "2015-12-31": "", "2015-09-30": "", "2015-06-30": "", "2015-03-31": "", "2014-12-31": "0.10300", "2014-09-30": "-0.06900", "2014-06-30": "-0.05600", "2014-03-31": "-0.01500", "2013-12-31": "-0.29500", "2013-09-30": "-0.27100", "2013-06-30": "0.10500", "2013-03-31": "-0.28800", "2012-12-31": "-0.59800", "2012-09-30": "-0.31900", "2012-06-30": "0.33400", "2012-03-31": "-0.58900", "2011-12-31": "6.39900", "2011-09-30": "-0.00400", "2011-06-30": "-0.95200", "2011-03-31": "-1.45600", "2010-12-31": "-0.24900", "2010-09-30": "0.02200", "2010-06-30": "-0.01300", "2010-03-31": "0.14800", "2009-12-31": "3.02900", "2009-09-30": "-0.05200", "2009-06-30": "0.48700", "2009-03-31": "0.05200", "2008-12-31": "-0.37500", "2008-09-30": "-0.16700", "2008-06-30": "5.46200", "2008-03-31": "-0.21100", "2007-12-31": "0.99900", "2007-09-30": "0.42500", "2007-06-30": "0.56500", "2007-03-31": "0.08500", "2006-12-31": "1.29800", "2006-09-30": "-0.34400", "2006-06-30": "-0.09700", "2006-03-31": "1.10400", "2005-12-31": "-3.26700", "2005-09-30": "0.31300", "2005-06-30": "-1.30900", "2005-03-31": "-1.53300"}, "Net Income": {"2020-09-30": "298.00000", "2020-06-30": "217.60000", "2020-03-31": "25.90000", "2019-12-31": "128.40000", "2019-09-30": "251.10000", "2019-06-30": "189.50000", "2019-03-31": "42.90000", "2018-12-31": "94.37900", "2018-09-30": "180.22100", "2018-06-30": "185.37700", "2018-03-31": "10.02300", "2017-12-31": "377.14100", "2017-09-30": "151.54600", "2017-06-30": "142.27900", "2017-03-31": "42.33400", "2016-12-31": "98.86100", "2016-09-30": "159.47900", "2016-06-30": "122.05200", "2016-03-31": "44.99400", "2015-12-31": "83.18400", "2015-09-30": "117.54400", "2015-06-30": "81.93800", "2015-03-31": "6.12600", "2014-12-31": "63.95500", "2014-09-30": "53.74300", "2014-06-30": "59.52100", "2014-03-31": "-21.61800", "2013-12-31": "36.03200", "2013-09-30": "71.83600", "2013-06-30": "41.30800", "2013-03-31": "-27.83900", "2012-12-31": "21.53300", "2012-09-30": "62.92200", "2012-06-30": "36.75100", "2012-03-31": "-36.73200", "2011-12-31": "14.83800", "2011-09-30": "49.15600", "2011-06-30": "35.79900", "2011-03-31": "-17.41400", "2010-12-31": "14.80300", "2010-09-30": "51.99000", "2010-06-30": "54.39900", "2010-03-31": "-24.18000", "2009-12-31": "-3.15300", "2009-09-30": "55.51400", "2009-06-30": "38.86200", "2009-03-31": "-5.76400", "2008-12-31": "25.26200", "2008-09-30": "66.32600", "2008-06-30": "63.80400", "2008-03-31": "20.86400", "2007-12-31": "56.54100", "2007-09-30": "90.26600", "2007-06-30": "82.95200", "2007-03-31": "32.99000", "2006-12-31": "62.46600", "2006-09-30": "76.16000", "2006-06-30": "75.79000", "2006-03-31": "31.00600", "2005-12-31": "47.75700", "2005-09-30": "76.36000", "2005-06-30": "61.47200", "2005-03-31": "7.07700"}, "EBITDA": {"2020-09-30": "499.40010", "2020-06-30": "404.79990", "2020-03-31": "152.80000", "2019-12-31": "279.00010", "2019-09-30": "440.30000", "2019-06-30": "378.70000", "2019-03-31": "158.40000", "2018-12-31": "237.80360", "2018-09-30": "330.31700", "2018-06-30": "350.67690", "2018-03-31": "115.90200", "2017-12-31": "259.21600", "2017-09-30": "302.28000", "2017-06-30": "288.57810", "2017-03-31": "147.52600", "2016-12-31": "230.98210", "2016-09-30": "315.04900", "2016-06-30": "262.05500", "2016-03-31": "154.43300", "2015-12-31": "215.76610", "2015-09-30": "244.47500", "2015-06-30": "204.67400", "2015-03-31": "92.83900", "2014-12-31": "187.24070", "2014-09-30": "183.88800", "2014-06-30": "139.92200", "2014-03-31": "26.56800", "2013-12-31": "106.49380", "2013-09-30": "152.94800", "2013-06-30": "112.58400", "2013-03-31": "19.72300", "2012-12-31": "84.94910", "2012-09-30": "135.78300", "2012-06-30": "103.57800", "2012-03-31": "9.07100", "2011-12-31": "64.47900", "2011-09-30": "123.23100", "2011-06-30": "107.86000", "2011-03-31": "38.84600", "2010-12-31": "82.25800", "2010-09-30": "129.30000", "2010-06-30": "136.18200", "2010-03-31": "32.10400", "2009-12-31": "55.92120", "2009-09-30": "135.11400", "2009-06-30": "117.70100", "2009-03-31": "53.56700", "2008-12-31": "106.20200", "2008-09-30": "158.87300", "2008-06-30": "147.65800", "2008-03-31": "81.78200", "2007-12-31": "138.13100", "2007-09-30": "174.56100", "2007-06-30": "173.67900", "2007-03-31": "94.19400", "2006-12-31": "139.41580", "2006-09-30": "152.08400", "2006-06-30": "153.38500", "2006-03-31": "84.31200", "2005-12-31": "121.53690", "2005-09-30": "143.47800", "2005-06-30": "134.29600", "2005-03-31": "52.74100"}, "EBIT": {"2020-09-30": "400.60000", "2020-06-30": "306.39990", "2020-03-31": "57.80000", "2019-12-31": "184.50010", "2019-09-30": "345.30000", "2019-06-30": "285.90000", "2019-03-31": "69.20000", "2018-12-31": "147.00370", "2018-09-30": "240.66200", "2018-06-30": "263.95290", "2018-03-31": "39.08100", "2017-12-31": "183.43380", "2017-09-30": "226.96410", "2017-06-30": "212.85210", "2017-03-31": "77.15000", "2016-12-31": "157.72620", "2016-09-30": "242.66890", "2016-06-30": "190.84800", "2016-03-31": "86.02300", "2015-12-31": "152.11400", "2015-09-30": "179.49800", "2015-06-30": "136.98400", "2015-03-31": "25.57100", "2014-12-31": "118.57380", "2014-09-30": "115.95610", "2014-06-30": "96.24100", "2014-03-31": "-15.89800", "2013-12-31": "62.82990", "2013-09-30": "108.84300", "2013-06-30": "69.63500", "2013-03-31": "-23.32000", "2012-12-31": "40.72300", "2012-09-30": "91.53300", "2012-06-30": "59.24100", "2012-03-31": "-35.32700", "2011-12-31": "20.74500", "2011-09-30": "80.01100", "2011-06-30": "64.70100", "2011-03-31": "-4.44800", "2010-12-31": "36.66700", "2010-09-30": "83.85400", "2010-06-30": "90.65000", "2010-03-31": "-12.86400", "2009-12-31": "9.80620", "2009-09-30": "89.21300", "2009-06-30": "72.94500", "2009-03-31": "10.94800", "2008-12-31": "60.73190", "2008-09-30": "114.91100", "2008-06-30": "104.88300", "2008-03-31": "42.86000", "2007-12-31": "98.88000", "2007-09-30": "136.88100", "2007-06-30": "136.25500", "2007-03-31": "58.21100", "2006-12-31": "100.68090", "2006-09-30": "116.01200", "2006-06-30": "119.44400", "2006-03-31": "51.63100", "2005-12-31": "86.67590", "2005-09-30": "107.81800", "2005-06-30": "99.85600", "2005-03-31": "19.45100"}, "Basic Shares Outstanding": {"2020-09-30": "62.30000", "2020-06-30": "62.30000", "2020-03-31": "62.30000", "2019-12-31": "62.50000", "2019-09-30": "62.50000", "2019-06-30": "62.60000", "2019-03-31": "62.60000", "2018-12-31": "62.90000", "2018-09-30": "62.93200", "2018-06-30": "63.02100", "2018-03-31": "62.95700", "2017-12-31": "62.90000", "2017-09-30": "62.89600", "2017-06-30": "62.85800", "2017-03-31": "63.02400", "2016-12-31": "63.61000", "2016-09-30": "63.45200", "2016-06-30": "63.53200", "2016-03-31": "64.15800", "2015-12-31": "66.77000", "2015-09-30": "66.83000", "2015-06-30": "67.37300", "2015-03-31": "67.41100", "2014-12-31": "56.85400", "2014-09-30": "67.08600", "2014-06-30": "46.39500", "2014-03-31": "46.31500", "2013-12-31": "46.16400", "2013-09-30": "46.24400", "2013-06-30": "46.12900", "2013-03-31": "46.02800", "2012-12-31": "45.82800", "2012-09-30": "45.86000", "2012-06-30": "45.78100", "2012-03-31": "45.73400", "2011-12-31": "45.65200", "2011-09-30": "45.69000", "2011-06-30": "45.62800", "2011-03-31": "45.58400", "2010-12-31": "45.48500", "2010-09-30": "45.52600", "2010-06-30": "45.46300", "2010-03-31": "45.40000", "2009-12-31": "44.00000", "2009-09-30": "44.62200", "2009-06-30": "44.55400", "2009-03-31": "41.86300", "2008-12-31": "41.37000", "2008-09-30": "41.38500", "2008-06-30": "41.33300", "2008-03-31": "41.32200", "2007-12-31": "42.65300", "2007-09-30": "41.81700", "2007-06-30": "42.45800", "2007-03-31": "44.54800", "2006-12-31": "45.45300", "2006-09-30": "45.27500", "2006-06-30": "45.66300", "2006-03-31": "45.75000", "2005-12-31": "46.54000", "2005-09-30": "46.34900", "2005-06-30": "46.56900", "2005-03-31": "47.06200"}, "Shares Outstanding": {"2020-09-30": "62.40000", "2020-06-30": "62.30000", "2020-03-31": "62.50000", "2019-12-31": "62.70000", "2019-09-30": "62.70000", "2019-06-30": "62.70000", "2019-03-31": "62.80000", "2018-12-31": "63.10000", "2018-09-30": "63.16700", "2018-06-30": "63.28500", "2018-03-31": "63.22200", "2017-12-31": "63.20000", "2017-09-30": "63.15800", "2017-06-30": "63.14100", "2017-03-31": "63.31900", "2016-12-31": "63.86100", "2016-09-30": "63.72300", "2016-06-30": "63.80200", "2016-03-31": "64.35000", "2015-12-31": "67.02000", "2015-09-30": "67.10800", "2015-06-30": "67.63300", "2015-03-31": "67.67600", "2014-12-31": "57.08800", "2014-09-30": "67.49500", "2014-06-30": "46.52900", "2014-03-31": "46.31500", "2013-12-31": "46.28500", "2013-09-30": "46.34900", "2013-06-30": "46.26000", "2013-03-31": "46.02800", "2012-12-31": "45.97000", "2012-09-30": "45.99200", "2012-06-30": "45.90500", "2012-03-31": "45.73400", "2011-12-31": "45.79300", "2011-09-30": "45.79900", "2011-06-30": "45.79400", "2011-03-31": "45.58400", "2010-12-31": "45.65900", "2010-09-30": "45.67800", "2010-06-30": "45.65700", "2010-03-31": "45.40000", "2009-12-31": "44.19000", "2009-09-30": "44.81300", "2009-06-30": "44.75300", "2009-03-31": "41.86300", "2008-12-31": "41.61700", "2008-09-30": "41.63000", "2008-06-30": "41.59600", "2008-03-31": "41.92400", "2007-12-31": "43.02100", "2007-09-30": "42.47500", "2007-06-30": "43.14100", "2007-03-31": "45.31300", "2006-12-31": "46.36700", "2006-09-30": "46.12100", "2006-06-30": "46.62300", "2006-03-31": "46.78500", "2005-12-31": "47.27900", "2005-09-30": "47.17300", "2005-06-30": "47.17400", "2005-03-31": "47.73800"}, "Basic EPS": {"2020-09-30": "4.72000", "2020-06-30": "3.49000", "2020-03-31": "0.42000", "2019-12-31": "2.10000", "2019-09-30": "3.97000", "2019-06-30": "3.02000", "2019-03-31": "0.68000", "2018-12-31": "1.50000", "2018-09-30": "2.86000", "2018-06-30": "2.94000", "2018-03-31": "0.16000", "2017-12-31": "5.97000", "2017-09-30": "2.40000", "2017-06-30": "2.26000", "2017-03-31": "0.67000", "2016-12-31": "1.55000", "2016-09-30": "2.50000", "2016-06-30": "1.91000", "2016-03-31": "0.70000", "2015-12-31": "1.26000", "2015-09-30": "1.75000", "2015-06-30": "1.23000", "2015-03-31": "0.07000", "2014-12-31": "1.12000", "2014-09-30": "0.80000", "2014-06-30": "1.28000", "2014-03-31": "-0.47000", "2013-12-31": "0.79000", "2013-09-30": "1.55000", "2013-06-30": "0.89000", "2013-03-31": "-0.61000", "2012-12-31": "0.48000", "2012-09-30": "1.36000", "2012-06-30": "0.80000", "2012-03-31": "-0.81000", "2011-12-31": "0.33000", "2011-09-30": "1.07000", "2011-06-30": "0.78000", "2011-03-31": "-0.39000", "2010-12-31": "0.34000", "2010-09-30": "1.13000", "2010-06-30": "1.18000", "2010-03-31": "-0.54000", "2009-12-31": "-0.03000", "2009-09-30": "1.23000", "2009-06-30": "0.86000", "2009-03-31": "-0.14000", "2008-12-31": "0.60000", "2008-09-30": "1.58000", "2008-06-30": "1.52000", "2008-03-31": "0.50000", "2007-12-31": "1.24000", "2007-09-30": "2.16000", "2007-06-30": "1.95000", "2007-03-31": "0.74000", "2006-12-31": "1.38000", "2006-09-30": "1.68000", "2006-06-30": "1.66000", "2006-03-31": "0.68000", "2005-12-31": "1.02000", "2005-09-30": "1.65000", "2005-06-30": "1.32000", "2005-03-31": "0.15000"}, "EPS - Earnings Per Share": {"2020-09-30": "4.71000", "2020-06-30": "3.49000", "2020-03-31": "0.41000", "2019-12-31": "2.09000", "2019-09-30": "3.96000", "2019-06-30": "3.01000", "2019-03-31": "0.68000", "2018-12-31": "1.50000", "2018-09-30": "2.85000", "2018-06-30": "2.92000", "2018-03-31": "0.16000", "2017-12-31": "5.94000", "2017-09-30": "2.39000", "2017-06-30": "2.25000", "2017-03-31": "0.67000", "2016-12-31": "1.55000", "2016-09-30": "2.49000", "2016-06-30": "1.90000", "2016-03-31": "0.69000", "2015-12-31": "1.26000", "2015-09-30": "1.74000", "2015-06-30": "1.22000", "2015-03-31": "0.07000", "2014-12-31": "1.12000", "2014-09-30": "0.79000", "2014-06-30": "1.27000", "2014-03-31": "-0.47000", "2013-12-31": "0.79000", "2013-09-30": "1.54000", "2013-06-30": "0.89000", "2013-03-31": "-0.61000", "2012-12-31": "0.48000", "2012-09-30": "1.36000", "2012-06-30": "0.80000", "2012-03-31": "-0.81000", "2011-12-31": "0.32000", "2011-09-30": "1.07000", "2011-06-30": "0.78000", "2011-03-31": "-0.39000", "2010-12-31": "0.33000", "2010-09-30": "1.13000", "2010-06-30": "1.18000", "2010-03-31": "-0.54000", "2009-12-31": "-0.04000", "2009-09-30": "1.23000", "2009-06-30": "0.86000", "2009-03-31": "-0.14000", "2008-12-31": "0.60000", "2008-09-30": "1.57000", "2008-06-30": "1.51000", "2008-03-31": "0.50000", "2007-12-31": "1.25000", "2007-09-30": "2.13000", "2007-06-30": "1.92000", "2007-03-31": "0.73000", "2006-12-31": "1.35000", "2006-09-30": "1.65000", "2006-06-30": "1.63000", "2006-03-31": "0.66000", "2005-12-31": "1.01000", "2005-09-30": "1.62000", "2005-06-30": "1.30000", "2005-03-31": "0.15000"}}, "balance sheet": {"Cash On Hand": {"2019-12-31": "21.00000", "2018-12-31": "44.90000", "2017-12-31": "1446.36400", "2016-12-31": "50.03800", "2015-12-31": "168.40900", "2014-12-31": "108.65100", "2013-12-31": "42.43700", "2012-12-31": "25.39400", "2011-12-31": "26.02200", "2010-12-31": "70.32300", "2009-12-31": "263.59100", "2008-12-31": "37.79400", "2007-12-31": "20.03800", "2006-12-31": "32.28200", "2005-12-31": "101.74500"}, "Receivables": {"2019-12-31": "573.70000", "2018-12-31": "523.30000", "2017-12-31": "487.24000", "2016-12-31": "457.91000", "2015-12-31": "410.92100", "2014-12-31": "421.00100", "2013-12-31": "245.42100", "2012-12-31": "224.05000", "2011-12-31": "203.74800", "2010-12-31": "183.36100", "2009-12-31": "162.81500", "2008-12-31": "211.59600", "2007-12-31": "245.83800", "2006-12-31": "242.39900", "2005-12-31": "225.01200"}, "Inventory": {"2019-12-31": "690.80000", "2018-12-31": "663.00000", "2017-12-31": "600.59100", "2016-12-31": "521.62400", "2015-12-31": "469.14100", "2014-12-31": "484.91900", "2013-12-31": "347.30700", "2012-12-31": "332.31100", "2011-12-31": "322.60700", "2010-12-31": "331.89400", "2009-12-31": "332.56900", "2008-12-31": "318.01800", "2007-12-31": "286.88500", "2006-12-31": "256.28700", "2005-12-31": "222.72800"}, "Pre-Paid Expenses": {"2019-12-31": "", "2018-12-31": "", "2017-12-31": "", "2016-12-31": "", "2015-12-31": "", "2014-12-31": "", "2013-12-31": "", "2012-12-31": "", "2011-12-31": "", "2010-12-31": "", "2009-12-31": "", "2008-12-31": "", "2007-12-31": "", "2006-12-31": "", "2005-12-31": ""}, "Other Current Assets": {"2019-12-31": "141.20000", "2018-12-31": "134.60000", "2017-12-31": "96.96500", "2016-12-31": "56.81300", "2015-12-31": "33.16400", "2014-12-31": "29.60700", "2013-12-31": "45.38000", "2012-12-31": "40.93000", "2011-12-31": "24.79900", "2010-12-31": "27.25300", "2009-12-31": "37.58200", "2008-12-31": "39.65600", "2007-12-31": "26.88600", "2006-12-31": "33.54800", "2005-12-31": "32.48600"}, "Total Current Assets": {"2019-12-31": "1426.70000", "2018-12-31": "1365.80000", "2017-12-31": "2631.16000", "2016-12-31": "1086.38500", "2015-12-31": "1081.63500", "2014-12-31": "1044.17800", "2013-12-31": "755.36600", "2012-12-31": "700.40100", "2011-12-31": "657.85000", "2010-12-31": "696.21100", "2009-12-31": "856.86000", "2008-12-31": "665.03100", "2007-12-31": "626.01000", "2006-12-31": "592.35400", "2005-12-31": "602.04100"}, "Property, Plant, And Equipment": {"2019-12-31": "5206.00000", "2018-12-31": "5157.20000", "2017-12-31": "3592.81300", "2016-12-31": "3423.39500", "2015-12-31": "3156.00000", "2014-12-31": "3402.77000", "2013-12-31": "1799.24100", "2012-12-31": "1753.24100", "2011-12-31": "1774.29100", "2010-12-31": "1687.83000", "2009-12-31": "1692.90500", "2008-12-31": "1690.52900", "2007-12-31": "1433.55300", "2006-12-31": "1295.49100", "2005-12-31": "1166.35100"}, "Long-Term Investments": {"2019-12-31": "", "2018-12-31": "", "2017-12-31": "", "2016-12-31": "", "2015-12-31": "", "2014-12-31": "", "2013-12-31": "", "2012-12-31": "", "2011-12-31": "", "2010-12-31": "", "2009-12-31": "", "2008-12-31": "", "2007-12-31": "", "2006-12-31": "", "2005-12-31": ""}, "Goodwill And Intangible Assets": {"2019-12-31": "2883.60000", "2018-12-31": "2900.40000", "2017-12-31": "2666.63900", "2016-12-31": "2670.64900", "2015-12-31": "2578.78700", "2014-12-31": "2664.00400", "2013-12-31": "665.21200", "2012-12-31": "666.63700", "2011-12-31": "670.80400", "2010-12-31": "644.07500", "2009-12-31": "636.69300", "2008-12-31": "636.18700", "2007-12-31": "584.09300", "2006-12-31": "581.48600", "2005-12-31": "588.00700"}, "Other Long-Term Assets": {"2019-12-31": "133.40000", "2018-12-31": "128.00000", "2017-12-31": "101.89900", "2016-12-31": "120.47600", "2015-12-31": "141.18900", "2014-12-31": "108.80200", "2013-12-31": "40.00700", "2012-12-31": "40.64700", "2011-12-31": "44.87700", "2010-12-31": "46.62700", "2009-12-31": "52.82500", "2008-12-31": "40.75500", "2007-12-31": "31.69200", "2006-12-31": "26.73500", "2005-12-31": "49.03400"}, "Total Long-Term Assets": {"2019-12-31": "8704.90000", "2018-12-31": "8185.60100", "2017-12-31": "6361.35100", "2016-12-31": "6214.52000", "2015-12-31": "5875.97600", "2014-12-31": "6175.57600", "2013-12-31": "2504.46000", "2012-12-31": "2460.52500", "2011-12-31": "2489.97200", "2010-12-31": "2378.53200", "2009-12-31": "2382.42300", "2008-12-31": "2367.47100", "2007-12-31": "2057.79500", "2006-12-31": "1914.06700", "2005-12-31": "1831.27500"}, "Total Assets": {"2019-12-31": "10131.60000", "2018-12-31": "9551.40000", "2017-12-31": "8992.51100", "2016-12-31": "7300.90500", "2015-12-31": "6957.61100", "2014-12-31": "7219.75400", "2013-12-31": "3259.82600", "2012-12-31": "3160.92600", "2011-12-31": "3147.82200", "2010-12-31": "3074.74300", "2009-12-31": "3239.28300", "2008-12-31": "3032.50200", "2007-12-31": "2683.80500", "2006-12-31": "2506.42100", "2005-12-31": "2433.31600"}, "Total Current Liabilities": {"2019-12-31": "838.50000", "2018-12-31": "786.70000", "2017-12-31": "694.21600", "2016-12-31": "546.58800", "2015-12-31": "366.65800", "2014-12-31": "396.64800", "2013-12-31": "210.54900", "2012-12-31": "173.33500", "2011-12-31": "173.71200", "2010-12-31": "385.49300", "2009-12-31": "373.55300", "2008-12-31": "348.63900", "2007-12-31": "506.61600", "2006-12-31": "315.07200", "2005-12-31": "200.12200"}, "Long Term Debt": {"2019-12-31": "2433.60000", "2018-12-31": "2730.40000", "2017-12-31": "2727.29400", "2016-12-31": "1506.15300", "2015-12-31": "1550.06100", "2014-12-31": "1571.05900", "2013-12-31": "1018.51800", "2012-12-31": "1042.18300", "2011-12-31": "1052.90200", "2010-12-31": "782.04500", "2009-12-31": "1023.49200", "2008-12-31": "1152.41400", "2007-12-31": "848.18600", "2006-12-31": "579.30800", "2005-12-31": "709.15900"}, "Other Non-Current Liabilities": {"2019-12-31": "339.30000", "2018-12-31": "379.30000", "2017-12-31": "233.75800", "2016-12-31": "194.46900", "2015-12-31": "172.71800", "2014-12-31": "160.02100", "2013-12-31": "97.35200", "2012-12-31": "86.39500", "2011-12-31": "92.17900", "2010-12-31": "82.57700", "2009-12-31": "79.52700", "2008-12-31": "82.05100", "2007-12-31": "118.59200", "2006-12-31": "92.56200", "2005-12-31": "101.66400"}, "Total Long Term Liabilities": {"2019-12-31": "3939.80000", "2018-12-31": "3815.30000", "2017-12-31": "3615.81800", "2016-12-31": "2611.72700", "2015-12-31": "2530.77600", "2014-12-31": "2470.35800", "2013-12-31": "1474.35800", "2012-12-31": "1537.29200", "2011-12-31": "1525.24600", "2010-12-31": "1220.99100", "2009-12-31": "1459.31900", "2008-12-31": "1616.60300", "2007-12-31": "1231.19800", "2006-12-31": "937.37700", "2005-12-31": "1059.50900"}, "Total Liabilities": {"2019-12-31": "4778.30000", "2018-12-31": "4602.00000", "2017-12-31": "4310.03400", "2016-12-31": "3158.31500", "2015-12-31": "2897.43400", "2014-12-31": "2867.00600", "2013-12-31": "1684.90700", "2012-12-31": "1710.62700", "2011-12-31": "1698.95800", "2010-12-31": "1606.48400", "2009-12-31": "1832.87200", "2008-12-31": "1965.24200", "2007-12-31": "1737.81400", "2006-12-31": "1252.44900", "2005-12-31": "1259.63100"}, "Common Stock Net": {"2019-12-31": "0.60000", "2018-12-31": "0.60000", "2017-12-31": "0.62800", "2016-12-31": "0.63000", "2015-12-31": "0.64300", "2014-12-31": "0.67100", "2013-12-31": "0.46100", "2012-12-31": "0.45900", "2011-12-31": "0.45600", "2010-12-31": "0.45500", "2009-12-31": "0.45300", "2008-12-31": "0.41400", "2007-12-31": "0.41200", "2006-12-31": "0.44800", "2005-12-31": "0.45700"}, "Retained Earnings (Accumulated Deficit)": {"2019-12-31": "2077.20000", "2018-12-31": "1693.30000", "2017-12-31": "1440.06900", "2016-12-31": "935.57400", "2015-12-31": "874.43600", "2014-12-31": "1213.03500", "2013-12-31": "1148.73800", "2012-12-31": "1101.59800", "2011-12-31": "1090.89100", "2010-12-31": "1082.16000", "2009-12-31": "1058.69800", "2008-12-31": "1044.41700", "2007-12-31": "931.65600", "2006-12-31": "1142.08400", "2005-12-31": "948.01200"}, "Comprehensive Income": {"2019-12-31": "-145.80000", "2018-12-31": "-143.60000", "2017-12-31": "-129.10400", "2016-12-31": "-130.68700", "2015-12-31": "-105.62200", "2014-12-31": "-106.15900", "2013-12-31": "-44.11400", "2012-12-31": "-106.16900", "2011-12-31": "-83.89000", "2010-12-31": "-53.66000", "2009-12-31": "-75.08400", "2008-12-31": "-101.67200", "2007-12-31": "-37.03200", "2006-12-31": "-36.05100", "2005-12-31": "-15.32500"}, "Other Share Holders Equity": {"2019-12-31": "", "2018-12-31": "", "2017-12-31": "", "2016-12-31": "", "2015-12-31": "", "2014-12-31": "", "2013-12-31": "", "2012-12-31": "", "2011-12-31": "", "2010-12-31": "", "2009-12-31": "", "2008-12-31": "", "2007-12-31": "", "2006-12-31": "", "2005-12-31": ""}, "Share Holder Equity": {"2019-12-31": "5353.30000", "2018-12-31": "4949.40000", "2017-12-31": "4682.47700", "2016-12-31": "4142.59000", "2015-12-31": "4060.17700", "2014-12-31": "4352.74800", "2013-12-31": "1574.91900", "2012-12-31": "1450.29900", "2011-12-31": "1448.86400", "2010-12-31": "1468.25900", "2009-12-31": "1406.41100", "2008-12-31": "1067.26000", "2007-12-31": "945.99100", "2006-12-31": "1253.97200", "2005-12-31": "1173.68500"}, "Total Liabilities And Share Holders Equity": {"2019-12-31": "10131.60000", "2018-12-31": "9551.40000", "2017-12-31": "8992.51100", "2016-12-31": "7300.90500", "2015-12-31": "6957.61100", "2014-12-31": "7219.75400", "2013-12-31": "3259.82600", "2012-12-31": "3160.92600", "2011-12-31": "3147.82200", "2010-12-31": "3074.74300", "2009-12-31": "3239.28300", "2008-12-31": "3032.50200", "2007-12-31": "2683.80500", "2006-12-31": "2506.42100", "2005-12-31": "2433.31600"}}, "balance sheet, quarterly": {"Cash On Hand": {"2020-09-30": "193.70000", "2020-06-30": "70.10000", "2020-03-31": "424.00000", "2019-12-31": "21.00000", "2019-09-30": "49.08700", "2019-06-30": "53.59500", "2019-03-31": "37.35700", "2018-12-31": "44.90000", "2018-09-30": "53.96100", "2018-06-30": "33.77900", "2018-03-31": "1422.37300", "2017-12-31": "1446.36400", "2017-09-30": "35.21900", "2017-06-30": "36.72200", "2017-03-31": "55.41800", "2016-12-31": "50.03800", "2016-09-30": "60.68400", "2016-06-30": "28.59600", "2016-03-31": "27.24200", "2015-12-31": "168.40900", "2015-09-30": "436.42900", "2015-06-30": "44.16900", "2015-03-31": "56.36600", "2014-12-31": "108.65100", "2014-09-30": "73.59700", "2014-06-30": "34.32900", "2014-03-31": "35.80100", "2013-12-31": "42.43700", "2013-09-30": "57.24100", "2013-06-30": "43.71200", "2013-03-31": "37.26000", "2012-12-31": "25.39400", "2012-09-30": "35.42100", "2012-06-30": "41.39300", "2012-03-31": "44.95000", "2011-12-31": "26.02200", "2011-09-30": "56.84000", "2011-06-30": "26.09900", "2011-03-31": "176.82900", "2010-12-31": "70.32300", "2010-09-30": "60.49900", "2010-06-30": "32.09500", "2010-03-31": "221.04300", "2009-12-31": "263.59100", "2009-09-30": "193.83500", "2009-06-30": "133.38000", "2009-03-31": "222.00300", "2008-12-31": "37.79400", "2008-09-30": "13.89600", "2008-06-30": "13.15600", "2008-03-31": "13.57700", "2007-12-31": "20.03800", "2007-09-30": "26.41700", "2007-06-30": "30.89000", "2007-03-31": "18.10800", "2006-12-31": "32.28200", "2006-09-30": "22.82900", "2006-06-30": "20.38600", "2006-03-31": "31.15300", "2005-12-31": "101.74500", "2005-09-30": "136.58300", "2005-06-30": "91.41000", "2005-03-31": "103.09700"}, "Receivables": {"2020-09-30": "686.30000", "2020-06-30": "690.40000", "2020-03-31": "562.80000", "2019-12-31": "573.70000", "2019-09-30": "763.87800", "2019-06-30": "710.60500", "2019-03-31": "550.60700", "2018-12-31": "523.30000", "2018-09-30": "644.83500", "2018-06-30": "675.57000", "2018-03-31": "466.46500", "2017-12-31": "487.24000", "2017-09-30": "582.53200", "2017-06-30": "570.61800", "2017-03-31": "479.21500", "2016-12-31": "457.91000", "2016-09-30": "566.42500", "2016-06-30": "534.45900", "2016-03-31": "448.04800", "2015-12-31": "410.92100", "2015-09-30": "577.42400", "2015-06-30": "497.46800", "2015-03-31": "381.38900", "2014-12-31": "421.00100", "2014-09-30": "523.92800", "2014-06-30": "343.78400", "2014-03-31": "242.58700", "2013-12-31": "245.42100", "2013-09-30": "331.03000", "2013-06-30": "287.52100", "2013-03-31": "202.15000", "2012-12-31": "224.05000", "2012-09-30": "296.94700", "2012-06-30": "275.41600", "2012-03-31": "212.05200", "2011-12-31": "203.74800", "2011-09-30": "259.77300", "2011-06-30": "269.39000", "2011-03-31": "203.24200", "2010-12-31": "183.36100", "2010-09-30": "249.61300", "2010-06-30": "257.76100", "2010-03-31": "202.10100", "2009-12-31": "162.81500", "2009-09-30": "241.52000", "2009-06-30": "250.34000", "2009-03-31": "244.39700", "2008-12-31": "211.59600", "2008-09-30": "300.41600", "2008-06-30": "321.98500", "2008-03-31": "239.00900", "2007-12-31": "245.83800", "2007-09-30": "312.26500", "2007-06-30": "296.64400", "2007-03-31": "250.51100", "2006-12-31": "242.39900", "2006-09-30": "293.70200", "2006-06-30": "292.55900", "2006-03-31": "241.58700", "2005-12-31": "225.01200", "2005-09-30": "288.42200", "2005-06-30": "282.84400", "2005-03-31": "220.44200"}, "Inventory": {"2020-09-30": "714.50000", "2020-06-30": "712.90000", "2020-03-31": "700.50000", "2019-12-31": "690.80000", "2019-09-30": "649.71600", "2019-06-30": "646.34200", "2019-03-31": "646.17600", "2018-12-31": "663.00000", "2018-09-30": "651.29500", "2018-06-30": "650.91700", "2018-03-31": "606.79400", "2017-12-31": "600.59100", "2017-09-30": "576.42900", "2017-06-30": "549.86500", "2017-03-31": "537.00000", "2016-12-31": "521.62400", "2016-09-30": "508.19900", "2016-06-30": "504.87700", "2016-03-31": "485.36700", "2015-12-31": "469.14100", "2015-09-30": "464.52500", "2015-06-30": "479.85600", "2015-03-31": "505.04700", "2014-12-31": "484.91900", "2014-09-30": "475.29300", "2014-06-30": "348.16800", "2014-03-31": "354.71800", "2013-12-31": "347.30700", "2013-09-30": "350.43800", "2013-06-30": "348.87300", "2013-03-31": "347.64100", "2012-12-31": "332.31100", "2012-09-30": "335.09200", "2012-06-30": "331.98400", "2012-03-31": "333.48700", "2011-12-31": "322.60700", "2011-09-30": "337.73000", "2011-06-30": "336.36500", "2011-03-31": "331.67900", "2010-12-31": "331.89400", "2010-09-30": "323.82000", "2010-06-30": "319.84200", "2010-03-31": "322.02700", "2009-12-31": "332.56900", "2009-09-30": "329.78100", "2009-06-30": "333.88700", "2009-03-31": "324.94900", "2008-12-31": "318.01800", "2008-09-30": "305.55000", "2008-06-30": "297.37100", "2008-03-31": "296.46600", "2007-12-31": "286.88500", "2007-09-30": "285.25200", "2007-06-30": "297.80000", "2007-03-31": "281.46700", "2006-12-31": "256.28700", "2006-09-30": "244.53700", "2006-06-30": "243.71400", "2006-03-31": "241.44500", "2005-12-31": "222.72800", "2005-09-30": "209.45100", "2005-06-30": "217.00300", "2005-03-31": "224.91900"}, "Pre-Paid Expenses": {"2020-09-30": "", "2020-06-30": "", "2020-03-31": "", "2019-12-31": "", "2019-09-30": "", "2019-06-30": "", "2019-03-31": "", "2018-12-31": "", "2018-09-30": "", "2018-06-30": "", "2018-03-31": "", "2017-12-31": "", "2017-09-30": "", "2017-06-30": "", "2017-03-31": "", "2016-12-31": "", "2016-09-30": "", "2016-06-30": "", "2016-03-31": "", "2015-12-31": "", "2015-09-30": "", "2015-06-30": "", "2015-03-31": "", "2014-12-31": "", "2014-09-30": "", "2014-06-30": "", "2014-03-31": "", "2013-12-31": "", "2013-09-30": "", "2013-06-30": "", "2013-03-31": "", "2012-12-31": "", "2012-09-30": "", "2012-06-30": "", "2012-03-31": "", "2011-12-31": "", "2011-09-30": "", "2011-06-30": "", "2011-03-31": "", "2010-12-31": "", "2010-09-30": "", "2010-06-30": "", "2010-03-31": "", "2009-12-31": "", "2009-09-30": "", "2009-06-30": "", "2009-03-31": "", "2008-12-31": "", "2008-09-30": "", "2008-06-30": "", "2008-03-31": "", "2007-12-31": "", "2007-09-30": "", "2007-06-30": "", "2007-03-31": "", "2006-12-31": "", "2006-09-30": "", "2006-06-30": "", "2006-03-31": "", "2005-12-31": "", "2005-09-30": "", "2005-06-30": "", "2005-03-31": ""}, "Other Current Assets": {"2020-09-30": "58.30000", "2020-06-30": "113.70000", "2020-03-31": "145.70000", "2019-12-31": "141.20000", "2019-09-30": "115.71700", "2019-06-30": "122.57900", "2019-03-31": "135.97100", "2018-12-31": "134.60000", "2018-09-30": "104.71700", "2018-06-30": "96.88700", "2018-03-31": "106.29800", "2017-12-31": "96.96500", "2017-09-30": "83.80900", "2017-06-30": "87.09200", "2017-03-31": "51.60900", "2016-12-31": "56.81300", "2016-09-30": "56.21700", "2016-06-30": "53.99700", "2016-03-31": "37.65800", "2015-12-31": "33.16400", "2015-09-30": "37.42700", "2015-06-30": "508.62900", "2015-03-31": "103.02700", "2014-12-31": "29.60700", "2014-09-30": "49.84400", "2014-06-30": "78.00700", "2014-03-31": "51.78800", "2013-12-31": "45.38000", "2013-09-30": "29.95500", "2013-06-30": "47.27500", "2013-03-31": "49.19700", "2012-12-31": "40.93000", "2012-09-30": "37.88900", "2012-06-30": "36.53800", "2012-03-31": "32.45300", "2011-12-31": "24.79900", "2011-09-30": "20.11400", "2011-06-30": "22.67300", "2011-03-31": "39.80600", "2010-12-31": "27.25300", "2010-09-30": "26.59100", "2010-06-30": "26.01800", "2010-03-31": "36.61900", "2009-12-31": "37.58200", "2009-09-30": "21.55800", "2009-06-30": "28.41100", "2009-03-31": "44.41300", "2008-12-31": "39.65600", "2008-09-30": "23.09800", "2008-06-30": "23.94600", "2008-03-31": "26.39700", "2007-12-31": "26.88600", "2007-09-30": "22.89600", "2007-06-30": "25.18900", "2007-03-31": "30.00500", "2006-12-31": "33.54800", "2006-09-30": "28.90000", "2006-06-30": "31.70800", "2006-03-31": "50.53600", "2005-12-31": "32.48600", "2005-09-30": "21.84200", "2005-06-30": "23.05200", "2005-03-31": "27.35400"}, "Total Current Assets": {"2020-09-30": "1652.80000", "2020-06-30": "1587.10000", "2020-03-31": "1833.00000", "2019-12-31": "1426.70000", "2019-09-30": "1578.39800", "2019-06-30": "1533.12100", "2019-03-31": "1370.11100", "2018-12-31": "1365.80000", "2018-09-30": "1454.80800", "2018-06-30": "1457.15300", "2018-03-31": "2601.93000", "2017-12-31": "2631.16000", "2017-09-30": "1277.98900", "2017-06-30": "1244.29700", "2017-03-31": "1123.24200", "2016-12-31": "1086.38500", "2016-09-30": "1191.52500", "2016-06-30": "1121.92900", "2016-03-31": "998.31500", "2015-12-31": "1081.63500", "2015-09-30": "1515.80500", "2015-06-30": "1530.12200", "2015-03-31": "1045.82900", "2014-12-31": "1044.17800", "2014-09-30": "1212.79800", "2014-06-30": "876.70100", "2014-03-31": "758.21400", "2013-12-31": "755.36600", "2013-09-30": "845.66900", "2013-06-30": "806.48500", "2013-03-31": "715.73300", "2012-12-31": "700.40100", "2012-09-30": "785.10700", "2012-06-30": "760.33100", "2012-03-31": "701.94400", "2011-12-31": "657.85000", "2011-09-30": "767.41600", "2011-06-30": "745.56800", "2011-03-31": "840.36100", "2010-12-31": "696.21100", "2010-09-30": "732.11600", "2010-06-30": "708.46600", "2010-03-31": "854.71100", "2009-12-31": "856.86000", "2009-09-30": "844.96600", "2009-06-30": "802.12300", "2009-03-31": "891.93900", "2008-12-31": "665.03100", "2008-09-30": "673.66100", "2008-06-30": "690.84700", "2008-03-31": "620.88000", "2007-12-31": "626.01000", "2007-09-30": "690.86000", "2007-06-30": "691.28300", "2007-03-31": "621.20800", "2006-12-31": "592.35400", "2006-09-30": "608.28900", "2006-06-30": "607.76700", "2006-03-31": "584.88100", "2005-12-31": "602.04100", "2005-09-30": "666.17300", "2005-06-30": "624.26500", "2005-03-31": "585.54300"}, "Property, Plant, And Equipment": {"2020-09-30": "5180.50000", "2020-06-30": "5160.50000", "2020-03-31": "5185.40000", "2019-12-31": "5206.00000", "2019-09-30": "5132.14700", "2019-06-30": "5132.68200", "2019-03-31": "5146.68200", "2018-12-31": "5157.20000", "2018-09-30": "5103.39500", "2018-06-30": "5113.42600", "2018-03-31": "3582.49400", "2017-12-31": "3592.81300", "2017-09-30": "3521.57700", "2017-06-30": "3505.26000", "2017-03-31": "3467.64500", "2016-12-31": "3423.39500", "2016-09-30": "3379.61300", "2016-06-30": "3322.20500", "2016-03-31": "3262.98100", "2015-12-31": "3156.00000", "2015-09-30": "3073.53400", "2015-06-30": "3049.52300", "2015-03-31": "3365.10600", "2014-12-31": "3402.77000", "2014-09-30": "3377.95100", "2014-06-30": "1775.37400", "2014-03-31": "1793.53600", "2013-12-31": "1799.24100", "2013-09-30": "1782.61800", "2013-06-30": "1717.38600", "2013-03-31": "1732.08700", "2012-12-31": "1753.24100", "2012-09-30": "1750.94100", "2012-06-30": "1753.77800", "2012-03-31": "1768.92800", "2011-12-31": "1774.29100", "2011-09-30": "1686.64100", "2011-06-30": "1697.77800", "2011-03-31": "1676.32100", "2010-12-31": "1687.83000", "2010-09-30": "1693.20600", "2010-06-30": "1694.41700", "2010-03-31": "1695.04500", "2009-12-31": "1692.90500", "2009-09-30": "1698.13900", "2009-06-30": "1712.72400", "2009-03-31": "1683.68300", "2008-12-31": "1690.52900", "2008-09-30": "1718.44600", "2008-06-30": "1704.67700", "2008-03-31": "1505.18400", "2007-12-31": "1433.55300", "2007-09-30": "1405.71600", "2007-06-30": "1347.44000", "2007-03-31": "1314.58300", "2006-12-31": "1295.49100", "2006-09-30": "1279.36600", "2006-06-30": "1256.00000", "2006-03-31": "1205.50500", "2005-12-31": "1166.35100", "2005-09-30": "1141.76500", "2005-06-30": "1123.50700", "2005-03-31": "1106.65700"}, "Long-Term Investments": {"2020-09-30": "", "2020-06-30": "", "2020-03-31": "", "2019-12-31": "", "2019-09-30": "", "2019-06-30": "", "2019-03-31": "", "2018-12-31": "", "2018-09-30": "", "2018-06-30": "", "2018-03-31": "", "2017-12-31": "", "2017-09-30": "", "2017-06-30": "", "2017-03-31": "", "2016-12-31": "", "2016-09-30": "", "2016-06-30": "", "2016-03-31": "", "2015-12-31": "", "2015-09-30": "", "2015-06-30": "", "2015-03-31": "", "2014-12-31": "", "2014-09-30": "", "2014-06-30": "", "2014-03-31": "", "2013-12-31": "", "2013-09-30": "", "2013-06-30": "", "2013-03-31": "", "2012-12-31": "", "2012-09-30": "", "2012-06-30": "", "2012-03-31": "", "2011-12-31": "", "2011-09-30": "", "2011-06-30": "", "2011-03-31": "", "2010-12-31": "", "2010-09-30": "", "2010-06-30": "", "2010-03-31": "", "2009-12-31": "", "2009-09-30": "", "2009-06-30": "", "2009-03-31": "", "2008-12-31": "", "2008-09-30": "", "2008-06-30": "", "2008-03-31": "", "2007-12-31": "", "2007-09-30": "", "2007-06-30": "", "2007-03-31": "", "2006-12-31": "", "2006-09-30": "", "2006-06-30": "", "2006-03-31": "", "2005-12-31": "", "2005-09-30": "", "2005-06-30": "", "2005-03-31": ""}, "Goodwill And Intangible Assets": {"2020-09-30": "2918.80000", "2020-06-30": "2878.50000", "2020-03-31": "2880.40000", "2019-12-31": "2883.60000", "2019-09-30": "2888.57800", "2019-06-30": "2888.14400", "2019-03-31": "2895.67800", "2018-12-31": "2900.40000", "2018-09-30": "2908.41000", "2018-06-30": "2916.19100", "2018-03-31": "2659.06600", "2017-12-31": "2666.63900", "2017-09-30": "2664.64600", "2017-06-30": "2663.29900", "2017-03-31": "2667.12700", "2016-12-31": "2670.64900", "2016-09-30": "2675.65500", "2016-06-30": "2643.45900", "2016-03-31": "2654.71000", "2015-12-31": "2578.78700", "2015-09-30": "2577.05500", "2015-06-30": "2580.82600", "2015-03-31": "2663.42500", "2014-12-31": "2664.00400", "2014-09-30": "2642.54200", "2014-06-30": "663.51700", "2014-03-31": "664.36400", "2013-12-31": "665.21200", "2013-09-30": "665.66890", "2013-06-30": "664.97090", "2013-03-31": "665.89790", "2012-12-31": "666.63700", "2012-09-30": "667.31600", "2012-06-30": "671.08700", "2012-03-31": "669.95300", "2011-12-31": "670.80400", "2011-09-30": "657.25000", "2011-06-30": "657.38100", "2011-03-31": "643.69300", "2010-12-31": "644.07500", "2010-09-30": "641.78700", "2010-06-30": "642.50800", "2010-03-31": "643.08700", "2009-12-31": "636.69300", "2009-09-30": "637.11100", "2009-06-30": "642.39100", "2009-03-31": "637.25500", "2008-12-31": "636.18700", "2008-09-30": "627.97300", "2008-06-30": "629.22100", "2008-03-31": "590.54800", "2007-12-31": "584.09300", "2007-09-30": "584.51700", "2007-06-30": "584.97400", "2007-03-31": "586.50000", "2006-12-31": "581.48600", "2006-09-30": "582.96000", "2006-06-30": "587.18200", "2006-03-31": "587.95900", "2005-12-31": "588.00700", "2005-09-30": "588.82500", "2005-06-30": "589.66300", "2005-03-31": "590.24500"}, "Other Long-Term Assets": {"2020-09-30": "214.10000", "2020-06-30": "132.50000", "2020-03-31": "126.70000", "2019-12-31": "133.40000", "2019-09-30": "139.50900", "2019-06-30": "122.35000", "2019-03-31": "137.70300", "2018-12-31": "128.00000", "2018-09-30": "121.55800", "2018-06-30": "109.98200", "2018-03-31": "104.56000", "2017-12-31": "101.89900", "2017-09-30": "102.57300", "2017-06-30": "103.00400", "2017-03-31": "135.77700", "2016-12-31": "120.47600", "2016-09-30": "126.40800", "2016-06-30": "145.71200", "2016-03-31": "142.28100", "2015-12-31": "141.18900", "2015-09-30": "142.04000", "2015-06-30": "99.92600", "2015-03-31": "102.95900", "2014-12-31": "108.80200", "2014-09-30": "105.56700", "2014-06-30": "40.45100", "2014-03-31": "39.14300", "2013-12-31": "40.00700", "2013-09-30": "43.14900", "2013-06-30": "42.27700", "2013-03-31": "41.05700", "2012-12-31": "40.64700", "2012-09-30": "39.84000", "2012-06-30": "41.33700", "2012-03-31": "41.29200", "2011-12-31": "44.87700", "2011-09-30": "47.25100", "2011-06-30": "48.19200", "2011-03-31": "48.23100", "2010-12-31": "46.62700", "2010-09-30": "48.67400", "2010-06-30": "51.00100", "2010-03-31": "52.05900", "2009-12-31": "52.82500", "2009-09-30": "52.46500", "2009-06-30": "49.95500", "2009-03-31": "40.22200", "2008-12-31": "40.75500", "2008-09-30": "35.95800", "2008-06-30": "39.22800", "2008-03-31": "36.05800", "2007-12-31": "31.69200", "2007-09-30": "32.05600", "2007-06-30": "35.21800", "2007-03-31": "28.74300", "2006-12-31": "26.73500", "2006-09-30": "51.36800", "2006-06-30": "40.23100", "2006-03-31": "41.29600", "2005-12-31": "49.03400", "2005-09-30": "53.75500", "2005-06-30": "43.91500", "2005-03-31": "45.96000"}, "Total Long-Term Assets": {"2020-09-30": "8782.60000", "2020-06-30": "8639.50000", "2020-03-31": "8670.40000", "2019-12-31": "8704.90000", "2019-09-30": "8645.08700", "2019-06-30": "8630.53600", "2019-03-31": "8678.29700", "2018-12-31": "8185.60100", "2018-09-30": "8133.36300", "2018-06-30": "8139.59900", "2018-03-31": "6346.12000", "2017-12-31": "6361.35100", "2017-09-30": "6288.79600", "2017-06-30": "6271.56300", "2017-03-31": "6270.54900", "2016-12-31": "6214.52000", "2016-09-30": "6181.67600", "2016-06-30": "6111.37600", "2016-03-31": "6059.97200", "2015-12-31": "5875.97600", "2015-09-30": "5792.62900", "2015-06-30": "5730.27500", "2015-03-31": "6131.49000", "2014-12-31": "6175.57600", "2014-09-30": "6126.06000", "2014-06-30": "2479.34200", "2014-03-31": "2497.04300", "2013-12-31": "2504.46000", "2013-09-30": "2491.43600", "2013-06-30": "2424.63400", "2013-03-31": "2439.04200", "2012-12-31": "2460.52500", "2012-09-30": "2458.09700", "2012-06-30": "2466.20200", "2012-03-31": "2480.17300", "2011-12-31": "2489.97200", "2011-09-30": "2391.14200", "2011-06-30": "2403.35100", "2011-03-31": "2368.24500", "2010-12-31": "2378.53200", "2010-09-30": "2383.66700", "2010-06-30": "2387.92600", "2010-03-31": "2390.19100", "2009-12-31": "2382.42300", "2009-09-30": "2387.71500", "2009-06-30": "2405.07000", "2009-03-31": "2361.16000", "2008-12-31": "2367.47100", "2008-09-30": "2389.97100", "2008-06-30": "2380.73500", "2008-03-31": "2139.22800", "2007-12-31": "2057.79500", "2007-09-30": "2031.09000", "2007-06-30": "1976.44400", "2007-03-31": "1939.31900", "2006-12-31": "1914.06700", "2006-09-30": "1924.40700", "2006-06-30": "1894.24900", "2006-03-31": "1850.07800", "2005-12-31": "1831.27500", "2005-09-30": "1808.91000", "2005-06-30": "1782.00200", "2005-03-31": "1768.58500"}, "Total Assets": {"2020-09-30": "10435.40000", "2020-06-30": "10226.60000", "2020-03-31": "10503.40000", "2019-12-31": "10131.60000", "2019-09-30": "10223.49000", "2019-06-30": "10163.66000", "2019-03-31": "10048.41000", "2018-12-31": "9551.40000", "2018-09-30": "9588.17100", "2018-06-30": "9596.75200", "2018-03-31": "8948.05000", "2017-12-31": "8992.51100", "2017-09-30": "7566.78500", "2017-06-30": "7515.86000", "2017-03-31": "7393.79100", "2016-12-31": "7300.90500", "2016-09-30": "7373.20100", "2016-06-30": "7233.30500", "2016-03-31": "7058.28700", "2015-12-31": "6957.61100", "2015-09-30": "7308.43400", "2015-06-30": "7260.39700", "2015-03-31": "7177.31900", "2014-12-31": "7219.75400", "2014-09-30": "7338.85800", "2014-06-30": "3356.04300", "2014-03-31": "3255.25700", "2013-12-31": "3259.82600", "2013-09-30": "3337.10500", "2013-06-30": "3231.11900", "2013-03-31": "3154.77500", "2012-12-31": "3160.92600", "2012-09-30": "3243.20400", "2012-06-30": "3226.53300", "2012-03-31": "3182.11700", "2011-12-31": "3147.82200", "2011-09-30": "3158.55800", "2011-06-30": "3148.91900", "2011-03-31": "3208.60600", "2010-12-31": "3074.74300", "2010-09-30": "3115.78300", "2010-06-30": "3096.39200", "2010-03-31": "3244.90200", "2009-12-31": "3239.28300", "2009-09-30": "3232.68100", "2009-06-30": "3207.19300", "2009-03-31": "3253.09900", "2008-12-31": "3032.50200", "2008-09-30": "3063.63200", "2008-06-30": "3071.58200", "2008-03-31": "2760.10800", "2007-12-31": "2683.80500", "2007-09-30": "2721.95000", "2007-06-30": "2667.72700", "2007-03-31": "2560.52700", "2006-12-31": "2506.42100", "2006-09-30": "2532.69600", "2006-06-30": "2502.01600", "2006-03-31": "2434.95900", "2005-12-31": "2433.31600", "2005-09-30": "2475.08300", "2005-06-30": "2406.26700", "2005-03-31": "2354.12800"}, "Total Current Liabilities": {"2020-09-30": "506.20000", "2020-06-30": "595.30000", "2020-03-31": "1075.60000", "2019-12-31": "838.50000", "2019-09-30": "688.98200", "2019-06-30": "822.21600", "2019-03-31": "757.63700", "2018-12-31": "786.70000", "2018-09-30": "772.68600", "2018-06-30": "709.13300", "2018-03-31": "650.97900", "2017-12-31": "694.21600", "2017-09-30": "468.50300", "2017-06-30": "534.32500", "2017-03-31": "631.55800", "2016-12-31": "546.58800", "2016-09-30": "604.90900", "2016-06-30": "601.60400", "2016-03-31": "492.13100", "2015-12-31": "366.65800", "2015-09-30": "574.85900", "2015-06-30": "363.30100", "2015-03-31": "343.02200", "2014-12-31": "396.64800", "2014-09-30": "436.99800", "2014-06-30": "244.72500", "2014-03-31": "193.75800", "2013-12-31": "210.54900", "2013-09-30": "226.43200", "2013-06-30": "192.53300", "2013-03-31": "168.69000", "2012-12-31": "173.33500", "2012-09-30": "217.10900", "2012-06-30": "199.06600", "2012-03-31": "185.37100", "2011-12-31": "173.71200", "2011-09-30": "197.74600", "2011-06-30": "262.89800", "2011-03-31": "158.76200", "2010-12-31": "385.49300", "2010-09-30": "426.83500", "2010-06-30": "414.62600", "2010-03-31": "395.34600", "2009-12-31": "373.55300", "2009-09-30": "394.78500", "2009-06-30": "389.06400", "2009-03-31": "347.65200", "2008-12-31": "348.63900", "2008-09-30": "424.55600", "2008-06-30": "492.51800", "2008-03-31": "544.50800", "2007-12-31": "506.61600", "2007-09-30": "316.63100", "2007-06-30": "353.37100", "2007-03-31": "627.67400", "2006-12-31": "315.07200", "2006-09-30": "359.69500", "2006-06-30": "250.57600", "2006-03-31": "215.53400", "2005-12-31": "200.12200", "2005-09-30": "235.31800", "2005-06-30": "229.45600", "2005-03-31": "198.72100"}, "Long Term Debt": {"2020-09-30": "2625.20000", "2020-06-30": "2624.50000", "2020-03-31": "2623.90000", "2019-12-31": "2433.60000", "2019-09-30": "2732.81500", "2019-06-30": "2732.01800", "2019-03-31": "2801.22800", "2018-12-31": "2730.40000", "2018-09-30": "2829.65700", "2018-06-30": "2898.87600", "2018-03-31": "2728.10200", "2017-12-31": "2727.29400", "2017-09-30": "1642.50200", "2017-06-30": "1641.94400", "2017-03-31": "1556.24600", "2016-12-31": "1506.15300", "2016-09-30": "1536.81000", "2016-06-30": "1541.06200", "2016-03-31": "1575.32700", "2015-12-31": "1550.06100", "2015-09-30": "1553.76800", "2015-06-30": "1637.90500", "2015-03-31": "1562.19000", "2014-12-31": "1571.05900", "2014-09-30": "1603.94400", "2014-06-30": "1072.39700", "2014-03-31": "1055.54100", "2013-12-31": "1018.51800", "2013-09-30": "1107.19200", "2013-06-30": "1087.15000", "2013-03-31": "1072.85000", "2012-12-31": "1042.18300", "2012-09-30": "1092.11700", "2012-06-30": "1137.07600", "2012-03-31": "1127.17800", "2011-12-31": "1052.90200", "2011-09-30": "1038.33500", "2011-06-30": "978.95600", "2011-03-31": "1161.51800", "2010-12-31": "782.04500", "2010-09-30": "785.70600", "2010-06-30": "811.93800", "2010-03-31": "1029.60600", "2009-12-31": "1023.49200", "2009-09-30": "1038.87300", "2009-06-30": "1048.72900", "2009-03-31": "1152.10700", "2008-12-31": "1152.41400", "2008-09-30": "1152.71500", "2008-06-30": "1153.03200", "2008-03-31": "855.65500", "2007-12-31": "848.18600", "2007-09-30": "1050.70500", "2007-06-30": "1051.52700", "2007-03-31": "578.68300", "2006-12-31": "579.30800", "2006-09-30": "579.82400", "2006-06-30": "705.35900", "2006-03-31": "705.86200", "2005-12-31": "709.15900", "2005-09-30": "709.78000", "2005-06-30": "711.49100", "2005-03-31": "710.34600"}, "Other Non-Current Liabilities": {"2020-09-30": "362.40000", "2020-06-30": "351.30000", "2020-03-31": "338.30000", "2019-12-31": "339.30000", "2019-09-30": "235.38000", "2019-06-30": "233.70000", "2019-03-31": "234.09800", "2018-12-31": "379.30000", "2018-09-30": "242.16500", "2018-06-30": "238.83700", "2018-03-31": "227.06800", "2017-12-31": "233.75800", "2017-09-30": "228.60400", "2017-06-30": "221.73800", "2017-03-31": "210.30500", "2016-12-31": "194.46900", "2016-09-30": "196.78800", "2016-06-30": "197.80100", "2016-03-31": "197.70000", "2015-12-31": "172.71800", "2015-09-30": "158.10600", "2015-06-30": "154.36500", "2015-03-31": "158.64100", "2014-12-31": "160.02100", "2014-09-30": "144.27500", "2014-06-30": "113.98100", "2014-03-31": "108.86200", "2013-12-31": "97.35200", "2013-09-30": "89.04500", "2013-06-30": "90.41500", "2013-03-31": "88.78200", "2012-12-31": "86.39500", "2012-09-30": "84.43700", "2012-06-30": "90.37500", "2012-03-31": "89.65600", "2011-12-31": "92.17900", "2011-09-30": "84.56700", "2011-06-30": "86.98600", "2011-03-31": "83.40200", "2010-12-31": "82.57700", "2010-09-30": "84.59600", "2010-06-30": "97.34800", "2010-03-31": "95.60200", "2009-12-31": "79.52700", "2009-09-30": "78.54300", "2009-06-30": "82.82800", "2009-03-31": "79.83000", "2008-12-31": "82.05100", "2008-09-30": "76.48100", "2008-06-30": "91.27900", "2008-03-31": "91.13300", "2007-12-31": "118.59200", "2007-09-30": "116.66800", "2007-06-30": "90.93100", "2007-03-31": "91.09600", "2006-12-31": "92.56200", "2006-09-30": "89.34500", "2006-06-30": "86.06200", "2006-03-31": "83.71900", "2005-12-31": "101.66400", "2005-09-30": "105.04600", "2005-06-30": "100.44700", "2005-03-31": "98.13800"}, "Total Long Term Liabilities": {"2020-09-30": "4170.30000", "2020-06-30": "4137.70000", "2020-03-31": "4128.40000", "2019-12-31": "3939.80000", "2019-09-30": "4230.06500", "2019-06-30": "4244.17100", "2019-03-31": "4315.27400", "2018-12-31": "3815.30000", "2018-09-30": "3873.15700", "2018-06-30": "4032.14900", "2018-03-31": "3617.24100", "2017-12-31": "3615.81800", "2017-09-30": "2764.30000", "2017-06-30": "2781.00400", "2017-03-31": "2686.27900", "2016-12-31": "2611.72700", "2016-09-30": "2609.89400", "2016-06-30": "2615.20100", "2016-03-31": "2620.52000", "2015-12-31": "2530.77600", "2015-09-30": "2480.99500", "2015-06-30": "2586.66300", "2015-03-31": "2492.11400", "2014-12-31": "2470.35800", "2014-09-30": "2526.24700", "2014-06-30": "1544.31900", "2014-03-31": "1517.20600", "2013-12-31": "1474.35800", "2013-09-30": "1611.79000", "2013-06-30": "1597.91900", "2013-03-31": "1576.02800", "2012-12-31": "1537.29200", "2012-09-30": "1556.07400", "2012-06-30": "1610.66300", "2012-03-31": "1598.46400", "2011-12-31": "1525.24600", "2011-09-30": "1475.26100", "2011-06-30": "1435.42200", "2011-03-31": "1615.09800", "2010-12-31": "1220.99100", "2010-09-30": "1231.72000", "2010-06-30": "1264.96900", "2010-03-31": "1476.66100", "2009-12-31": "1459.31900", "2009-09-30": "1485.92000", "2009-06-30": "1516.58600", "2009-03-31": "1621.26000", "2008-12-31": "1616.60300", "2008-09-30": "1518.87000", "2008-06-30": "1517.31300", "2008-03-31": "1216.69900", "2007-12-31": "1231.19800", "2007-09-30": "1418.03600", "2007-06-30": "1410.01900", "2007-03-31": "931.73600", "2006-12-31": "937.37700", "2006-09-30": "910.93090", "2006-06-30": "1032.15500", "2006-03-31": "1032.42200", "2005-12-31": "1059.50900", "2005-09-30": "1038.21600", "2005-06-30": "1038.33100", "2005-03-31": "1036.83600"}, "Total Liabilities": {"2020-09-30": "4676.50000", "2020-06-30": "4733.00000", "2020-03-31": "5204.00000", "2019-12-31": "4778.30000", "2019-09-30": "4919.04700", "2019-06-30": "5066.38700", "2019-03-31": "5072.91100", "2018-12-31": "4602.00000", "2018-09-30": "4645.84300", "2018-06-30": "4741.28200", "2018-03-31": "4268.22000", "2017-12-31": "4310.03400", "2017-09-30": "3232.80300", "2017-06-30": "3315.32900", "2017-03-31": "3317.83700", "2016-12-31": "3158.31500", "2016-09-30": "3214.80300", "2016-06-30": "3216.80500", "2016-03-31": "3112.65100", "2015-12-31": "2897.43400", "2015-09-30": "3055.85400", "2015-06-30": "2949.96400", "2015-03-31": "2835.13600", "2014-12-31": "2867.00600", "2014-09-30": "2963.24500", "2014-06-30": "1789.04400", "2014-03-31": "1710.96400", "2013-12-31": "1684.90700", "2013-09-30": "1838.22200", "2013-06-30": "1790.45200", "2013-03-31": "1744.71800", "2012-12-31": "1710.62700", "2012-09-30": "1773.18300", "2012-06-30": "1809.72900", "2012-03-31": "1783.83500", "2011-12-31": "1698.95800", "2011-09-30": "1673.00700", "2011-06-30": "1698.32000", "2011-03-31": "1773.86000", "2010-12-31": "1606.48400", "2010-09-30": "1658.55500", "2010-06-30": "1679.59500", "2010-03-31": "1872.00700", "2009-12-31": "1832.87200", "2009-09-30": "1880.70500", "2009-06-30": "1905.65000", "2009-03-31": "1968.91200", "2008-12-31": "1965.24200", "2008-09-30": "1943.42600", "2008-06-30": "2009.83100", "2008-03-31": "1761.20700", "2007-12-31": "1737.81400", "2007-09-30": "1734.66700", "2007-06-30": "1763.39000", "2007-03-31": "1559.41000", "2006-12-31": "1252.44900", "2006-09-30": "1270.62600", "2006-06-30": "1282.73100", "2006-03-31": "1247.95600", "2005-12-31": "1259.63100", "2005-09-30": "1273.53400", "2005-06-30": "1267.78700", "2005-03-31": "1235.55700"}, "Common Stock Net": {"2020-09-30": "0.60000", "2020-06-30": "0.60000", "2020-03-31": "0.60000", "2019-12-31": "0.60000", "2019-09-30": "0.62400", "2019-06-30": "0.62300", "2019-03-31": "0.62500", "2018-12-31": "0.60000", "2018-09-30": "0.62600", "2018-06-30": "0.62900", "2018-03-31": "0.62800", "2017-12-31": "0.62800", "2017-09-30": "0.62700", "2017-06-30": "0.62700", "2017-03-31": "0.62600", "2016-12-31": "0.63000", "2016-09-30": "0.63300", "2016-06-30": "0.63300", "2016-03-31": "0.63300", "2015-12-31": "0.64300", "2015-09-30": "0.66000", "2015-06-30": "0.66800", "2015-03-31": "0.67300", "2014-12-31": "0.67100", "2014-09-30": "0.67100", "2014-06-30": "0.46300", "2014-03-31": "0.46200", "2013-12-31": "0.46100", "2013-09-30": "0.46100", "2013-06-30": "0.46100", "2013-03-31": "0.45900", "2012-12-31": "0.45900", "2012-09-30": "0.45800", "2012-06-30": "0.45700", "2012-03-31": "0.45600", "2011-12-31": "0.45600", "2011-09-30": "0.45600", "2011-06-30": "0.45600", "2011-03-31": "0.45500", "2010-12-31": "0.45500", "2010-09-30": "0.45400", "2010-06-30": "0.45400", "2010-03-31": "0.45300", "2009-12-31": "0.45300", "2009-09-30": "0.44600", "2009-06-30": "0.44500", "2009-03-31": "0.44500", "2008-12-31": "0.41400", "2008-09-30": "0.41400", "2008-06-30": "0.41300", "2008-03-31": "0.41300", "2007-12-31": "0.41200", "2007-09-30": "0.41800", "2007-06-30": "0.41700", "2007-03-31": "0.42800", "2006-12-31": "0.44800", "2006-09-30": "0.45000", "2006-06-30": "0.45300", "2006-03-31": "0.45600", "2005-12-31": "0.45700", "2005-09-30": "0.46300", "2005-06-30": "0.46200", "2005-03-31": "0.46700"}, "Retained Earnings (Accumulated Deficit)": {"2020-09-30": "2460.50000", "2020-06-30": "2201.70000", "2020-03-31": "2018.60000", "2019-12-31": "2077.20000", "2019-09-30": "2021.64700", "2019-06-30": "1814.97400", "2019-03-31": "1705.71700", "2018-12-31": "1693.30000", "2018-09-30": "1669.12600", "2018-06-30": "1579.67400", "2018-03-31": "1422.20700", "2017-12-31": "1440.06900", "2017-09-30": "1090.77800", "2017-06-30": "967.05800", "2017-03-31": "851.35400", "2016-12-31": "935.57400", "2016-09-30": "932.67900", "2016-06-30": "800.02800", "2016-03-31": "743.59300", "2015-12-31": "874.43600", "2015-09-30": "1079.76400", "2015-06-30": "1146.82100", "2015-03-31": "1190.80700", "2014-12-31": "1213.03500", "2014-09-30": "1176.12100", "2014-06-30": "1149.38800", "2014-03-31": "1108.51600", "2013-12-31": "1148.73800", "2013-09-30": "1131.27600", "2013-06-30": "1077.99800", "2013-03-31": "1055.25600", "2012-12-31": "1101.59800", "2012-09-30": "1098.52900", "2012-06-30": "1054.04800", "2012-03-31": "1035.73900", "2011-12-31": "1090.89100", "2011-09-30": "1094.46900", "2011-06-30": "1063.73200", "2011-03-31": "1046.34600", "2010-12-31": "1082.16000", "2010-09-30": "1085.75000", "2010-06-30": "1052.15900", "2010-03-31": "1016.15600", "2009-12-31": "1058.69800", "2009-09-30": "1080.08400", "2009-06-30": "1042.58100", "2009-03-31": "1021.83200", "2008-12-31": "1044.41700", "2008-09-30": "1036.94400", "2008-06-30": "987.40300", "2008-03-31": "938.08500", "2007-12-31": "931.65600", "2007-09-30": "963.62200", "2007-06-30": "861.29900", "2007-03-31": "974.10600", "2006-12-31": "1142.08400", "2006-09-30": "1092.19600", "2006-06-30": "1028.62800", "2006-03-31": "963.47100", "2005-12-31": "948.01200", "2005-09-30": "910.86300", "2005-06-30": "845.15200", "2005-03-31": "792.96700"}, "Comprehensive Income": {"2020-09-30": "-138.60000", "2020-06-30": "-142.20000", "2020-03-31": "-145.40000", "2019-12-31": "-145.80000", "2019-09-30": "-134.76500", "2019-06-30": "-137.33400", "2019-03-31": "-140.32400", "2018-12-31": "-143.60000", "2018-09-30": "-121.49100", "2018-06-30": "-125.88300", "2018-03-31": "-127.48500", "2017-12-31": "-129.10400", "2017-09-30": "-122.92800", "2017-06-30": "-125.90600", "2017-03-31": "-128.42500", "2016-12-31": "-130.68700", "2016-09-30": "-104.51100", "2016-06-30": "-106.06800", "2016-03-31": "-103.83300", "2015-12-31": "-105.62200", "2015-09-30": "-112.74200", "2015-06-30": "-112.81400", "2015-03-31": "-106.72300", "2014-12-31": "-106.15900", "2014-09-30": "-43.28100", "2014-06-30": "-42.14100", "2014-03-31": "-42.74400", "2013-12-31": "-44.11400", "2013-09-30": "-102.71000", "2013-06-30": "-106.25700", "2013-03-31": "-104.94800", "2012-12-31": "-106.16900", "2012-09-30": "-77.48000", "2012-06-30": "-80.64000", "2012-03-31": "-81.99100", "2011-12-31": "-83.89000", "2011-09-30": "-49.56000", "2011-06-30": "-49.31900", "2011-03-31": "-54.56400", "2010-12-31": "-53.66000", "2010-09-30": "-67.24900", "2010-06-30": "-69.48800", "2010-03-31": "-70.52800", "2009-12-31": "-75.08400", "2009-09-30": "-89.26700", "2009-06-30": "-96.49500", "2009-03-31": "-99.75300", "2008-12-31": "-101.67200", "2008-09-30": "-36.95200", "2008-06-30": "-38.93200", "2008-03-31": "-40.85200", "2007-12-31": "-37.03200", "2007-09-30": "-30.07100", "2007-06-30": "-29.57400", "2007-03-31": "-35.22300", "2006-12-31": "-36.05100", "2006-09-30": "-17.18700", "2006-06-30": "-15.32500", "2006-03-31": "-15.32500", "2005-12-31": "-15.32500", "2005-09-30": "-8.97000", "2005-06-30": "-8.97000", "2005-03-31": "-8.97000"}, "Other Share Holders Equity": {"2020-09-30": "", "2020-06-30": "", "2020-03-31": "", "2019-12-31": "", "2019-09-30": "", "2019-06-30": "", "2019-03-31": "", "2018-12-31": "", "2018-09-30": "", "2018-06-30": "", "2018-03-31": "", "2017-12-31": "", "2017-09-30": "", "2017-06-30": "", "2017-03-31": "", "2016-12-31": "", "2016-09-30": "", "2016-06-30": "", "2016-03-31": "", "2015-12-31": "", "2015-09-30": "", "2015-06-30": "", "2015-03-31": "", "2014-12-31": "", "2014-09-30": "", "2014-06-30": "", "2014-03-31": "", "2013-12-31": "", "2013-09-30": "", "2013-06-30": "", "2013-03-31": "", "2012-12-31": "", "2012-09-30": "", "2012-06-30": "", "2012-03-31": "", "2011-12-31": "", "2011-09-30": "", "2011-06-30": "", "2011-03-31": "", "2010-12-31": "", "2010-09-30": "", "2010-06-30": "", "2010-03-31": "", "2009-12-31": "", "2009-09-30": "", "2009-06-30": "", "2009-03-31": "", "2008-12-31": "", "2008-09-30": "", "2008-06-30": "", "2008-03-31": "", "2007-12-31": "", "2007-09-30": "", "2007-06-30": "", "2007-03-31": "", "2006-12-31": "", "2006-09-30": "", "2006-06-30": "", "2006-03-31": "", "2005-12-31": "", "2005-09-30": "", "2005-06-30": "", "2005-03-31": ""}, "Share Holder Equity": {"2020-09-30": "5758.90000", "2020-06-30": "5493.60000", "2020-03-31": "5299.40000", "2019-12-31": "5353.30000", "2019-09-30": "5304.43800", "2019-06-30": "5097.27000", "2019-03-31": "4975.49600", "2018-12-31": "4949.40000", "2018-09-30": "4942.32800", "2018-06-30": "4855.47000", "2018-03-31": "4679.83000", "2017-12-31": "4682.47700", "2017-09-30": "4333.98200", "2017-06-30": "4200.53100", "2017-03-31": "4075.95400", "2016-12-31": "4142.59000", "2016-09-30": "4158.39800", "2016-06-30": "4016.50000", "2016-03-31": "3945.63600", "2015-12-31": "4060.17700", "2015-09-30": "4252.58000", "2015-06-30": "4310.43300", "2015-03-31": "4342.18300", "2014-12-31": "4352.74800", "2014-09-30": "4375.61300", "2014-06-30": "1566.99900", "2014-03-31": "1544.29300", "2013-12-31": "1574.91900", "2013-09-30": "1498.88300", "2013-06-30": "1440.66700", "2013-03-31": "1410.05700", "2012-12-31": "1450.29900", "2012-09-30": "1470.02100", "2012-06-30": "1416.80400", "2012-03-31": "1398.28200", "2011-12-31": "1448.86400", "2011-09-30": "1485.55100", "2011-06-30": "1450.59900", "2011-03-31": "1434.74600", "2010-12-31": "1468.25900", "2010-09-30": "1457.22800", "2010-06-30": "1416.79700", "2010-03-31": "1372.89500", "2009-12-31": "1406.41100", "2009-09-30": "1351.97600", "2009-06-30": "1301.54300", "2009-03-31": "1284.18700", "2008-12-31": "1067.26000", "2008-09-30": "1120.20600", "2008-06-30": "1061.75100", "2008-03-31": "998.90100", "2007-12-31": "945.99100", "2007-09-30": "987.28300", "2007-06-30": "904.33700", "2007-03-31": "1001.11700", "2006-12-31": "1253.97200", "2006-09-30": "1262.07000", "2006-06-30": "1219.28500", "2006-03-31": "1187.00300", "2005-12-31": "1173.68500", "2005-09-30": "1201.54900", "2005-06-30": "1138.48000", "2005-03-31": "1118.57100"}, "Total Liabilities And Share Holders Equity": {"2020-09-30": "10435.40000", "2020-06-30": "10226.60000", "2020-03-31": "10503.40000", "2019-12-31": "10131.60000", "2019-09-30": "10223.49000", "2019-06-30": "10163.66000", "2019-03-31": "10048.41000", "2018-12-31": "9551.40000", "2018-09-30": "9588.17100", "2018-06-30": "9596.75200", "2018-03-31": "8948.05000", "2017-12-31": "8992.51100", "2017-09-30": "7566.78500", "2017-06-30": "7515.86000", "2017-03-31": "7393.79100", "2016-12-31": "7300.90500", "2016-09-30": "7373.20100", "2016-06-30": "7233.30500", "2016-03-31": "7058.28700", "2015-12-31": "6957.61100", "2015-09-30": "7308.43400", "2015-06-30": "7260.39700", "2015-03-31": "7177.31900", "2014-12-31": "7219.75400", "2014-09-30": "7338.85800", "2014-06-30": "3356.04300", "2014-03-31": "3255.25700", "2013-12-31": "3259.82600", "2013-09-30": "3337.10500", "2013-06-30": "3231.11900", "2013-03-31": "3154.77500", "2012-12-31": "3160.92600", "2012-09-30": "3243.20400", "2012-06-30": "3226.53300", "2012-03-31": "3182.11700", "2011-12-31": "3147.82200", "2011-09-30": "3158.55800", "2011-06-30": "3148.91900", "2011-03-31": "3208.60600", "2010-12-31": "3074.74300", "2010-09-30": "3115.78300", "2010-06-30": "3096.39200", "2010-03-31": "3244.90200", "2009-12-31": "3239.28300", "2009-09-30": "3232.68100", "2009-06-30": "3207.19300", "2009-03-31": "3253.09900", "2008-12-31": "3032.50200", "2008-09-30": "3063.63200", "2008-06-30": "3071.58200", "2008-03-31": "2760.10800", "2007-12-31": "2683.80500", "2007-09-30": "2721.95000", "2007-06-30": "2667.72700", "2007-03-31": "2560.52700", "2006-12-31": "2506.42100", "2006-09-30": "2532.69600", "2006-06-30": "2502.01600", "2006-03-31": "2434.95900", "2005-12-31": "2433.31600", "2005-09-30": "2475.08300", "2005-06-30": "2406.26700", "2005-03-31": "2354.12800"}}, "cash flow statement": {"Net Income/Loss": {"2019-12-31": "612.00000", "2018-12-31": "470.40000", "2017-12-31": "713.40000", "2016-12-31": "425.44400", "2015-12-31": "288.93800", "2014-12-31": "154.29400", "2013-12-31": "119.43200", "2012-12-31": "85.52700", "2011-12-31": "83.57300", "2010-12-31": "98.66400", "2009-12-31": "88.16400", "2008-12-31": "179.75000", "2007-12-31": "263.33900", "2006-12-31": "245.42200", "2005-12-31": "192.66600"}, "Total Depreciation And Amortization - Cash Flow": {"2019-12-31": "371.50000", "2018-12-31": "344.00000", "2017-12-31": "297.20000", "2016-12-31": "285.25300", "2015-12-31": "263.58700", "2014-12-31": "222.74600", "2013-12-31": "173.76100", "2012-12-31": "177.21100", "2011-12-31": "173.40700", "2010-12-31": "181.53700", "2009-12-31": "179.39100", "2008-12-31": "171.12900", "2007-12-31": "150.33800", "2006-12-31": "141.42900", "2005-12-31": "138.25100"}, "Other Non-Cash Items": {"2019-12-31": "69.00000", "2018-12-31": "83.10000", "2017-12-31": "-241.40000", "2016-12-31": "69.91800", "2015-12-31": "106.93500", "2014-12-31": "9.27500", "2013-12-31": "26.05900", "2012-12-31": "22.05000", "2011-12-31": "8.95000", "2010-12-31": "14.45600", "2009-12-31": "29.78500", "2008-12-31": "14.10300", "2007-12-31": "-13.83200", "2006-12-31": "0.29500", "2005-12-31": "10.31200"}, "Total Non-Cash Items": {"2019-12-31": "440.50000", "2018-12-31": "427.10000", "2017-12-31": "55.80000", "2016-12-31": "355.17100", "2015-12-31": "370.52200", "2014-12-31": "232.02100", "2013-12-31": "199.82000", "2012-12-31": "199.26100", "2011-12-31": "182.35700", "2010-12-31": "195.99300", "2009-12-31": "209.17600", "2008-12-31": "185.23200", "2007-12-31": "136.50600", "2006-12-31": "141.72400", "2005-12-31": "148.56300"}, "Change In Accounts Receivable": {"2019-12-31": "-50.40000", "2018-12-31": "-10.60000", "2017-12-31": "-29.30000", "2016-12-31": "-25.07200", "2015-12-31": "12.30900", "2014-12-31": "-16.65000", "2013-12-31": "-22.52300", "2012-12-31": "-20.30200", "2011-12-31": "-19.37500", "2010-12-31": "-20.54600", "2009-12-31": "48.52100", "2008-12-31": "34.24200", "2007-12-31": "-3.31500", "2006-12-31": "-17.38700", "2005-12-31": "-5.42400"}, "Change In Inventories": {"2019-12-31": "-27.70000", "2018-12-31": "-22.00000", "2017-12-31": "-79.00000", "2016-12-31": "-47.38100", "2015-12-31": "-21.52500", "2014-12-31": "-12.02000", "2013-12-31": "-11.63900", "2012-12-31": "-9.64000", "2011-12-31": "-5.10700", "2010-12-31": "1.24100", "2009-12-31": "-12.52500", "2008-12-31": "-25.18200", "2007-12-31": "-31.51400", "2006-12-31": "-33.68100", "2005-12-31": "-10.95200"}, "Change In Accounts Payable": {"2019-12-31": "25.90000", "2018-12-31": "20.10000", "2017-12-31": "-17.90000", "2016-12-31": "-8.11600", "2015-12-31": "-40.05300", "2014-12-31": "5.30300", "2013-12-31": "20.06300", "2012-12-31": "-8.67300", "2011-12-31": "30.38700", "2010-12-31": "8.22300", "2009-12-31": "-10.45200", "2008-12-31": "-24.41100", "2007-12-31": "1.49400", "2006-12-31": "-8.20800", "2005-12-31": "3.62100"}, "Change In Assets/Liabilities": {"2019-12-31": "-34.20000", "2018-12-31": "-179.90000", "2017-12-31": "14.60000", "2016-12-31": "-11.10600", "2015-12-31": "-29.59100", "2014-12-31": "18.71000", "2013-12-31": "3.79800", "2012-12-31": "-23.48400", "2011-12-31": "-12.74100", "2010-12-31": "-13.76700", "2009-12-31": "-4.51600", "2008-12-31": "-3.99700", "2007-12-31": "31.04000", "2006-12-31": "10.32200", "2005-12-31": "-10.69000"}, "Total Change In Assets/Liabilities": {"2019-12-31": "-86.40000", "2018-12-31": "-192.40000", "2017-12-31": "-111.60000", "2016-12-31": "-91.67500", "2015-12-31": "-78.86000", "2014-12-31": "-4.65700", "2013-12-31": "-10.30100", "2012-12-31": "-62.09900", "2011-12-31": "-6.83600", "2010-12-31": "-24.84900", "2009-12-31": "21.02800", "2008-12-31": "-19.34800", "2007-12-31": "-2.29500", "2006-12-31": "-48.95400", "2005-12-31": "-23.44500"}, "Cash Flow From Operating Activities": {"2019-12-31": "966.10000", "2018-12-31": "705.10000", "2017-12-31": "657.60000", "2016-12-31": "688.94000", "2015-12-31": "580.60000", "2014-12-31": "381.65800", "2013-12-31": "308.95100", "2012-12-31": "222.68900", "2011-12-31": "259.09400", "2010-12-31": "269.80800", "2009-12-31": "318.36800", "2008-12-31": "345.63400", "2007-12-31": "397.55000", "2006-12-31": "338.19200", "2005-12-31": "317.78400"}, "Net Change In Property, Plant, And Equipment": {"2019-12-31": "-393.50000", "2018-12-31": "-376.00000", "2017-12-31": "-410.30000", "2016-12-31": "-387.26700", "2015-12-31": "-318.23200", "2014-12-31": "-232.18300", "2013-12-31": "-155.23300", "2012-12-31": "-151.02300", "2011-12-31": "-155.36300", "2010-12-31": "-135.91600", "2009-12-31": "-139.23000", "2008-12-31": "-258.24600", "2007-12-31": "-264.92300", "2006-12-31": "-265.97600", "2005-12-31": "-221.40100"}, "Net Change In Intangible Assets": {"2019-12-31": "", "2018-12-31": "", "2017-12-31": "", "2016-12-31": "", "2015-12-31": "", "2014-12-31": "", "2013-12-31": "", "2012-12-31": "", "2011-12-31": "", "2010-12-31": "", "2009-12-31": "", "2008-12-31": "", "2007-12-31": "", "2006-12-31": "", "2005-12-31": ""}, "Net Acquisitions/Divestitures": {"2019-12-31": "8.40000", "2018-12-31": "-1573.00000", "2017-12-31": "23.90000", "2016-12-31": "-168.04600", "2015-12-31": "404.97000", "2014-12-31": "181.68300", "2013-12-31": "-55.91400", "2012-12-31": "9.81300", "2011-12-31": "-83.56100", "2010-12-31": "-38.26600", "2009-12-31": "-41.80100", "2008-12-31": "-192.51600", "2007-12-31": "8.89600", "2006-12-31": "27.55300", "2005-12-31": "32.93200"}, "Net Change In Short-term Investments": {"2019-12-31": "", "2018-12-31": "", "2017-12-31": "", "2016-12-31": "", "2015-12-31": "1.80800", "2014-12-31": "1.17500", "2013-12-31": "", "2012-12-31": "", "2011-12-31": "", "2010-12-31": "", "2009-12-31": "", "2008-12-31": "", "2007-12-31": "", "2006-12-31": "25.00000", "2005-12-31": "-25.00000"}, "Net Change In Long-Term Investments": {"2019-12-31": "", "2018-12-31": "", "2017-12-31": "", "2016-12-31": "", "2015-12-31": "", "2014-12-31": "", "2013-12-31": "", "2012-12-31": "", "2011-12-31": "", "2010-12-31": "", "2009-12-31": "", "2008-12-31": "", "2007-12-31": "", "2006-12-31": "", "2005-12-31": ""}, "Net Change In Investments - Total": {"2019-12-31": "", "2018-12-31": "", "2017-12-31": "", "2016-12-31": "", "2015-12-31": "1.80800", "2014-12-31": "1.17500", "2013-12-31": "", "2012-12-31": "", "2011-12-31": "", "2010-12-31": "", "2009-12-31": "", "2008-12-31": "", "2007-12-31": "", "2006-12-31": "25.00000", "2005-12-31": "-25.00000"}, "Investing Activities - Other": {"2019-12-31": "-0.80000", "2018-12-31": "0.80000", "2017-12-31": "0.30000", "2016-12-31": "0.29300", "2015-12-31": "", "2014-12-31": "", "2013-12-31": "-3.40200", "2012-12-31": "-2.00000", "2011-12-31": "", "2010-12-31": "", "2009-12-31": "-4.00000", "2008-12-31": "", "2007-12-31": "", "2006-12-31": "", "2005-12-31": "-0.40000"}, "Cash Flow From Investing Activities": {"2019-12-31": "-385.90000", "2018-12-31": "-1948.20000", "2017-12-31": "-386.10000", "2016-12-31": "-555.02000", "2015-12-31": "88.54600", "2014-12-31": "-49.32500", "2013-12-31": "-214.54900", "2012-12-31": "-143.21000", "2011-12-31": "-238.92400", "2010-12-31": "-174.18200", "2009-12-31": "-185.03100", "2008-12-31": "-450.76200", "2007-12-31": "-256.02700", "2006-12-31": "-213.42300", "2005-12-31": "-213.86900"}, "Net Long-Term Debt": {"2019-12-31": "-361.10000", "2018-12-31": "86.40000", "2017-12-31": "1340.30000", "2016-12-31": "107.33000", "2015-12-31": "-21.32000", "2014-12-31": "-191.60190", "2013-12-31": "-16.75310", "2012-12-31": "-12.65500", "2011-12-31": "24.55000", "2010-12-31": "-219.98800", "2009-12-31": "93.85700", "2008-12-31": "92.62400", "2007-12-31": "346.47100", "2006-12-31": "-0.56200", "2005-12-31": "-0.61200"}, "Net Current Debt": {"2019-12-31": "", "2018-12-31": "", "2017-12-31": "", "2016-12-31": "-10.23500", "2015-12-31": "10.05200", "2014-12-31": "-2.37300", "2013-12-31": "2.55600", "2012-12-31": "", "2011-12-31": "-2.12300", "2010-12-31": "0.38600", "2009-12-31": "-202.94000", "2008-12-31": "126.32600", "2007-12-31": "69.42400", "2006-12-31": "1.63700", "2005-12-31": "-2.23700"}, "Debt Issuance/Retirement Net - Total": {"2019-12-31": "-361.10000", "2018-12-31": "86.40000", "2017-12-31": "1340.30000", "2016-12-31": "97.09500", "2015-12-31": "-11.26800", "2014-12-31": "-193.97490", "2013-12-31": "-14.19710", "2012-12-31": "-12.65500", "2011-12-31": "22.42700", "2010-12-31": "-219.60200", "2009-12-31": "-109.08300", "2008-12-31": "218.95000", "2007-12-31": "415.89500", "2006-12-31": "1.07500", "2005-12-31": "-2.84900"}, "Net Common Equity Issued/Repurchased": {"2019-12-31": "-112.60000", "2018-12-31": "-105.00000", "2017-12-31": "-101.70000", "2016-12-31": "-241.69400", "2015-12-31": "-490.33300", "2014-12-31": "39.71400", "2013-12-31": "11.69100", "2012-12-31": "6.95900", "2011-12-31": "1.47300", "2010-12-31": "3.04700", "2009-12-31": "294.17700", "2008-12-31": "-20.74600", "2007-12-31": "-536.54100", "2006-12-31": "-141.35300", "2005-12-31": "-145.52100"}, "Net Total Equity Issued/Repurchased": {"2019-12-31": "-112.60000", "2018-12-31": "-105.00000", "2017-12-31": "-101.70000", "2016-12-31": "-241.69400", "2015-12-31": "-490.33300", "2014-12-31": "39.71400", "2013-12-31": "11.69100", "2012-12-31": "6.95900", "2011-12-31": "1.47300", "2010-12-31": "3.04700", "2009-12-31": "294.17700", "2008-12-31": "-20.74600", "2007-12-31": "-536.54100", "2006-12-31": "-141.35300", "2005-12-31": "-145.52100"}, "Total Common And Preferred Stock Dividends Paid": {"2019-12-31": "-129.80000", "2018-12-31": "-116.40000", "2017-12-31": "-108.90000", "2016-12-31": "-105.03600", "2015-12-31": "-107.46200", "2014-12-31": "-91.30400", "2013-12-31": "-74.19700", "2012-12-31": "-73.76700", "2011-12-31": "-73.64800", "2010-12-31": "-73.55000", "2009-12-31": "-71.17800", "2008-12-31": "-62.51100", "2007-12-31": "-53.61000", "2006-12-31": "-46.42100", "2005-12-31": "-39.95300"}, "Financial Activities - Other": {"2019-12-31": "-0.60000", "2018-12-31": "-23.40000", "2017-12-31": "-4.80000", "2016-12-31": "-2.65600", "2015-12-31": "-0.32500", "2014-12-31": "-20.55400", "2013-12-31": "-0.65600", "2012-12-31": "-0.64400", "2011-12-31": "-14.72300", "2010-12-31": "1.21100", "2009-12-31": "-21.45600", "2008-12-31": "-12.80900", "2007-12-31": "20.48900", "2006-12-31": "17.46700", "2005-12-31": "-0.46700"}, "Cash Flow From Financial Activities": {"2019-12-31": "-604.10000", "2018-12-31": "-158.40000", "2017-12-31": "1124.90000", "2016-12-31": "-252.29100", "2015-12-31": "-609.38800", "2014-12-31": "-266.11900", "2013-12-31": "-77.35900", "2012-12-31": "-80.10700", "2011-12-31": "-64.47100", "2010-12-31": "-288.89400", "2009-12-31": "92.46000", "2008-12-31": "122.88400", "2007-12-31": "-153.76700", "2006-12-31": "-169.23200", "2005-12-31": "-188.79000"}, "Net Cash Flow": {"2019-12-31": "-23.90000", "2018-12-31": "-1401.50000", "2017-12-31": "1396.40000", "2016-12-31": "-118.37100", "2015-12-31": "59.75800", "2014-12-31": "66.21400", "2013-12-31": "17.04300", "2012-12-31": "-0.62800", "2011-12-31": "-44.30100", "2010-12-31": "-193.26800", "2009-12-31": "225.79700", "2008-12-31": "17.75600", "2007-12-31": "-12.24400", "2006-12-31": "-44.46300", "2005-12-31": "-84.87500"}, "Stock-Based Compensation": {"2019-12-31": "34.10000", "2018-12-31": "29.30000", "2017-12-31": "30.50000", "2016-12-31": "20.48100", "2015-12-31": "13.58900", "2014-12-31": "8.99300", "2013-12-31": "7.00800", "2012-12-31": "7.78100", "2011-12-31": "11.52200", "2010-12-31": "14.67500", "2009-12-31": "20.55200", "2008-12-31": "21.86500", "2007-12-31": "19.68700", "2006-12-31": "13.43800", "2005-12-31": "3.70200"}, "Common Stock Dividends Paid": {"2019-12-31": "-129.80000", "2018-12-31": "-116.40000", "2017-12-31": "-108.90000", "2016-12-31": "-105.03600", "2015-12-31": "-107.46200", "2014-12-31": "-91.30400", "2013-12-31": "-74.19700", "2012-12-31": "-73.76700", "2011-12-31": "-73.64800", "2010-12-31": "-73.55000", "2009-12-31": "-71.17800", "2008-12-31": "-62.51100", "2007-12-31": "-53.61000", "2006-12-31": "-46.42100", "2005-12-31": "-39.95300"}}, "cash flow statement, quarterly": {"Net Income/Loss": {"2020-09-30": 294.5, "2020-06-30": 217.6, "2020-03-31": "25.90000", "2019-12-31": 131.1, "2019-09-30": 248.6, "2019-06-30": 189.4, "2019-03-31": "42.90000", "2018-12-31": 94.504, "2018-09-30": 180.353, "2018-06-30": 185.503, "2018-03-31": "10.04000", "2017-12-31": 377.313, "2017-09-30": 151.539, "2017-06-30": 142.241, "2017-03-31": "42.30700", "2016-12-31": 98.797, "2016-09-30": 159.478, "2016-06-30": 122.114, "2016-03-31": "45.05500", "2015-12-31": 83.223, "2015-09-30": 117.577, "2015-06-30": 81.979, "2015-03-31": "6.15900", "2014-12-31": 63.989, "2014-09-30": 53.833, "2014-06-30": 59.625, "2014-03-31": "-23.15300", "2013-12-31": 35.156, "2013-09-30": 72.038, "2013-06-30": 41.567, "2013-03-31": "-29.32900", "2012-12-31": 21.724, "2012-09-30": 63.669, "2012-06-30": 37.807, "2012-03-31": "-37.67300", "2011-12-31": 15.083, "2011-09-30": 50.332, "2011-06-30": 35.855, "2011-03-31": "-17.69700", "2010-12-31": 15.209, "2010-09-30": 53.255, "2010-06-30": 54.948, "2010-03-31": "-24.74800", "2009-12-31": -2.915, "2009-09-30": 56.867, "2009-06-30": 40.585, "2009-03-31": "-6.37300", "2008-12-31": 26.316, "2008-09-30": 68.307, "2008-06-30": 65.076, "2008-03-31": "20.05100", "2007-12-31": 57.131, "2007-09-30": 90.266, "2007-06-30": 82.952, "2007-03-31": "32.99000", "2006-12-31": 62.466, "2006-09-30": 76.16, "2006-06-30": 75.79, "2006-03-31": "31.00600", "2005-12-31": 47.757, "2005-09-30": 76.36, "2005-06-30": 61.472, "2005-03-31": "7.07700"}, "Total Depreciation And Amortization - Cash Flow": {"2020-09-30": 98.8, "2020-06-30": 98.4, "2020-03-31": "95.00000", "2019-12-31": 94.5, "2019-09-30": 95, "2019-06-30": 92.8, "2019-03-31": "89.20000", "2018-12-31": 90.8, "2018-09-30": 89.655, "2018-06-30": 86.724, "2018-03-31": "76.82100", "2017-12-31": 75.782, "2017-09-30": 75.316, "2017-06-30": 75.726, "2017-03-31": "70.37600", "2016-12-31": 73.256, "2016-09-30": 72.38, "2016-06-30": 71.207, "2016-03-31": "68.41000", "2015-12-31": 63.652, "2015-09-30": 64.977, "2015-06-30": 67.69, "2015-03-31": "67.26800", "2014-12-31": 68.667, "2014-09-30": 67.932, "2014-06-30": 43.681, "2014-03-31": "42.46600", "2013-12-31": 43.664, "2013-09-30": 44.105, "2013-06-30": 42.949, "2013-03-31": "43.04300", "2012-12-31": 44.226, "2012-09-30": 44.25, "2012-06-30": 44.337, "2012-03-31": "44.39800", "2011-12-31": 43.734, "2011-09-30": 43.22, "2011-06-30": 43.159, "2011-03-31": "43.29400", "2010-12-31": 45.591, "2010-09-30": 45.446, "2010-06-30": 45.532, "2010-03-31": "44.96800", "2009-12-31": 46.115, "2009-09-30": 45.901, "2009-06-30": 44.756, "2009-03-31": "42.61900", "2008-12-31": 45.47, "2008-09-30": 43.962, "2008-06-30": 42.775, "2008-03-31": "38.92200", "2007-12-31": 39.251, "2007-09-30": 37.68, "2007-06-30": 37.424, "2007-03-31": "35.98300", "2006-12-31": 38.735, "2006-09-30": 36.072, "2006-06-30": 33.941, "2006-03-31": "32.68100", "2005-12-31": 34.861, "2005-09-30": 35.66, "2005-06-30": 34.44, "2005-03-31": "33.29000"}, "Other Non-Cash Items": {"2020-09-30": -47.6, "2020-06-30": 10.6, "2020-03-31": "13.80000", "2019-12-31": 15.8, "2019-09-30": 26.3, "2019-06-30": 10.5, "2019-03-31": "16.40000", "2018-12-31": 28.457, "2018-09-30": 60.843, "2018-06-30": -14.769, "2018-03-31": "8.56900", "2017-12-31": -243.777, "2017-09-30": 4.369, "2017-06-30": -14.988, "2017-03-31": "12.99600", "2016-12-31": 10.556, "2016-09-30": 18.2, "2016-06-30": 18.082, "2016-03-31": "23.08000", "2015-12-31": 31.913, "2015-09-30": 34.841, "2015-06-30": 9.993, "2015-03-31": "30.18800", "2014-12-31": 6.327, "2014-09-30": 5.453, "2014-06-30": 1.668, "2014-03-31": "-4.17300", "2013-12-31": 5.189, "2013-09-30": 10.812, "2013-06-30": 5.992, "2013-03-31": "4.06600", "2012-12-31": 3.07, "2012-09-30": 7.143, "2012-06-30": 9.784, "2012-03-31": "2.05300", "2011-12-31": -4.205, "2011-09-30": -0.076, "2011-06-30": 9.789, "2011-03-31": "3.44200", "2010-12-31": -9.127, "2010-09-30": 14.803, "2010-06-30": 4.816, "2010-03-31": "3.96400", "2009-12-31": 16.628, "2009-09-30": -5.034, "2009-06-30": 11.001, "2009-03-31": "7.19000", "2008-12-31": 5.711, "2008-09-30": 6.504, "2008-06-30": -0.433, "2008-03-31": "2.32100", "2007-12-31": 0.107, "2007-09-30": -7.131, "2007-06-30": 2.352, "2007-03-31": "-9.16000", "2006-12-31": 15.359, "2006-09-30": 1.031, "2006-06-30": -4.936, "2006-03-31": "-11.15900", "2005-12-31": 13.941, "2005-09-30": -3.597, "2005-06-30": -1.613, "2005-03-31": "1.58100"}, "Total Non-Cash Items": {"2020-09-30": 51.2, "2020-06-30": 109, "2020-03-31": "108.80000", "2019-12-31": 110.3, "2019-09-30": 121.3, "2019-06-30": 103.3, "2019-03-31": "105.60000", "2018-12-31": 119.257, "2018-09-30": 150.498, "2018-06-30": 71.955, "2018-03-31": "85.39000", "2017-12-31": -167.995, "2017-09-30": 79.685, "2017-06-30": 60.738, "2017-03-31": "83.37200", "2016-12-31": 83.812, "2016-09-30": 90.58, "2016-06-30": 89.289, "2016-03-31": "91.49000", "2015-12-31": 95.565, "2015-09-30": 99.818, "2015-06-30": 77.683, "2015-03-31": "97.45600", "2014-12-31": 74.994, "2014-09-30": 73.385, "2014-06-30": 45.349, "2014-03-31": "38.29300", "2013-12-31": 48.853, "2013-09-30": 54.917, "2013-06-30": 48.941, "2013-03-31": "47.10900", "2012-12-31": 47.296, "2012-09-30": 51.393, "2012-06-30": 54.121, "2012-03-31": "46.45100", "2011-12-31": 39.529, "2011-09-30": 43.144, "2011-06-30": 52.948, "2011-03-31": "46.73600", "2010-12-31": 36.464, "2010-09-30": 60.249, "2010-06-30": 50.348, "2010-03-31": "48.93200", "2009-12-31": 62.743, "2009-09-30": 40.867, "2009-06-30": 55.757, "2009-03-31": "49.80900", "2008-12-31": 51.181, "2008-09-30": 50.466, "2008-06-30": 42.342, "2008-03-31": "41.24300", "2007-12-31": 39.358, "2007-09-30": 30.549, "2007-06-30": 39.776, "2007-03-31": "26.82300", "2006-12-31": 54.094, "2006-09-30": 37.103, "2006-06-30": 29.005, "2006-03-31": "21.52200", "2005-12-31": 48.802, "2005-09-30": 32.063, "2005-06-30": 32.827, "2005-03-31": "34.87100"}, "Change In Accounts Receivable": {"2020-09-30": 12.9, "2020-06-30": -127.6, "2020-03-31": "10.20000", "2019-12-31": 190.2, "2019-09-30": -53.5, "2019-06-30": -161, "2019-03-31": "-26.10000", "2018-12-31": 121.576, "2018-09-30": 25.427, "2018-06-30": -178.554, "2018-03-31": "20.95100", "2017-12-31": 95.322, "2017-09-30": -11.914, "2017-06-30": -91.403, "2017-03-31": "-21.30500", "2016-12-31": 108.776, "2016-09-30": -16.324, "2016-06-30": -87.829, "2016-03-31": "-29.69500", "2015-12-31": 167.363, "2015-09-30": -78.993, "2015-06-30": -116.067, "2015-03-31": "40.00600", "2014-12-31": 103.489, "2014-09-30": -21.228, "2014-06-30": -101.745, "2014-03-31": "2.83400", "2013-12-31": 85.611, "2013-09-30": -42.969, "2013-06-30": -85.438, "2013-03-31": "20.27300", "2012-12-31": 72.896, "2012-09-30": -21.53, "2012-06-30": -63.364, "2012-03-31": "-8.30400", "2011-12-31": 58.596, "2011-09-30": 9.616, "2011-06-30": -68.267, "2011-03-31": "-19.32000", "2010-12-31": 66.252, "2010-09-30": 8.148, "2010-06-30": -55.66, "2010-03-31": "-39.28600", "2009-12-31": 78.812, "2009-09-30": 8.82, "2009-06-30": -43.922, "2009-03-31": "4.81100", "2008-12-31": 87.62, "2008-09-30": 22.768, "2008-06-30": -82.975, "2008-03-31": "6.82900", "2007-12-31": 66.977, "2007-09-30": -15.621, "2007-06-30": -46.558, "2007-03-31": "-8.11300", "2006-12-31": 51.276, "2006-09-30": -1.116, "2006-06-30": -50.972, "2006-03-31": "-16.57500", "2005-12-31": 63.41, "2005-09-30": -5.579, "2005-06-30": -62.401, "2005-03-31": "-0.85400"}, "Change In Inventories": {"2020-09-30": -0.9, "2020-06-30": -12.1, "2020-03-31": "-9.60000", "2019-12-31": -41.3, "2019-09-30": -2.1, "2019-06-30": -0.7, "2019-03-31": "16.40000", "2018-12-31": -13.985, "2018-09-30": -0.882, "2018-06-30": 1.74, "2018-03-31": "-8.87300", "2017-12-31": -24.196, "2017-09-30": -26.564, "2017-06-30": -12.865, "2017-03-31": "-15.37500", "2016-12-31": -13.425, "2016-09-30": -0.825, "2016-06-30": -19.636, "2016-03-31": "-13.49500", "2015-12-31": -3.875, "2015-09-30": 10.011, "2015-06-30": -8.59, "2015-03-31": "-19.07100", "2014-12-31": -13.303, "2014-09-30": 5.552, "2014-06-30": 3.142, "2014-03-31": "-7.41100", "2013-12-31": 3.132, "2013-09-30": 1.067, "2013-06-30": -1.232, "2013-03-31": "-14.60600", "2012-12-31": 2.846, "2012-09-30": -3.108, "2012-06-30": 1.503, "2012-03-31": "-10.88100", "2011-12-31": -0.676, "2011-09-30": -1.363, "2011-06-30": -3.284, "2011-03-31": "0.21600", "2010-12-31": -7.647, "2010-09-30": -3.977, "2010-06-30": 2.184, "2010-03-31": "10.68100", "2009-12-31": -2.787, "2009-09-30": 4.212, "2009-06-30": -7.019, "2009-03-31": "-6.93100", "2008-12-31": -12.469, "2008-09-30": -8.267, "2008-06-30": 5.06, "2008-03-31": "-9.50600", "2007-12-31": -1.672, "2007-09-30": 12.498, "2007-06-30": -17.451, "2007-03-31": "-24.88900", "2006-12-31": -11.75, "2006-09-30": -0.866, "2006-06-30": -2.27, "2006-03-31": "-18.79500", "2005-12-31": -12.987, "2005-09-30": 7.552, "2005-06-30": 7.583, "2005-03-31": "-13.10000"}, "Change In Accounts Payable": {"2020-09-30": -0.3, "2020-06-30": -5.4, "2020-03-31": "4.90000", "2019-12-31": -40, "2019-09-30": 29.3, "2019-06-30": 16.2, "2019-03-31": "20.40000", "2018-12-31": -22.895, "2018-09-30": -1.271, "2018-06-30": 36.341, "2018-03-31": "7.92500", "2017-12-31": -21.082, "2017-09-30": -8.481, "2017-06-30": 3.127, "2017-03-31": "8.53600", "2016-12-31": -20.538, "2016-09-30": -20.099, "2016-06-30": 23.29, "2016-03-31": "9.23100", "2015-12-31": -62.239, "2015-09-30": 25.602, "2015-06-30": 16.912, "2015-03-31": "-20.32800", "2014-12-31": -21.212, "2014-09-30": -9.327, "2014-06-30": 40.667, "2014-03-31": "-4.82500", "2013-12-31": -7.666, "2013-09-30": 11.306, "2013-06-30": 22.88, "2013-03-31": "-6.45700", "2012-12-31": -15.75, "2012-09-30": -13.968, "2012-06-30": 13.327, "2012-03-31": "7.71800", "2011-12-31": 4.412, "2011-09-30": 0.923, "2011-06-30": 10.533, "2011-03-31": "14.51900", "2010-12-31": -16.675, "2010-09-30": -0.864, "2010-06-30": 10.685, "2010-03-31": "15.07700", "2009-12-31": -9.47, "2009-09-30": -13.067, "2009-06-30": -2.351, "2009-03-31": "14.43600", "2008-12-31": -34.863, "2008-09-30": -3.692, "2008-06-30": 8.439, "2008-03-31": "5.70500", "2007-12-31": -5.33, "2007-09-30": -0.29, "2007-06-30": 1.419, "2007-03-31": "5.69500", "2006-12-31": -4.412, "2006-09-30": -9.876, "2006-06-30": 6.178, "2006-03-31": "-0.09800", "2005-12-31": -1.309, "2005-09-30": -8.811, "2005-06-30": 13.969, "2005-03-31": "-0.22800"}, "Change In Assets/Liabilities": {"2020-09-30": -46.6, "2020-06-30": 85, "2020-03-31": "-33.50000", "2019-12-31": -34, "2019-09-30": -27.5, "2019-06-30": 68.6, "2019-03-31": "-41.30000", "2018-12-31": -34.895, "2018-09-30": -150.62, "2018-06-30": 16.036, "2018-03-31": "-10.42100", "2017-12-31": -19.884, "2017-09-30": 4.534, "2017-06-30": 53.62, "2017-03-31": "-23.67000", "2016-12-31": 9.805, "2016-09-30": -0.941, "2016-06-30": 14.304, "2016-03-31": "-34.27400", "2015-12-31": -19.016, "2015-09-30": 18.495, "2015-06-30": 40.027, "2015-03-31": "-69.09700", "2014-12-31": -27.927, "2014-09-30": 29.05, "2014-06-30": 16.713, "2014-03-31": "0.87400", "2013-12-31": -21.78, "2013-09-30": 20.814, "2013-06-30": 3.179, "2013-03-31": "1.58500", "2012-12-31": -28.367, "2012-09-30": 17.919, "2012-06-30": -11.406, "2012-03-31": "-1.63000", "2011-12-31": -37.72, "2011-09-30": 20.542, "2011-06-30": 7.565, "2011-03-31": "-3.12800", "2010-12-31": -26.406, "2010-09-30": -0.475, "2010-06-30": -3.351, "2010-03-31": "16.46500", "2009-12-31": -42.613, "2009-09-30": 20.241, "2009-06-30": 8.854, "2009-03-31": "9.00200", "2008-12-31": -46.594, "2008-09-30": 18.325, "2008-06-30": 11.884, "2008-03-31": "12.38800", "2007-12-31": -31.687, "2007-09-30": 15.365, "2007-06-30": 30.816, "2007-03-31": "16.54600", "2006-12-31": -23.204, "2006-09-30": -5.562, "2006-06-30": 23.647, "2006-03-31": "15.44100", "2005-12-31": -35.917, "2005-09-30": -2.207, "2005-06-30": 25.185, "2005-03-31": "2.24900"}, "Total Change In Assets/Liabilities": {"2020-09-30": -34.9, "2020-06-30": -60.1, "2020-03-31": "-28.00000", "2019-12-31": 74.9, "2019-09-30": -53.8, "2019-06-30": -76.9, "2019-03-31": "-30.60000", "2018-12-31": 49.801, "2018-09-30": -127.346, "2018-06-30": -124.437, "2018-03-31": "9.58200", "2017-12-31": 30.16, "2017-09-30": -42.425, "2017-06-30": -47.521, "2017-03-31": "-51.81400", "2016-12-31": 84.618, "2016-09-30": -38.189, "2016-06-30": -69.871, "2016-03-31": "-68.23300", "2015-12-31": 82.233, "2015-09-30": -24.885, "2015-06-30": -67.718, "2015-03-31": "-68.49000", "2014-12-31": 41.047, "2014-09-30": 4.047, "2014-06-30": -41.223, "2014-03-31": "-8.52800", "2013-12-31": 59.297, "2013-09-30": -9.782, "2013-06-30": -60.611, "2013-03-31": "0.79500", "2012-12-31": 31.625, "2012-09-30": -20.687, "2012-06-30": -59.94, "2012-03-31": "-13.09700", "2011-12-31": 24.612, "2011-09-30": 29.718, "2011-06-30": -53.453, "2011-03-31": "-7.71300", "2010-12-31": 15.524, "2010-09-30": 2.832, "2010-06-30": -46.142, "2010-03-31": "2.93700", "2009-12-31": 23.942, "2009-09-30": 20.206, "2009-06-30": -44.438, "2009-03-31": "21.31800", "2008-12-31": -6.306, "2008-09-30": 29.134, "2008-06-30": -57.592, "2008-03-31": "15.41600", "2007-12-31": 28.288, "2007-09-30": 11.952, "2007-06-30": -31.774, "2007-03-31": "-10.76100", "2006-12-31": 11.91, "2006-09-30": -17.42, "2006-06-30": -23.417, "2006-03-31": "-20.02700", "2005-12-31": 13.197, "2005-09-30": -9.045, "2005-06-30": -15.664, "2005-03-31": "-11.93300"}, "Cash Flow From Operating Activities": {"2020-09-30": 310.8, "2020-06-30": 266.5, "2020-03-31": "106.70000", "2019-12-31": 316.3, "2019-09-30": 316.1, "2019-06-30": 215.8, "2019-03-31": "117.90000", "2018-12-31": 263.562, "2018-09-30": 203.505, "2018-06-30": 133.021, "2018-03-31": "105.01200", "2017-12-31": 239.478, "2017-09-30": 188.799, "2017-06-30": 155.458, "2017-03-31": "73.86500", "2016-12-31": 267.227, "2016-09-30": 211.869, "2016-06-30": 141.532, "2016-03-31": "68.31200", "2015-12-31": 261.021, "2015-09-30": 192.51, "2015-06-30": 91.944, "2015-03-31": "35.12500", "2014-12-31": 180.03, "2014-09-30": 131.265, "2014-06-30": 63.751, "2014-03-31": "6.61200", "2013-12-31": 143.306, "2013-09-30": 117.173, "2013-06-30": 29.897, "2013-03-31": "18.57500", "2012-12-31": 100.645, "2012-09-30": 94.375, "2012-06-30": 31.988, "2012-03-31": "-4.31900", "2011-12-31": 79.224, "2011-09-30": 123.194, "2011-06-30": 35.35, "2011-03-31": "21.32600", "2010-12-31": 67.197, "2010-09-30": 116.336, "2010-06-30": 59.154, "2010-03-31": "27.12100", "2009-12-31": 83.77, "2009-09-30": 117.94, "2009-06-30": 51.904, "2009-03-31": "64.75400", "2008-12-31": 71.191, "2008-09-30": 147.907, "2008-06-30": 49.826, "2008-03-31": "76.71000", "2007-12-31": 124.777, "2007-09-30": 132.767, "2007-06-30": 90.954, "2007-03-31": "49.05200", "2006-12-31": 128.47, "2006-09-30": 95.843, "2006-06-30": 81.378, "2006-03-31": "32.50100", "2005-12-31": 109.756, "2005-09-30": 99.378, "2005-06-30": 78.635, "2005-03-31": "30.01500"}, "Net Change In Property, Plant, And Equipment": {"2020-09-30": -75.1, "2020-06-30": -71.6, "2020-03-31": "-104.10000", "2019-12-31": -110.5, "2019-09-30": -75.6, "2019-06-30": -77.3, "2019-03-31": "-130.10000", "2018-12-31": -113.845, "2018-09-30": -73.885, "2018-06-30": -92.011, "2018-03-31": "-96.25900", "2017-12-31": -101.555, "2017-09-30": -92.656, "2017-06-30": -113.994, "2017-03-31": "-102.09500", "2016-12-31": -101.786, "2016-09-30": -74.922, "2016-06-30": -116.331, "2016-03-31": "-94.22800", "2015-12-31": -105.785, "2015-09-30": -84.457, "2015-06-30": -71.905, "2015-03-31": "-56.08500", "2014-12-31": -93.613, "2014-09-30": -53.833, "2014-06-30": -47.824, "2014-03-31": "-36.91300", "2013-12-31": -52.891, "2013-09-30": -52.34, "2013-06-30": -28.122, "2013-03-31": "-21.88000", "2012-12-31": -45.082, "2012-09-30": -39.69, "2012-06-30": -28.733, "2012-03-31": "-37.51800", "2011-12-31": -61.845, "2011-09-30": -34.79, "2011-06-30": -28.054, "2011-03-31": "-30.67400", "2010-12-31": -25.892, "2010-09-30": -41.47, "2010-06-30": -43.533, "2010-03-31": "-25.02100", "2009-12-31": -38.737, "2009-09-30": -25.743, "2009-06-30": -34.434, "2009-03-31": "-40.31600", "2008-12-31": -34.469, "2008-09-30": -64.369, "2008-06-30": -73.995, "2008-03-31": "-85.41300", "2007-12-31": -67.984, "2007-09-30": -81.955, "2007-06-30": -65.12, "2007-03-31": "-49.86400", "2006-12-31": -53.389, "2006-09-30": -54.888, "2006-06-30": -83.338, "2006-03-31": "-74.36100", "2005-12-31": -65.291, "2005-09-30": -54.826, "2005-06-30": -54.096, "2005-03-31": "-47.18800"}, "Net Change In Intangible Assets": {"2020-09-30": 0, "2020-06-30": 0, "2020-03-31": "", "2019-12-31": 0, "2019-09-30": 0, "2019-06-30": 0, "2019-03-31": "", "2018-12-31": 0, "2018-09-30": 0, "2018-06-30": 0, "2018-03-31": "", "2017-12-31": 0, "2017-09-30": 0, "2017-06-30": 0, "2017-03-31": "", "2016-12-31": 0, "2016-09-30": 0, "2016-06-30": 0, "2016-03-31": "", "2015-12-31": 0, "2015-09-30": 0, "2015-06-30": 0, "2015-03-31": "", "2014-12-31": 0, "2014-09-30": 0, "2014-06-30": 0, "2014-03-31": "", "2013-12-31": 0, "2013-09-30": 0, "2013-06-30": 0, "2013-03-31": "", "2012-12-31": 0, "2012-09-30": 0, "2012-06-30": 0, "2012-03-31": "", "2011-12-31": 0, "2011-09-30": 0, "2011-06-30": 0, "2011-03-31": "", "2010-12-31": 0, "2010-09-30": 0, "2010-06-30": 0, "2010-03-31": "", "2009-12-31": 0, "2009-09-30": 0, "2009-06-30": 0, "2009-03-31": "", "2008-12-31": 0, "2008-09-30": 0, "2008-06-30": 0, "2008-03-31": "", "2007-12-31": 0, "2007-09-30": 0, "2007-06-30": 0, "2007-03-31": "", "2006-12-31": 0, "2006-09-30": 0, "2006-06-30": 0, "2006-03-31": "", "2005-12-31": 0, "2005-09-30": 0, "2005-06-30": 0, "2005-03-31": ""}, "Net Acquisitions/Divestitures": {"2020-09-30": 61.6, "2020-06-30": -0.3, "2020-03-31": "15.90000", "2019-12-31": 1.4, "2019-09-30": 1, "2019-06-30": 3, "2019-03-31": "3.00000", "2018-12-31": 4.238, "2018-09-30": 10.247, "2018-06-30": -1590.013, "2018-03-31": "2.52800", "2017-12-31": -2.038, "2017-09-30": -3.951, "2017-06-30": 29.35, "2017-03-31": "0.53900", "2016-12-31": 1.181, "2016-09-30": -54.147, "2016-06-30": 1.059, "2016-03-31": "-116.13900", "2015-12-31": -6.327, "2015-09-30": 420.038, "2015-06-30": 0.373, "2015-03-31": "-9.11400", "2014-12-31": 8.812, "2014-09-30": 170.834, "2014-06-30": 0.686, "2014-03-31": "1.35100", "2013-12-31": 5.31, "2013-09-30": -59.852, "2013-06-30": -0.323, "2013-03-31": "-1.04900", "2012-12-31": 2.074, "2012-09-30": 3.879, "2012-06-30": 1.73, "2012-03-31": "2.13000", "2011-12-31": -39.809, "2011-09-30": 0.945, "2011-06-30": -46.83, "2011-03-31": "2.13300", "2010-12-31": -14.683, "2010-09-30": 0.657, "2010-06-30": 2.198, "2010-03-31": "-26.43800", "2009-12-31": 0.398, "2009-09-30": 1.547, "2009-06-30": -47.304, "2009-03-31": "3.55800", "2008-12-31": 6.569, "2008-09-30": 13.871, "2008-06-30": -195.159, "2008-03-31": "-17.79700", "2007-12-31": 4.065, "2007-09-30": 9.797, "2007-06-30": 4.055, "2007-03-31": "-9.02100", "2006-12-31": 3.629, "2006-09-30": 4.25, "2006-06-30": 4.288, "2006-03-31": "15.38600", "2005-12-31": 4.391, "2005-09-30": 11.757, "2005-06-30": 9.026, "2005-03-31": "7.75800"}, "Net Change In Short-term Investments": {"2020-09-30": 0, "2020-06-30": 0, "2020-03-31": "", "2019-12-31": 0, "2019-09-30": 0, "2019-06-30": 0, "2019-03-31": "", "2018-12-31": 0, "2018-09-30": 0, "2018-06-30": 0, "2018-03-31": "", "2017-12-31": 0, "2017-09-30": 0, "2017-06-30": 0, "2017-03-31": "", "2016-12-31": 0, "2016-09-30": 0, "2016-06-30": 0, "2016-03-31": "", "2015-12-31": 0, "2015-09-30": 0, "2015-06-30": 0, "2015-03-31": "1.80800", "2014-12-31": 0.325, "2014-09-30": 0.321, "2014-06-30": 0.529, "2014-03-31": "", "2013-12-31": 3.402, "2013-09-30": -3.402, "2013-06-30": 0, "2013-03-31": "", "2012-12-31": 0, "2012-09-30": 0, "2012-06-30": 0, "2012-03-31": "", "2011-12-31": 0, "2011-09-30": 0, "2011-06-30": 0, "2011-03-31": "", "2010-12-31": 0, "2010-09-30": 0, "2010-06-30": 0, "2010-03-31": "", "2009-12-31": 0, "2009-09-30": 0, "2009-06-30": 0, "2009-03-31": "", "2008-12-31": 0, "2008-09-30": 0, "2008-06-30": 0, "2008-03-31": "", "2007-12-31": 0, "2007-09-30": 0, "2007-06-30": 0, "2007-03-31": "", "2006-12-31": 0, "2006-09-30": 0, "2006-06-30": 0, "2006-03-31": "25.00000", "2005-12-31": 0, "2005-09-30": -15, "2005-06-30": -10, "2005-03-31": ""}, "Net Change In Long-Term Investments": {"2020-09-30": 0, "2020-06-30": 0, "2020-03-31": "", "2019-12-31": 0, "2019-09-30": 0, "2019-06-30": 0, "2019-03-31": "", "2018-12-31": 0, "2018-09-30": 0, "2018-06-30": 0, "2018-03-31": "", "2017-12-31": 0, "2017-09-30": 0, "2017-06-30": 0, "2017-03-31": "", "2016-12-31": 0, "2016-09-30": 0, "2016-06-30": 0, "2016-03-31": "", "2015-12-31": 0, "2015-09-30": 0, "2015-06-30": 0, "2015-03-31": "", "2014-12-31": 0, "2014-09-30": 0, "2014-06-30": 0, "2014-03-31": "", "2013-12-31": 0, "2013-09-30": 0, "2013-06-30": 0, "2013-03-31": "", "2012-12-31": 0, "2012-09-30": 0, "2012-06-30": 0, "2012-03-31": "", "2011-12-31": 0, "2011-09-30": 0, "2011-06-30": 0, "2011-03-31": "", "2010-12-31": 0, "2010-09-30": 0, "2010-06-30": 0, "2010-03-31": "", "2009-12-31": 0, "2009-09-30": 0, "2009-06-30": 0, "2009-03-31": "", "2008-12-31": 0, "2008-09-30": 0, "2008-06-30": 0, "2008-03-31": "", "2007-12-31": 0, "2007-09-30": 0, "2007-06-30": 0, "2007-03-31": "", "2006-12-31": 0, "2006-09-30": 0, "2006-06-30": 0, "2006-03-31": "", "2005-12-31": 0, "2005-09-30": 0, "2005-06-30": 0, "2005-03-31": ""}, "Net Change In Investments - Total": {"2020-09-30": 0, "2020-06-30": 0, "2020-03-31": "", "2019-12-31": 0, "2019-09-30": 0, "2019-06-30": 0, "2019-03-31": "", "2018-12-31": 0, "2018-09-30": 0, "2018-06-30": 0, "2018-03-31": "", "2017-12-31": 0, "2017-09-30": 0, "2017-06-30": 0, "2017-03-31": "", "2016-12-31": 0, "2016-09-30": 0, "2016-06-30": 0, "2016-03-31": "", "2015-12-31": 0, "2015-09-30": 0, "2015-06-30": 0, "2015-03-31": "1.80800", "2014-12-31": 0.325, "2014-09-30": 0.321, "2014-06-30": 0.529, "2014-03-31": "", "2013-12-31": 3.402, "2013-09-30": -3.402, "2013-06-30": 0, "2013-03-31": "", "2012-12-31": 0, "2012-09-30": 0, "2012-06-30": 0, "2012-03-31": "", "2011-12-31": 0, "2011-09-30": 0, "2011-06-30": 0, "2011-03-31": "", "2010-12-31": 0, "2010-09-30": 0, "2010-06-30": 0, "2010-03-31": "", "2009-12-31": 0, "2009-09-30": 0, "2009-06-30": 0, "2009-03-31": "", "2008-12-31": 0, "2008-09-30": 0, "2008-06-30": 0, "2008-03-31": "", "2007-12-31": 0, "2007-09-30": 0, "2007-06-30": 0, "2007-03-31": "", "2006-12-31": 0, "2006-09-30": 0, "2006-06-30": 0, "2006-03-31": "25.00000", "2005-12-31": 0, "2005-09-30": -15, "2005-06-30": -10, "2005-03-31": ""}, "Investing Activities - Other": {"2020-09-30": -7.4, "2020-06-30": -3.4, "2020-03-31": "-7.30000", "2019-12-31": -0.1, "2019-09-30": -0.2, "2019-06-30": -0.1, "2019-03-31": "-0.40000", "2018-12-31": 0.029, "2018-09-30": 0.347, "2018-06-30": 0.325, "2018-03-31": "0.09900", "2017-12-31": 2.048, "2017-09-30": -2.024, "2017-06-30": 0.095, "2017-03-31": "0.18100", "2016-12-31": 0.293, "2016-09-30": 0, "2016-06-30": 0, "2016-03-31": "", "2015-12-31": 0.107, "2015-09-30": -0.107, "2015-06-30": 0, "2015-03-31": "", "2014-12-31": 0, "2014-09-30": 0, "2014-06-30": 0, "2014-03-31": "", "2013-12-31": -3.402, "2013-09-30": 0, "2013-06-30": 0, "2013-03-31": "", "2012-12-31": -2, "2012-09-30": 0, "2012-06-30": 0, "2012-03-31": "", "2011-12-31": 0, "2011-09-30": 0, "2011-06-30": 0, "2011-03-31": "", "2010-12-31": 0, "2010-09-30": 0, "2010-06-30": 0, "2010-03-31": "", "2009-12-31": 0, "2009-09-30": 0, "2009-06-30": -4, "2009-03-31": "", "2008-12-31": 0, "2008-09-30": 0, "2008-06-30": 0, "2008-03-31": "", "2007-12-31": 0, "2007-09-30": 0, "2007-06-30": 0, "2007-03-31": "", "2006-12-31": 0, "2006-09-30": 0, "2006-06-30": 17.6, "2006-03-31": "-17.60000", "2005-12-31": 0, "2005-09-30": -0.4, "2005-06-30": 0, "2005-03-31": ""}, "Cash Flow From Investing Activities": {"2020-09-30": -20.9, "2020-06-30": -75.3, "2020-03-31": "-95.50000", "2019-12-31": -109.2, "2019-09-30": -74.8, "2019-06-30": -74.4, "2019-03-31": "-127.50000", "2018-12-31": -109.578, "2018-09-30": -63.291, "2018-06-30": -1681.699, "2018-03-31": "-93.63200", "2017-12-31": -101.545, "2017-09-30": -98.631, "2017-06-30": -84.549, "2017-03-31": "-101.37500", "2016-12-31": -100.312, "2016-09-30": -129.069, "2016-06-30": -115.272, "2016-03-31": "-210.36700", "2015-12-31": -112.005, "2015-09-30": 335.474, "2015-06-30": -71.532, "2015-03-31": "-63.39100", "2014-12-31": -84.476, "2014-09-30": 117.322, "2014-06-30": -46.609, "2014-03-31": "-35.56200", "2013-12-31": -47.581, "2013-09-30": -115.594, "2013-06-30": -28.445, "2013-03-31": "-22.92900", "2012-12-31": -45.008, "2012-09-30": -35.811, "2012-06-30": -27.003, "2012-03-31": "-35.38800", "2011-12-31": -101.654, "2011-09-30": -33.845, "2011-06-30": -74.884, "2011-03-31": "-28.54100", "2010-12-31": -40.575, "2010-09-30": -40.813, "2010-06-30": -41.335, "2010-03-31": "-51.45900", "2009-12-31": -38.339, "2009-09-30": -24.196, "2009-06-30": -85.738, "2009-03-31": "-36.75800", "2008-12-31": -27.9, "2008-09-30": -50.498, "2008-06-30": -269.154, "2008-03-31": "-103.21000", "2007-12-31": -63.919, "2007-09-30": -72.158, "2007-06-30": -61.065, "2007-03-31": "-58.88500", "2006-12-31": -49.76, "2006-09-30": -50.638, "2006-06-30": -61.45, "2006-03-31": "-51.57500", "2005-12-31": -60.9, "2005-09-30": -58.469, "2005-06-30": -55.07, "2005-03-31": "-39.43000"}, "Net Long-Term Debt": {"2020-09-30": -130.6, "2020-06-30": -510.8, "2020-03-31": "490.20000", "2019-12-31": -158.4, "2019-09-30": -195.9, "2019-06-30": -45.8, "2019-03-31": "39.00000", "2018-12-31": -90.972, "2018-09-30": -10.878, "2018-06-30": 189.092, "2018-03-31": "-0.84200", "2017-12-31": 1306.799, "2017-09-30": -60.968, "2017-06-30": -64.758, "2017-03-31": "159.22700", "2016-12-31": -81.94, "2016-09-30": -18.747, "2016-06-30": 25.187, "2016-03-31": "182.83000", "2015-12-31": -134.152, "2015-09-30": 42.807, "2015-06-30": 75.558, "2015-03-31": "-5.53300", "2014-12-31": -34.1349, "2014-09-30": -209.998, "2014-06-30": 16.181, "2014-03-31": "36.35000", "2013-12-31": -82.0611, "2013-09-30": 19.975, "2013-06-30": 14.733, "2013-03-31": "30.60000", "2012-12-31": -51.004, "2012-09-30": -45.517, "2012-06-30": 9.346, "2012-03-31": "74.52000", "2011-12-31": 10.021, "2011-09-30": -40.494, "2011-06-30": -82.77, "2011-03-31": "137.79300", "2010-12-31": -0.451, "2010-09-30": 99.381, "2010-06-30": -318.329, "2010-03-31": "-0.58900", "2009-12-31": -18.456, "2009-09-30": -14.349, "2009-06-30": 127.759, "2009-03-31": "-1.09700", "2008-12-31": -201.088, "2008-09-30": -1.1, "2008-06-30": 294.856, "2008-03-31": "-0.04400", "2007-12-31": -0.03, "2007-09-30": -125.037, "2007-06-30": 219.4, "2007-03-31": "252.13800", "2006-12-31": -0.01, "2006-09-30": -0.068, "2006-06-30": -0.048, "2006-03-31": "-0.43600", "2005-12-31": -0.055, "2005-09-30": -0.119, "2005-06-30": -0.035, "2005-03-31": "-0.40300"}, "Net Current Debt": {"2020-09-30": 0, "2020-06-30": 0, "2020-03-31": "", "2019-12-31": 0, "2019-09-30": 0, "2019-06-30": 0, "2019-03-31": "", "2018-12-31": 0, "2018-09-30": 0, "2018-06-30": 0, "2018-03-31": "", "2017-12-31": -1.047, "2017-09-30": -2.748, "2017-06-30": 3.795, "2017-03-31": "", "2016-12-31": 0, "2016-09-30": -7.143, "2016-06-30": 7.143, "2016-03-31": "-10.23500", "2015-12-31": 10.235, "2015-09-30": 0, "2015-06-30": 0, "2015-03-31": "-0.18300", "2014-12-31": 0.183, "2014-09-30": 0, "2014-06-30": 0, "2014-03-31": "-2.55600", "2013-12-31": -7.881, "2013-09-30": 10.437, "2013-06-30": 0, "2013-03-31": "", "2012-12-31": -0.102, "2012-09-30": -3.25, "2012-06-30": 1.423, "2012-03-31": "1.92900", "2011-12-31": 0, "2011-09-30": 0, "2011-06-30": 0, "2011-03-31": "-2.12300", "2010-12-31": 2.123, "2010-09-30": -128.403, "2010-06-30": 126.176, "2010-03-31": "0.49000", "2009-12-31": 1.575, "2009-09-30": -1.53, "2009-06-30": -182.742, "2009-03-31": "-20.24300", "2008-12-31": 199.007, "2008-09-30": -81.498, "2008-06-30": -50.567, "2008-03-31": "59.38400", "2007-12-31": 2.231, "2007-09-30": 72.049, "2007-06-30": -6.192, "2007-03-31": "1.33600", "2006-12-31": -12.983, "2006-09-30": -6.953, "2006-06-30": 17.409, "2006-03-31": "4.16400", "2005-12-31": -6.434, "2005-09-30": 8.523, "2005-06-30": -2.579, "2005-03-31": "-1.74700"}, "Debt Issuance/Retirement Net - Total": {"2020-09-30": -130.6, "2020-06-30": -510.8, "2020-03-31": "490.20000", "2019-12-31": -158.4, "2019-09-30": -195.9, "2019-06-30": -45.8, "2019-03-31": "39.00000", "2018-12-31": -90.972, "2018-09-30": -10.878, "2018-06-30": 189.092, "2018-03-31": "-0.84200", "2017-12-31": 1305.752, "2017-09-30": -63.716, "2017-06-30": -60.963, "2017-03-31": "159.22700", "2016-12-31": -81.94, "2016-09-30": -25.89, "2016-06-30": 32.33, "2016-03-31": "172.59500", "2015-12-31": -123.917, "2015-09-30": 42.807, "2015-06-30": 75.558, "2015-03-31": "-5.71600", "2014-12-31": -33.9519, "2014-09-30": -209.998, "2014-06-30": 16.181, "2014-03-31": "33.79400", "2013-12-31": -89.9421, "2013-09-30": 30.412, "2013-06-30": 14.733, "2013-03-31": "30.60000", "2012-12-31": -51.106, "2012-09-30": -48.767, "2012-06-30": 10.769, "2012-03-31": "76.44900", "2011-12-31": 10.021, "2011-09-30": -40.494, "2011-06-30": -82.77, "2011-03-31": "135.67000", "2010-12-31": 1.672, "2010-09-30": -29.022, "2010-06-30": -192.153, "2010-03-31": "-0.09900", "2009-12-31": -16.881, "2009-09-30": -15.879, "2009-06-30": -54.983, "2009-03-31": "-21.34000", "2008-12-31": -2.081, "2008-09-30": -82.598, "2008-06-30": 244.289, "2008-03-31": "59.34000", "2007-12-31": 2.201, "2007-09-30": -52.988, "2007-06-30": 213.208, "2007-03-31": "253.47400", "2006-12-31": -12.993, "2006-09-30": -7.021, "2006-06-30": 17.361, "2006-03-31": "3.72800", "2005-12-31": -6.489, "2005-09-30": 8.404, "2005-06-30": -2.614, "2005-03-31": "-2.15000"}, "Net Common Equity Issued/Repurchased": {"2020-09-30": 0, "2020-06-30": 0.9, "2020-03-31": "-62.50000", "2019-12-31": -42.2, "2019-09-30": -15.3, "2019-06-30": -48.6, "2019-03-31": "-6.50000", "2018-12-31": -41.2, "2018-09-30": -60.678, "2018-06-30": 0.457, "2018-03-31": "-3.57900", "2017-12-31": -1.505, "2017-09-30": 0.805, "2017-06-30": -1.223, "2017-03-31": "-99.77700", "2016-12-31": -66.437, "2016-09-30": 2.219, "2016-06-30": -31.616, "2016-03-31": "-145.86000", "2015-12-31": -266.551, "2015-09-30": -151.542, "2015-06-30": -82.182, "2015-03-31": "9.94200", "2014-12-31": 1.519, "2014-09-30": 28.653, "2014-06-30": 3.054, "2014-03-31": "6.48800", "2013-12-31": 0.12, "2013-09-30": 0.359, "2013-06-30": 7.718, "2013-03-31": "3.49400", "2012-12-31": 3.451, "2012-09-30": 2.672, "2012-06-30": 0.218, "2012-03-31": "0.61800", "2011-12-31": 0.008, "2011-09-30": 0.305, "2011-06-30": 0.857, "2011-03-31": "0.30300", "2010-12-31": 0.275, "2010-09-30": 0.149, "2010-06-30": 2.437, "2010-03-31": "0.18600", "2009-12-31": 60.945, "2009-09-30": 0.152, "2009-06-30": 37.801, "2009-03-31": "195.27900", "2008-12-31": 0.389, "2008-09-30": 2.037, "2008-06-30": 0.475, "2008-03-31": "-23.64700", "2007-12-31": -55.943, "2007-09-30": 0.041, "2007-06-30": -223.512, "2007-03-31": "-257.12700", "2006-12-31": -49.81, "2006-09-30": -25.117, "2006-06-30": -39.602, "2006-03-31": "-26.82400", "2005-12-31": -66.597, "2005-09-30": -8.025, "2005-06-30": -33.35, "2005-03-31": "-37.54900"}, "Net Total Equity Issued/Repurchased": {"2020-09-30": 0, "2020-06-30": 0.9, "2020-03-31": "-62.50000", "2019-12-31": -42.2, "2019-09-30": -15.3, "2019-06-30": -48.6, "2019-03-31": "-6.50000", "2018-12-31": -41.2, "2018-09-30": -60.678, "2018-06-30": 0.457, "2018-03-31": "-3.57900", "2017-12-31": -1.505, "2017-09-30": 0.805, "2017-06-30": -1.223, "2017-03-31": "-99.77700", "2016-12-31": -66.437, "2016-09-30": 2.219, "2016-06-30": -31.616, "2016-03-31": "-145.86000", "2015-12-31": -266.551, "2015-09-30": -151.542, "2015-06-30": -82.182, "2015-03-31": "9.94200", "2014-12-31": 1.519, "2014-09-30": 28.653, "2014-06-30": 3.054, "2014-03-31": "6.48800", "2013-12-31": 0.12, "2013-09-30": 0.359, "2013-06-30": 7.718, "2013-03-31": "3.49400", "2012-12-31": 3.451, "2012-09-30": 2.672, "2012-06-30": 0.218, "2012-03-31": "0.61800", "2011-12-31": 0.008, "2011-09-30": 0.305, "2011-06-30": 0.857, "2011-03-31": "0.30300", "2010-12-31": 0.275, "2010-09-30": 0.149, "2010-06-30": 2.437, "2010-03-31": "0.18600", "2009-12-31": 60.945, "2009-09-30": 0.152, "2009-06-30": 37.801, "2009-03-31": "195.27900", "2008-12-31": 0.389, "2008-09-30": 2.037, "2008-06-30": 0.475, "2008-03-31": "-23.64700", "2007-12-31": -55.943, "2007-09-30": 0.041, "2007-06-30": -223.512, "2007-03-31": "-257.12700", "2006-12-31": -49.81, "2006-09-30": -25.117, "2006-06-30": -39.602, "2006-03-31": "-26.82400", "2005-12-31": -66.597, "2005-09-30": -8.025, "2005-06-30": -33.35, "2005-03-31": "-37.54900"}, "Total Common And Preferred Stock Dividends Paid": {"2020-09-30": -35.4, "2020-06-30": -34.6, "2020-03-31": "-34.80000", "2019-12-31": -34.6, "2019-09-30": -34.6, "2019-06-30": -30.2, "2019-03-31": "-30.40000", "2018-12-31": -30.21, "2018-09-30": -30.395, "2018-06-30": -27.91, "2018-03-31": "-27.88500", "2017-12-31": -27.939, "2017-09-30": -27.826, "2017-06-30": -26.575, "2017-03-31": "-26.56000", "2016-12-31": -26.741, "2016-09-30": -26.828, "2016-06-30": -25.62, "2016-03-31": "-25.84700", "2015-12-31": -26.243, "2015-09-30": -26.934, "2015-06-30": -25.931, "2015-03-31": "-28.35400", "2014-12-31": -27.041, "2014-09-30": -27.009, "2014-06-30": -18.65, "2014-03-31": "-18.60400", "2013-12-31": -18.571, "2013-09-30": -18.558, "2013-06-30": -18.565, "2013-03-31": "-18.50300", "2012-12-31": -18.465, "2012-09-30": -18.441, "2012-06-30": -18.441, "2012-03-31": "-18.42000", "2011-12-31": -18.416, "2011-09-30": -18.419, "2011-06-30": -18.413, "2011-03-31": "-18.40000", "2010-12-31": -18.393, "2010-09-30": -18.398, "2010-06-30": -18.397, "2010-03-31": "-18.36200", "2009-12-31": -18.233, "2009-09-30": -18.011, "2009-06-30": -18.113, "2009-03-31": "-16.82100", "2008-12-31": -16.804, "2008-09-30": -16.786, "2008-06-30": -14.486, "2008-03-31": "-14.43500", "2007-12-31": -14.638, "2007-09-30": -14.629, "2007-06-30": -11.866, "2007-03-31": "-12.47700", "2006-12-31": -12.578, "2006-09-30": -12.592, "2006-06-30": -10.632, "2006-03-31": "-10.61900", "2005-12-31": -10.608, "2005-09-30": -10.648, "2005-06-30": -9.288, "2005-03-31": "-9.40900"}, "Financial Activities - Other": {"2020-09-30": -0.3, "2020-06-30": -0.6, "2020-03-31": "-1.10000", "2019-12-31": 0, "2019-09-30": 0, "2019-06-30": -0.6, "2019-03-31": "", "2018-12-31": -0.699, "2018-09-30": -18.081, "2018-06-30": -1.555, "2018-03-31": "-3.06500", "2017-12-31": -3.022, "2017-09-30": -0.934, "2017-06-30": -0.844, "2017-03-31": "", "2016-12-31": -2.443, "2016-09-30": -0.213, "2016-06-30": 0, "2016-03-31": "", "2015-12-31": -0.325, "2015-09-30": -0.055, "2015-06-30": -0.054, "2015-03-31": "0.10900", "2014-12-31": -1.026, "2014-09-30": -0.965, "2014-06-30": -19.199, "2014-03-31": "0.63600", "2013-12-31": -2.136, "2013-09-30": -0.263, "2013-06-30": 1.114, "2013-03-31": "0.62900", "2012-12-31": 0.456, "2012-09-30": 0, "2012-06-30": -1.088, "2012-03-31": "-0.01200", "2011-12-31": -0.001, "2011-09-30": 0, "2011-06-30": -10.87, "2011-03-31": "-3.85200", "2010-12-31": -0.352, "2010-09-30": 0.152, "2010-06-30": 1.346, "2010-03-31": "0.06500", "2009-12-31": -1.506, "2009-09-30": 0.449, "2009-06-30": -19.494, "2009-03-31": "-0.90500", "2008-12-31": -0.897, "2008-09-30": 0.678, "2008-06-30": -11.371, "2008-03-31": "-1.21900", "2007-12-31": 1.143, "2007-09-30": 2.494, "2007-06-30": 5.063, "2007-03-31": "11.78900", "2006-12-31": 6.124, "2006-09-30": 1.968, "2006-06-30": 2.178, "2006-03-31": "7.19700", "2005-12-31": 0, "2005-09-30": -0.467, "2005-06-30": 0, "2005-03-31": ""}, "Cash Flow From Financial Activities": {"2020-09-30": -166.3, "2020-06-30": -545.1, "2020-03-31": "391.80000", "2019-12-31": -235.2, "2019-09-30": -245.8, "2019-06-30": -125.2, "2019-03-31": "2.10000", "2018-12-31": -163.081, "2018-09-30": -120.032, "2018-06-30": 160.084, "2018-03-31": "-35.37100", "2017-12-31": 1273.286, "2017-09-30": -91.671, "2017-06-30": -89.605, "2017-03-31": "32.89000", "2016-12-31": -177.561, "2016-09-30": -50.712, "2016-06-30": -24.906, "2016-03-31": "0.88800", "2015-12-31": -417.036, "2015-09-30": -135.724, "2015-06-30": -32.609, "2015-03-31": "-24.01900", "2014-12-31": -60.5, "2014-09-30": -209.319, "2014-06-30": -18.614, "2014-03-31": "22.31400", "2013-12-31": -110.529, "2013-09-30": 11.95, "2013-06-30": 5, "2013-03-31": "16.22000", "2012-12-31": -65.664, "2012-09-30": -64.536, "2012-06-30": -8.542, "2012-03-31": "58.63500", "2011-12-31": -8.388, "2011-09-30": -58.608, "2011-06-30": -111.196, "2011-03-31": "113.72100", "2010-12-31": -16.798, "2010-09-30": -47.119, "2010-06-30": -206.767, "2010-03-31": "-18.21000", "2009-12-31": 24.325, "2009-09-30": -33.289, "2009-06-30": -54.789, "2009-03-31": "156.21300", "2008-12-31": -19.393, "2008-09-30": -96.669, "2008-06-30": 218.907, "2008-03-31": "20.03900", "2007-12-31": -67.237, "2007-09-30": -65.082, "2007-06-30": -17.107, "2007-03-31": "-4.34100", "2006-12-31": -69.257, "2006-09-30": -42.762, "2006-06-30": -30.695, "2006-03-31": "-26.51800", "2005-12-31": -83.694, "2005-09-30": -10.736, "2005-06-30": -45.252, "2005-03-31": "-49.10800"}, "Net Cash Flow": {"2020-09-30": 123.6, "2020-06-30": -353.9, "2020-03-31": "403.00000", "2019-12-31": -28.1, "2019-09-30": -4.5, "2019-06-30": 16.2, "2019-03-31": "-7.50000", "2018-12-31": -9.097, "2018-09-30": 20.182, "2018-06-30": -1388.594, "2018-03-31": "-23.99100", "2017-12-31": 1411.219, "2017-09-30": -1.503, "2017-06-30": -18.696, "2017-03-31": "5.38000", "2016-12-31": -10.646, "2016-09-30": 32.088, "2016-06-30": 1.354, "2016-03-31": "-141.16700", "2015-12-31": -268.02, "2015-09-30": 392.26, "2015-06-30": -12.197, "2015-03-31": "-52.28500", "2014-12-31": 35.054, "2014-09-30": 39.268, "2014-06-30": -1.472, "2014-03-31": "-6.63600", "2013-12-31": -14.804, "2013-09-30": 13.529, "2013-06-30": 6.452, "2013-03-31": "11.86600", "2012-12-31": -10.027, "2012-09-30": -5.972, "2012-06-30": -3.557, "2012-03-31": "18.92800", "2011-12-31": -30.818, "2011-09-30": 30.741, "2011-06-30": -150.73, "2011-03-31": "106.50600", "2010-12-31": 9.824, "2010-09-30": 28.404, "2010-06-30": -188.948, "2010-03-31": "-42.54800", "2009-12-31": 69.756, "2009-09-30": 60.455, "2009-06-30": -88.623, "2009-03-31": "184.20900", "2008-12-31": 23.898, "2008-09-30": 0.74, "2008-06-30": -0.421, "2008-03-31": "-6.46100", "2007-12-31": -6.379, "2007-09-30": -4.473, "2007-06-30": 12.782, "2007-03-31": "-14.17400", "2006-12-31": 9.453, "2006-09-30": 2.443, "2006-06-30": -10.767, "2006-03-31": "-45.59200", "2005-12-31": -34.838, "2005-09-30": 30.173, "2005-06-30": -21.687, "2005-03-31": "-58.52300"}, "Stock-Based Compensation": {"2020-09-30": 2.7, "2020-06-30": 7.2, "2020-03-31": "12.50000", "2019-12-31": 5.7, "2019-09-30": 6.1, "2019-06-30": 8.8, "2019-03-31": "13.50000", "2018-12-31": 6.216, "2018-09-30": 5.986, "2018-06-30": 7.338, "2018-03-31": "9.76000", "2017-12-31": 6.802, "2017-09-30": 5.971, "2017-06-30": 7.452, "2017-03-31": "10.27500", "2016-12-31": 3.314, "2016-09-30": 4.366, "2016-06-30": 5.573, "2016-03-31": "7.22800", "2015-12-31": 2.867, "2015-09-30": 3.198, "2015-06-30": 4.617, "2015-03-31": "2.90700", "2014-12-31": 2.612, "2014-09-30": 2.011, "2014-06-30": 2.961, "2014-03-31": "1.40900", "2013-12-31": 1.6, "2013-09-30": 1.427, "2013-06-30": 2.736, "2013-03-31": "1.24500", "2012-12-31": 1.834, "2012-09-30": 1.37, "2012-06-30": 2.699, "2012-03-31": "1.87800", "2011-12-31": 2.205, "2011-09-30": 2.966, "2011-06-30": 3.574, "2011-03-31": "2.77700", "2010-12-31": 2.991, "2010-09-30": 3.241, "2010-06-30": 4.549, "2010-03-31": "3.89400", "2009-12-31": 3.468, "2009-09-30": 4.045, "2009-06-30": 7.953, "2009-03-31": "5.08600", "2008-12-31": 4.23, "2008-09-30": 4.483, "2008-06-30": 9.011, "2008-03-31": "4.14100", "2007-12-31": 3.324, "2007-09-30": 3.35, "2007-06-30": 9.139, "2007-03-31": "3.87400", "2006-12-31": 3.759, "2006-09-30": 3.614, "2006-06-30": 3.845, "2006-03-31": "2.22000", "2005-12-31": 1.214, "2005-09-30": 0.961, "2005-06-30": 0.763, "2005-03-31": "0.76400"}, "Common Stock Dividends Paid": {"2020-09-30": -35.4, "2020-06-30": -34.6, "2020-03-31": "-34.80000", "2019-12-31": -34.6, "2019-09-30": -34.6, "2019-06-30": -30.2, "2019-03-31": "-30.40000", "2018-12-31": -30.21, "2018-09-30": -30.395, "2018-06-30": -27.91, "2018-03-31": "-27.88500", "2017-12-31": -27.939, "2017-09-30": -27.826, "2017-06-30": -26.575, "2017-03-31": "-26.56000", "2016-12-31": -26.741, "2016-09-30": -26.828, "2016-06-30": -25.62, "2016-03-31": "-25.84700", "2015-12-31": -26.243, "2015-09-30": -26.934, "2015-06-30": -25.931, "2015-03-31": "-28.35400", "2014-12-31": -27.041, "2014-09-30": -27.009, "2014-06-30": -18.65, "2014-03-31": "-18.60400", "2013-12-31": -18.571, "2013-09-30": -18.558, "2013-06-30": -18.565, "2013-03-31": "-18.50300", "2012-12-31": -18.465, "2012-09-30": -18.441, "2012-06-30": -18.441, "2012-03-31": "-18.42000", "2011-12-31": -18.416, "2011-09-30": -18.419, "2011-06-30": -18.413, "2011-03-31": "-18.40000", "2010-12-31": -18.393, "2010-09-30": -18.398, "2010-06-30": -18.397, "2010-03-31": "-18.36200", "2009-12-31": -18.233, "2009-09-30": -18.011, "2009-06-30": -18.113, "2009-03-31": "-16.82100", "2008-12-31": -16.804, "2008-09-30": -16.786, "2008-06-30": -14.486, "2008-03-31": "-14.43500", "2007-12-31": -14.638, "2007-09-30": -14.629, "2007-06-30": -11.866, "2007-03-31": "-12.47700", "2006-12-31": -12.578, "2006-09-30": -12.592, "2006-06-30": -10.632, "2006-03-31": "-10.61900", "2005-12-31": -10.608, "2005-09-30": -10.648, "2005-06-30": -9.288, "2005-03-31": "-9.40900"}}, "financial ratios": {"Current Ratio": {"2019-12-31": "1.70150", "2018-12-31": "1.73610", "2017-12-31": "3.79010", "2016-12-31": "1.98760", "2015-12-31": "2.95000", "2014-12-31": "2.63250", "2013-12-31": "3.58760", "2012-12-31": "4.04070", "2011-12-31": "3.78700", "2010-12-31": "1.80600", "2009-12-31": "2.29380", "2008-12-31": "1.90750", "2007-12-31": "1.23570", "2006-12-31": "1.88010", "2005-12-31": "3.00840"}, "Long-term Debt / Capital": {"2019-12-31": "0.31250", "2018-12-31": "0.35550", "2017-12-31": "0.36810", "2016-12-31": "0.26660", "2015-12-31": "0.27630", "2014-12-31": "0.26520", "2013-12-31": "0.39270", "2012-12-31": "0.41810", "2011-12-31": "0.42090", "2010-12-31": "0.34750", "2009-12-31": "0.42120", "2008-12-31": "0.51920", "2007-12-31": "0.47270", "2006-12-31": "0.31600", "2005-12-31": "0.37660"}, "Debt/Equity Ratio": {"2019-12-31": "0.51810", "2018-12-31": "0.63050", "2017-12-31": "0.64650", "2016-12-31": "0.40700", "2015-12-31": "0.38890", "2014-12-31": "0.36430", "2013-12-31": "0.65620", "2012-12-31": "0.72250", "2011-12-31": "0.73170", "2010-12-31": "0.70350", "2009-12-31": "0.88970", "2008-12-31": "1.27390", "2007-12-31": "1.19520", "2006-12-31": "0.56910", "2005-12-31": "0.61120"}, "Gross Margin": {"2019-12-31": "24.87810", "2018-12-31": "22.77410", "2017-12-31": "24.50830", "2016-12-31": "23.87530", "2015-12-31": "20.53700", "2014-12-31": "17.65950", "2013-12-31": "16.88460", "2012-12-31": "16.09990", "2011-12-31": "17.62370", "2010-12-31": "19.46090", "2009-12-31": "21.07440", "2008-12-31": "22.23160", "2007-12-31": "25.95440", "2006-12-31": "23.99370", "2005-12-31": "21.71510"}, "Operating Margin": {"2019-12-31": "18.67230", "2018-12-31": "16.27360", "2017-12-31": "17.66190", "2016-12-31": "17.73530", "2015-12-31": "13.96120", "2014-12-31": "10.64500", "2013-12-31": "10.11290", "2012-12-31": "7.68590", "2011-12-31": "9.39590", "2010-12-31": "11.99820", "2009-12-31": "11.62590", "2008-12-31": "15.27990", "2007-12-31": "19.65180", "2006-12-31": "17.80570", "2005-12-31": "15.88630"}, "EBIT Margin": {"2019-12-31": "18.67230", "2018-12-31": "16.27360", "2017-12-31": "17.66190", "2016-12-31": "17.73530", "2015-12-31": "13.96120", "2014-12-31": "10.64500", "2013-12-31": "10.11290", "2012-12-31": "7.68590", "2011-12-31": "9.39590", "2010-12-31": "11.99820", "2009-12-31": "11.62590", "2008-12-31": "15.27990", "2007-12-31": "19.65180", "2006-12-31": "17.80570", "2005-12-31": "15.88630"}, "EBITDA Margin": {"2019-12-31": "26.51140", "2018-12-31": "24.37860", "2017-12-31": "25.15630", "2016-12-31": "25.20510", "2015-12-31": "21.40810", "2014-12-31": "18.17540", "2013-12-31": "18.17400", "2012-12-31": "16.40740", "2011-12-31": "19.51520", "2010-12-31": "22.98180", "2009-12-31": "23.02800", "2008-12-31": "23.36560", "2007-12-31": "26.51890", "2006-12-31": "24.29990", "2005-12-31": "22.88540"}, "Pre-Tax Profit Margin": {"2019-12-31": "15.78990", "2018-12-31": "13.57350", "2017-12-31": "15.60670", "2016-12-31": "15.89600", "2015-12-31": "11.69070", "2014-12-31": "8.42400", "2013-12-31": "7.61870", "2012-12-31": "5.12480", "2011-12-31": "5.87000", "2010-12-31": "7.84540", "2009-12-31": "7.03110", "2008-12-31": "11.67670", "2007-12-31": "17.20340", "2006-12-31": "16.07840", "2005-12-31": "13.80490"}, "Net Profit Margin": {"2019-12-31": "12.91170", "2018-12-31": "11.07370", "2017-12-31": "17.98720", "2016-12-31": "11.13940", "2015-12-31": "8.15900", "2014-12-31": "5.26040", "2013-12-31": "5.62900", "2012-12-31": "4.15740", "2011-12-31": "4.80730", "2010-12-31": "5.86950", "2009-12-31": "5.43180", "2008-12-31": "8.32800", "2007-12-31": "12.00180", "2006-12-31": "11.26940", "2005-12-31": "9.75380"}, "Asset Turnover": {"2019-12-31": "0.46780", "2018-12-31": "0.44440", "2017-12-31": "0.44100", "2016-12-31": "0.52310", "2015-12-31": "0.50870", "2014-12-31": "0.40970", "2013-12-31": "0.66120", "2012-12-31": "0.64280", "2011-12-31": "0.54440", "2010-12-31": "0.53750", "2009-12-31": "0.48570", "2008-12-31": "0.69790", "2007-12-31": "0.81570", "2006-12-31": "0.86890", "2005-12-31": "0.81180"}, "Inventory Turnover Ratio": {"2019-12-31": "5.15360", "2018-12-31": "4.94370", "2017-12-31": "4.98460", "2016-12-31": "5.57300", "2015-12-31": "5.99530", "2014-12-31": "5.02270", "2013-12-31": "5.15850", "2012-12-31": "5.13000", "2011-12-31": "4.37560", "2010-12-31": "4.01080", "2009-12-31": "3.73380", "2008-12-31": "5.17550", "2007-12-31": "5.65050", "2006-12-31": "6.45860", "2005-12-31": "6.94280"}, "Receiveable Turnover": {"2019-12-31": "8.26060", "2018-12-31": "8.11060", "2017-12-31": "8.13890", "2016-12-31": "8.33950", "2015-12-31": "8.61370", "2014-12-31": "7.02600", "2013-12-31": "8.78310", "2012-12-31": "9.06900", "2011-12-31": "8.41050", "2010-12-31": "9.01390", "2009-12-31": "9.66320", "2008-12-31": "10.00220", "2007-12-31": "8.90520", "2006-12-31": "8.98430", "2005-12-31": "8.77860"}, "Days Sales In Receivables": {"2019-12-31": "44.18570", "2018-12-31": "45.00260", "2017-12-31": "44.84630", "2016-12-31": "43.76750", "2015-12-31": "42.37410", "2014-12-31": "51.94990", "2013-12-31": "41.55720", "2012-12-31": "40.24720", "2011-12-31": "43.39830", "2010-12-31": "40.49280", "2009-12-31": "37.77210", "2008-12-31": "36.49210", "2007-12-31": "40.98710", "2006-12-31": "40.62660", "2005-12-31": "41.57840"}, "ROE - Return On Equity": {"2019-12-31": "11.43220", "2018-12-31": "9.50420", "2017-12-31": "15.23550", "2016-12-31": "10.27000", "2015-12-31": "7.11640", "2014-12-31": "3.54560", "2013-12-31": "7.63090", "2012-12-31": "5.97800", "2011-12-31": "5.49300", "2010-12-31": "6.72610", "2009-12-31": "6.01870", "2008-12-31": "16.40100", "2007-12-31": "27.61810", "2006-12-31": "19.41520", "2005-12-31": "16.90930"}, "Return On Tangible Equity": {"2019-12-31": "24.78030", "2018-12-31": "22.95750", "2017-12-31": "35.38980", "2016-12-31": "28.90360", "2015-12-31": "19.50450", "2014-12-31": "9.13880", "2013-12-31": "13.21100", "2012-12-31": "11.06330", "2011-12-31": "10.22880", "2010-12-31": "11.98230", "2009-12-31": "10.99730", "2008-12-31": "40.60590", "2007-12-31": "72.19300", "2006-12-31": "36.20310", "2005-12-31": "33.88590"}, "ROA - Return On Assets": {"2019-12-31": "6.04050", "2018-12-31": "4.92490", "2017-12-31": "7.93330", "2016-12-31": "5.82730", "2015-12-31": "4.15280", "2014-12-31": "2.13760", "2013-12-31": "3.68670", "2012-12-31": "2.74280", "2011-12-31": "2.52830", "2010-12-31": "3.21180", "2009-12-31": "2.61320", "2008-12-31": "5.77220", "2007-12-31": "9.73490", "2006-12-31": "9.71350", "2005-12-31": "8.15600"}, "ROI - Return On Investment": {"2019-12-31": "7.85940", "2018-12-31": "6.12520", "2017-12-31": "9.62780", "2016-12-31": "7.53170", "2015-12-31": "5.15020", "2014-12-31": "2.60530", "2013-12-31": "4.63400", "2012-12-31": "3.47840", "2011-12-31": "3.18120", "2010-12-31": "4.38860", "2009-12-31": "3.48360", "2008-12-31": "7.88590", "2007-12-31": "14.56180", "2006-12-31": "13.28010", "2005-12-31": "10.54050"}, "Book Value Per Share": {"2019-12-31": "85.79010", "2018-12-31": "79.19040", "2017-12-31": "74.47520", "2016-12-31": "65.57220", "2015-12-31": "62.96900", "2014-12-31": "64.68350", "2013-12-31": "34.04420", "2012-12-31": "31.52690", "2011-12-31": "31.68580", "2010-12-31": "32.21350", "2009-12-31": "30.97890", "2008-12-31": "25.74070", "2007-12-31": "22.89540", "2006-12-31": "27.95860", "2005-12-31": "25.66720"}, "Operating Cash Flow Per Share": {"2019-12-31": 4.234, "2018-12-31": 0.7692, "2017-12-31": -0.383, "2016-12-31": 2.125, "2015-12-31": 1.9777, "2014-12-31": 0.0104, "2013-12-31": 1.8308, "2012-12-31": -0.8137, "2011-12-31": -0.2513, "2010-12-31": -1.2953, "2009-12-31": -1.1006, "2008-12-31": -0.9357, "2007-12-31": 1.947, "2006-12-31": 0.5723, "2005-12-31": 6.7215}, "Free Cash Flow Per Share": {"2019-12-31": 3.9169, "2018-12-31": 1.3025, "2017-12-31": -0.8109, "2016-12-31": 0.8091, "2015-12-31": 1.2965, "2014-12-31": -0.7028, "2013-12-31": 1.7621, "2012-12-31": -0.7062, "2011-12-31": -0.6672, "2010-12-31": -1.1214, "2009-12-31": 1.954, "2008-12-31": -0.983, "2007-12-31": 1.5253, "2006-12-31": -0.4811, "2005-12-31": 2.0386}}, "financial ratios, quarterly": {"Current Ratio": {"2020-09-30": "3.26510", "2020-06-30": "2.66610", "2020-03-31": "1.70420", "2019-12-31": "1.70150", "2019-09-30": "2.29090", "2019-06-30": "1.86460", "2019-03-31": "1.80840", "2018-12-31": "1.73610", "2018-09-30": "1.88280", "2018-06-30": "2.05480", "2018-03-31": "3.99690", "2017-12-31": "3.79010", "2017-09-30": "2.72780", "2017-06-30": "2.32870", "2017-03-31": "1.77850", "2016-12-31": "1.98760", "2016-09-30": "1.96980", "2016-06-30": "1.86490", "2016-03-31": "2.02860", "2015-12-31": "2.95000", "2015-09-30": "2.63680", "2015-06-30": "4.21170", "2015-03-31": "3.04890", "2014-12-31": "2.63250", "2014-09-30": "2.77530", "2014-06-30": "3.58240", "2014-03-31": "3.91320", "2013-12-31": "3.58760", "2013-09-30": "3.73480", "2013-06-30": "4.18880", "2013-03-31": "4.24290", "2012-12-31": "4.04070", "2012-09-30": "3.61620", "2012-06-30": "3.81950", "2012-03-31": "3.78670", "2011-12-31": "3.78700", "2011-09-30": "3.88080", "2011-06-30": "2.83600", "2011-03-31": "5.29320", "2010-12-31": "1.80600", "2010-09-30": "1.71520", "2010-06-30": "1.70870", "2010-03-31": "2.16190", "2009-12-31": "2.29380", "2009-09-30": "2.14030", "2009-06-30": "2.06170", "2009-03-31": "2.56560", "2008-12-31": "1.90750", "2008-09-30": "1.58670", "2008-06-30": "1.40270", "2008-03-31": "1.14030", "2007-12-31": "1.23570", "2007-09-30": "2.18190", "2007-06-30": "1.95630", "2007-03-31": "0.98970", "2006-12-31": "1.88010", "2006-09-30": "1.69110", "2006-06-30": "2.42550", "2006-03-31": "2.71360", "2005-12-31": "3.00840", "2005-09-30": "2.83090", "2005-06-30": "2.72060", "2005-03-31": "2.94660"}, "Long-term Debt / Capital": {"2020-09-30": "0.31310", "2020-06-30": "0.32330", "2020-03-31": "0.33120", "2019-12-31": "0.31250", "2019-09-30": "0.34000", "2019-06-30": "0.34890", "2019-03-31": "0.36020", "2018-12-31": "0.35550", "2018-09-30": "0.36410", "2018-06-30": "0.37380", "2018-03-31": "0.36830", "2017-12-31": "0.36810", "2017-09-30": "0.27480", "2017-06-30": "0.28100", "2017-03-31": "0.27630", "2016-12-31": "0.26660", "2016-09-30": "0.26980", "2016-06-30": "0.27730", "2016-03-31": "0.28530", "2015-12-31": "0.27630", "2015-09-30": "0.26760", "2015-06-30": "0.27540", "2015-03-31": "0.26460", "2014-12-31": "0.26520", "2014-09-30": "0.26820", "2014-06-30": "0.40630", "2014-03-31": "0.40600", "2013-12-31": "0.39270", "2013-09-30": "0.42490", "2013-06-30": "0.43010", "2013-03-31": "0.43210", "2012-12-31": "0.41810", "2012-09-30": "0.42630", "2012-06-30": "0.44520", "2012-03-31": "0.44630", "2011-12-31": "0.42090", "2011-09-30": "0.41140", "2011-06-30": "0.40290", "2011-03-31": "0.44740", "2010-12-31": "0.34750", "2010-09-30": "0.35030", "2010-06-30": "0.36430", "2010-03-31": "0.42860", "2009-12-31": "0.42120", "2009-09-30": "0.43450", "2009-06-30": "0.44620", "2009-03-31": "0.47290", "2008-12-31": "0.51920", "2008-09-30": "0.50720", "2008-06-30": "0.52060", "2008-03-31": "0.46140", "2007-12-31": "0.47270", "2007-09-30": "0.51560", "2007-06-30": "0.53760", "2007-03-31": "0.36630", "2006-12-31": "0.31600", "2006-09-30": "0.31480", "2006-06-30": "0.36650", "2006-03-31": "0.37290", "2005-12-31": "0.37660", "2005-09-30": "0.37140", "2005-06-30": "0.38460", "2005-03-31": "0.38840"}, "Debt/Equity Ratio": {"2020-09-30": "0.45590", "2020-06-30": "0.50140", "2020-03-31": "0.61590", "2019-12-31": "0.51810", "2019-09-30": "0.55100", "2019-06-30": "0.61150", "2019-03-31": "0.63540", "2018-12-31": "0.63050", "2018-09-30": "0.64940", "2018-06-30": "0.66290", "2018-03-31": "0.64710", "2017-12-31": "0.64650", "2017-09-30": "0.39770", "2017-06-30": "0.42510", "2017-03-31": "0.45300", "2016-12-31": "0.40700", "2016-09-30": "0.42440", "2016-06-30": "0.44480", "2016-03-31": "0.44420", "2015-12-31": "0.38890", "2015-09-30": "0.39990", "2015-06-30": "0.38360", "2015-03-31": "0.36300", "2014-12-31": "0.36430", "2014-09-30": "0.36980", "2014-06-30": "0.69230", "2014-03-31": "0.69150", "2013-12-31": "0.65620", "2013-09-30": "0.74980", "2013-06-30": "0.75890", "2013-03-31": "0.76490", "2012-12-31": "0.72250", "2012-09-30": "0.74750", "2012-06-30": "0.81000", "2012-03-31": "0.81300", "2011-12-31": "0.73170", "2011-09-30": "0.70380", "2011-06-30": "0.74860", "2011-03-31": "0.81450", "2010-12-31": "0.70350", "2010-09-30": "0.70760", "2010-06-30": "0.74780", "2010-03-31": "0.91150", "2009-12-31": "0.88970", "2009-09-30": "0.93570", "2009-06-30": "0.98630", "2009-03-31": "1.04230", "2008-12-31": "1.27390", "2008-09-30": "1.21580", "2008-06-30": "1.36090", "2008-03-31": "1.20230", "2007-12-31": "1.19520", "2007-09-30": "1.14340", "2007-06-30": "1.30780", "2007-03-31": "0.96560", "2006-12-31": "0.56910", "2006-09-30": "0.57620", "2006-06-30": "0.60250", "2006-03-31": "0.60470", "2005-12-31": "0.61120", "2005-09-30": "0.60290", "2005-06-30": "0.63030", "2005-03-31": "0.64280"}, "Gross Margin": {"2020-09-30": "30.61150", "2020-06-30": "29.94650", "2020-03-31": "14.86120", "2019-12-31": "23.50060", "2019-09-30": "29.61560", "2019-06-30": "27.89370", "2019-03-31": "15.21830", "2018-12-31": "22.27950", "2018-09-30": "25.66200", "2018-06-30": "26.27380", "2018-03-31": "13.76450", "2017-12-31": "26.69400", "2017-09-30": "26.81520", "2017-06-30": "25.77220", "2017-03-31": "17.42790", "2016-12-31": "23.79280", "2016-09-30": "26.57010", "2016-06-30": "25.31790", "2016-03-31": "18.41560", "2015-12-31": "22.49720", "2015-09-30": "24.25550", "2015-06-30": "21.72230", "2015-03-31": "10.74150", "2014-12-31": "19.30580", "2014-09-30": "19.48680", "2014-06-30": "20.26250", "2014-03-31": "6.02740", "2013-12-31": "18.53810", "2013-09-30": "21.50970", "2013-06-30": "19.06130", "2013-03-31": "3.33960", "2012-12-31": "15.44490", "2012-09-30": "20.94020", "2012-06-30": "18.70410", "2012-03-31": "6.04760", "2011-12-31": "16.61000", "2011-09-30": "22.27230", "2011-06-30": "21.09540", "2011-03-31": "6.90820", "2010-12-31": "23.68090", "2010-09-30": "22.34170", "2010-06-30": "23.32400", "2010-03-31": "5.75260", "2009-12-31": "21.82820", "2009-09-30": "24.13030", "2009-06-30": "24.00530", "2009-03-31": "12.95780", "2008-12-31": "22.27590", "2008-09-30": "25.31670", "2008-06-30": "23.32940", "2008-03-31": "16.64190", "2007-12-31": "24.58070", "2007-09-30": "27.18860", "2007-06-30": "30.14030", "2007-03-31": "20.49190", "2006-12-31": "26.82620", "2006-09-30": "24.81280", "2006-06-30": "26.08710", "2006-03-31": "17.45970", "2005-12-31": "24.01640", "2005-09-30": "23.92010", "2005-06-30": "23.83510", "2005-03-31": "12.74460"}, "Operating Margin": {"2020-09-30": "30.31630", "2020-06-30": "24.11460", "2020-03-31": "6.03210", "2019-12-31": "16.76660", "2019-09-30": "24.31350", "2019-06-30": "22.34470", "2019-03-31": "7.36950", "2018-12-31": "14.40860", "2018-09-30": "19.73220", "2018-06-30": "21.95210", "2018-03-31": "4.87290", "2017-12-31": "18.90130", "2017-09-30": "20.86580", "2017-06-30": "20.01390", "2017-03-31": "9.14250", "2016-12-31": "16.62350", "2016-09-30": "21.98290", "2016-06-30": "19.52810", "2016-03-31": "10.90650", "2015-12-31": "18.01120", "2015-09-30": "16.58570", "2015-06-30": "14.86660", "2015-03-31": "3.69870", "2014-12-31": "13.84600", "2014-09-30": "11.55260", "2014-06-30": "14.38100", "2014-03-31": "-3.70900", "2013-12-31": "11.52850", "2013-09-30": "16.35950", "2013-06-30": "12.40550", "2013-03-31": "-6.07440", "2012-12-31": "8.14510", "2012-09-30": "15.45470", "2012-06-30": "10.85620", "2012-03-31": "-8.96680", "2011-12-31": "4.92880", "2011-09-30": "15.92620", "2011-06-30": "13.99270", "2011-03-31": "-1.35630", "2010-12-31": "12.31130", "2010-09-30": "16.46130", "2010-06-30": "17.96370", "2010-03-31": "-3.77300", "2009-12-31": "3.99590", "2009-09-30": "18.28260", "2009-06-30": "15.67410", "2009-03-31": "2.92290", "2008-12-31": "12.96790", "2008-09-30": "19.19310", "2008-06-30": "17.54410", "2008-03-31": "9.49160", "2007-12-31": "18.87460", "2007-09-30": "22.24330", "2007-06-30": "23.08180", "2007-03-31": "12.66350", "2006-12-31": "19.89070", "2006-09-30": "19.28220", "2006-06-30": "20.34710", "2006-03-31": "10.69140", "2005-12-31": "18.14040", "2005-09-30": "19.11960", "2005-06-30": "18.36130", "2005-03-31": "4.99090"}, "EBIT Margin": {"2020-09-30": "30.31630", "2020-06-30": "24.11460", "2020-03-31": "6.03210", "2019-12-31": "16.76660", "2019-09-30": "24.31350", "2019-06-30": "22.34470", "2019-03-31": "7.36950", "2018-12-31": "14.40860", "2018-09-30": "19.73220", "2018-06-30": "21.95210", "2018-03-31": "4.87290", "2017-12-31": "18.90130", "2017-09-30": "20.86580", "2017-06-30": "20.01390", "2017-03-31": "9.14250", "2016-12-31": "16.62350", "2016-09-30": "21.98290", "2016-06-30": "19.52810", "2016-03-31": "10.90650", "2015-12-31": "18.01110", "2015-09-30": "16.58570", "2015-06-30": "14.86660", "2015-03-31": "3.69870", "2014-12-31": "13.84600", "2014-09-30": "11.55260", "2014-06-30": "14.38100", "2014-03-31": "-3.70900", "2013-12-31": "11.52850", "2013-09-30": "16.35950", "2013-06-30": "12.40550", "2013-03-31": "-6.07440", "2012-12-31": "8.14510", "2012-09-30": "15.45470", "2012-06-30": "10.85620", "2012-03-31": "-8.96680", "2011-12-31": "4.92880", "2011-09-30": "15.92620", "2011-06-30": "13.99270", "2011-03-31": "-1.35630", "2010-12-31": "12.31130", "2010-09-30": "16.46130", "2010-06-30": "17.96370", "2010-03-31": "-3.77300", "2009-12-31": "3.99600", "2009-09-30": "18.28260", "2009-06-30": "15.67410", "2009-03-31": "2.92290", "2008-12-31": "12.96780", "2008-09-30": "19.19310", "2008-06-30": "17.54410", "2008-03-31": "9.49160", "2007-12-31": "18.87460", "2007-09-30": "22.24330", "2007-06-30": "23.08180", "2007-03-31": "12.66350", "2006-12-31": "19.89070", "2006-09-30": "19.28220", "2006-06-30": "20.34710", "2006-03-31": "10.69140", "2005-12-31": "18.14040", "2005-09-30": "19.11960", "2005-06-30": "18.36130", "2005-03-31": "4.99090"}, "EBITDA Margin": {"2020-09-30": "", "2020-06-30": "", "2020-03-31": "", "2019-12-31": "", "2019-09-30": "", "2019-06-30": "", "2019-03-31": "", "2018-12-31": "", "2018-09-30": "", "2018-06-30": "", "2018-03-31": "", "2017-12-31": "", "2017-09-30": "", "2017-06-30": "", "2017-03-31": "", "2016-12-31": "", "2016-09-30": "", "2016-06-30": "", "2016-03-31": "", "2015-12-31": "", "2015-09-30": "", "2015-06-30": "", "2015-03-31": "", "2014-12-31": "", "2014-09-30": "", "2014-06-30": "", "2014-03-31": "", "2013-12-31": "", "2013-09-30": "", "2013-06-30": "", "2013-03-31": "", "2012-12-31": "", "2012-09-30": "", "2012-06-30": "", "2012-03-31": "", "2011-12-31": "", "2011-09-30": "", "2011-06-30": "", "2011-03-31": "", "2010-12-31": "", "2010-09-30": "", "2010-06-30": "", "2010-03-31": "", "2009-12-31": "", "2009-09-30": "", "2009-06-30": "", "2009-03-31": "", "2008-12-31": "", "2008-09-30": "", "2008-06-30": "", "2008-03-31": "", "2007-12-31": "", "2007-09-30": "", "2007-06-30": "", "2007-03-31": "", "2006-12-31": "", "2006-09-30": "", "2006-06-30": "", "2006-03-31": "", "2005-12-31": "", "2005-09-30": "", "2005-06-30": "", "2005-03-31": ""}, "Pre-Tax Profit Margin": {"2020-09-30": "28.44710", "2020-06-30": "21.95810", "2020-03-31": "2.71340", "2019-12-31": "14.19480", "2019-09-30": "22.16590", "2019-06-30": "18.71040", "2019-03-31": "4.03620", "2018-12-31": "11.37530", "2018-09-30": "17.17240", "2018-06-30": "19.80240", "2018-03-31": "1.55820", "2017-12-31": "16.85100", "2017-09-30": "18.78240", "2017-06-30": "18.26260", "2017-03-31": "6.73510", "2016-12-31": "14.37240", "2016-09-30": "20.86660", "2016-06-30": "17.96260", "2016-03-31": "8.21130", "2015-12-31": "14.50290", "2015-09-30": "15.25170", "2015-06-30": "13.12190", "2015-03-31": "0.77340", "2014-12-31": "11.57930", "2014-09-30": "9.76290", "2014-06-30": "12.49000", "2014-03-31": "-7.36350", "2013-12-31": "9.15250", "2013-09-30": "14.31250", "2013-06-30": "10.07610", "2013-03-31": "-9.75210", "2012-12-31": "5.47490", "2012-09-30": "13.11720", "2012-06-30": "8.43470", "2012-03-31": "-11.91930", "2011-12-31": "1.86150", "2011-09-30": "12.83200", "2011-06-30": "10.95180", "2011-03-31": "-6.81580", "2010-12-31": "6.63400", "2010-09-30": "13.21060", "2010-06-30": "14.36620", "2010-03-31": "-8.76390", "2009-12-31": "-3.52110", "2009-09-30": "14.80180", "2009-06-30": "11.95440", "2009-03-31": "-2.29580", "2008-12-31": "8.41510", "2008-09-30": "15.80850", "2008-06-30": "14.37480", "2008-03-31": "6.00940", "2007-12-31": "16.28970", "2007-09-30": "19.64450", "2007-06-30": "20.44800", "2007-03-31": "10.81000", "2006-12-31": "17.91060", "2006-09-30": "17.56880", "2006-06-30": "18.74550", "2006-03-31": "9.05930", "2005-12-31": "16.05340", "2005-09-30": "17.17590", "2005-06-30": "16.22350", "2005-03-31": "2.79580"}, "Net Profit Margin": {"2020-09-30": "22.55180", "2020-06-30": "17.12580", "2020-03-31": "2.70300", "2019-12-31": "11.66850", "2019-09-30": "17.68060", "2019-06-30": "14.81050", "2019-03-31": "4.56870", "2018-12-31": "9.25060", "2018-09-30": "14.77660", "2018-06-30": "15.41720", "2018-03-31": "1.24970", "2017-12-31": "38.86110", "2017-09-30": "13.93230", "2017-06-30": "13.37810", "2017-03-31": "5.01670", "2016-12-31": "10.41940", "2016-09-30": "14.44690", "2016-06-30": "12.48870", "2016-03-31": "5.70460", "2015-12-31": "9.84940", "2015-09-30": "10.86110", "2015-06-30": "8.89260", "2015-03-31": "0.88610", "2014-12-31": "7.46810", "2014-09-30": "5.35440", "2014-06-30": "8.89400", "2014-03-31": "-5.04350", "2013-12-31": "6.61140", "2013-09-30": "10.79720", "2013-06-30": "7.35900", "2013-03-31": "-7.25150", "2012-12-31": "4.30680", "2012-09-30": "10.62390", "2012-06-30": "6.73480", "2012-03-31": "-9.32350", "2011-12-31": "3.52530", "2011-09-30": "9.78450", "2011-06-30": "7.74210", "2011-03-31": "-5.31010", "2010-12-31": "4.97030", "2010-09-30": "10.20610", "2010-06-30": "10.78000", "2010-03-31": "-7.09210", "2009-12-31": "-1.28480", "2009-09-30": "11.37660", "2009-06-30": "8.35050", "2009-03-31": "-1.53890", "2008-12-31": "5.39410", "2008-09-30": "11.07810", "2008-06-30": "10.67270", "2008-03-31": "4.62040", "2007-12-31": "10.79280", "2007-09-30": "14.66830", "2007-06-30": "14.05220", "2007-03-31": "7.17680", "2006-12-31": "12.34090", "2006-09-30": "12.65850", "2006-06-30": "12.91070", "2006-03-31": "6.42050", "2005-12-31": "9.99510", "2005-09-30": "13.54110", "2005-06-30": "11.30330", "2005-03-31": "1.81590"}, "Asset Turnover": {"2020-09-30": "0.12660", "2020-06-30": "0.12420", "2020-03-31": "0.09120", "2019-12-31": "0.10860", "2019-09-30": "0.13890", "2019-06-30": "0.12590", "2019-03-31": "0.09340", "2018-12-31": "0.10680", "2018-09-30": "0.12720", "2018-06-30": "0.12530", "2018-03-31": "0.08960", "2017-12-31": "0.10790", "2017-09-30": "0.14380", "2017-06-30": "0.14150", "2017-03-31": "0.11410", "2016-12-31": "0.13000", "2016-09-30": "0.14970", "2016-06-30": "0.13510", "2016-03-31": "0.11170", "2015-12-31": "0.12140", "2015-09-30": "0.14810", "2015-06-30": "0.12690", "2015-03-31": "0.09630", "2014-12-31": "0.11860", "2014-09-30": "0.13680", "2014-06-30": "0.19940", "2014-03-31": "0.13170", "2013-12-31": "0.16720", "2013-09-30": "0.19940", "2013-06-30": "0.17370", "2013-03-31": "0.12170", "2012-12-31": "0.15820", "2012-09-30": "0.18260", "2012-06-30": "0.16910", "2012-03-31": "0.12380", "2011-12-31": "0.13370", "2011-09-30": "0.15910", "2011-06-30": "0.14680", "2011-03-31": "0.10220", "2010-12-31": "0.09690", "2010-09-30": "0.16350", "2010-06-30": "0.16300", "2010-03-31": "0.10510", "2009-12-31": "0.07580", "2009-09-30": "0.15090", "2009-06-30": "0.14510", "2009-03-31": "0.11510", "2008-12-31": "0.15440", "2008-09-30": "0.19540", "2008-06-30": "0.19460", "2008-03-31": "0.16360", "2007-12-31": "0.19520", "2007-09-30": "0.22610", "2007-06-30": "0.22130", "2007-03-31": "0.17950", "2006-12-31": "0.20190", "2006-09-30": "0.23760", "2006-06-30": "0.23460", "2006-03-31": "0.19830", "2005-12-31": "0.19640", "2005-09-30": "0.22780", "2005-06-30": "0.22600", "2005-03-31": "0.16560"}, "Inventory Turnover Ratio": {"2020-09-30": "1.28330", "2020-06-30": "1.24860", "2020-03-31": "1.16460", "2019-12-31": "1.21860", "2019-09-30": "1.53850", "2019-06-30": "1.42740", "2019-03-31": "1.23200", "2018-12-31": "1.19600", "2018-09-30": "1.39210", "2018-06-30": "1.36190", "2018-03-31": "1.13980", "2017-12-31": "1.18450", "2017-09-30": "1.38100", "2017-06-30": "1.43570", "2017-03-31": "1.29760", "2016-12-31": "1.38620", "2016-09-30": "1.59500", "2016-06-30": "1.44560", "2016-03-31": "1.32580", "2015-12-31": "1.39520", "2015-09-30": "1.76470", "2015-06-30": "1.50310", "2015-03-31": "1.22180", "2014-12-31": "1.42510", "2014-09-30": "1.70030", "2014-06-30": "1.53270", "2014-03-31": "1.13550", "2013-12-31": "1.27830", "2013-09-30": "1.49020", "2013-06-30": "1.30230", "2013-03-31": "1.06740", "2012-12-31": "1.27220", "2012-09-30": "1.39740", "2012-06-30": "1.33630", "2012-03-31": "1.10990", "2011-12-31": "1.08800", "2011-09-30": "1.15620", "2011-06-30": "1.08470", "2011-03-31": "0.92040", "2010-12-31": "0.68490", "2010-09-30": "1.22160", "2010-06-30": "1.20980", "2010-03-31": "0.99780", "2009-12-31": "0.57680", "2009-09-30": "1.12260", "2009-06-30": "1.05920", "2009-03-31": "1.00330", "2008-12-31": "1.14460", "2008-09-30": "1.46340", "2008-06-30": "1.54140", "2008-03-31": "1.26970", "2007-12-31": "1.37720", "2007-09-30": "1.57080", "2007-06-30": "1.38480", "2007-03-31": "1.29850", "2006-12-31": "1.44520", "2006-09-30": "1.84990", "2006-06-30": "1.78030", "2006-03-31": "1.65090", "2005-12-31": "1.63000", "2005-09-30": "2.04830", "2005-06-30": "1.90880", "2005-03-31": "1.51190"}, "Receiveable Turnover": {"2020-09-30": "1.92540", "2020-06-30": "1.84040", "2020-03-31": "1.70260", "2019-12-31": "1.91810", "2019-09-30": "1.85920", "2019-06-30": "1.80060", "2019-03-31": "1.70540", "2018-12-31": "1.94970", "2018-09-30": "1.89140", "2018-06-30": "1.77980", "2018-03-31": "1.71930", "2017-12-31": "1.99180", "2017-09-30": "1.86720", "2017-06-30": "1.86380", "2017-03-31": "1.76090", "2016-12-31": "2.07210", "2016-09-30": "1.94890", "2016-06-30": "1.82860", "2016-03-31": "1.76040", "2015-12-31": "2.05530", "2015-09-30": "1.87430", "2015-06-30": "1.85220", "2015-03-31": "1.81270", "2014-12-31": "2.03410", "2014-09-30": "1.91580", "2014-06-30": "1.94660", "2014-03-31": "1.76690", "2013-12-31": "2.22070", "2013-09-30": "2.00980", "2013-06-30": "1.95230", "2013-03-31": "1.89910", "2012-12-31": "2.23150", "2012-09-30": "1.99450", "2012-06-30": "1.98130", "2012-03-31": "1.85790", "2011-12-31": "2.06580", "2011-09-30": "1.93390", "2011-06-30": "1.71640", "2011-03-31": "1.61360", "2010-12-31": "1.62430", "2010-09-30": "2.04080", "2010-06-30": "1.95770", "2010-03-31": "1.68700", "2009-12-31": "1.50730", "2009-09-30": "2.02040", "2009-06-30": "1.85900", "2009-03-31": "1.53260", "2008-12-31": "2.21330", "2008-09-30": "1.99290", "2008-06-30": "1.85670", "2008-03-31": "1.88930", "2007-12-31": "2.13100", "2007-09-30": "1.97070", "2007-06-30": "1.99000", "2007-03-31": "1.83490", "2006-12-31": "2.08820", "2006-09-30": "2.04850", "2006-06-30": "2.00650", "2006-03-31": "1.99890", "2005-12-31": "2.12350", "2005-09-30": "1.95520", "2005-06-30": "1.92280", "2005-03-31": "1.76790"}, "Days Sales In Receivables": {"2020-09-30": "46.74360", "2020-06-30": "48.90290", "2020-03-31": "52.86160", "2019-12-31": "46.92200", "2019-09-30": "48.40800", "2019-06-30": "49.98390", "2019-03-31": "52.77380", "2018-12-31": "46.16210", "2018-09-30": "47.58380", "2018-06-30": "50.56650", "2018-03-31": "52.34620", "2017-12-31": "45.18520", "2017-09-30": "48.19930", "2017-06-30": "48.28820", "2017-03-31": "51.10970", "2016-12-31": "43.43510", "2016-09-30": "46.18010", "2016-06-30": "49.21870", "2016-03-31": "51.12540", "2015-12-31": "43.78980", "2015-09-30": "48.01870", "2015-06-30": "48.59040", "2015-03-31": "49.64950", "2014-12-31": "44.24480", "2014-09-30": "46.97860", "2014-06-30": "46.23340", "2014-03-31": "50.93640", "2013-12-31": "40.52850", "2013-09-30": "44.77950", "2013-06-30": "46.09960", "2013-03-31": "47.39010", "2012-12-31": "40.33130", "2012-09-30": "45.12350", "2012-06-30": "45.42420", "2012-03-31": "48.44150", "2011-12-31": "43.56730", "2011-09-30": "46.53710", "2011-06-30": "52.43420", "2011-03-31": "55.77730", "2010-12-31": "55.40890", "2010-09-30": "44.10120", "2010-06-30": "45.97130", "2010-03-31": "53.34920", "2009-12-31": "59.71140", "2009-09-30": "44.54560", "2009-06-30": "48.41280", "2009-03-31": "58.72400", "2008-12-31": "40.66310", "2008-09-30": "45.15940", "2008-06-30": "48.47360", "2008-03-31": "47.63680", "2007-12-31": "42.23390", "2007-09-30": "45.66900", "2007-06-30": "45.22680", "2007-03-31": "49.04770", "2006-12-31": "43.10000", "2006-09-30": "43.93430", "2006-06-30": "44.85320", "2006-03-31": "45.02380", "2005-12-31": "42.38350", "2005-09-30": "46.03180", "2005-06-30": "46.80770", "2005-03-31": "50.90690"}, "ROE - Return On Equity": {"2020-09-30": "5.11210", "2020-06-30": "3.96100", "2020-03-31": "0.48870", "2019-12-31": "2.44710", "2019-09-30": "4.68660", "2019-06-30": "3.71770", "2019-03-31": "0.86220", "2018-12-31": "1.90940", "2018-09-30": "3.64920", "2018-06-30": "3.82050", "2018-03-31": "0.21450", "2017-12-31": "8.05800", "2017-09-30": "3.49650", "2017-06-30": "3.38630", "2017-03-31": "1.03800", "2016-12-31": "2.38490", "2016-09-30": "3.83510", "2016-06-30": "3.04030", "2016-03-31": "1.14190", "2015-12-31": "2.04970", "2015-09-30": "2.76490", "2015-06-30": "1.90190", "2015-03-31": "0.14180", "2014-12-31": "1.46770", "2014-09-30": "1.23190", "2014-06-30": "3.80860", "2014-03-31": "-1.49830", "2013-12-31": "2.25100", "2013-09-30": "4.82420", "2013-06-30": "2.87800", "2013-03-31": "-2.05960", "2012-12-31": "1.53910", "2012-09-30": "4.35290", "2012-06-30": "2.64500", "2012-03-31": "-2.65210", "2011-12-31": "0.59940", "2011-09-30": "3.38840", "2011-06-30": "2.53730", "2011-03-31": "-1.13200", "2010-12-31": "1.05270", "2010-09-30": "3.65310", "2010-06-30": "3.87920", "2010-03-31": "-1.81340", "2009-12-31": "-0.42270", "2009-09-30": "4.21010", "2009-06-30": "3.08080", "2009-03-31": "-0.50030", "2008-12-31": "2.50090", "2008-09-30": "6.11260", "2008-06-30": "5.61470", "2008-03-31": "2.02840", "2007-12-31": "5.93370", "2007-09-30": "9.09980", "2007-06-30": "9.11020", "2007-03-31": "3.28680", "2006-12-31": "4.87790", "2006-09-30": "6.06180", "2006-06-30": "6.22390", "2006-03-31": "2.51910", "2005-12-31": "4.34730", "2005-09-30": "6.32910", "2005-06-30": "5.51450", "2005-03-31": "0.76970"}, "Return On Tangible Equity": {"2020-09-30": "10.36580", "2020-06-30": "8.32090", "2020-03-31": "1.07070", "2019-12-31": "5.30430", "2019-09-30": "10.29030", "2019-06-30": "8.57810", "2019-03-31": "2.06270", "2018-12-31": "4.61220", "2018-09-30": "8.86730", "2018-06-30": "9.56560", "2018-03-31": "0.49680", "2017-12-31": "18.71740", "2017-09-30": "9.07780", "2017-06-30": "9.25310", "2017-03-31": "3.00300", "2016-12-31": "6.71210", "2016-09-30": "10.75560", "2016-06-30": "8.89360", "2016-03-31": "3.49010", "2015-12-31": "5.61780", "2015-09-30": "7.01740", "2015-06-30": "4.73970", "2015-03-31": "0.36690", "2014-12-31": "3.78300", "2014-09-30": "3.11030", "2014-06-30": "6.60560", "2014-03-31": "-2.62950", "2013-12-31": "3.89700", "2013-09-30": "8.67830", "2013-06-30": "5.34510", "2013-03-31": "-3.90250", "2012-12-31": "2.84830", "2012-09-30": "7.97150", "2012-06-30": "5.02520", "2012-03-31": "-5.09170", "2011-12-31": "1.11620", "2011-09-30": "6.07700", "2011-06-30": "4.64010", "2011-03-31": "-2.05310", "2010-12-31": "1.87540", "2010-09-30": "6.52820", "2010-06-30": "7.09830", "2010-03-31": "-3.41130", "2009-12-31": "-0.77240", "2009-09-30": "7.96230", "2009-06-30": "6.08330", "2009-03-31": "-0.99310", "2008-12-31": "6.19180", "2008-09-30": "13.91090", "2008-06-30": "13.78260", "2008-03-31": "4.96190", "2007-12-31": "15.51050", "2007-09-30": "22.30600", "2007-06-30": "25.79730", "2007-03-31": "7.93620", "2006-12-31": "9.09580", "2006-09-30": "11.26530", "2006-06-30": "12.00550", "2006-03-31": "4.99160", "2005-12-31": "8.71200", "2005-09-30": "12.41130", "2005-06-30": "11.43930", "2005-03-31": "1.62970"}, "ROA - Return On Assets": {"2020-09-30": "2.82120", "2020-06-30": "2.12780", "2020-03-31": "0.24660", "2019-12-31": "1.29300", "2019-09-30": "2.43170", "2019-06-30": "1.86450", "2019-03-31": "0.42690", "2018-12-31": "0.98940", "2018-09-30": "1.88100", "2018-06-30": "1.93300", "2018-03-31": "0.11220", "2017-12-31": "4.19590", "2017-09-30": "2.00270", "2017-06-30": "1.89250", "2017-03-31": "0.57220", "2016-12-31": "1.35320", "2016-09-30": "2.16290", "2016-06-30": "1.68820", "2016-03-31": "0.63830", "2015-12-31": "1.19610", "2015-09-30": "1.60880", "2015-06-30": "1.12910", "2015-03-31": "0.08580", "2014-12-31": "0.88490", "2014-09-30": "0.73450", "2014-06-30": "1.77830", "2014-03-31": "-0.71080", "2013-12-31": "1.08750", "2013-09-30": "2.16680", "2013-06-30": "1.28320", "2013-03-31": "-0.92050", "2012-12-31": "0.70620", "2012-09-30": "1.97300", "2012-06-30": "1.16140", "2012-03-31": "-1.16540", "2011-12-31": "0.27590", "2011-09-30": "1.59360", "2011-06-30": "1.16880", "2011-03-31": "-0.50620", "2010-12-31": "0.50270", "2010-09-30": "1.70850", "2010-06-30": "1.77500", "2010-03-31": "-0.76720", "2009-12-31": "-0.18350", "2009-09-30": "1.76080", "2009-06-30": "1.25030", "2009-03-31": "-0.19750", "2008-12-31": "0.88020", "2008-09-30": "2.23510", "2008-06-30": "1.94080", "2008-03-31": "0.73410", "2007-12-31": "2.09150", "2007-09-30": "3.30060", "2007-06-30": "3.08830", "2007-03-31": "1.28510", "2006-12-31": "2.44050", "2006-09-30": "3.02070", "2006-06-30": "3.03300", "2006-03-31": "1.22800", "2005-12-31": "2.09690", "2005-09-30": "3.07250", "2005-06-30": "2.60910", "2005-03-31": "0.36570"}, "ROI - Return On Investment": {"2020-09-30": "3.51140", "2020-06-30": "2.68040", "2020-03-31": "0.32690", "2019-12-31": "1.68230", "2019-09-30": "3.09310", "2019-06-30": "2.42040", "2019-03-31": "0.55160", "2018-12-31": "1.23060", "2018-09-30": "2.32060", "2018-06-30": "2.39220", "2018-03-31": "0.13550", "2017-12-31": "5.09210", "2017-09-30": "2.53560", "2017-06-30": "2.43460", "2017-03-31": "0.75120", "2016-12-31": "1.74900", "2016-09-30": "2.80020", "2016-06-30": "2.19720", "2016-03-31": "0.81610", "2015-12-31": "1.48340", "2015-09-30": "2.02500", "2015-06-30": "1.37820", "2015-03-31": "0.10430", "2014-12-31": "1.07850", "2014-09-30": "0.90150", "2014-06-30": "2.26110", "2014-03-31": "-0.89000", "2013-12-31": "1.36700", "2013-09-30": "2.77460", "2013-06-30": "1.64020", "2013-03-31": "-1.16960", "2012-12-31": "0.89550", "2012-09-30": "2.49740", "2012-06-30": "1.46730", "2012-03-31": "-1.46840", "2011-12-31": "0.34720", "2011-09-30": "1.99440", "2011-06-30": "1.51490", "2011-03-31": "-0.62560", "2010-12-31": "0.68690", "2010-09-30": "2.37340", "2010-06-30": "2.46600", "2010-03-31": "-1.03630", "2009-12-31": "-0.24470", "2009-09-30": "2.38070", "2009-06-30": "1.70610", "2009-03-31": "-0.26370", "2008-12-31": "1.20250", "2008-09-30": "3.01260", "2008-06-30": "2.69160", "2008-03-31": "1.09260", "2007-12-31": "3.12860", "2007-09-30": "4.40830", "2007-06-30": "4.21230", "2007-03-31": "2.08290", "2006-12-31": "3.33650", "2006-09-30": "4.15360", "2006-06-30": "3.94290", "2006-03-31": "1.57970", "2005-12-31": "2.70990", "2005-09-30": "3.97880", "2005-06-30": "3.39360", "2005-03-31": "0.47080"}, "Book Value Per Share": {"2020-09-30": "92.43820", "2020-06-30": "88.17980", "2020-03-31": "85.14320", "2019-12-31": "85.79010", "2019-09-30": "84.87100", "2019-06-30": "81.64380", "2019-03-31": "79.48970", "2018-12-31": "79.19040", "2018-09-30": "78.80990", "2018-06-30": "77.05630", "2018-03-31": "74.34440", "2017-12-31": "74.47520", "2017-09-30": "68.94770", "2017-06-30": "66.84490", "2017-03-31": "64.92650", "2016-12-31": "65.57220", "2016-09-30": "65.52170", "2016-06-30": "63.31380", "2016-03-31": "62.13110", "2015-12-31": "62.96900", "2015-09-30": "64.29670", "2015-06-30": "92.90730", "2015-03-31": "64.35250", "2014-12-31": "64.68350", "2014-09-30": "65.05710", "2014-06-30": "33.77520", "2014-03-31": "33.31230", "2013-12-31": "34.04420", "2013-09-30": "32.40970", "2013-06-30": "31.16170", "2013-03-31": "30.61280", "2012-12-31": "31.52690", "2012-09-30": "32.02100", "2012-06-30": "30.90890", "2012-03-31": "30.56890", "2011-12-31": "31.68580", "2011-09-30": "32.50870", "2011-06-30": "31.75500", "2011-03-31": "31.47130", "2010-12-31": "32.21350", "2010-09-30": "32.00660", "2010-06-30": "31.12470", "2010-03-31": "30.23800", "2009-12-31": "30.97890", "2009-09-30": "30.28890", "2009-06-30": "29.17410", "2009-03-31": "28.84650", "2008-12-31": "25.74070", "2008-09-30": "27.04180", "2008-06-30": "25.60780", "2008-03-31": "24.17130", "2007-12-31": "22.89540", "2007-09-30": "23.58650", "2007-06-30": "21.63900", "2007-03-31": "23.33660", "2006-12-31": "27.95860", "2006-09-30": "27.97700", "2006-06-30": "26.89620", "2006-03-31": "25.96190", "2005-12-31": "25.66720", "2005-09-30": "25.91610", "2005-06-30": "24.58760", "2005-03-31": "23.99850"}, "Operating Cash Flow Per Share": {"2020-09-30": 4.9711, "2020-06-30": 4.2832, "2020-03-31": "1.70720", "2019-12-31": 5.0447, "2019-09-30": 5.0414, "2019-06-30": 3.4448, "2019-03-31": "1.87740", "2018-12-31": 4.1843, "2018-09-30": 3.2287, "2018-06-30": 2.1003, "2018-03-31": "1.66100", "2017-12-31": 3.7848, "2017-09-30": 2.9884, "2017-06-30": 2.4653, "2017-03-31": "1.16660", "2016-12-31": 4.1702, "2016-09-30": 3.3289, "2016-06-30": 2.2274, "2016-03-31": "1.06160", "2015-12-31": 3.9009, "2015-09-30": 2.8834, "2015-06-30": 1.3598, "2015-03-31": "0.51900", "2014-12-31": 3.6981, "2014-09-30": 1.4751, "2014-06-30": 1.3694, "2014-03-31": "0.14280", "2013-12-31": 3.1011, "2013-09-30": 2.5261, "2013-06-30": 0.6442, "2013-03-31": "0.40360", "2012-12-31": 2.1906, "2012-09-30": 2.0509, "2012-06-30": 0.6971, "2012-03-31": "-0.09440", "2011-12-31": 1.7305, "2011-09-30": 2.6898, "2011-06-30": 0.7698, "2011-03-31": "0.46780", "2010-12-31": 1.4736, "2010-09-30": 2.546, "2010-06-30": 1.2922, "2010-03-31": "0.59740", "2009-12-31": 1.9695, "2009-09-30": 2.6283, "2009-06-30": 1.0599, "2009-03-31": "1.54680", "2008-12-31": 1.7127, "2008-09-30": 3.5504, "2008-06-30": 1.2123, "2008-03-31": "1.82970", "2007-12-31": 2.8188, "2007-09-30": 3.1767, "2007-06-30": 2.1628, "2007-03-31": "1.08250", "2006-12-31": 2.7466, "2006-09-30": 2.1046, "2006-06-30": 1.7479, "2006-03-31": "0.69470", "2005-12-31": 2.3116, "2005-09-30": 2.1067, "2005-06-30": 1.6745, "2005-03-31": "0.62870"}, "Free Cash Flow Per Share": {"2020-09-30": 3.7722, "2020-06-30": 3.1285, "2020-03-31": "0.04160", "2019-12-31": 3.2823, "2019-09-30": 3.8357, "2019-06-30": 2.2087, "2019-03-31": "-0.19430", "2018-12-31": 2.3757, "2018-09-30": 2.0535, "2018-06-30": 0.6479, "2018-03-31": "0.13840", "2017-12-31": 2.1812, "2017-09-30": 1.5222, "2017-06-30": 0.6554, "2017-03-31": "-0.44580", "2016-12-31": 2.586, "2016-09-30": 2.1491, "2016-06-30": 0.3915, "2016-03-31": "-0.40270", "2015-12-31": 2.3184, "2015-09-30": 1.61, "2015-06-30": 0.2961, "2015-03-31": "-0.30970", "2014-12-31": 1.684, "2014-09-30": 1.2432, "2014-06-30": 0.3453, "2014-03-31": "-0.65420", "2013-12-31": 1.9553, "2013-09-30": 1.3989, "2013-06-30": 0.0387, "2013-03-31": "-0.07180", "2012-12-31": 1.2089, "2012-09-30": 1.1906, "2012-06-30": 0.0743, "2012-03-31": "-0.91480", "2011-12-31": 0.3797, "2011-09-30": 1.9303, "2011-06-30": 0.1603, "2011-03-31": "-0.20510", "2010-12-31": 0.9055, "2010-09-30": 1.6388, "2010-06-30": 0.3418, "2010-03-31": "0.04630", "2009-12-31": 1.0613, "2009-09-30": 2.0561, "2009-06-30": 0.3526, "2009-03-31": "0.58380", "2008-12-31": 0.8827, "2008-09-30": 2.0074, "2008-06-30": -0.5827, "2008-03-31": "-0.20760", "2007-12-31": 1.2974, "2007-09-30": 1.2054, "2007-06-30": 0.5979, "2007-03-31": "-0.01790", "2006-12-31": 1.6196, "2006-09-30": 0.8778, "2006-06-30": -0.0452, "2006-03-31": "-0.89470", "2005-12-31": 0.938, "2005-09-30": 0.9445, "2005-06-30": 0.5158, "2005-03-31": "-0.35970"}}, "revenue": {"Martin Marietta Materials Annual Revenue (Millions of US $)": {"2019": "$4,739", "2018": "$4,244", "2017": "$3,966", "2016": "$3,819", "2015": "$3,540", "2014": "$2,958", "2013": "$2,156", "2012": "$2,032", "2011": "$1,714", "2010": "$1,653", "2009": "$1,573", "2008": "$2,116", "2007": "$2,189", "2006": "$2,178", "2005": "$1,975"}, "Martin Marietta Materials Quarterly Revenue (Millions of US $)": {"2020-09-30": "$1,321", "2020-06-30": "$1,271", "2020-03-31": "$958", "2019-12-31": "$1,100", "2019-09-30": "$1,420", "2019-06-30": "$1,280", "2019-03-31": "$939", "2018-12-31": "$1,020", "2018-09-30": "$1,220", "2018-06-30": "$1,202", "2018-03-31": "$802", "2017-12-31": "$970", "2017-09-30": "$1,088", "2017-06-30": "$1,064", "2017-03-31": "$844", "2016-12-31": "$949", "2016-09-30": "$1,104", "2016-06-30": "$977", "2016-03-31": "$789", "2015-12-31": "$845", "2015-09-30": "$1,082", "2015-06-30": "$921", "2015-03-31": "$691", "2014-12-31": "$856", "2014-09-30": "$1,004", "2014-06-30": "$669", "2014-03-31": "$429", "2013-12-31": "$545", "2013-09-30": "$665", "2013-06-30": "$561", "2013-03-31": "$384", "2012-12-31": "$500", "2012-09-30": "$592", "2012-06-30": "$546", "2012-03-31": "$394", "2011-12-31": "$421", "2011-09-30": "$502", "2011-06-30": "$462", "2011-03-31": "$328", "2010-12-31": "$298", "2010-09-30": "$509", "2010-06-30": "$505", "2010-03-31": "$341", "2009-12-31": "$245", "2009-09-30": "$488", "2009-06-30": "$465", "2009-03-31": "$375", "2008-12-31": "$468", "2008-09-30": "$599", "2008-06-30": "$598", "2008-03-31": "$452", "2007-12-31": "$524", "2007-09-30": "$615", "2007-06-30": "$590", "2007-03-31": "$460", "2006-12-31": "$506", "2006-09-30": "$602", "2006-06-30": "$587", "2006-03-31": "$483", "2005-12-31": "$478", "2005-09-30": "$564", "2005-06-30": "$544", "2005-03-31": "$390"}}, "gross-profit": {"Martin Marietta Materials Annual Gross Profit (Millions of US $)": {"2019": "$1,179", "2018": "$967", "2017": "$972", "2016": "$912", "2015": "$727", "2014": "$522", "2013": "$364", "2012": "$327", "2011": "$302", "2010": "$322", "2009": "$332", "2008": "$471", "2007": "$568", "2006": "$523", "2005": "$429"}, "Martin Marietta Materials Quarterly Gross Profit (Millions of US $)": {"2020-09-30": "$405", "2020-06-30": "$381", "2020-03-31": "$142", "2019-12-31": "$259", "2019-09-30": "$421", "2019-06-30": "$357", "2019-03-31": "$143", "2018-12-31": "$227", "2018-09-30": "$313", "2018-06-30": "$316", "2018-03-31": "$110", "2017-12-31": "$259", "2017-09-30": "$292", "2017-06-30": "$274", "2017-03-31": "$147", "2016-12-31": "$226", "2016-09-30": "$293", "2016-06-30": "$247", "2016-03-31": "$145", "2015-12-31": "$190", "2015-09-30": "$263", "2015-06-30": "$200", "2015-03-31": "$74", "2014-12-31": "$165", "2014-09-30": "$196", "2014-06-30": "$136", "2014-03-31": "$26", "2013-12-31": "$101", "2013-09-30": "$143", "2013-06-30": "$107", "2013-03-31": "$13", "2012-12-31": "$77", "2012-09-30": "$124", "2012-06-30": "$102", "2012-03-31": "$24", "2011-12-31": "$70", "2011-09-30": "$112", "2011-06-30": "$98", "2011-03-31": "$23", "2010-12-31": "$71", "2010-09-30": "$114", "2010-06-30": "$118", "2010-03-31": "$20", "2009-12-31": "$54", "2009-09-30": "$118", "2009-06-30": "$112", "2009-03-31": "$49", "2008-12-31": "$104", "2008-09-30": "$152", "2008-06-30": "$139", "2008-03-31": "$75", "2007-12-31": "$129", "2007-09-30": "$167", "2007-06-30": "$178", "2007-03-31": "$94", "2006-12-31": "$136", "2006-09-30": "$149", "2006-06-30": "$153", "2006-03-31": "$84", "2005-12-31": "$115", "2005-09-30": "$135", "2005-06-30": "$130", "2005-03-31": "$50"}}, "operating-income": {"Martin Marietta Materials Annual Operating Income (Millions of US $)": {"2019": "$885", "2018": "$691", "2017": "$700", "2016": "$677", "2015": "$494", "2014": "$315", "2013": "$218", "2012": "$156", "2011": "$161", "2010": "$198", "2009": "$183", "2008": "$323", "2007": "$430", "2006": "$388", "2005": "$314"}, "Martin Marietta Materials Quarterly Operating Income (Millions of US $)": {"2020-09-30": "$401", "2020-06-30": "$306", "2020-03-31": "$58", "2019-12-31": "$185", "2019-09-30": "$345", "2019-06-30": "$286", "2019-03-31": "$69", "2018-12-31": "$147", "2018-09-30": "$241", "2018-06-30": "$264", "2018-03-31": "$39", "2017-12-31": "$183", "2017-09-30": "$227", "2017-06-30": "$213", "2017-03-31": "$77", "2016-12-31": "$158", "2016-09-30": "$243", "2016-06-30": "$191", "2016-03-31": "$86", "2015-12-31": "$152", "2015-09-30": "$179", "2015-06-30": "$137", "2015-03-31": "$26", "2014-12-31": "$119", "2014-09-30": "$116", "2014-06-30": "$96", "2014-03-31": "$-16", "2013-12-31": "$63", "2013-09-30": "$109", "2013-06-30": "$70", "2013-03-31": "$-23", "2012-12-31": "$41", "2012-09-30": "$92", "2012-06-30": "$59", "2012-03-31": "$-35", "2011-12-31": "$21", "2011-09-30": "$80", "2011-06-30": "$65", "2011-03-31": "$-4", "2010-12-31": "$37", "2010-09-30": "$84", "2010-06-30": "$91", "2010-03-31": "$-13", "2009-12-31": "$10", "2009-09-30": "$89", "2009-06-30": "$73", "2009-03-31": "$11", "2008-12-31": "$61", "2008-09-30": "$115", "2008-06-30": "$105", "2008-03-31": "$43", "2007-12-31": "$99", "2007-09-30": "$137", "2007-06-30": "$136", "2007-03-31": "$58", "2006-12-31": "$101", "2006-09-30": "$116", "2006-06-30": "$119", "2006-03-31": "$52", "2005-12-31": "$87", "2005-09-30": "$108", "2005-06-30": "$100", "2005-03-31": "$19"}}, "ebitda": {"Martin Marietta Materials Annual EBITDA (Millions of US $)": {"2019": "$1,256", "2018": "$1,035", "2017": "$998", "2016": "$963", "2015": "$758", "2014": "$538", "2013": "$392", "2012": "$333", "2011": "$334", "2010": "$380", "2009": "$362", "2008": "$495", "2007": "$581", "2006": "$529", "2005": "$452"}, "Martin Marietta Materials Quarterly EBITDA (Millions of US $)": {"2020-09-30": "$499", "2020-06-30": "$405", "2020-03-31": "$153", "2019-12-31": "$279", "2019-09-30": "$440", "2019-06-30": "$379", "2019-03-31": "$158", "2018-12-31": "$238", "2018-09-30": "$330", "2018-06-30": "$351", "2018-03-31": "$116", "2017-12-31": "$259", "2017-09-30": "$302", "2017-06-30": "$289", "2017-03-31": "$148", "2016-12-31": "$231", "2016-09-30": "$315", "2016-06-30": "$262", "2016-03-31": "$154", "2015-12-31": "$216", "2015-09-30": "$244", "2015-06-30": "$205", "2015-03-31": "$93", "2014-12-31": "$187", "2014-09-30": "$184", "2014-06-30": "$140", "2014-03-31": "$27", "2013-12-31": "$106", "2013-09-30": "$153", "2013-06-30": "$113", "2013-03-31": "$20", "2012-12-31": "$85", "2012-09-30": "$136", "2012-06-30": "$104", "2012-03-31": "$9", "2011-12-31": "$64", "2011-09-30": "$123", "2011-06-30": "$108", "2011-03-31": "$39", "2010-12-31": "$82", "2010-09-30": "$129", "2010-06-30": "$136", "2010-03-31": "$32", "2009-12-31": "$56", "2009-09-30": "$135", "2009-06-30": "$118", "2009-03-31": "$54", "2008-12-31": "$106", "2008-09-30": "$159", "2008-06-30": "$148", "2008-03-31": "$82", "2007-12-31": "$138", "2007-09-30": "$175", "2007-06-30": "$174", "2007-03-31": "$94", "2006-12-31": "$139", "2006-09-30": "$152", "2006-06-30": "$153", "2006-03-31": "$84", "2005-12-31": "$122", "2005-09-30": "$143", "2005-06-30": "$134", "2005-03-31": "$53"}}, "net-income": {"Martin Marietta Materials Annual Net Income (Millions of US $)": {"2019": "$612", "2018": "$470", "2017": "$713", "2016": "$425", "2015": "$289", "2014": "$156", "2013": "$121", "2012": "$84", "2011": "$82", "2010": "$97", "2009": "$85", "2008": "$176", "2007": "$263", "2006": "$245", "2005": "$193"}, "Martin Marietta Materials Quarterly Net Income (Millions of US $)": {"2020-09-30": "$298", "2020-06-30": "$218", "2020-03-31": "$26", "2019-12-31": "$128", "2019-09-30": "$251", "2019-06-30": "$190", "2019-03-31": "$43", "2018-12-31": "$94", "2018-09-30": "$180", "2018-06-30": "$185", "2018-03-31": "$10", "2017-12-31": "$377", "2017-09-30": "$152", "2017-06-30": "$142", "2017-03-31": "$42", "2016-12-31": "$99", "2016-09-30": "$159", "2016-06-30": "$122", "2016-03-31": "$45", "2015-12-31": "$83", "2015-09-30": "$118", "2015-06-30": "$82", "2015-03-31": "$6", "2014-12-31": "$64", "2014-09-30": "$54", "2014-06-30": "$60", "2014-03-31": "$-22", "2013-12-31": "$36", "2013-09-30": "$72", "2013-06-30": "$41", "2013-03-31": "$-28", "2012-12-31": "$22", "2012-09-30": "$63", "2012-06-30": "$37", "2012-03-31": "$-37", "2011-12-31": "$15", "2011-09-30": "$49", "2011-06-30": "$36", "2011-03-31": "$-17", "2010-12-31": "$15", "2010-09-30": "$52", "2010-06-30": "$54", "2010-03-31": "$-24", "2009-12-31": "$-3", "2009-09-30": "$56", "2009-06-30": "$39", "2009-03-31": "$-6", "2008-12-31": "$25", "2008-09-30": "$66", "2008-06-30": "$64", "2008-03-31": "$21", "2007-12-31": "$57", "2007-09-30": "$90", "2007-06-30": "$83", "2007-03-31": "$33", "2006-12-31": "$62", "2006-09-30": "$76", "2006-06-30": "$76", "2006-03-31": "$31", "2005-12-31": "$48", "2005-09-30": "$76", "2005-06-30": "$61", "2005-03-31": "$7"}}, "eps-earnings-per-share-diluted": {"Martin Marietta Materials Annual EPS": {"2019": "$9.74", "2018": "$7.43", "2017": "$11.25", "2016": "$6.63", "2015": "$4.29", "2014": "$2.71", "2013": "$2.61", "2012": "$1.83", "2011": "$1.78", "2010": "$2.10", "2009": "$1.91", "2008": "$4.18", "2007": "$6.03", "2006": "$5.29", "2005": "$4.08"}, "Martin Marietta Materials Quarterly EPS": {"2020-09-30": "$4.71", "2020-06-30": "$3.49", "2020-03-31": "$0.41", "2019-12-31": "$2.09", "2019-09-30": "$3.96", "2019-06-30": "$3.01", "2019-03-31": "$0.68", "2018-12-31": "$1.50", "2018-09-30": "$2.85", "2018-06-30": "$2.92", "2018-03-31": "$0.16", "2017-12-31": "$5.94", "2017-09-30": "$2.39", "2017-06-30": "$2.25", "2017-03-31": "$0.67", "2016-12-31": "$1.55", "2016-09-30": "$2.49", "2016-06-30": "$1.90", "2016-03-31": "$0.69", "2015-12-31": "$1.26", "2015-09-30": "$1.74", "2015-06-30": "$1.22", "2015-03-31": "$0.07", "2014-12-31": "$1.12", "2014-09-30": "$0.79", "2014-06-30": "$1.27", "2014-03-31": "$-0.47", "2013-12-31": "$0.79", "2013-09-30": "$1.54", "2013-06-30": "$0.89", "2013-03-31": "$-0.61", "2012-12-31": "$0.48", "2012-09-30": "$1.36", "2012-06-30": "$0.80", "2012-03-31": "$-0.81", "2011-12-31": "$0.32", "2011-09-30": "$1.07", "2011-06-30": "$0.78", "2011-03-31": "$-0.39", "2010-12-31": "$0.33", "2010-09-30": "$1.13", "2010-06-30": "$1.18", "2010-03-31": "$-0.54", "2009-12-31": "$-0.04", "2009-09-30": "$1.23", "2009-06-30": "$0.86", "2009-03-31": "$-0.14", "2008-12-31": "$0.60", "2008-09-30": "$1.57", "2008-06-30": "$1.51", "2008-03-31": "$0.50", "2007-12-31": "$1.25", "2007-09-30": "$2.13", "2007-06-30": "$1.92", "2007-03-31": "$0.73", "2006-12-31": "$1.35", "2006-09-30": "$1.65", "2006-06-30": "$1.63", "2006-03-31": "$0.66", "2005-12-31": "$1.01", "2005-09-30": "$1.62", "2005-06-30": "$1.30", "2005-03-31": "$0.15"}}, "shares-outstanding": {"Martin Marietta Materials Annual Shares Outstanding (Millions of Shares)": {"2019": "63", "2018": "63", "2017": "63", "2016": "64", "2015": "67", "2014": "57", "2013": "46", "2012": "46", "2011": "46", "2010": "46", "2009": "44", "2008": "42", "2007": "43", "2006": "46", "2005": "47"}, "Martin Marietta Materials Quarterly Shares Outstanding (Millions of Shares)": {"2020-09-30": "62", "2020-06-30": "62", "2020-03-31": "63", "2019-12-31": "63", "2019-09-30": "63", "2019-06-30": "63", "2019-03-31": "63", "2018-12-31": "63", "2018-09-30": "63", "2018-06-30": "63", "2018-03-31": "63", "2017-12-31": "63", "2017-09-30": "63", "2017-06-30": "63", "2017-03-31": "63", "2016-12-31": "64", "2016-09-30": "64", "2016-06-30": "64", "2016-03-31": "64", "2015-12-31": "67", "2015-09-30": "67", "2015-06-30": "68", "2015-03-31": "68", "2014-12-31": "57", "2014-09-30": "67", "2014-06-30": "47", "2014-03-31": "46", "2013-12-31": "46", "2013-09-30": "46", "2013-06-30": "46", "2013-03-31": "46", "2012-12-31": "46", "2012-09-30": "46", "2012-06-30": "46", "2012-03-31": "46", "2011-12-31": "46", "2011-09-30": "46", "2011-06-30": "46", "2011-03-31": "46", "2010-12-31": "46", "2010-09-30": "46", "2010-06-30": "46", "2010-03-31": "45", "2009-12-31": "44", "2009-09-30": "45", "2009-06-30": "45", "2009-03-31": "42", "2008-12-31": "42", "2008-09-30": "42", "2008-06-30": "42", "2008-03-31": "42", "2007-12-31": "43", "2007-09-30": "42", "2007-06-30": "43", "2007-03-31": "45", "2006-12-31": "46", "2006-09-30": "46", "2006-06-30": "47", "2006-03-31": "47", "2005-12-31": "47", "2005-09-30": "47", "2005-06-30": "47", "2005-03-31": "48"}}, "total-assets": {"Martin Marietta Materials Annual Total Assets (Millions of US $)": {"2019": "$10,132", "2018": "$9,551", "2017": "$8,993", "2016": "$7,301", "2015": "$6,958", "2014": "$7,220", "2013": "$3,260", "2012": "$3,161", "2011": "$3,148", "2010": "$3,075", "2009": "$3,239", "2008": "$3,033", "2007": "$2,684", "2006": "$2,506", "2005": "$2,433"}, "Martin Marietta Materials Quarterly Total Assets (Millions of US $)": {"2020-09-30": "$10,435", "2020-06-30": "$10,227", "2020-03-31": "$10,503", "2019-12-31": "$10,132", "2019-09-30": "$10,223", "2019-06-30": "$10,164", "2019-03-31": "$10,048", "2018-12-31": "$9,551", "2018-09-30": "$9,588", "2018-06-30": "$9,597", "2018-03-31": "$8,948", "2017-12-31": "$8,993", "2017-09-30": "$7,567", "2017-06-30": "$7,516", "2017-03-31": "$7,394", "2016-12-31": "$7,301", "2016-09-30": "$7,373", "2016-06-30": "$7,233", "2016-03-31": "$7,058", "2015-12-31": "$6,958", "2015-09-30": "$7,308", "2015-06-30": "$7,260", "2015-03-31": "$7,177", "2014-12-31": "$7,220", "2014-09-30": "$7,339", "2014-06-30": "$3,356", "2014-03-31": "$3,255", "2013-12-31": "$3,260", "2013-09-30": "$3,337", "2013-06-30": "$3,231", "2013-03-31": "$3,155", "2012-12-31": "$3,161", "2012-09-30": "$3,243", "2012-06-30": "$3,227", "2012-03-31": "$3,182", "2011-12-31": "$3,148", "2011-09-30": "$3,159", "2011-06-30": "$3,149", "2011-03-31": "$3,209", "2010-12-31": "$3,075", "2010-09-30": "$3,116", "2010-06-30": "$3,096", "2010-03-31": "$3,245", "2009-12-31": "$3,239", "2009-09-30": "$3,233", "2009-06-30": "$3,207", "2009-03-31": "$3,253", "2008-12-31": "$3,033", "2008-09-30": "$3,064", "2008-06-30": "$3,072", "2008-03-31": "$2,760", "2007-12-31": "$2,684", "2007-09-30": "$2,722", "2007-06-30": "$2,668", "2007-03-31": "$2,561", "2006-12-31": "$2,506", "2006-09-30": "$2,533", "2006-06-30": "$2,502", "2006-03-31": "$2,435", "2005-12-31": "$2,433", "2005-09-30": "$2,475", "2005-06-30": "$2,406", "2005-03-31": "$2,354"}}, "cash-on-hand": {"Martin Marietta Materials Annual Cash on Hand (Millions of US $)": {"2019": "$21", "2018": "$45", "2017": "$1,446", "2016": "$50", "2015": "$168", "2014": "$109", "2013": "$42", "2012": "$25", "2011": "$26", "2010": "$70", "2009": "$264", "2008": "$38", "2007": "$20", "2006": "$32", "2005": "$102"}, "Martin Marietta Materials Quarterly Cash on Hand (Millions of US $)": {"2020-09-30": "$194", "2020-06-30": "$70", "2020-03-31": "$424", "2019-12-31": "$21", "2019-09-30": "$49", "2019-06-30": "$54", "2019-03-31": "$37", "2018-12-31": "$45", "2018-09-30": "$54", "2018-06-30": "$34", "2018-03-31": "$1,422", "2017-12-31": "$1,446", "2017-09-30": "$35", "2017-06-30": "$37", "2017-03-31": "$55", "2016-12-31": "$50", "2016-09-30": "$61", "2016-06-30": "$29", "2016-03-31": "$27", "2015-12-31": "$168", "2015-09-30": "$436", "2015-06-30": "$44", "2015-03-31": "$56", "2014-12-31": "$109", "2014-09-30": "$74", "2014-06-30": "$34", "2014-03-31": "$36", "2013-12-31": "$42", "2013-09-30": "$57", "2013-06-30": "$44", "2013-03-31": "$37", "2012-12-31": "$25", "2012-09-30": "$35", "2012-06-30": "$41", "2012-03-31": "$45", "2011-12-31": "$26", "2011-09-30": "$57", "2011-06-30": "$26", "2011-03-31": "$177", "2010-12-31": "$70", "2010-09-30": "$60", "2010-06-30": "$32", "2010-03-31": "$221", "2009-12-31": "$264", "2009-09-30": "$194", "2009-06-30": "$133", "2009-03-31": "$222", "2008-12-31": "$38", "2008-09-30": "$14", "2008-06-30": "$13", "2008-03-31": "$14", "2007-12-31": "$20", "2007-09-30": "$26", "2007-06-30": "$31", "2007-03-31": "$18", "2006-12-31": "$32", "2006-09-30": "$23", "2006-06-30": "$20", "2006-03-31": "$31", "2005-12-31": "$102", "2005-09-30": "$137", "2005-06-30": "$91", "2005-03-31": "$103"}}, "long-term-debt": {"Martin Marietta Materials Annual Long Term Debt (Millions of US $)": {"2019": "$2,434", "2018": "$2,730", "2017": "$2,727", "2016": "$1,506", "2015": "$1,550", "2014": "$1,571", "2013": "$1,019", "2012": "$1,042", "2011": "$1,053", "2010": "$782", "2009": "$1,023", "2008": "$1,152", "2007": "$848", "2006": "$579", "2005": "$709"}, "Martin Marietta Materials Quarterly Long Term Debt (Millions of US $)": {"2020-09-30": "$2,625", "2020-06-30": "$2,625", "2020-03-31": "$2,624", "2019-12-31": "$2,434", "2019-09-30": "$2,733", "2019-06-30": "$2,732", "2019-03-31": "$2,801", "2018-12-31": "$2,730", "2018-09-30": "$2,830", "2018-06-30": "$2,899", "2018-03-31": "$2,728", "2017-12-31": "$2,727", "2017-09-30": "$1,643", "2017-06-30": "$1,642", "2017-03-31": "$1,556", "2016-12-31": "$1,506", "2016-09-30": "$1,537", "2016-06-30": "$1,541", "2016-03-31": "$1,575", "2015-12-31": "$1,550", "2015-09-30": "$1,554", "2015-06-30": "$1,638", "2015-03-31": "$1,562", "2014-12-31": "$1,571", "2014-09-30": "$1,604", "2014-06-30": "$1,072", "2014-03-31": "$1,056", "2013-12-31": "$1,019", "2013-09-30": "$1,107", "2013-06-30": "$1,087", "2013-03-31": "$1,073", "2012-12-31": "$1,042", "2012-09-30": "$1,092", "2012-06-30": "$1,137", "2012-03-31": "$1,127", "2011-12-31": "$1,053", "2011-09-30": "$1,038", "2011-06-30": "$979", "2011-03-31": "$1,162", "2010-12-31": "$782", "2010-09-30": "$786", "2010-06-30": "$812", "2010-03-31": "$1,030", "2009-12-31": "$1,023", "2009-09-30": "$1,039", "2009-06-30": "$1,049", "2009-03-31": "$1,152", "2008-12-31": "$1,152", "2008-09-30": "$1,153", "2008-06-30": "$1,153", "2008-03-31": "$856", "2007-12-31": "$848", "2007-09-30": "$1,051", "2007-06-30": "$1,052", "2007-03-31": "$579", "2006-12-31": "$579", "2006-09-30": "$580", "2006-06-30": "$705", "2006-03-31": "$706", "2005-12-31": "$709", "2005-09-30": "$710", "2005-06-30": "$711", "2005-03-31": "$710"}}, "total-liabilities": {"Martin Marietta Materials Annual Total Liabilities (Millions of US $)": {"2019": "$4,778", "2018": "$4,602", "2017": "$4,310", "2016": "$3,158", "2015": "$2,897", "2014": "$2,867", "2013": "$1,685", "2012": "$1,711", "2011": "$1,699", "2010": "$1,606", "2009": "$1,833", "2008": "$1,965", "2007": "$1,738", "2006": "$1,252", "2005": "$1,260"}, "Martin Marietta Materials Quarterly Total Liabilities (Millions of US $)": {"2020-09-30": "$4,677", "2020-06-30": "$4,733", "2020-03-31": "$5,204", "2019-12-31": "$4,778", "2019-09-30": "$4,919", "2019-06-30": "$5,066", "2019-03-31": "$5,073", "2018-12-31": "$4,602", "2018-09-30": "$4,646", "2018-06-30": "$4,741", "2018-03-31": "$4,268", "2017-12-31": "$4,310", "2017-09-30": "$3,233", "2017-06-30": "$3,315", "2017-03-31": "$3,318", "2016-12-31": "$3,158", "2016-09-30": "$3,215", "2016-06-30": "$3,217", "2016-03-31": "$3,113", "2015-12-31": "$2,897", "2015-09-30": "$3,056", "2015-06-30": "$2,950", "2015-03-31": "$2,835", "2014-12-31": "$2,867", "2014-09-30": "$2,963", "2014-06-30": "$1,789", "2014-03-31": "$1,711", "2013-12-31": "$1,685", "2013-09-30": "$1,838", "2013-06-30": "$1,790", "2013-03-31": "$1,745", "2012-12-31": "$1,711", "2012-09-30": "$1,773", "2012-06-30": "$1,810", "2012-03-31": "$1,784", "2011-12-31": "$1,699", "2011-09-30": "$1,673", "2011-06-30": "$1,698", "2011-03-31": "$1,774", "2010-12-31": "$1,606", "2010-09-30": "$1,659", "2010-06-30": "$1,680", "2010-03-31": "$1,872", "2009-12-31": "$1,833", "2009-09-30": "$1,881", "2009-06-30": "$1,906", "2009-03-31": "$1,969", "2008-12-31": "$1,965", "2008-09-30": "$1,943", "2008-06-30": "$2,010", "2008-03-31": "$1,761", "2007-12-31": "$1,738", "2007-09-30": "$1,735", "2007-06-30": "$1,763", "2007-03-31": "$1,559", "2006-12-31": "$1,252", "2006-09-30": "$1,271", "2006-06-30": "$1,283", "2006-03-31": "$1,248", "2005-12-31": "$1,260", "2005-09-30": "$1,274", "2005-06-30": "$1,268", "2005-03-31": "$1,236"}}, "total-share-holder-equity": {"Martin Marietta Materials Annual Share Holder Equity (Millions of US $)": {"2019": "$5,353", "2018": "$4,949", "2017": "$4,682", "2016": "$4,143", "2015": "$4,060", "2014": "$4,353", "2013": "$1,575", "2012": "$1,450", "2011": "$1,449", "2010": "$1,468", "2009": "$1,406", "2008": "$1,067", "2007": "$946", "2006": "$1,254", "2005": "$1,174"}, "Martin Marietta Materials Quarterly Share Holder Equity (Millions of US $)": {"2020-09-30": "$5,759", "2020-06-30": "$5,494", "2020-03-31": "$5,299", "2019-12-31": "$5,353", "2019-09-30": "$5,304", "2019-06-30": "$5,097", "2019-03-31": "$4,975", "2018-12-31": "$4,949", "2018-09-30": "$4,942", "2018-06-30": "$4,855", "2018-03-31": "$4,680", "2017-12-31": "$4,682", "2017-09-30": "$4,334", "2017-06-30": "$4,201", "2017-03-31": "$4,076", "2016-12-31": "$4,143", "2016-09-30": "$4,158", "2016-06-30": "$4,017", "2016-03-31": "$3,946", "2015-12-31": "$4,060", "2015-09-30": "$4,253", "2015-06-30": "$4,310", "2015-03-31": "$4,342", "2014-12-31": "$4,353", "2014-09-30": "$4,376", "2014-06-30": "$1,567", "2014-03-31": "$1,544", "2013-12-31": "$1,575", "2013-09-30": "$1,499", "2013-06-30": "$1,441", "2013-03-31": "$1,410", "2012-12-31": "$1,450", "2012-09-30": "$1,470", "2012-06-30": "$1,417", "2012-03-31": "$1,398", "2011-12-31": "$1,449", "2011-09-30": "$1,486", "2011-06-30": "$1,451", "2011-03-31": "$1,435", "2010-12-31": "$1,468", "2010-09-30": "$1,457", "2010-06-30": "$1,417", "2010-03-31": "$1,373", "2009-12-31": "$1,406", "2009-09-30": "$1,352", "2009-06-30": "$1,302", "2009-03-31": "$1,284", "2008-12-31": "$1,067", "2008-09-30": "$1,120", "2008-06-30": "$1,062", "2008-03-31": "$999", "2007-12-31": "$946", "2007-09-30": "$987", "2007-06-30": "$904", "2007-03-31": "$1,001", "2006-12-31": "$1,254", "2006-09-30": "$1,262", "2006-06-30": "$1,219", "2006-03-31": "$1,187", "2005-12-31": "$1,174", "2005-09-30": "$1,202", "2005-06-30": "$1,138", "2005-03-31": "$1,119"}}, "profit-margins": {"current": "15.24%"}, "gross margin": {"2020-09-30": "25.51%", "2020-06-30": "25.31%", "2020-03-31": "24.78%", "2019-12-31": "24.90%", "2019-09-30": "24.64%", "2019-06-30": "23.32%", "2019-03-31": "22.80%", "2018-12-31": "22.76%", "2018-09-30": "23.80%", "2018-06-30": "24.05%", "2018-03-31": "23.83%", "2017-12-31": "24.51%", "2017-09-30": "23.80%", "2017-06-30": "23.73%", "2017-03-31": "23.57%", "2016-12-31": "23.85%", "2016-09-30": "23.55%", "2016-06-30": "22.88%", "2016-03-31": "21.94%", "2015-12-31": "20.54%", "2015-09-30": "19.77%", "2015-06-30": "18.29%", "2015-03-31": "17.73%", "2014-12-31": "17.68%", "2014-09-30": "17.34%", "2014-06-30": "17.59%", "2014-03-31": "17.14%", "2013-12-31": "16.89%", "2013-09-30": "16.11%", "2013-06-30": "15.76%", "2013-03-31": "15.63%", "2012-12-31": "16.09%", "2012-09-30": "16.39%", "2012-06-30": "16.53%", "2012-03-31": "17.09%", "2011-12-31": "17.69%", "2011-09-30": "19.12%", "2011-06-30": "19.16%", "2011-03-31": "19.88%", "2010-12-31": "19.54%", "2010-09-30": "19.13%", "2010-06-30": "19.63%", "2010-03-31": "19.75%", "2009-12-31": "21.17%", "2009-09-30": "21.33%", "2009-06-30": "21.87%", "2009-03-31": "21.76%", "2008-12-31": "22.20%", "2008-09-30": "22.78%", "2008-06-30": "23.30%", "2008-03-31": "25.17%", "2007-12-31": "25.95%", "2007-09-30": "26.49%", "2007-06-30": "25.81%", "2007-03-31": "24.69%", "2006-12-31": "23.97%", "2006-09-30": "23.30%", "2006-06-30": "23.06%", "2006-03-31": "22.43%", "2005-12-31": "21.76%"}, "operating margin": {"2020-09-30": "20.43%", "2020-06-30": "18.83%", "2020-03-31": "18.37%", "2019-12-31": "18.67%", "2019-09-30": "18.18%", "2019-06-30": "16.66%", "2019-03-31": "16.46%", "2018-12-31": "16.28%", "2018-09-30": "17.33%", "2018-06-30": "17.55%", "2018-03-31": "16.87%", "2017-12-31": "17.65%", "2017-09-30": "17.11%", "2017-06-30": "17.45%", "2017-03-31": "17.27%", "2016-12-31": "17.75%", "2016-09-30": "18.09%", "2016-06-30": "16.46%", "2016-03-31": "15.23%", "2015-12-31": "13.96%", "2015-09-30": "12.99%", "2015-06-30": "11.46%", "2015-03-31": "11.09%", "2014-12-31": "10.65%", "2014-09-30": "9.78%", "2014-06-30": "10.92%", "2014-03-31": "10.27%", "2013-12-31": "10.16%", "2013-09-30": "9.34%", "2013-06-30": "8.84%", "2013-03-31": "8.36%", "2012-12-31": "7.73%", "2012-09-30": "7.01%", "2012-06-30": "6.71%", "2012-03-31": "7.36%", "2011-12-31": "9.46%", "2011-09-30": "11.19%", "2011-06-30": "11.40%", "2011-03-31": "12.68%", "2010-12-31": "12.04%", "2010-09-30": "10.75%", "2010-06-30": "11.21%", "2010-03-31": "10.33%", "2009-12-31": "11.63%", "2009-09-30": "13.03%", "2009-06-30": "13.63%", "2009-03-31": "14.31%", "2008-12-31": "15.30%", "2008-09-30": "16.66%", "2008-06-30": "17.54%", "2008-03-31": "19.03%", "2007-12-31": "19.64%", "2007-09-30": "19.90%", "2007-06-30": "19.05%", "2007-03-31": "18.28%", "2006-12-31": "17.81%", "2006-09-30": "17.40%", "2006-06-30": "17.33%", "2006-03-31": "16.77%", "2005-12-31": "15.89%"}, "ebitda margin": {"2020-09-30": "28.73%", "2020-06-30": "26.89%", "2020-03-31": "26.29%", "2019-12-31": "26.50%", "2019-09-30": "26.08%", "2019-06-30": "24.78%", "2019-03-31": "24.58%", "2018-12-31": "24.39%", "2018-09-30": "25.18%", "2018-06-30": "25.31%", "2018-03-31": "24.62%", "2017-12-31": "25.16%", "2017-09-30": "24.59%", "2017-06-30": "24.82%", "2017-03-31": "24.68%", "2016-12-31": "25.19%", "2016-09-30": "25.49%", "2016-06-30": "23.72%", "2016-03-31": "22.52%", "2015-12-31": "21.42%", "2015-09-30": "20.54%", "2015-06-30": "19.27%", "2015-03-31": "18.76%", "2014-12-31": "18.19%", "2014-09-30": "17.26%", "2014-06-30": "18.46%", "2014-03-31": "18.14%", "2013-12-31": "18.19%", "2013-09-30": "17.58%", "2013-06-30": "17.38%", "2013-03-31": "17.06%", "2012-12-31": "16.44%", "2012-09-30": "16.03%", "2012-06-30": "16.10%", "2012-03-31": "17.09%", "2011-12-31": "19.50%", "2011-09-30": "22.14%", "2011-06-30": "22.42%", "2011-03-31": "23.54%", "2010-12-31": "22.93%", "2010-09-30": "22.06%", "2010-06-30": "22.74%", "2010-03-31": "22.16%", "2009-12-31": "23.08%", "2009-09-30": "23.00%", "2009-06-30": "22.92%", "2009-03-31": "22.89%", "2008-12-31": "23.38%", "2008-09-30": "24.25%", "2008-06-30": "24.81%", "2008-03-31": "26.09%", "2007-12-31": "26.54%", "2007-09-30": "26.81%", "2007-06-30": "25.90%", "2007-03-31": "24.97%", "2006-12-31": "24.24%", "2006-09-30": "23.77%", "2006-06-30": "23.77%", "2006-03-31": "23.34%", "2005-12-31": "22.87%"}, "pre tax profit margin": {"2020-09-30": "18.00%", "2020-06-30": "16.34%", "2020-03-31": "15.47%", "2019-12-31": "15.78%", "2019-09-30": "15.20%", "2019-06-30": "13.50%", "2019-03-31": "13.72%", "2018-12-31": "13.55%", "2018-09-30": "14.85%", "2018-06-30": "15.21%", "2018-03-31": "14.63%", "2017-12-31": "15.61%", "2017-09-30": "14.98%", "2017-06-30": "15.58%", "2017-03-31": "15.46%", "2016-12-31": "15.89%", "2016-09-30": "15.96%", "2016-06-30": "14.30%", "2016-03-31": "13.01%", "2015-12-31": "11.67%", "2015-09-30": "10.99%", "2015-06-30": "9.30%", "2015-03-31": "8.88%", "2014-12-31": "8.42%", "2014-09-30": "7.56%", "2014-06-30": "8.54%", "2014-03-31": "7.73%", "2013-12-31": "7.66%", "2013-09-30": "6.73%", "2013-06-30": "6.14%", "2013-03-31": "5.64%", "2012-12-31": "5.12%", "2012-09-30": "4.35%", "2012-06-30": "3.81%", "2012-03-31": "4.27%", "2011-12-31": "5.90%", "2011-09-30": "7.11%", "2011-06-30": "7.26%", "2011-03-31": "8.35%", "2010-12-31": "7.80%", "2010-09-30": "6.25%", "2010-06-30": "6.65%", "2010-03-31": "5.78%", "2009-12-31": "6.99%", "2009-09-30": "8.80%", "2009-06-30": "9.49%", "2009-03-31": "10.34%", "2008-12-31": "11.67%", "2008-09-30": "13.48%", "2008-06-30": "14.57%", "2008-03-31": "16.23%", "2007-12-31": "17.22%", "2007-09-30": "17.64%", "2007-06-30": "17.05%", "2007-03-31": "16.57%", "2006-12-31": "16.12%", "2006-09-30": "15.67%", "2006-06-30": "15.53%", "2006-03-31": "14.79%", "2005-12-31": "13.82%"}, "net profit margin": {"2020-09-30": "14.41%", "2020-06-30": "13.12%", "2020-03-31": "12.51%", "2019-12-31": "12.91%", "2019-09-30": "12.41%", "2019-06-30": "11.37%", "2019-03-31": "11.46%", "2018-12-31": "11.05%", "2018-09-30": "17.93%", "2018-06-30": "17.82%", "2018-03-31": "17.35%", "2017-12-31": "17.98%", "2017-09-30": "11.03%", "2017-06-30": "11.16%", "2017-03-31": "10.89%", "2016-12-31": "11.13%", "2016-09-30": "11.01%", "2016-06-30": "9.96%", "2016-03-31": "9.02%", "2015-12-31": "8.17%", "2015-09-30": "7.61%", "2015-06-30": "5.93%", "2015-03-31": "5.71%", "2014-12-31": "5.27%", "2014-09-30": "4.84%", "2014-06-30": "6.33%", "2014-03-31": "5.77%", "2013-12-31": "5.61%", "2013-09-30": "5.07%", "2013-06-30": "4.81%", "2013-03-31": "4.65%", "2012-12-31": "4.18%", "2012-09-30": "3.99%", "2012-06-30": "3.44%", "2012-03-31": "3.54%", "2011-12-31": "4.85%", "2011-09-30": "5.22%", "2011-06-30": "5.39%", "2011-03-31": "6.34%", "2010-12-31": "5.87%", "2010-09-30": "4.94%", "2010-06-30": "5.26%", "2010-03-31": "4.42%", "2009-12-31": "5.47%", "2009-09-30": "6.35%", "2009-06-30": "6.50%", "2009-03-31": "7.30%", "2008-12-31": "8.31%", "2008-09-30": "9.57%", "2008-06-30": "10.60%", "2008-03-31": "11.51%", "2007-12-31": "12.01%", "2007-09-30": "12.34%", "2007-06-30": "11.77%", "2007-03-31": "11.46%", "2006-12-31": "11.25%", "2006-09-30": "10.74%", "2006-06-30": "10.94%", "2006-03-31": "10.44%", "2005-12-31": "9.72%"}, "pe ratio": {"current": "26.51", "2021-02-11": "29.77", "2020-09-30": "21.95", "2020-06-30": "20.66", "2020-03-31": "19.83", "2019-12-31": "28.42", "2019-09-30": "29.59", "2019-06-30": "28.21", "2019-03-31": "24.89", "2018-12-31": "22.69", "2018-09-30": "14.99", "2018-06-30": "19.09", "2018-03-31": "18.79", "2017-12-31": "19.08", "2017-09-30": "29.16", "2017-06-30": "30.96", "2017-03-31": "31.91", "2016-12-31": "32.23", "2016-09-30": "27.19", "2016-06-30": "32.99", "2016-03-31": "31.14", "2015-12-31": "30.43", "2015-09-30": "36.40", "2015-06-30": "44.42", "2015-03-31": "43.06", "2014-12-31": "41.08", "2014-09-30": "51.52", "2014-06-30": "39.91", "2014-03-31": "44.05", "2013-12-31": "36.04", "2013-09-30": "40.05", "2013-06-30": "43.41", "2013-03-31": "46.84", "2012-12-31": "47.87", "2012-09-30": "45.40", "2012-06-30": "51.98", "2012-03-31": "56.96", "2011-12-31": "38.15", "2011-09-30": "31.81", "2011-06-30": "38.71", "2011-03-31": "35.48", "2010-12-31": "38.94", "2010-09-30": "39.76", "2010-06-30": "41.15", "2010-03-31": "49.09", "2009-12-31": "41.15", "2009-09-30": "31.09", "2009-06-30": "23.32", "2009-03-31": "19.01", "2008-12-31": "19.62", "2008-09-30": "19.19", "2008-06-30": "15.94", "2008-03-31": "15.18", "2007-12-31": "18.19", "2007-09-30": "18.18", "2007-06-30": "23.82", "2007-03-31": "20.92", "2006-12-31": "16.25"}, "price sales": {"2021-02-11": "4.28", "2020-09-30": "3.15", "2020-06-30": "2.71", "2020-03-31": "2.47", "2019-12-31": "3.66", "2019-09-30": "3.65", "2019-06-30": "3.20", "2019-03-31": "2.85", "2018-12-31": "2.51", "2018-09-30": "2.68", "2018-06-30": "3.39", "2018-03-31": "3.25", "2017-12-31": "3.42", "2017-09-30": "3.21", "2017-06-30": "3.46", "2017-03-31": "3.47", "2016-12-31": "3.58", "2016-09-30": "3.00", "2016-06-30": "3.28", "2016-03-31": "2.80", "2015-12-31": "2.48", "2015-09-30": "2.64", "2015-06-30": "2.51", "2015-03-31": "2.43", "2014-12-31": "1.95", "2014-09-30": "2.42", "2014-06-30": "2.49", "2014-03-31": "2.53", "2013-12-31": "2.00", "2013-09-30": "2.00", "2013-06-30": "2.06", "2013-03-31": "2.14", "2012-12-31": "1.96", "2012-09-30": "1.78", "2012-06-30": "1.76", "2012-03-31": "1.99", "2011-12-31": "1.81", "2011-09-30": "1.63", "2011-06-30": "2.04", "2011-03-31": "2.21", "2010-12-31": "2.25", "2010-09-30": "1.92", "2010-06-30": "2.12", "2010-03-31": "2.11", "2009-12-31": "2.16", "2009-09-30": "1.91", "2009-06-30": "1.50", "2009-03-31": "1.38", "2008-12-31": "1.62", "2008-09-30": "1.83", "2008-06-30": "1.68", "2008-03-31": "1.74", "2007-12-31": "2.20", "2007-09-30": "2.26", "2007-06-30": "2.82", "2007-03-31": "2.41", "2006-12-31": "1.84"}, "price book": {"current": "3.31", "2021-02-11": "3.45", "2020-09-30": "2.54", "2020-06-30": "2.33", "2020-03-31": "2.21", "2019-12-31": "3.23", "2019-09-30": "3.19", "2019-06-30": "2.78", "2019-03-31": "2.49", "2018-12-31": "2.13", "2018-09-30": "2.26", "2018-06-30": "2.83", "2018-03-31": "2.72", "2017-12-31": "2.89", "2017-09-30": "2.90", "2017-06-30": "3.22", "2017-03-31": "3.25", "2016-12-31": "3.26", "2016-09-30": "2.63", "2016-06-30": "2.91", "2016-03-31": "2.46", "2015-12-31": "2.07", "2015-09-30": "2.25", "2015-06-30": "1.45", "2015-03-31": "2.06", "2014-12-31": "1.61", "2014-09-30": "1.87", "2014-06-30": "3.68", "2014-03-31": "3.61", "2013-12-31": "2.74", "2013-09-30": "2.82", "2013-06-30": "2.93", "2013-03-31": "3.08", "2012-12-31": "2.75", "2012-09-30": "2.37", "2012-06-30": "2.32", "2012-03-31": "2.53", "2011-12-31": "2.14", "2011-09-30": "1.74", "2011-06-30": "2.24", "2011-03-31": "2.53", "2010-12-31": "2.53", "2010-09-30": "2.11", "2010-06-30": "2.38", "2010-03-31": "2.40", "2009-12-31": "2.50", "2009-09-30": "2.62", "2009-06-30": "2.32", "2009-03-31": "2.35", "2008-12-31": "3.20", "2008-09-30": "3.50", "2008-06-30": "3.40", "2008-03-31": "3.69", "2007-12-31": "4.85", "2007-09-30": "4.72", "2007-06-30": "6.23", "2007-03-31": "4.81", "2006-12-31": "3.08", "2006-09-30": "2.50", "2006-06-30": "2.79", "2006-03-31": "3.39"}, "price fcf": {"2021-02-11": "", "2020-09-30": "$10.22", "2020-06-30": "$10.29", "2020-03-31": "$9.37", "2019-12-31": "$9.13", "2019-09-30": "$8.23", "2019-06-30": "$6.44", "2019-03-31": "$4.88", "2018-12-31": "$5.22", "2018-09-30": "$5.02", "2018-06-30": "$4.49", "2018-03-31": "$4.50", "2017-12-31": "$3.91", "2017-09-30": "$4.32", "2017-06-30": "$4.94", "2017-03-31": "$4.68", "2016-12-31": "$4.72", "2016-09-30": "$4.46", "2016-06-30": "$3.92", "2016-03-31": "$3.82", "2015-12-31": "$3.91", "2015-09-30": "$3.28", "2015-06-30": "$2.91", "2015-03-31": "$2.96", "2014-12-31": "$2.62", "2014-09-30": "$2.89", "2014-06-30": "$3.05", "2014-03-31": "$2.74", "2013-12-31": "$3.32", "2013-09-30": "$2.57", "2013-06-30": "$2.37", "2013-03-31": "$2.40", "2012-12-31": "$1.56", "2012-09-30": "$0.73", "2012-06-30": "$1.47", "2012-03-31": "$1.56", "2011-12-31": "$2.27", "2011-09-30": "$2.79", "2011-06-30": "$2.50", "2011-03-31": "$2.68", "2010-12-31": "$2.93", "2010-09-30": "$3.09", "2010-06-30": "$3.51", "2010-03-31": "$3.52", "2009-12-31": "$4.05", "2009-09-30": "$3.88", "2009-06-30": "$3.83", "2009-03-31": "$2.89", "2008-12-31": "$2.10", "2008-09-30": "$2.51", "2008-06-30": "$1.71", "2008-03-31": "$2.89", "2007-12-31": "$3.08", "2007-09-30": "$3.41", "2007-06-30": "$3.08", "2007-03-31": "$2.43", "2006-12-31": "$1.56"}, "net worth": {"value": "$19.05B"}, "current ratio": {"current": "3.27", "2020-09-30": "3.27", "2020-06-30": "2.67", "2020-03-31": "1.70", "2019-12-31": "1.70", "2019-09-30": "2.29", "2019-06-30": "1.87", "2019-03-31": "1.81", "2018-12-31": "1.74", "2018-09-30": "1.88", "2018-06-30": "2.06", "2018-03-31": "4.00", "2017-12-31": "3.79", "2017-09-30": "2.73", "2017-06-30": "2.33", "2017-03-31": "1.78", "2016-12-31": "1.99", "2016-09-30": "1.97", "2016-06-30": "1.87", "2016-03-31": "2.03", "2015-12-31": "2.95", "2015-09-30": "2.64", "2015-06-30": "4.21", "2015-03-31": "3.05", "2014-12-31": "2.63", "2014-09-30": "2.78", "2014-06-30": "3.58", "2014-03-31": "3.91", "2013-12-31": "3.59", "2013-09-30": "3.74", "2013-06-30": "4.19", "2013-03-31": "4.24", "2012-12-31": "4.04", "2012-09-30": "3.62", "2012-06-30": "3.82", "2012-03-31": "3.79", "2011-12-31": "3.79", "2011-09-30": "3.88", "2011-06-30": "2.84", "2011-03-31": "5.29", "2010-12-31": "1.81", "2010-09-30": "1.72", "2010-06-30": "1.71", "2010-03-31": "2.16", "2009-12-31": "2.29", "2009-09-30": "2.14", "2009-06-30": "2.06", "2009-03-31": "2.57", "2008-12-31": "1.91", "2008-09-30": "1.59", "2008-06-30": "1.40", "2008-03-31": "1.14", "2007-12-31": "1.24", "2007-09-30": "2.18", "2007-06-30": "1.96", "2007-03-31": "0.99", "2006-12-31": "1.88", "2006-09-30": "1.69", "2006-06-30": "2.43", "2006-03-31": "2.71", "2005-12-31": "3.01", "2005-09-30": "2.83", "2005-06-30": "2.72", "2005-03-31": "2.95"}, "quick ratio": {"2020-09-30": "1.85", "2020-06-30": "1.47", "2020-03-31": "1.05", "2019-12-31": "0.88", "2019-09-30": "1.35", "2019-06-30": "1.08", "2019-03-31": "0.96", "2018-12-31": "0.89", "2018-09-30": "1.04", "2018-06-30": "1.14", "2018-03-31": "3.07", "2017-12-31": "2.93", "2017-09-30": "1.50", "2017-06-30": "1.30", "2017-03-31": "0.93", "2016-12-31": "1.03", "2016-09-30": "1.13", "2016-06-30": "1.03", "2016-03-31": "1.04", "2015-12-31": "1.67", "2015-09-30": "1.83", "2015-06-30": "2.89", "2015-03-31": "1.58", "2014-12-31": "1.41", "2014-09-30": "1.69", "2014-06-30": "2.16", "2014-03-31": "2.08", "2013-12-31": "1.94", "2013-09-30": "2.19", "2013-06-30": "2.38", "2013-03-31": "2.18", "2012-12-31": "2.12", "2012-09-30": "2.07", "2012-06-30": "2.15", "2012-03-31": "1.99", "2011-12-31": "1.93", "2011-09-30": "2.17", "2011-06-30": "1.56", "2011-03-31": "3.20", "2010-12-31": "0.95", "2010-09-30": "0.96", "2010-06-30": "0.94", "2010-03-31": "1.35", "2009-12-31": "1.40", "2009-09-30": "1.31", "2009-06-30": "1.20", "2009-03-31": "1.63", "2008-12-31": "1.00", "2008-09-30": "0.87", "2008-06-30": "0.80", "2008-03-31": "0.60", "2007-12-31": "0.67", "2007-09-30": "1.28", "2007-06-30": "1.11", "2007-03-31": "0.54", "2006-12-31": "1.07", "2006-09-30": "1.01", "2006-06-30": "1.45", "2006-03-31": "1.59", "2005-12-31": "1.90", "2005-09-30": "1.94", "2005-06-30": "1.78", "2005-03-31": "1.82"}, "debt equity ratio": {"current": "0.46", "2020-09-30": "0.81", "2020-06-30": "0.86", "2020-03-31": "0.98", "2019-12-31": "0.89", "2019-09-30": "0.93", "2019-06-30": "0.99", "2019-03-31": "1.02", "2018-12-31": "0.93", "2018-09-30": "0.94", "2018-06-30": "0.98", "2018-03-31": "0.91", "2017-12-31": "0.92", "2017-09-30": "0.75", "2017-06-30": "0.79", "2017-03-31": "0.81", "2016-12-31": "0.76", "2016-09-30": "0.77", "2016-06-30": "0.80", "2016-03-31": "0.79", "2015-12-31": "0.71", "2015-09-30": "0.72", "2015-06-30": "0.68", "2015-03-31": "0.65", "2014-12-31": "0.66", "2014-09-30": "0.68", "2014-06-30": "1.14", "2014-03-31": "1.11", "2013-12-31": "1.07", "2013-09-30": "1.23", "2013-06-30": "1.24", "2013-03-31": "1.24", "2012-12-31": "1.18", "2012-09-30": "1.21", "2012-06-30": "1.28", "2012-03-31": "1.28", "2011-12-31": "1.17", "2011-09-30": "1.13", "2011-06-30": "1.17", "2011-03-31": "1.24", "2010-12-31": "1.09", "2010-09-30": "1.14", "2010-06-30": "1.19", "2010-03-31": "1.36", "2009-12-31": "1.30", "2009-09-30": "1.39", "2009-06-30": "1.46", "2009-03-31": "1.53", "2008-12-31": "1.84", "2008-09-30": "1.74", "2008-06-30": "1.89", "2008-03-31": "1.76", "2007-12-31": "1.84", "2007-09-30": "1.76", "2007-06-30": "1.95", "2007-03-31": "1.56", "2006-12-31": "1.00", "2006-09-30": "1.01", "2006-06-30": "1.05", "2006-03-31": "1.05", "2005-12-31": "1.07", "2005-09-30": "1.06", "2005-06-30": "1.11", "2005-03-31": "1.11"}, "return on equity": {"2020-09-30": "12.23%", "2020-06-30": "11.62%", "2020-03-31": "11.30%", "2019-12-31": "11.81%", "2019-09-30": "11.38%", "2019-06-30": "10.16%", "2019-03-31": "10.18%", "2018-12-31": "9.66%", "2018-09-30": "15.70%", "2018-06-30": "15.61%", "2018-03-31": "15.22%", "2017-12-31": "16.49%", "2017-09-30": "10.39%", "2017-06-30": "10.66%", "2017-03-31": "10.30%", "2016-12-31": "10.45%", "2016-09-30": "10.11%", "2016-06-30": "9.04%", "2016-03-31": "7.92%", "2015-12-31": "6.81%", "2015-09-30": "6.26%", "2015-06-30": "4.74%", "2015-03-31": "5.03%", "2014-12-31": "5.27%", "2014-09-30": "5.65%", "2014-06-30": "9.44%", "2014-03-31": "8.38%", "2013-12-31": "8.17%", "2013-09-30": "7.38%", "2013-06-30": "6.79%", "2013-03-31": "6.54%", "2012-12-31": "5.93%", "2012-09-30": "5.44%", "2012-06-30": "4.45%", "2012-03-31": "4.36%", "2011-12-31": "5.70%", "2011-09-30": "5.68%", "2011-06-30": "5.92%", "2011-03-31": "7.20%", "2010-12-31": "6.79%", "2010-09-30": "5.59%", "2010-06-30": "5.98%", "2010-03-31": "5.01%", "2009-12-31": "6.44%", "2009-09-30": "9.11%", "2009-06-30": "10.39%", "2009-03-31": "13.15%", "2008-12-31": "16.57%", "2008-09-30": "20.16%", "2008-06-30": "23.23%", "2008-03-31": "26.17%", "2007-12-31": "27.41%", "2007-09-30": "25.86%", "2007-06-30": "22.98%", "2007-03-31": "20.86%", "2006-12-31": "19.91%", "2006-09-30": "19.08%", "2006-06-30": "19.32%", "2006-03-31": "18.38%", "2005-12-31": "16.58%"}, "return on assets": {"2020-09-30": "6.49%", "2020-06-30": "6.07%", "2020-03-31": "5.80%", "2019-12-31": "6.03%", "2019-09-30": "5.78%", "2019-06-30": "5.15%", "2019-03-31": "5.18%", "2018-12-31": "4.98%", "2018-09-30": "8.10%", "2018-06-30": "8.25%", "2018-03-31": "8.25%", "2017-12-31": "9.06%", "2017-09-30": "5.84%", "2017-06-30": "5.98%", "2017-03-31": "5.76%", "2016-12-31": "5.87%", "2016-09-30": "5.72%", "2016-06-30": "5.15%", "2016-03-31": "4.59%", "2015-12-31": "4.03%", "2015-09-30": "3.73%", "2015-06-30": "2.84%", "2015-03-31": "2.93%", "2014-12-31": "2.95%", "2014-09-30": "2.98%", "2014-06-30": "4.42%", "2014-03-31": "3.88%", "2013-12-31": "3.73%", "2013-09-30": "3.32%", "2013-06-30": "3.06%", "2013-03-31": "2.94%", "2012-12-31": "2.65%", "2012-09-30": "2.44%", "2012-06-30": "2.01%", "2012-03-31": "1.99%", "2011-12-31": "2.62%", "2011-09-30": "2.64%", "2011-06-30": "2.74%", "2011-03-31": "3.33%", "2010-12-31": "3.10%", "2010-09-30": "2.49%", "2010-06-30": "2.59%", "2010-03-31": "2.10%", "2009-12-31": "2.66%", "2009-09-30": "3.58%", "2009-06-30": "3.95%", "2009-03-31": "4.80%", "2008-12-31": "5.90%", "2008-09-30": "7.18%", "2008-06-30": "8.26%", "2008-03-31": "9.27%", "2007-12-31": "9.89%", "2007-09-30": "10.25%", "2007-06-30": "9.89%", "2007-03-31": "9.78%", "2006-12-31": "9.82%", "2006-09-30": "9.33%", "2006-06-30": "9.39%", "2006-03-31": "8.86%", "2005-12-31": "7.94%"}, "return on investments": {"2020-09-30": "11.80%", "2020-06-30": "11.22%", "2020-03-31": "11.07%", "2019-12-31": "11.26%", "2019-09-30": "10.82%", "2019-06-30": "9.57%", "2019-03-31": "9.31%", "2018-12-31": "9.03%", "2018-09-30": "9.58%", "2018-06-30": "9.99%", "2018-03-31": "9.94%", "2017-12-31": "11.26%", "2017-09-30": "11.69%", "2017-06-30": "12.11%", "2017-03-31": "11.88%", "2016-12-31": "12.09%", "2016-09-30": "12.01%", "2016-06-30": "10.81%", "2016-03-31": "9.68%", "2015-12-31": "8.49%", "2015-09-30": "7.82%", "2015-06-30": "6.70%", "2015-03-31": "6.98%", "2014-12-31": "7.35%", "2014-09-30": "7.50%", "2014-06-30": "9.66%", "2014-03-31": "8.75%", "2013-12-31": "8.58%", "2013-09-30": "7.80%", "2013-06-30": "7.15%", "2013-03-31": "6.70%", "2012-12-31": "6.20%", "2012-09-30": "5.40%", "2012-06-30": "4.95%", "2012-03-31": "5.25%", "2011-12-31": "6.45%", "2011-09-30": "7.27%", "2011-06-30": "7.65%", "2011-03-31": "8.93%", "2010-12-31": "8.72%", "2010-09-30": "7.39%", "2010-06-30": "7.49%", "2010-03-31": "6.64%", "2009-12-31": "7.62%", "2009-09-30": "9.96%", "2009-06-30": "11.21%", "2009-03-31": "12.77%", "2008-12-31": "15.13%", "2008-09-30": "17.80%", "2008-06-30": "19.44%", "2008-03-31": "21.72%", "2007-12-31": "23.34%", "2007-09-30": "23.33%", "2007-06-30": "22.80%", "2007-03-31": "21.95%", "2006-12-31": "20.71%", "2006-09-30": "19.83%", "2006-06-30": "19.23%", "2006-03-31": "18.42%", "2005-12-31": "16.81%"}, "return on tangible equity": {"2020-09-30": "25.91%", "2020-06-30": "25.12%", "2020-03-31": "25.02%", "2019-12-31": "26.68%", "2019-09-30": "26.41%", "2019-06-30": "24.22%", "2019-03-31": "24.78%", "2018-12-31": "23.32%", "2018-09-30": "37.55%", "2018-06-30": "37.88%", "2018-03-31": "37.61%", "2017-12-31": "43.01%", "2017-09-30": "28.59%", "2017-06-30": "29.96%", "2017-03-31": "29.42%", "2016-12-31": "30.25%", "2016-09-30": "29.07%", "2016-06-30": "25.29%", "2016-03-31": "21.24%", "2015-12-31": "17.61%", "2015-09-30": "15.94%", "2015-06-30": "12.06%", "2015-03-31": "12.26%", "2014-12-31": "11.99%", "2014-09-30": "11.57%", "2014-06-30": "16.56%", "2014-03-31": "14.95%", "2013-12-31": "14.83%", "2013-09-30": "13.64%", "2013-06-30": "12.62%", "2013-03-31": "12.22%", "2012-12-31": "11.11%", "2012-09-30": "10.21%", "2012-06-30": "8.31%", "2012-03-31": "8.06%", "2011-12-31": "10.41%", "2011-09-30": "10.26%", "2011-06-30": "10.67%", "2011-03-31": "12.98%", "2010-12-31": "12.34%", "2010-09-30": "10.23%", "2010-06-30": "11.11%", "2010-03-31": "9.46%", "2009-12-31": "12.33%", "2009-09-30": "18.60%", "2009-06-30": "22.25%", "2009-03-31": "29.76%", "2008-12-31": "39.91%", "2008-09-30": "49.09%", "2008-06-30": "57.78%", "2008-03-31": "67.29%", "2007-12-31": "70.18%", "2007-09-30": "59.26%", "2007-06-30": "48.73%", "2007-03-31": "41.20%", "2006-12-31": "37.96%", "2006-09-30": "37.02%", "2006-06-30": "38.02%", "2006-03-31": "36.81%", "2005-12-31": "33.74%"}, "dividend yield history": {"last payout": "$2.28", "last yield": "0.75%"}}