{"ticker": "MMC", "price": {"title": "Marsh & McLennan Historical Annual Stock Price Data", "value": 112.8, "historical": {"2021": {"Average Stock Price": "112.1668", "Year Open": "113.5100", "Year High": "113.8700", "Year Low": "107.6000", "Year Close": "112.8000", "Annual % Change": "-3.59%"}, "2020": {"Average Stock Price": "109.0337", "Year Open": "112.0500", "Year High": "119.4500", "Year Low": "76.6900", "Year Close": "117.0000", "Annual % Change": "5.02%"}, "2019": {"Average Stock Price": "97.2472", "Year Open": "79.0400", "Year High": "112.3200", "Year Low": "78.0100", "Year Close": "111.4100", "Annual % Change": "39.70%"}, "2018": {"Average Stock Price": "83.1365", "Year Open": "80.4000", "Year High": "89.1000", "Year Low": "75.5200", "Year Close": "79.7500", "Annual % Change": "-2.01%"}, "2017": {"Average Stock Price": "77.3628", "Year Open": "67.8700", "Year High": "85.9700", "Year Low": "67.4100", "Year Close": "81.3900", "Annual % Change": "20.42%"}, "2016": {"Average Stock Price": "63.6313", "Year Open": "54.3200", "Year High": "69.7700", "Year Low": "51.2900", "Year Close": "67.5900", "Annual % Change": "21.89%"}, "2015": {"Average Stock Price": "56.2654", "Year Open": "56.9700", "Year High": "59.8400", "Year Low": "51.5400", "Year Close": "55.4500", "Annual % Change": "-3.13%"}, "2014": {"Average Stock Price": "51.1853", "Year Open": "47.7200", "Year High": "58.5600", "Year Low": "44.4000", "Year Close": "57.2400", "Annual % Change": "18.36%"}, "2013": {"Average Stock Price": "41.0078", "Year Open": "35.5200", "Year High": "48.3600", "Year Low": "34.7900", "Year Close": "48.3600", "Annual % Change": "40.30%"}, "2012": {"Average Stock Price": "33.1008", "Year Open": "31.8200", "Year High": "35.7800", "Year Low": "30.7200", "Year Close": "34.4700", "Annual % Change": "9.01%"}, "2011": {"Average Stock Price": "29.3962", "Year Open": "27.4600", "Year High": "32.0000", "Year Low": "25.7100", "Year Close": "31.6200", "Annual % Change": "15.65%"}, "2010": {"Average Stock Price": "23.8171", "Year Open": "21.8700", "Year High": "27.4800", "Year Low": "20.5700", "Year Close": "27.3400", "Annual % Change": "23.82%"}, "2009": {"Average Stock Price": "21.4551", "Year Open": "24.9400", "Year High": "25.3900", "Year Low": "17.7400", "Year Close": "22.0800", "Annual % Change": "-9.02%"}, "2008": {"Average Stock Price": "27.2302", "Year Open": "26.9800", "Year High": "33.5800", "Year Low": "21.2900", "Year Close": "24.2700", "Annual % Change": "-8.31%"}, "2007": {"Average Stock Price": "28.5345", "Year Open": "31.2600", "Year High": "33.1900", "Year Low": "24.2000", "Year Close": "26.4700", "Annual % Change": "-13.67%"}, "2006": {"Average Stock Price": "29.0213", "Year Open": "31.8800", "Year High": "32.7300", "Year Low": "24.7700", "Year Close": "30.6600", "Annual % Change": "-3.46%"}, "2005": {"Average Stock Price": "29.7655", "Year Open": "32.9000", "Year High": "33.0900", "Year Low": "26.9300", "Year Close": "31.7600", "Annual % Change": "-3.47%"}, "2004": {"Average Stock Price": "41.9970", "Year Open": "48.0100", "Year High": "49.3000", "Year Low": "24.1000", "Year Close": "32.9000", "Annual % Change": "-31.30%"}, "2003": {"Average Stock Price": "47.0353", "Year Open": "47.5900", "Year High": "54.7400", "Year Low": "38.5200", "Year Close": "47.8900", "Annual % Change": "3.64%"}, "2002": {"Average Stock Price": "48.8264", "Year Open": "53.3500", "Year High": "56.8500", "Year Low": "35.5300", "Year Close": "46.2100", "Annual % Change": "-14.03%"}, "2001": {"Average Stock Price": "50.5466", "Year Open": "56.7000", "Year High": "58.5500", "Year Low": "40.2500", "Year Close": "53.7500", "Annual % Change": "-8.12%"}, "2000": {"Average Stock Price": "54.3815", "Year Open": "47.2800", "Year High": "67.4500", "Year Low": "36.5000", "Year Close": "58.5000", "Annual % Change": "22.27%"}, "1999": {"Average Stock Price": "37.0351", "Year Open": "30.1550", "Year High": "48.1550", "Year Low": "28.7200", "Year Close": "47.8450", "Annual % Change": "63.74%"}, "1998": {"Average Stock Price": "28.2225", "Year Open": "24.8533", "Year High": "32.0000", "Year Low": "22.2500", "Year Close": "29.2200", "Annual % Change": "17.57%"}, "1997": {"Average Stock Price": "22.4301", "Year Open": "17.2333", "Year High": "26.5833", "Year Low": "17.2333", "Year Close": "24.8533", "Annual % Change": "43.38%"}, "1996": {"Average Stock Price": "16.0692", "Year Open": "14.7083", "Year High": "19.0417", "Year Low": "14.0417", "Year Close": "17.3333", "Annual % Change": "17.18%"}, "1995": {"Average Stock Price": "13.6620", "Year Open": "13.1883", "Year High": "14.9383", "Year Low": "12.7717", "Year Close": "14.7917", "Annual % Change": "11.99%"}, "1994": {"Average Stock Price": "13.6496", "Year Open": "13.5417", "Year High": "14.7083", "Year Low": "11.9583", "Year Close": "13.2083", "Annual % Change": "-2.46%"}, "1993": {"Average Stock Price": "14.6713", "Year Open": "15.1667", "Year High": "16.0833", "Year Low": "13.0417", "Year Close": "13.5417", "Annual % Change": "-11.09%"}, "1992": {"Average Stock Price": "13.5623", "Year Open": "13.2083", "Year High": "15.6250", "Year Low": "11.9583", "Year Close": "15.2300", "Annual % Change": "12.29%"}, "1991": {"Average Stock Price": "12.8442", "Year Open": "12.7300", "Year High": "14.3133", "Year Low": "11.7083", "Year Close": "13.5633", "Annual % Change": "4.33%"}, "1990": {"Average Stock Price": "12.1153", "Year Open": "13.0000", "Year High": "13.3333", "Year Low": "10.1467", "Year Close": "13.0000", "Annual % Change": "0.00%"}, "1989": {"Average Stock Price": "11.2635", "Year Open": "9.2500", "Year High": "14.6667", "Year Low": "9.2500", "Year Close": "13.0000", "Annual % Change": "38.67%"}, "1988": {"Average Stock Price": "8.9498", "Year Open": "8.4167", "Year High": "9.8750", "Year Low": "7.5833", "Year Close": "9.3750", "Annual % Change": "13.64%"}}}, "market cap": {"value": "$57.74B"}, "income statement": {"Revenue": {"2020-12-31": "17224.00000", "2019-12-31": "16652.00000", "2018-12-31": "14950.00000", "2017-12-31": "14024.00000", "2016-12-31": "13211.00000", "2015-12-31": "12893.00000", "2014-12-31": "12951.00000", "2013-12-31": "12261.00000", "2012-12-31": "11924.00000", "2011-12-31": "11526.00000", "2010-12-31": "10550.00000", "2009-12-31": "9831.00000", "2008-12-31": "10730.00000", "2007-12-31": "11135.00000", "2006-12-31": "10340.00000", "2005-12-31": "10082.00000"}, "Cost Of Goods Sold": {"2020-12-31": "", "2019-12-31": "", "2018-12-31": "", "2017-12-31": "", "2016-12-31": "", "2015-12-31": "", "2014-12-31": "", "2013-12-31": "", "2012-12-31": "", "2011-12-31": "", "2010-12-31": "", "2009-12-31": "", "2008-12-31": "", "2007-12-31": "", "2006-12-31": "", "2005-12-31": ""}, "Gross Profit": {"2020-12-31": "17224.00000", "2019-12-31": "16652.00000", "2018-12-31": "14950.00000", "2017-12-31": "14024.00000", "2016-12-31": "13211.00000", "2015-12-31": "12893.00000", "2014-12-31": "12951.00000", "2013-12-31": "12261.00000", "2012-12-31": "11924.00000", "2011-12-31": "11526.00000", "2010-12-31": "10550.00000", "2009-12-31": "9831.00000", "2008-12-31": "10730.00000", "2007-12-31": "11135.00000", "2006-12-31": "10340.00000", "2005-12-31": "10082.00000"}, "Research And Development Expenses": {"2020-12-31": "", "2019-12-31": "", "2018-12-31": "", "2017-12-31": "", "2016-12-31": "", "2015-12-31": "", "2014-12-31": "", "2013-12-31": "", "2012-12-31": "", "2011-12-31": "", "2010-12-31": "", "2009-12-31": "", "2008-12-31": "", "2007-12-31": "", "2006-12-31": "", "2005-12-31": ""}, "SG&A Expenses": {"2020-12-31": "10129.00000", "2019-12-31": "9734.00000", "2018-12-31": "8605.00000", "2017-12-31": "8085.00000", "2016-12-31": "7694.00000", "2015-12-31": "7334.00000", "2014-12-31": "7515.00000", "2013-12-31": "7226.00000", "2012-12-31": "7134.00000", "2011-12-31": "6969.00000", "2010-12-31": "6465.00000", "2009-12-31": "6182.00000", "2008-12-31": "6830.00000", "2007-12-31": "6937.00000", "2006-12-31": "6449.00000", "2005-12-31": "6327.00000"}, "Other Operating Income Or Expenses": {"2020-12-31": "-4029.00000", "2019-12-31": "-4241.00000", "2018-12-31": "-3584.00000", "2017-12-31": "-3284.00000", "2016-12-31": "-3086.00000", "2015-12-31": "-3140.00000", "2014-12-31": "-3135.00000", "2013-12-31": "-2958.00000", "2012-12-31": "-2961.00000", "2011-12-31": "-2919.00000", "2010-12-31": "-3146.00000", "2009-12-31": "-2871.00000", "2008-12-31": "-3221.00000", "2007-12-31": "-3344.00000", "2006-12-31": "-2943.00000", "2005-12-31": "-3165.00000"}, "Operating Expenses": {"2020-12-31": "14158.00000", "2019-12-31": "13975.00000", "2018-12-31": "12189.00000", "2017-12-31": "11369.00000", "2016-12-31": "10780.00000", "2015-12-31": "10474.00000", "2014-12-31": "10650.00000", "2013-12-31": "10184.00000", "2012-12-31": "10095.00000", "2011-12-31": "9888.00000", "2010-12-31": "9611.00000", "2009-12-31": "9053.00000", "2008-12-31": "10051.00000", "2007-12-31": "10281.00000", "2006-12-31": "9392.00000", "2005-12-31": "9492.00000"}, "Operating Income": {"2020-12-31": "3066.00000", "2019-12-31": "2677.00000", "2018-12-31": "2761.00000", "2017-12-31": "2655.00000", "2016-12-31": "2431.00000", "2015-12-31": "2419.00000", "2014-12-31": "2301.00000", "2013-12-31": "2077.00000", "2012-12-31": "1829.00000", "2011-12-31": "1638.00000", "2010-12-31": "939.00000", "2009-12-31": "778.00000", "2008-12-31": "679.00000", "2007-12-31": "854.00000", "2006-12-31": "948.00000", "2005-12-31": "590.00000"}, "Total Non-Operating Income/Expense": {"2020-12-31": "-273.00000", "2019-12-31": "-238.00000", "2018-12-31": "-517.00000", "2017-12-31": "-12.00000", "2016-12-31": "49.00000", "2015-12-31": "-112.00000", "2014-12-31": "-244.00000", "2013-12-31": "-104.00000", "2012-12-31": "-133.00000", "2011-12-31": "-234.00000", "2010-12-31": "-170.00000", "2009-12-31": "-226.00000", "2008-12-31": "-185.00000", "2007-12-31": "1.00000", "2006-12-31": "-36.00000", "2005-12-31": "-288.00000"}, "Pre-Tax Income": {"2020-12-31": "2793.00000", "2019-12-31": "2439.00000", "2018-12-31": "2244.00000", "2017-12-31": "2643.00000", "2016-12-31": "2480.00000", "2015-12-31": "2307.00000", "2014-12-31": "2057.00000", "2013-12-31": "1973.00000", "2012-12-31": "1696.00000", "2011-12-31": "1404.00000", "2010-12-31": "769.00000", "2009-12-31": "552.00000", "2008-12-31": "494.00000", "2007-12-31": "855.00000", "2006-12-31": "912.00000", "2005-12-31": "302.00000"}, "Income Taxes": {"2020-12-31": "747.00000", "2019-12-31": "666.00000", "2018-12-31": "574.00000", "2017-12-31": "1133.00000", "2016-12-31": "685.00000", "2015-12-31": "671.00000", "2014-12-31": "586.00000", "2013-12-31": "594.00000", "2012-12-31": "492.00000", "2011-12-31": "422.00000", "2010-12-31": "204.00000", "2009-12-31": "21.00000", "2008-12-31": "113.00000", "2007-12-31": "298.00000", "2006-12-31": "272.00000", "2005-12-31": "95.00000"}, "Income After Taxes": {"2020-12-31": "2046.00000", "2019-12-31": "1773.00000", "2018-12-31": "1670.00000", "2017-12-31": "1510.00000", "2016-12-31": "1795.00000", "2015-12-31": "1636.00000", "2014-12-31": "1471.00000", "2013-12-31": "1379.00000", "2012-12-31": "1204.00000", "2011-12-31": "982.00000", "2010-12-31": "565.00000", "2009-12-31": "531.00000", "2008-12-31": "381.00000", "2007-12-31": "557.00000", "2006-12-31": "640.00000", "2005-12-31": "207.00000"}, "Other Income": {"2020-12-31": "", "2019-12-31": "", "2018-12-31": "", "2017-12-31": "", "2016-12-31": "", "2015-12-31": "", "2014-12-31": "", "2013-12-31": "", "2012-12-31": "", "2011-12-31": "", "2010-12-31": "", "2009-12-31": "", "2008-12-31": "", "2007-12-31": "", "2006-12-31": "", "2005-12-31": ""}, "Income From Continuous Operations": {"2020-12-31": "2046.00000", "2019-12-31": "1773.00000", "2018-12-31": "1670.00000", "2017-12-31": "1510.00000", "2016-12-31": "1795.00000", "2015-12-31": "1636.00000", "2014-12-31": "1471.00000", "2013-12-31": "1379.00000", "2012-12-31": "1204.00000", "2011-12-31": "982.00000", "2010-12-31": "565.00000", "2009-12-31": "531.00000", "2008-12-31": "381.00000", "2007-12-31": "557.00000", "2006-12-31": "632.00000", "2005-12-31": "201.00000"}, "Income From Discontinued Operations": {"2020-12-31": "", "2019-12-31": "", "2018-12-31": "", "2017-12-31": "2.00000", "2016-12-31": "", "2015-12-31": "", "2014-12-31": "26.00000", "2013-12-31": "6.00000", "2012-12-31": "-3.00000", "2011-12-31": "33.00000", "2010-12-31": "306.00000", "2009-12-31": "-290.00000", "2008-12-31": "-443.00000", "2007-12-31": "1932.00000", "2006-12-31": "358.00000", "2005-12-31": "203.00000"}, "Net Income": {"2020-12-31": "2016.00000", "2019-12-31": "1742.00000", "2018-12-31": "1650.00000", "2017-12-31": "1492.00000", "2016-12-31": "1768.00000", "2015-12-31": "1599.00000", "2014-12-31": "1465.00000", "2013-12-31": "1357.00000", "2012-12-31": "1176.00000", "2011-12-31": "993.00000", "2010-12-31": "844.00000", "2009-12-31": "223.00000", "2008-12-31": "-67.00000", "2007-12-31": "2475.00000", "2006-12-31": "990.00000", "2005-12-31": "404.00000"}, "EBITDA": {"2020-12-31": "3807.00000", "2019-12-31": "3324.00000", "2018-12-31": "3255.00000", "2017-12-31": "3136.00000", "2016-12-31": "2869.00000", "2015-12-31": "2842.00000", "2014-12-31": "2689.00000", "2013-12-31": "2435.00000", "2012-12-31": "2178.00000", "2011-12-31": "1970.00000", "2010-12-31": "1296.00000", "2009-12-31": "1458.00000", "2008-12-31": "1623.00000", "2007-12-31": "1296.00000", "2006-12-31": "1436.00000", "2005-12-31": "1080.00000"}, "EBIT": {"2020-12-31": "3066.00000", "2019-12-31": "2677.00000", "2018-12-31": "2761.00000", "2017-12-31": "2655.00000", "2016-12-31": "2431.00000", "2015-12-31": "2419.00000", "2014-12-31": "2301.00000", "2013-12-31": "2077.00000", "2012-12-31": "1829.00000", "2011-12-31": "1638.00000", "2010-12-31": "939.00000", "2009-12-31": "778.00000", "2008-12-31": "679.00000", "2007-12-31": "854.00000", "2006-12-31": "948.00000", "2005-12-31": "590.00000"}, "Basic Shares Outstanding": {"2020-12-31": "506.00000", "2019-12-31": "506.00000", "2018-12-31": "506.00000", "2017-12-31": "513.00000", "2016-12-31": "519.00000", "2015-12-31": "531.00000", "2014-12-31": "545.00000", "2013-12-31": "549.00000", "2012-12-31": "544.00000", "2011-12-31": "542.00000", "2010-12-31": "540.00000", "2009-12-31": "522.00000", "2008-12-31": "514.00000", "2007-12-31": "539.00000", "2006-12-31": "549.00000", "2005-12-31": "538.00000"}, "Shares Outstanding": {"2020-12-31": "512.00000", "2019-12-31": "511.00000", "2018-12-31": "511.00000", "2017-12-31": "519.00000", "2016-12-31": "524.00000", "2015-12-31": "536.00000", "2014-12-31": "553.00000", "2013-12-31": "558.00000", "2012-12-31": "552.00000", "2011-12-31": "551.00000", "2010-12-31": "544.00000", "2009-12-31": "524.00000", "2008-12-31": "515.00000", "2007-12-31": "542.00000", "2006-12-31": "557.00000", "2005-12-31": "543.00000"}, "Basic EPS": {"2020-12-31": "3.98000", "2019-12-31": "3.44000", "2018-12-31": "3.26000", "2017-12-31": "2.91000", "2016-12-31": "3.41000", "2015-12-31": "3.01000", "2014-12-31": "2.69000", "2013-12-31": "2.47000", "2012-12-31": "2.16000", "2011-12-31": "1.82000", "2010-12-31": "1.56000", "2009-12-31": "0.43000", "2008-12-31": "-0.13000", "2007-12-31": "4.49000", "2006-12-31": "1.80000", "2005-12-31": "0.75000"}, "EPS - Earnings Per Share": {"2020-12-31": "3.94000", "2019-12-31": "3.41000", "2018-12-31": "3.23000", "2017-12-31": "2.87000", "2016-12-31": "3.38000", "2015-12-31": "2.98000", "2014-12-31": "2.65000", "2013-12-31": "2.43000", "2012-12-31": "2.13000", "2011-12-31": "1.79000", "2010-12-31": "1.55000", "2009-12-31": "0.42000", "2008-12-31": "-0.14000", "2007-12-31": "4.45000", "2006-12-31": "1.76000", "2005-12-31": "0.74000"}}, "income statement, quarterly": {"Revenue": {"2020-12-31": "4416.00000", "2020-09-30": "3968.00000", "2020-06-30": "4189.00000", "2020-03-31": "4651.00000", "2019-12-31": "4264.00000", "2019-09-30": "3968.00000", "2019-06-30": "4349.00000", "2019-03-31": "4071.00000", "2018-12-31": "3712.00000", "2018-09-30": "3504.00000", "2018-06-30": "3734.00000", "2018-03-31": "4000.00000", "2017-12-31": "3685.00000", "2017-09-30": "3341.00000", "2017-06-30": "3495.00000", "2017-03-31": "3503.00000", "2016-12-31": "3364.00000", "2016-09-30": "3135.00000", "2016-06-30": "3376.00000", "2016-03-31": "3336.00000", "2015-12-31": "3338.00000", "2015-09-30": "3115.00000", "2015-06-30": "3225.00000", "2015-03-31": "3215.00000", "2014-12-31": "3246.00000", "2014-09-30": "3141.00000", "2014-06-30": "3300.00000", "2014-03-31": "3264.00000", "2013-12-31": "3115.00000", "2013-09-30": "2932.00000", "2013-06-30": "3088.00000", "2013-03-31": "3126.00000", "2012-12-31": "3002.00000", "2012-09-30": "2845.00000", "2012-06-30": "3026.00000", "2012-03-31": "3051.00000", "2011-12-31": "2908.00000", "2011-09-30": "2806.00000", "2011-06-30": "2928.00000", "2011-03-31": "2884.00000", "2010-12-31": "2785.00000", "2010-09-30": "2524.00000", "2010-06-30": "2606.00000", "2010-03-31": "2635.00000", "2009-12-31": "2398.00000", "2009-09-30": "2354.00000", "2009-06-30": "2470.00000", "2009-03-31": "2609.00000", "2008-12-31": "1839.00000", "2008-09-30": "2819.00000", "2008-06-30": "3033.00000", "2008-03-31": "3039.00000", "2007-12-31": "2822.00000", "2007-09-30": "2716.00000", "2007-06-30": "2785.00000", "2007-03-31": "2812.00000", "2006-12-31": "2500.00000", "2006-09-30": "2532.00000", "2006-06-30": "2634.00000", "2006-03-31": "2674.00000", "2005-12-31": "1256.00000", "2005-09-30": "2779.00000", "2005-06-30": "2977.00000", "2005-03-31": "3070.00000"}, "Cost Of Goods Sold": {"2020-12-31": "", "2020-09-30": "", "2020-06-30": "", "2020-03-31": "", "2019-12-31": "", "2019-09-30": "", "2019-06-30": "", "2019-03-31": "", "2018-12-31": "", "2018-09-30": "", "2018-06-30": "", "2018-03-31": "", "2017-12-31": "", "2017-09-30": "", "2017-06-30": "", "2017-03-31": "", "2016-12-31": "", "2016-09-30": "", "2016-06-30": "", "2016-03-31": "", "2015-12-31": "", "2015-09-30": "", "2015-06-30": "", "2015-03-31": "", "2014-12-31": "", "2014-09-30": "", "2014-06-30": "", "2014-03-31": "", "2013-12-31": "", "2013-09-30": "", "2013-06-30": "", "2013-03-31": "", "2012-12-31": "", "2012-09-30": "", "2012-06-30": "", "2012-03-31": "", "2011-12-31": "", "2011-09-30": "", "2011-06-30": "", "2011-03-31": "", "2010-12-31": "", "2010-09-30": "", "2010-06-30": "", "2010-03-31": "", "2009-12-31": "", "2009-09-30": "", "2009-06-30": "", "2009-03-31": "", "2008-12-31": "", "2008-09-30": "", "2008-06-30": "", "2008-03-31": "", "2007-12-31": "", "2007-09-30": "", "2007-06-30": "", "2007-03-31": "", "2006-12-31": "", "2006-09-30": "", "2006-06-30": "", "2006-03-31": "", "2005-12-31": "", "2005-09-30": "", "2005-06-30": "", "2005-03-31": ""}, "Gross Profit": {"2020-12-31": "4416.00000", "2020-09-30": "3968.00000", "2020-06-30": "4189.00000", "2020-03-31": "4651.00000", "2019-12-31": "4264.00000", "2019-09-30": "3968.00000", "2019-06-30": "4349.00000", "2019-03-31": "4071.00000", "2018-12-31": "3712.00000", "2018-09-30": "3504.00000", "2018-06-30": "3734.00000", "2018-03-31": "4000.00000", "2017-12-31": "3685.00000", "2017-09-30": "3341.00000", "2017-06-30": "3495.00000", "2017-03-31": "3503.00000", "2016-12-31": "3364.00000", "2016-09-30": "3135.00000", "2016-06-30": "3376.00000", "2016-03-31": "3336.00000", "2015-12-31": "3338.00000", "2015-09-30": "3115.00000", "2015-06-30": "3225.00000", "2015-03-31": "3215.00000", "2014-12-31": "3246.00000", "2014-09-30": "3141.00000", "2014-06-30": "3300.00000", "2014-03-31": "3264.00000", "2013-12-31": "3115.00000", "2013-09-30": "2932.00000", "2013-06-30": "3088.00000", "2013-03-31": "3126.00000", "2012-12-31": "3002.00000", "2012-09-30": "2845.00000", "2012-06-30": "3026.00000", "2012-03-31": "3051.00000", "2011-12-31": "2908.00000", "2011-09-30": "2806.00000", "2011-06-30": "2928.00000", "2011-03-31": "2884.00000", "2010-12-31": "2785.00000", "2010-09-30": "2524.00000", "2010-06-30": "2606.00000", "2010-03-31": "2635.00000", "2009-12-31": "2398.00000", "2009-09-30": "2354.00000", "2009-06-30": "2470.00000", "2009-03-31": "2609.00000", "2008-12-31": "1839.00000", "2008-09-30": "2819.00000", "2008-06-30": "3033.00000", "2008-03-31": "3039.00000", "2007-12-31": "2822.00000", "2007-09-30": "2716.00000", "2007-06-30": "2785.00000", "2007-03-31": "2812.00000", "2006-12-31": "2500.00000", "2006-09-30": "2532.00000", "2006-06-30": "2634.00000", "2006-03-31": "2674.00000", "2005-12-31": "1256.00000", "2005-09-30": "2779.00000", "2005-06-30": "2977.00000", "2005-03-31": "3070.00000"}, "Research And Development Expenses": {"2020-12-31": "", "2020-09-30": "", "2020-06-30": "", "2020-03-31": "", "2019-12-31": "", "2019-09-30": "", "2019-06-30": "", "2019-03-31": "", "2018-12-31": "", "2018-09-30": "", "2018-06-30": "", "2018-03-31": "", "2017-12-31": "", "2017-09-30": "", "2017-06-30": "", "2017-03-31": "", "2016-12-31": "", "2016-09-30": "", "2016-06-30": "", "2016-03-31": "", "2015-12-31": "", "2015-09-30": "", "2015-06-30": "", "2015-03-31": "", "2014-12-31": "", "2014-09-30": "", "2014-06-30": "", "2014-03-31": "", "2013-12-31": "", "2013-09-30": "", "2013-06-30": "", "2013-03-31": "", "2012-12-31": "", "2012-09-30": "", "2012-06-30": "", "2012-03-31": "", "2011-12-31": "", "2011-09-30": "", "2011-06-30": "", "2011-03-31": "", "2010-12-31": "", "2010-09-30": "", "2010-06-30": "", "2010-03-31": "", "2009-12-31": "", "2009-09-30": "", "2009-06-30": "", "2009-03-31": "", "2008-12-31": "", "2008-09-30": "", "2008-06-30": "", "2008-03-31": "", "2007-12-31": "", "2007-09-30": "", "2007-06-30": "", "2007-03-31": "", "2006-12-31": "", "2006-09-30": "", "2006-06-30": "", "2006-03-31": "", "2005-12-31": "", "2005-09-30": "", "2005-06-30": "", "2005-03-31": ""}, "SG&A Expenses": {"2020-12-31": "2650.00000", "2020-09-30": "2495.00000", "2020-06-30": "2429.00000", "2020-03-31": "2555.00000", "2019-12-31": "2478.00000", "2019-09-30": "2437.00000", "2019-06-30": "2537.00000", "2019-03-31": "2282.00000", "2018-12-31": "2163.00000", "2018-09-30": "2083.00000", "2018-06-30": "2135.00000", "2018-03-31": "2224.00000", "2017-12-31": "2114.00000", "2017-09-30": "1968.00000", "2017-06-30": "1998.00000", "2017-03-31": "2005.00000", "2016-12-31": "2151.00000", "2016-09-30": "1817.00000", "2016-06-30": "1872.00000", "2016-03-31": "1854.00000", "2015-12-31": "1900.00000", "2015-09-30": "1878.00000", "2015-06-30": "1826.00000", "2015-03-31": "1730.00000", "2014-12-31": "1896.00000", "2014-09-30": "1904.00000", "2014-06-30": "1876.00000", "2014-03-31": "1839.00000", "2013-12-31": "1833.00000", "2013-09-30": "1824.00000", "2013-06-30": "1766.00000", "2013-03-31": "1803.00000", "2012-12-31": "1802.00000", "2012-09-30": "1760.00000", "2012-06-30": "1776.00000", "2012-03-31": "1796.00000", "2011-12-31": "1767.00000", "2011-09-30": "1753.00000", "2011-06-30": "1728.00000", "2011-03-31": "1721.00000", "2010-12-31": "1690.00000", "2010-09-30": "1586.00000", "2010-06-30": "1614.00000", "2010-03-31": "1575.00000", "2009-12-31": "1550.00000", "2009-09-30": "1533.00000", "2009-06-30": "1528.00000", "2009-03-31": "1571.00000", "2008-12-31": "1318.00000", "2008-09-30": "1805.00000", "2008-06-30": "1879.00000", "2008-03-31": "1828.00000", "2007-12-31": "1828.00000", "2007-09-30": "1778.00000", "2007-06-30": "1679.00000", "2007-03-31": "1652.00000", "2006-12-31": "1633.00000", "2006-09-30": "1589.00000", "2006-06-30": "1641.00000", "2006-03-31": "1586.00000", "2005-12-31": "979.00000", "2005-09-30": "1731.00000", "2005-06-30": "1760.00000", "2005-03-31": "1857.00000"}, "Other Operating Income Or Expenses": {"2020-12-31": "-1195.00000", "2020-09-30": "-933.00000", "2020-06-30": "-875.00000", "2020-03-31": "-1026.00000", "2019-12-31": "-1194.00000", "2019-09-30": "-1064.00000", "2019-06-30": "-1132.00000", "2019-03-31": "-851.00000", "2018-12-31": "-928.00000", "2018-09-30": "-880.00000", "2018-06-30": "-908.00000", "2018-03-31": "-868.00000", "2017-12-31": "-901.00000", "2017-09-30": "-838.00000", "2017-06-30": "-796.00000", "2017-03-31": "-749.00000", "2016-12-31": "-813.00000", "2016-09-30": "-746.00000", "2016-06-30": "-778.00000", "2016-03-31": "-749.00000", "2015-12-31": "-844.00000", "2015-09-30": "-776.00000", "2015-06-30": "-770.00000", "2015-03-31": "-750.00000", "2014-12-31": "-814.00000", "2014-09-30": "-792.00000", "2014-06-30": "-777.00000", "2014-03-31": "-752.00000", "2013-12-31": "-793.00000", "2013-09-30": "-704.00000", "2013-06-30": "-745.00000", "2013-03-31": "-716.00000", "2012-12-31": "-794.00000", "2012-09-30": "-707.00000", "2012-06-30": "-732.00000", "2012-03-31": "-728.00000", "2011-12-31": "-750.00000", "2011-09-30": "-743.00000", "2011-06-30": "-735.00000", "2011-03-31": "-691.00000", "2010-12-31": "-770.00000", "2010-09-30": "-699.00000", "2010-06-30": "-1042.00000", "2010-03-31": "-635.00000", "2009-12-31": "-883.00000", "2009-09-30": "-626.00000", "2009-06-30": "-648.00000", "2009-03-31": "-714.00000", "2008-12-31": "-538.00000", "2008-09-30": "-950.00000", "2008-06-30": "-859.00000", "2008-03-31": "-874.00000", "2007-12-31": "-882.00000", "2007-09-30": "-822.00000", "2007-06-30": "-867.00000", "2007-03-31": "-773.00000", "2006-12-31": "-763.00000", "2006-09-30": "-699.00000", "2006-06-30": "-730.00000", "2006-03-31": "-751.00000", "2005-12-31": "-428.00000", "2005-09-30": "-861.00000", "2005-06-30": "-924.00000", "2005-03-31": "-952.00000"}, "Operating Expenses": {"2020-12-31": "3845.00000", "2020-09-30": "3428.00000", "2020-06-30": "3304.00000", "2020-03-31": "3581.00000", "2019-12-31": "3672.00000", "2019-09-30": "3501.00000", "2019-06-30": "3669.00000", "2019-03-31": "3133.00000", "2018-12-31": "3091.00000", "2018-09-30": "2963.00000", "2018-06-30": "3043.00000", "2018-03-31": "3092.00000", "2017-12-31": "3015.00000", "2017-09-30": "2806.00000", "2017-06-30": "2794.00000", "2017-03-31": "2754.00000", "2016-12-31": "2964.00000", "2016-09-30": "2563.00000", "2016-06-30": "2650.00000", "2016-03-31": "2603.00000", "2015-12-31": "2744.00000", "2015-09-30": "2654.00000", "2015-06-30": "2596.00000", "2015-03-31": "2480.00000", "2014-12-31": "2710.00000", "2014-09-30": "2696.00000", "2014-06-30": "2653.00000", "2014-03-31": "2591.00000", "2013-12-31": "2626.00000", "2013-09-30": "2528.00000", "2013-06-30": "2511.00000", "2013-03-31": "2519.00000", "2012-12-31": "2596.00000", "2012-09-30": "2467.00000", "2012-06-30": "2508.00000", "2012-03-31": "2524.00000", "2011-12-31": "2517.00000", "2011-09-30": "2496.00000", "2011-06-30": "2463.00000", "2011-03-31": "2412.00000", "2010-12-31": "2460.00000", "2010-09-30": "2285.00000", "2010-06-30": "2656.00000", "2010-03-31": "2210.00000", "2009-12-31": "2433.00000", "2009-09-30": "2159.00000", "2009-06-30": "2176.00000", "2009-03-31": "2285.00000", "2008-12-31": "1316.00000", "2008-09-30": "2755.00000", "2008-06-30": "2853.00000", "2008-03-31": "3127.00000", "2007-12-31": "2710.00000", "2007-09-30": "2600.00000", "2007-06-30": "2546.00000", "2007-03-31": "2425.00000", "2006-12-31": "2396.00000", "2006-09-30": "2288.00000", "2006-06-30": "2371.00000", "2006-03-31": "2337.00000", "2005-12-31": "1407.00000", "2005-09-30": "2592.00000", "2005-06-30": "2684.00000", "2005-03-31": "2809.00000"}, "Operating Income": {"2020-12-31": "571.00000", "2020-09-30": "540.00000", "2020-06-30": "885.00000", "2020-03-31": "1070.00000", "2019-12-31": "592.00000", "2019-09-30": "467.00000", "2019-06-30": "680.00000", "2019-03-31": "938.00000", "2018-12-31": "621.00000", "2018-09-30": "541.00000", "2018-06-30": "691.00000", "2018-03-31": "908.00000", "2017-12-31": "670.00000", "2017-09-30": "535.00000", "2017-06-30": "701.00000", "2017-03-31": "749.00000", "2016-12-31": "400.00000", "2016-09-30": "572.00000", "2016-06-30": "726.00000", "2016-03-31": "733.00000", "2015-12-31": "594.00000", "2015-09-30": "461.00000", "2015-06-30": "629.00000", "2015-03-31": "735.00000", "2014-12-31": "536.00000", "2014-09-30": "445.00000", "2014-06-30": "647.00000", "2014-03-31": "673.00000", "2013-12-31": "489.00000", "2013-09-30": "404.00000", "2013-06-30": "577.00000", "2013-03-31": "607.00000", "2012-12-31": "406.00000", "2012-09-30": "378.00000", "2012-06-30": "518.00000", "2012-03-31": "527.00000", "2011-12-31": "391.00000", "2011-09-30": "310.00000", "2011-06-30": "465.00000", "2011-03-31": "472.00000", "2010-12-31": "325.00000", "2010-09-30": "239.00000", "2010-06-30": "-50.00000", "2010-03-31": "425.00000", "2009-12-31": "-35.00000", "2009-09-30": "195.00000", "2009-06-30": "294.00000", "2009-03-31": "324.00000", "2008-12-31": "523.00000", "2008-09-30": "64.00000", "2008-06-30": "180.00000", "2008-03-31": "-88.00000", "2007-12-31": "112.00000", "2007-09-30": "116.00000", "2007-06-30": "239.00000", "2007-03-31": "387.00000", "2006-12-31": "104.00000", "2006-09-30": "244.00000", "2006-06-30": "263.00000", "2006-03-31": "337.00000", "2005-12-31": "-151.00000", "2005-09-30": "187.00000", "2005-06-30": "293.00000", "2005-03-31": "261.00000"}, "Total Non-Operating Income/Expense": {"2020-12-31": "-31.00000", "2020-09-30": "-81.00000", "2020-06-30": "-98.00000", "2020-03-31": "-63.00000", "2019-12-31": "-61.00000", "2019-09-30": "-53.00000", "2019-06-30": "-130.00000", "2019-03-31": "6.00000", "2018-12-31": "-397.00000", "2018-09-30": "-156.00000", "2018-06-30": "28.00000", "2018-03-31": "8.00000", "2017-12-31": "-28.00000", "2017-09-30": "2.00000", "2017-06-30": "10.00000", "2017-03-31": "4.00000", "2016-12-31": "188.00000", "2016-09-30": "-47.00000", "2016-06-30": "-45.00000", "2016-03-31": "-47.00000", "2015-12-31": "-43.00000", "2015-09-30": "-4.00000", "2015-06-30": "-34.00000", "2015-03-31": "-31.00000", "2014-12-31": "-168.00000", "2014-09-30": "-13.00000", "2014-06-30": "-39.00000", "2014-03-31": "-24.00000", "2013-12-31": "-51.00000", "2013-09-30": "-21.00000", "2013-06-30": "-13.00000", "2013-03-31": "-19.00000", "2012-12-31": "-36.00000", "2012-09-30": "-42.00000", "2012-06-30": "-35.00000", "2012-03-31": "-20.00000", "2011-12-31": "-47.00000", "2011-09-30": "-112.00000", "2011-06-30": "-50.00000", "2011-03-31": "-25.00000", "2010-12-31": "-27.00000", "2010-09-30": "-56.00000", "2010-06-30": "-39.00000", "2010-03-31": "-48.00000", "2009-12-31": "-34.00000", "2009-09-30": "-34.00000", "2009-06-30": "-93.00000", "2009-03-31": "-65.00000", "2008-12-31": "-29.00000", "2008-09-30": "-67.00000", "2008-06-30": "-59.00000", "2008-03-31": "-30.00000", "2007-12-31": "36.00000", "2007-09-30": "43.00000", "2007-06-30": "-26.00000", "2007-03-31": "-52.00000", "2006-12-31": "153.00000", "2006-09-30": "-60.00000", "2006-06-30": "-66.00000", "2006-03-31": "-63.00000", "2005-12-31": "-68.00000", "2005-09-30": "-98.00000", "2005-06-30": "-62.00000", "2005-03-31": "-60.00000"}, "Pre-Tax Income": {"2020-12-31": "540.00000", "2020-09-30": "459.00000", "2020-06-30": "787.00000", "2020-03-31": "1007.00000", "2019-12-31": "531.00000", "2019-09-30": "414.00000", "2019-06-30": "550.00000", "2019-03-31": "944.00000", "2018-12-31": "224.00000", "2018-09-30": "385.00000", "2018-06-30": "719.00000", "2018-03-31": "916.00000", "2017-12-31": "642.00000", "2017-09-30": "537.00000", "2017-06-30": "711.00000", "2017-03-31": "753.00000", "2016-12-31": "588.00000", "2016-09-30": "525.00000", "2016-06-30": "681.00000", "2016-03-31": "686.00000", "2015-12-31": "551.00000", "2015-09-30": "457.00000", "2015-06-30": "595.00000", "2015-03-31": "704.00000", "2014-12-31": "368.00000", "2014-09-30": "432.00000", "2014-06-30": "608.00000", "2014-03-31": "649.00000", "2013-12-31": "438.00000", "2013-09-30": "383.00000", "2013-06-30": "564.00000", "2013-03-31": "588.00000", "2012-12-31": "370.00000", "2012-09-30": "336.00000", "2012-06-30": "483.00000", "2012-03-31": "507.00000", "2011-12-31": "344.00000", "2011-09-30": "198.00000", "2011-06-30": "415.00000", "2011-03-31": "447.00000", "2010-12-31": "298.00000", "2010-09-30": "183.00000", "2010-06-30": "-89.00000", "2010-03-31": "377.00000", "2009-12-31": "-69.00000", "2009-09-30": "161.00000", "2009-06-30": "201.00000", "2009-03-31": "259.00000", "2008-12-31": "494.00000", "2008-09-30": "-3.00000", "2008-06-30": "121.00000", "2008-03-31": "-118.00000", "2007-12-31": "148.00000", "2007-09-30": "159.00000", "2007-06-30": "213.00000", "2007-03-31": "335.00000", "2006-12-31": "257.00000", "2006-09-30": "184.00000", "2006-06-30": "197.00000", "2006-03-31": "274.00000", "2005-12-31": "-219.00000", "2005-09-30": "89.00000", "2005-06-30": "231.00000", "2005-03-31": "201.00000"}, "Income Taxes": {"2020-12-31": "161.00000", "2020-09-30": "139.00000", "2020-06-30": "207.00000", "2020-03-31": "240.00000", "2019-12-31": "135.00000", "2019-09-30": "108.00000", "2019-06-30": "206.00000", "2019-03-31": "217.00000", "2018-12-31": "65.00000", "2018-09-30": "106.00000", "2018-06-30": "183.00000", "2018-03-31": "220.00000", "2017-12-31": "614.00000", "2017-09-30": "140.00000", "2017-06-30": "204.00000", "2017-03-31": "175.00000", "2016-12-31": "147.00000", "2016-09-30": "141.00000", "2016-06-30": "201.00000", "2016-03-31": "196.00000", "2015-12-31": "171.00000", "2015-09-30": "128.00000", "2015-06-30": "166.00000", "2015-03-31": "206.00000", "2014-12-31": "99.00000", "2014-09-30": "127.00000", "2014-06-30": "168.00000", "2014-03-31": "192.00000", "2013-12-31": "131.00000", "2013-09-30": "123.00000", "2013-06-30": "164.00000", "2013-03-31": "176.00000", "2012-12-31": "105.00000", "2012-09-30": "90.00000", "2012-06-30": "144.00000", "2012-03-31": "153.00000", "2011-12-31": "100.00000", "2011-09-30": "65.00000", "2011-06-30": "129.00000", "2011-03-31": "128.00000", "2010-12-31": "106.00000", "2010-09-30": "55.00000", "2010-06-30": "-60.00000", "2010-03-31": "103.00000", "2009-12-31": "-57.00000", "2009-09-30": "-46.00000", "2009-06-30": "44.00000", "2009-03-31": "80.00000", "2008-12-31": "-27.00000", "2008-09-30": "-20.00000", "2008-06-30": "66.00000", "2008-03-31": "94.00000", "2007-12-31": "47.00000", "2007-09-30": "75.00000", "2007-06-30": "70.00000", "2007-03-31": "106.00000", "2006-12-31": "87.00000", "2006-09-30": "48.00000", "2006-06-30": "64.00000", "2006-03-31": "73.00000", "2005-12-31": "-68.00000", "2005-09-30": "24.00000", "2005-06-30": "69.00000", "2005-03-31": "70.00000"}, "Income After Taxes": {"2020-12-31": "379.00000", "2020-09-30": "320.00000", "2020-06-30": "580.00000", "2020-03-31": "767.00000", "2019-12-31": "396.00000", "2019-09-30": "306.00000", "2019-06-30": "344.00000", "2019-03-31": "727.00000", "2018-12-31": "159.00000", "2018-09-30": "279.00000", "2018-06-30": "536.00000", "2018-03-31": "696.00000", "2017-12-31": "28.00000", "2017-09-30": "397.00000", "2017-06-30": "507.00000", "2017-03-31": "578.00000", "2016-12-31": "441.00000", "2016-09-30": "384.00000", "2016-06-30": "480.00000", "2016-03-31": "490.00000", "2015-12-31": "380.00000", "2015-09-30": "329.00000", "2015-06-30": "429.00000", "2015-03-31": "498.00000", "2014-12-31": "269.00000", "2014-09-30": "305.00000", "2014-06-30": "440.00000", "2014-03-31": "457.00000", "2013-12-31": "307.00000", "2013-09-30": "260.00000", "2013-06-30": "400.00000", "2013-03-31": "412.00000", "2012-12-31": "265.00000", "2012-09-30": "246.00000", "2012-06-30": "339.00000", "2012-03-31": "354.00000", "2011-12-31": "244.00000", "2011-09-30": "133.00000", "2011-06-30": "286.00000", "2011-03-31": "319.00000", "2010-12-31": "192.00000", "2010-09-30": "128.00000", "2010-06-30": "-29.00000", "2010-03-31": "274.00000", "2009-12-31": "-12.00000", "2009-09-30": "207.00000", "2009-06-30": "157.00000", "2009-03-31": "179.00000", "2008-12-31": "521.00000", "2008-09-30": "17.00000", "2008-06-30": "55.00000", "2008-03-31": "-212.00000", "2007-12-31": "101.00000", "2007-09-30": "84.00000", "2007-06-30": "143.00000", "2007-03-31": "229.00000", "2006-12-31": "170.00000", "2006-09-30": "136.00000", "2006-06-30": "133.00000", "2006-03-31": "201.00000", "2005-12-31": "-151.00000", "2005-09-30": "65.00000", "2005-06-30": "162.00000", "2005-03-31": "131.00000"}, "Other Income": {"2020-12-31": "", "2020-09-30": "", "2020-06-30": "", "2020-03-31": "", "2019-12-31": "", "2019-09-30": "", "2019-06-30": "", "2019-03-31": "", "2018-12-31": "", "2018-09-30": "", "2018-06-30": "", "2018-03-31": "", "2017-12-31": "", "2017-09-30": "", "2017-06-30": "", "2017-03-31": "", "2016-12-31": "", "2016-09-30": "", "2016-06-30": "", "2016-03-31": "", "2015-12-31": "", "2015-09-30": "", "2015-06-30": "", "2015-03-31": "", "2014-12-31": "", "2014-09-30": "", "2014-06-30": "", "2014-03-31": "", "2013-12-31": "", "2013-09-30": "", "2013-06-30": "", "2013-03-31": "", "2012-12-31": "", "2012-09-30": "", "2012-06-30": "", "2012-03-31": "", "2011-12-31": "", "2011-09-30": "", "2011-06-30": "", "2011-03-31": "", "2010-12-31": "", "2010-09-30": "", "2010-06-30": "", "2010-03-31": "", "2009-12-31": "", "2009-09-30": "", "2009-06-30": "", "2009-03-31": "", "2008-12-31": "", "2008-09-30": "", "2008-06-30": "", "2008-03-31": "", "2007-12-31": "", "2007-09-30": "", "2007-06-30": "", "2007-03-31": "", "2006-12-31": "", "2006-09-30": "", "2006-06-30": "", "2006-03-31": "", "2005-12-31": "", "2005-09-30": "", "2005-06-30": "", "2005-03-31": ""}, "Income From Continuous Operations": {"2020-12-31": "379.00000", "2020-09-30": "320.00000", "2020-06-30": "580.00000", "2020-03-31": "767.00000", "2019-12-31": "396.00000", "2019-09-30": "306.00000", "2019-06-30": "344.00000", "2019-03-31": "727.00000", "2018-12-31": "159.00000", "2018-09-30": "279.00000", "2018-06-30": "536.00000", "2018-03-31": "696.00000", "2017-12-31": "28.00000", "2017-09-30": "397.00000", "2017-06-30": "507.00000", "2017-03-31": "578.00000", "2016-12-31": "441.00000", "2016-09-30": "384.00000", "2016-06-30": "480.00000", "2016-03-31": "490.00000", "2015-12-31": "380.00000", "2015-09-30": "329.00000", "2015-06-30": "429.00000", "2015-03-31": "498.00000", "2014-12-31": "269.00000", "2014-09-30": "305.00000", "2014-06-30": "440.00000", "2014-03-31": "457.00000", "2013-12-31": "307.00000", "2013-09-30": "260.00000", "2013-06-30": "400.00000", "2013-03-31": "412.00000", "2012-12-31": "265.00000", "2012-09-30": "246.00000", "2012-06-30": "339.00000", "2012-03-31": "354.00000", "2011-12-31": "244.00000", "2011-09-30": "133.00000", "2011-06-30": "286.00000", "2011-03-31": "319.00000", "2010-12-31": "192.00000", "2010-09-30": "128.00000", "2010-06-30": "-29.00000", "2010-03-31": "274.00000", "2009-12-31": "-12.00000", "2009-09-30": "207.00000", "2009-06-30": "157.00000", "2009-03-31": "179.00000", "2008-12-31": "521.00000", "2008-09-30": "17.00000", "2008-06-30": "55.00000", "2008-03-31": "-212.00000", "2007-12-31": "109.00000", "2007-09-30": "80.00000", "2007-06-30": "140.00000", "2007-03-31": "228.00000", "2006-12-31": "168.00000", "2006-09-30": "133.00000", "2006-06-30": "131.00000", "2006-03-31": "200.00000", "2005-12-31": "-151.00000", "2005-09-30": "63.00000", "2005-06-30": "160.00000", "2005-03-31": "129.00000"}, "Income From Discontinued Operations": {"2020-12-31": "", "2020-09-30": "", "2020-06-30": "", "2020-03-31": "", "2019-12-31": "", "2019-09-30": "", "2019-06-30": "", "2019-03-31": "", "2018-12-31": "", "2018-09-30": "", "2018-06-30": "", "2018-03-31": "", "2017-12-31": "", "2017-09-30": "", "2017-06-30": "", "2017-03-31": "", "2016-12-31": "", "2016-09-30": "", "2016-06-30": "", "2016-03-31": "", "2015-12-31": "", "2015-09-30": "2.00000", "2015-06-30": "", "2015-03-31": "-3.00000", "2014-12-31": "30.00000", "2014-09-30": "-1.00000", "2014-06-30": "-2.00000", "2014-03-31": "-1.00000", "2013-12-31": "", "2013-09-30": "-1.00000", "2013-06-30": "-5.00000", "2013-03-31": "12.00000", "2012-12-31": "-2.00000", "2012-09-30": "1.00000", "2012-06-30": "-2.00000", "2012-03-31": "0.00000", "2011-12-31": "16.00000", "2011-09-30": "2.00000", "2011-06-30": "3.00000", "2011-03-31": "12.00000", "2010-12-31": "14.00000", "2010-09-30": "43.00000", "2010-06-30": "271.00000", "2010-03-31": "-22.00000", "2009-12-31": "38.00000", "2009-09-30": "18.00000", "2009-06-30": "-347.00000", "2009-03-31": "1.00000", "2008-12-31": "-438.00000", "2008-09-30": "-22.00000", "2008-06-30": "12.00000", "2008-03-31": "5.00000", "2007-12-31": "-10.00000", "2007-09-30": "1865.00000", "2007-06-30": "37.00000", "2007-03-31": "40.00000", "2006-12-31": "58.00000", "2006-09-30": "43.00000", "2006-06-30": "41.00000", "2006-03-31": "216.00000", "2005-12-31": "186.00000", "2005-09-30": "6.00000", "2005-06-30": "6.00000", "2005-03-31": "5.00000"}, "Net Income": {"2020-12-31": "374.00000", "2020-09-30": "316.00000", "2020-06-30": "572.00000", "2020-03-31": "754.00000", "2019-12-31": "391.00000", "2019-09-30": "303.00000", "2019-06-30": "332.00000", "2019-03-31": "716.00000", "2018-12-31": "153.00000", "2018-09-30": "276.00000", "2018-06-30": "531.00000", "2018-03-31": "690.00000", "2017-12-31": "29.00000", "2017-09-30": "393.00000", "2017-06-30": "501.00000", "2017-03-31": "569.00000", "2016-12-31": "436.00000", "2016-09-30": "379.00000", "2016-06-30": "472.00000", "2016-03-31": "481.00000", "2015-12-31": "375.00000", "2015-09-30": "323.00000", "2015-06-30": "419.00000", "2015-03-31": "482.00000", "2014-12-31": "294.00000", "2014-09-30": "297.00000", "2014-06-30": "431.00000", "2014-03-31": "443.00000", "2013-12-31": "303.00000", "2013-09-30": "253.00000", "2013-06-30": "388.00000", "2013-03-31": "413.00000", "2012-12-31": "259.00000", "2012-09-30": "241.00000", "2012-06-30": "329.00000", "2012-03-31": "347.00000", "2011-12-31": "262.00000", "2011-09-30": "129.00000", "2011-06-30": "280.00000", "2011-03-31": "322.00000", "2010-12-31": "195.00000", "2010-09-30": "165.00000", "2010-06-30": "236.00000", "2010-03-31": "248.00000", "2009-12-31": "19.00000", "2009-09-30": "221.00000", "2009-06-30": "-193.00000", "2009-03-31": "176.00000", "2008-12-31": "86.00000", "2008-09-30": "-8.00000", "2008-06-30": "65.00000", "2008-03-31": "-210.00000", "2007-12-31": "85.00000", "2007-09-30": "1945.00000", "2007-06-30": "177.00000", "2007-03-31": "268.00000", "2006-12-31": "226.00000", "2006-09-30": "176.00000", "2006-06-30": "172.00000", "2006-03-31": "416.00000", "2005-12-31": "35.00000", "2005-09-30": "69.00000", "2005-06-30": "166.00000", "2005-03-31": "134.00000"}, "EBITDA": {"2020-12-31": "", "2020-09-30": "725.00000", "2020-06-30": "1064.00000", "2020-03-31": "1253.00000", "2019-12-31": "759.00000", "2019-09-30": "637.00000", "2019-06-30": "865.00000", "2019-03-31": "1063.00000", "2018-12-31": "744.00000", "2018-09-30": "665.00000", "2018-06-30": "813.00000", "2018-03-31": "1033.00000", "2017-12-31": "795.00000", "2017-09-30": "655.00000", "2017-06-30": "817.00000", "2017-03-31": "869.00000", "2016-12-31": "508.00000", "2016-09-30": "681.00000", "2016-06-30": "836.00000", "2016-03-31": "844.00000", "2015-12-31": "705.00000", "2015-09-30": "569.00000", "2015-06-30": "732.00000", "2015-03-31": "836.00000", "2014-12-31": "635.00000", "2014-09-30": "543.00000", "2014-06-30": "741.00000", "2014-03-31": "770.00000", "2013-12-31": "581.00000", "2013-09-30": "493.00000", "2013-06-30": "667.00000", "2013-03-31": "694.00000", "2012-12-31": "501.00000", "2012-09-30": "465.00000", "2012-06-30": "602.00000", "2012-03-31": "610.00000", "2011-12-31": "473.00000", "2011-09-30": "395.00000", "2011-06-30": "547.00000", "2011-03-31": "555.00000", "2010-12-31": "408.00000", "2010-09-30": "323.00000", "2010-06-30": "43.00000", "2010-03-31": "522.00000", "2009-12-31": "53.00000", "2009-09-30": "289.00000", "2009-06-30": "702.00000", "2009-03-31": "414.00000", "2008-12-31": "625.00000", "2008-09-30": "162.00000", "2008-06-30": "398.00000", "2008-03-31": "438.00000", "2007-12-31": "216.00000", "2007-09-30": "218.00000", "2007-06-30": "355.00000", "2007-03-31": "507.00000", "2006-12-31": "249.00000", "2006-09-30": "355.00000", "2006-06-30": "374.00000", "2006-03-31": "458.00000", "2005-12-31": "-41.00000", "2005-09-30": "306.00000", "2005-06-30": "423.00000", "2005-03-31": "392.00000"}, "EBIT": {"2020-12-31": "571.00000", "2020-09-30": "540.00000", "2020-06-30": "885.00000", "2020-03-31": "1070.00000", "2019-12-31": "592.00000", "2019-09-30": "467.00000", "2019-06-30": "680.00000", "2019-03-31": "938.00000", "2018-12-31": "621.00000", "2018-09-30": "541.00000", "2018-06-30": "691.00000", "2018-03-31": "908.00000", "2017-12-31": "670.00000", "2017-09-30": "535.00000", "2017-06-30": "701.00000", "2017-03-31": "749.00000", "2016-12-31": "400.00000", "2016-09-30": "572.00000", "2016-06-30": "726.00000", "2016-03-31": "733.00000", "2015-12-31": "594.00000", "2015-09-30": "461.00000", "2015-06-30": "629.00000", "2015-03-31": "735.00000", "2014-12-31": "536.00000", "2014-09-30": "445.00000", "2014-06-30": "647.00000", "2014-03-31": "673.00000", "2013-12-31": "489.00000", "2013-09-30": "404.00000", "2013-06-30": "577.00000", "2013-03-31": "607.00000", "2012-12-31": "406.00000", "2012-09-30": "378.00000", "2012-06-30": "518.00000", "2012-03-31": "527.00000", "2011-12-31": "391.00000", "2011-09-30": "310.00000", "2011-06-30": "465.00000", "2011-03-31": "472.00000", "2010-12-31": "325.00000", "2010-09-30": "239.00000", "2010-06-30": "-50.00000", "2010-03-31": "425.00000", "2009-12-31": "-35.00000", "2009-09-30": "195.00000", "2009-06-30": "294.00000", "2009-03-31": "324.00000", "2008-12-31": "523.00000", "2008-09-30": "64.00000", "2008-06-30": "180.00000", "2008-03-31": "-88.00000", "2007-12-31": "112.00000", "2007-09-30": "116.00000", "2007-06-30": "239.00000", "2007-03-31": "387.00000", "2006-12-31": "104.00000", "2006-09-30": "244.00000", "2006-06-30": "263.00000", "2006-03-31": "337.00000", "2005-12-31": "-151.00000", "2005-09-30": "187.00000", "2005-06-30": "293.00000", "2005-03-31": "261.00000"}, "Basic Shares Outstanding": {"2020-12-31": "507.00000", "2020-09-30": "507.00000", "2020-06-30": "506.00000", "2020-03-31": "505.00000", "2019-12-31": "506.00000", "2019-09-30": "506.00000", "2019-06-30": "507.00000", "2019-03-31": "505.00000", "2018-12-31": "506.00000", "2018-09-30": "504.00000", "2018-06-30": "507.00000", "2018-03-31": "508.00000", "2017-12-31": "513.00000", "2017-09-30": "512.00000", "2017-06-30": "514.00000", "2017-03-31": "515.00000", "2016-12-31": "519.00000", "2016-09-30": "518.00000", "2016-06-30": "521.00000", "2016-03-31": "521.00000", "2015-12-31": "531.00000", "2015-09-30": "528.00000", "2015-06-30": "535.00000", "2015-03-31": "539.00000", "2014-12-31": "545.00000", "2014-09-30": "544.00000", "2014-06-30": "549.00000", "2014-03-31": "548.00000", "2013-12-31": "549.00000", "2013-09-30": "549.00000", "2013-06-30": "551.00000", "2013-03-31": "548.00000", "2012-12-31": "544.00000", "2012-09-30": "544.00000", "2012-06-30": "545.00000", "2012-03-31": "542.00000", "2011-12-31": "542.00000", "2011-09-30": "540.00000", "2011-06-30": "547.00000", "2011-03-31": "544.00000", "2010-12-31": "540.00000", "2010-09-30": "543.00000", "2010-06-30": "541.00000", "2010-03-31": "533.00000", "2009-12-31": "522.00000", "2009-09-30": "524.00000", "2009-06-30": "522.00000", "2009-03-31": "515.00000", "2008-12-31": "514.00000", "2008-09-30": "513.00000", "2008-06-30": "512.00000", "2008-03-31": "519.00000", "2007-12-31": "539.00000", "2007-09-30": "534.00000", "2007-06-30": "548.00000", "2007-03-31": "553.00000", "2006-12-31": "549.00000", "2006-09-30": "550.00000", "2006-06-30": "549.00000", "2006-03-31": "547.00000", "2005-12-31": "538.00000", "2005-09-30": "539.00000", "2005-06-30": "535.00000", "2005-03-31": "531.00000"}, "Shares Outstanding": {"2020-12-31": "513.00000", "2020-09-30": "512.00000", "2020-06-30": "511.00000", "2020-03-31": "510.00000", "2019-12-31": "511.00000", "2019-09-30": "511.00000", "2019-06-30": "512.00000", "2019-03-31": "511.00000", "2018-12-31": "511.00000", "2018-09-30": "510.00000", "2018-06-30": "512.00000", "2018-03-31": "514.00000", "2017-12-31": "519.00000", "2017-09-30": "519.00000", "2017-06-30": "520.00000", "2017-03-31": "522.00000", "2016-12-31": "524.00000", "2016-09-30": "523.00000", "2016-06-30": "525.00000", "2016-03-31": "526.00000", "2015-12-31": "536.00000", "2015-09-30": "533.00000", "2015-06-30": "541.00000", "2015-03-31": "545.00000", "2014-12-31": "553.00000", "2014-09-30": "551.00000", "2014-06-30": "556.00000", "2014-03-31": "556.00000", "2013-12-31": "558.00000", "2013-09-30": "558.00000", "2013-06-30": "559.00000", "2013-03-31": "557.00000", "2012-12-31": "552.00000", "2012-09-30": "552.00000", "2012-06-30": "553.00000", "2012-03-31": "551.00000", "2011-12-31": "551.00000", "2011-09-30": "549.00000", "2011-06-30": "555.00000", "2011-03-31": "552.00000", "2010-12-31": "544.00000", "2010-09-30": "548.00000", "2010-06-30": "545.00000", "2010-03-31": "536.00000", "2009-12-31": "524.00000", "2009-09-30": "526.00000", "2009-06-30": "523.00000", "2009-03-31": "515.00000", "2008-12-31": "515.00000", "2008-09-30": "516.00000", "2008-06-30": "512.00000", "2008-03-31": "519.00000", "2007-12-31": "542.00000", "2007-09-30": "540.00000", "2007-06-30": "558.00000", "2007-03-31": "562.00000", "2006-12-31": "557.00000", "2006-09-30": "554.00000", "2006-06-30": "555.00000", "2006-03-31": "555.00000", "2005-12-31": "543.00000", "2005-09-30": "544.00000", "2005-06-30": "538.00000", "2005-03-31": "536.00000"}, "Basic EPS": {"2020-12-31": "0.74000", "2020-09-30": "0.62000", "2020-06-30": "1.13000", "2020-03-31": "1.49000", "2019-12-31": "0.76000", "2019-09-30": "0.60000", "2019-06-30": "0.66000", "2019-03-31": "1.42000", "2018-12-31": "0.30000", "2018-09-30": "0.55000", "2018-06-30": "1.05000", "2018-03-31": "1.36000", "2017-12-31": "0.06000", "2017-09-30": "0.77000", "2017-06-30": "0.98000", "2017-03-31": "1.10000", "2016-12-31": "0.85000", "2016-09-30": "0.73000", "2016-06-30": "0.91000", "2016-03-31": "0.92000", "2015-12-31": "0.73000", "2015-09-30": "0.61000", "2015-06-30": "0.78000", "2015-03-31": "0.89000", "2014-12-31": "0.55000", "2014-09-30": "0.55000", "2014-06-30": "0.78000", "2014-03-31": "0.81000", "2013-12-31": "0.55000", "2013-09-30": "0.46000", "2013-06-30": "0.71000", "2013-03-31": "0.75000", "2012-12-31": "0.48000", "2012-09-30": "0.44000", "2012-06-30": "0.60000", "2012-03-31": "0.64000", "2011-12-31": "0.48000", "2011-09-30": "0.24000", "2011-06-30": "0.51000", "2011-03-31": "0.59000", "2010-12-31": "0.37000", "2010-09-30": "0.30000", "2010-06-30": "0.43000", "2010-03-31": "0.46000", "2009-12-31": "0.05000", "2009-09-30": "0.41000", "2009-06-30": "-0.36000", "2009-03-31": "0.33000", "2008-12-31": "0.16000", "2008-09-30": "-0.02000", "2008-06-30": "0.12000", "2008-03-31": "-0.39000", "2007-12-31": "0.04000", "2007-09-30": "3.64000", "2007-06-30": "0.32000", "2007-03-31": "0.49000", "2006-12-31": "0.41000", "2006-09-30": "0.32000", "2006-06-30": "0.31000", "2006-03-31": "0.76000", "2005-12-31": "0.06000", "2005-09-30": "0.13000", "2005-06-30": "0.31000", "2005-03-31": "0.25000"}, "EPS - Earnings Per Share": {"2020-12-31": "0.73000", "2020-09-30": "0.62000", "2020-06-30": "1.12000", "2020-03-31": "1.48000", "2019-12-31": "0.77000", "2019-09-30": "0.59000", "2019-06-30": "0.65000", "2019-03-31": "1.40000", "2018-12-31": "0.31000", "2018-09-30": "0.54000", "2018-06-30": "1.04000", "2018-03-31": "1.34000", "2017-12-31": "0.06000", "2017-09-30": "0.76000", "2017-06-30": "0.96000", "2017-03-31": "1.09000", "2016-12-31": "0.84000", "2016-09-30": "0.73000", "2016-06-30": "0.90000", "2016-03-31": "0.91000", "2015-12-31": "0.72000", "2015-09-30": "0.61000", "2015-06-30": "0.77000", "2015-03-31": "0.88000", "2014-12-31": "0.54000", "2014-09-30": "0.54000", "2014-06-30": "0.77000", "2014-03-31": "0.80000", "2013-12-31": "0.55000", "2013-09-30": "0.45000", "2013-06-30": "0.69000", "2013-03-31": "0.74000", "2012-12-31": "0.47000", "2012-09-30": "0.44000", "2012-06-30": "0.59000", "2012-03-31": "0.63000", "2011-12-31": "0.47000", "2011-09-30": "0.24000", "2011-06-30": "0.50000", "2011-03-31": "0.58000", "2010-12-31": "0.37000", "2010-09-30": "0.30000", "2010-06-30": "0.43000", "2010-03-31": "0.45000", "2009-12-31": "0.05000", "2009-09-30": "0.41000", "2009-06-30": "-0.37000", "2009-03-31": "0.33000", "2008-12-31": "0.16000", "2008-09-30": "-0.02000", "2008-06-30": "0.12000", "2008-03-31": "-0.40000", "2007-12-31": "0.07000", "2007-09-30": "3.60000", "2007-06-30": "0.31000", "2007-03-31": "0.47000", "2006-12-31": "0.39000", "2006-09-30": "0.31000", "2006-06-30": "0.31000", "2006-03-31": "0.75000", "2005-12-31": "0.06000", "2005-09-30": "0.12000", "2005-06-30": "0.31000", "2005-03-31": "0.25000"}}, "balance sheet": {"Cash On Hand": {"2020-12-31": "2089.00000", "2019-12-31": "1155.00000", "2018-12-31": "1066.00000", "2017-12-31": "1205.00000", "2016-12-31": "1026.00000", "2015-12-31": "1374.00000", "2014-12-31": "1958.00000", "2013-12-31": "2303.00000", "2012-12-31": "2301.00000", "2011-12-31": "2113.00000", "2010-12-31": "1894.00000", "2009-12-31": "1707.00000", "2008-12-31": "1685.00000", "2007-12-31": "2133.00000", "2006-12-31": "2015.00000", "2005-12-31": "2020.00000"}, "Receivables": {"2020-12-31": "5287.00000", "2019-12-31": "5236.00000", "2018-12-31": "4317.00000", "2017-12-31": "4133.00000", "2016-12-31": "3643.00000", "2015-12-31": "3471.00000", "2014-12-31": "3377.00000", "2013-12-31": "3310.00000", "2012-12-31": "3058.00000", "2011-12-31": "2906.00000", "2010-12-31": "3035.00000", "2009-12-31": "2724.00000", "2008-12-31": "2755.00000", "2007-12-31": "2874.00000", "2006-12-31": "2718.00000", "2005-12-31": "2730.00000"}, "Inventory": {"2020-12-31": "", "2019-12-31": "", "2018-12-31": "", "2017-12-31": "", "2016-12-31": "", "2015-12-31": "", "2014-12-31": "", "2013-12-31": "", "2012-12-31": "", "2011-12-31": "", "2010-12-31": "", "2009-12-31": "", "2008-12-31": "", "2007-12-31": "", "2006-12-31": "", "2005-12-31": ""}, "Pre-Paid Expenses": {"2020-12-31": "", "2019-12-31": "", "2018-12-31": "", "2017-12-31": "", "2016-12-31": "", "2015-12-31": "", "2014-12-31": "", "2013-12-31": "", "2012-12-31": "", "2011-12-31": "", "2010-12-31": "", "2009-12-31": "", "2008-12-31": "", "2007-12-31": "", "2006-12-31": "", "2005-12-31": ""}, "Other Current Assets": {"2020-12-31": "740.00000", "2019-12-31": "677.00000", "2018-12-31": "551.00000", "2017-12-31": "224.00000", "2016-12-31": "215.00000", "2015-12-31": "199.00000", "2014-12-31": "198.00000", "2013-12-31": "205.00000", "2012-12-31": "194.00000", "2011-12-31": "253.00000", "2010-12-31": "170.00000", "2009-12-31": "279.00000", "2008-12-31": "344.00000", "2007-12-31": "447.00000", "2006-12-31": "322.00000", "2005-12-31": "359.00000"}, "Total Current Assets": {"2020-12-31": "8116.00000", "2019-12-31": "7068.00000", "2018-12-31": "5934.00000", "2017-12-31": "5562.00000", "2016-12-31": "4884.00000", "2015-12-31": "5044.00000", "2014-12-31": "5533.00000", "2013-12-31": "6300.00000", "2012-12-31": "5963.00000", "2011-12-31": "5648.00000", "2010-12-31": "5276.00000", "2009-12-31": "4931.00000", "2008-12-31": "4784.00000", "2007-12-31": "5454.00000", "2006-12-31": "6976.00000", "2005-12-31": "5262.00000"}, "Property, Plant, And Equipment": {"2020-12-31": "856.00000", "2019-12-31": "858.00000", "2018-12-31": "701.00000", "2017-12-31": "712.00000", "2016-12-31": "725.00000", "2015-12-31": "773.00000", "2014-12-31": "809.00000", "2013-12-31": "828.00000", "2012-12-31": "809.00000", "2011-12-31": "804.00000", "2010-12-31": "822.00000", "2009-12-31": "850.00000", "2008-12-31": "969.00000", "2007-12-31": "992.00000", "2006-12-31": "990.00000", "2005-12-31": "1178.00000"}, "Long-Term Investments": {"2020-12-31": "", "2019-12-31": "", "2018-12-31": "", "2017-12-31": "", "2016-12-31": "", "2015-12-31": "", "2014-12-31": "", "2013-12-31": "", "2012-12-31": "", "2011-12-31": "", "2010-12-31": "", "2009-12-31": "", "2008-12-31": "", "2007-12-31": "", "2006-12-31": "", "2005-12-31": "277.00000"}, "Goodwill And Intangible Assets": {"2020-12-31": "18216.00000", "2019-12-31": "17445.00000", "2018-12-31": "11036.00000", "2017-12-31": "10363.00000", "2016-12-31": "9495.00000", "2015-12-31": "8925.00000", "2014-12-31": "7933.00000", "2013-12-31": "7365.00000", "2012-12-31": "7261.00000", "2011-12-31": "6963.00000", "2010-12-31": "6823.00000", "2009-12-31": "6219.00000", "2008-12-31": "7163.00000", "2007-12-31": "7759.00000", "2006-12-31": "7595.00000", "2005-12-31": "7773.00000"}, "Other Long-Term Assets": {"2020-12-31": "1458.00000", "2019-12-31": "1757.00000", "2018-12-31": "1539.00000", "2017-12-31": "1430.00000", "2016-12-31": "1213.00000", "2015-12-31": "1177.00000", "2014-12-31": "1193.00000", "2013-12-31": "882.00000", "2012-12-31": "772.00000", "2011-12-31": "795.00000", "2010-12-31": "919.00000", "2009-12-31": "924.00000", "2008-12-31": "994.00000", "2007-12-31": "1743.00000", "2006-12-31": "1963.00000", "2005-12-31": "1806.00000"}, "Total Long-Term Assets": {"2020-12-31": "23020.00000", "2019-12-31": "22368.00000", "2018-12-31": "15644.00000", "2017-12-31": "14867.00000", "2016-12-31": "13306.00000", "2015-12-31": "13172.00000", "2014-12-31": "12260.00000", "2013-12-31": "10680.00000", "2012-12-31": "10325.00000", "2011-12-31": "9806.00000", "2010-12-31": "10034.00000", "2009-12-31": "10406.00000", "2008-12-31": "10422.00000", "2007-12-31": "11905.00000", "2006-12-31": "11161.00000", "2005-12-31": "12630.00000"}, "Total Assets": {"2020-12-31": "33030.00000", "2019-12-31": "31357.00000", "2018-12-31": "21578.00000", "2017-12-31": "20429.00000", "2016-12-31": "18190.00000", "2015-12-31": "18216.00000", "2014-12-31": "17793.00000", "2013-12-31": "16980.00000", "2012-12-31": "16288.00000", "2011-12-31": "15454.00000", "2010-12-31": "15310.00000", "2009-12-31": "15337.00000", "2008-12-31": "15206.00000", "2007-12-31": "17359.00000", "2006-12-31": "18137.00000", "2005-12-31": "17892.00000"}, "Total Current Liabilities": {"2020-12-31": "6517.00000", "2019-12-31": "6679.00000", "2018-12-31": "4924.00000", "2017-12-31": "4262.00000", "2016-12-31": "4082.00000", "2015-12-31": "3708.00000", "2014-12-31": "3677.00000", "2013-12-31": "3809.00000", "2012-12-31": "3564.00000", "2011-12-31": "3739.00000", "2010-12-31": "3105.00000", "2009-12-31": "3715.00000", "2008-12-31": "3386.00000", "2007-12-31": "3493.00000", "2006-12-31": "5918.00000", "2005-12-31": "4351.00000"}, "Long Term Debt": {"2020-12-31": "10796.00000", "2019-12-31": "10741.00000", "2018-12-31": "5510.00000", "2017-12-31": "5225.00000", "2016-12-31": "4495.00000", "2015-12-31": "4402.00000", "2014-12-31": "3368.00000", "2013-12-31": "2621.00000", "2012-12-31": "2658.00000", "2011-12-31": "2668.00000", "2010-12-31": "3026.00000", "2009-12-31": "3034.00000", "2008-12-31": "3194.00000", "2007-12-31": "3604.00000", "2006-12-31": "3860.00000", "2005-12-31": "5044.00000"}, "Other Non-Current Liabilities": {"2020-12-31": "1871.00000", "2019-12-31": "1732.00000", "2018-12-31": "1649.00000", "2017-12-31": "1612.00000", "2016-12-31": "1265.00000", "2015-12-31": "1446.00000", "2014-12-31": "1371.00000", "2013-12-31": "1425.00000", "2012-12-31": "1366.00000", "2011-12-31": "1452.00000", "2010-12-31": "1553.00000", "2009-12-31": "1543.00000", "2008-12-31": "1649.00000", "2007-12-31": "1731.00000", "2006-12-31": "1455.00000", "2005-12-31": "1957.00000"}, "Total Long Term Liabilities": {"2020-12-31": "17253.00000", "2019-12-31": "16735.00000", "2018-12-31": "9070.00000", "2017-12-31": "8725.00000", "2016-12-31": "7836.00000", "2015-12-31": "7906.00000", "2014-12-31": "6983.00000", "2013-12-31": "5196.00000", "2012-12-31": "6118.00000", "2011-12-31": "5775.00000", "2010-12-31": "5790.00000", "2009-12-31": "5759.00000", "2008-12-31": "6060.00000", "2007-12-31": "6044.00000", "2006-12-31": "6400.00000", "2005-12-31": "8181.00000"}, "Total Liabilities": {"2020-12-31": "23770.00000", "2019-12-31": "23414.00000", "2018-12-31": "13994.00000", "2017-12-31": "12987.00000", "2016-12-31": "11918.00000", "2015-12-31": "11614.00000", "2014-12-31": "10660.00000", "2013-12-31": "9005.00000", "2012-12-31": "9682.00000", "2011-12-31": "9514.00000", "2010-12-31": "8895.00000", "2009-12-31": "9474.00000", "2008-12-31": "9446.00000", "2007-12-31": "9537.00000", "2006-12-31": "12318.00000", "2005-12-31": "12532.00000"}, "Common Stock Net": {"2020-12-31": "", "2019-12-31": "561.00000", "2018-12-31": "561.00000", "2017-12-31": "561.00000", "2016-12-31": "561.00000", "2015-12-31": "561.00000", "2014-12-31": "561.00000", "2013-12-31": "561.00000", "2012-12-31": "561.00000", "2011-12-31": "561.00000", "2010-12-31": "561.00000", "2009-12-31": "561.00000", "2008-12-31": "561.00000", "2007-12-31": "561.00000", "2006-12-31": "561.00000", "2005-12-31": "561.00000"}, "Retained Earnings (Accumulated Deficit)": {"2020-12-31": "", "2019-12-31": "15199.00000", "2018-12-31": "14347.00000", "2017-12-31": "13140.00000", "2016-12-31": "12388.00000", "2015-12-31": "11302.00000", "2014-12-31": "10335.00000", "2013-12-31": "9452.00000", "2012-12-31": "8628.00000", "2011-12-31": "7949.00000", "2010-12-31": "7436.00000", "2009-12-31": "7033.00000", "2008-12-31": "7237.00000", "2007-12-31": "7732.00000", "2006-12-31": "5691.00000", "2005-12-31": "4989.00000"}, "Comprehensive Income": {"2020-12-31": "", "2019-12-31": "-5055.00000", "2018-12-31": "-4647.00000", "2017-12-31": "-4043.00000", "2016-12-31": "-5093.00000", "2015-12-31": "-4220.00000", "2014-12-31": "-3847.00000", "2013-12-31": "-2621.00000", "2012-12-31": "-3307.00000", "2011-12-31": "-3188.00000", "2010-12-31": "-2300.00000", "2009-12-31": "-2171.00000", "2008-12-31": "-2098.00000", "2007-12-31": "-351.00000", "2006-12-31": "-1272.00000", "2005-12-31": "-756.00000"}, "Other Share Holders Equity": {"2020-12-31": "", "2019-12-31": "", "2018-12-31": "", "2017-12-31": "", "2016-12-31": "", "2015-12-31": "", "2014-12-31": "", "2013-12-31": "", "2012-12-31": "", "2011-12-31": "", "2010-12-31": "", "2009-12-31": "", "2008-12-31": "", "2007-12-31": "", "2006-12-31": "", "2005-12-31": ""}, "Share Holder Equity": {"2020-12-31": "9260.00000", "2019-12-31": "7943.00000", "2018-12-31": "7584.00000", "2017-12-31": "7442.00000", "2016-12-31": "6272.00000", "2015-12-31": "6602.00000", "2014-12-31": "7133.00000", "2013-12-31": "7975.00000", "2012-12-31": "6606.00000", "2011-12-31": "5940.00000", "2010-12-31": "6415.00000", "2009-12-31": "5863.00000", "2008-12-31": "5760.00000", "2007-12-31": "7822.00000", "2006-12-31": "5819.00000", "2005-12-31": "5360.00000"}, "Total Liabilities And Share Holders Equity": {"2020-12-31": "33030.00000", "2019-12-31": "31357.00000", "2018-12-31": "21578.00000", "2017-12-31": "20429.00000", "2016-12-31": "18190.00000", "2015-12-31": "18216.00000", "2014-12-31": "17793.00000", "2013-12-31": "16980.00000", "2012-12-31": "16288.00000", "2011-12-31": "15454.00000", "2010-12-31": "15310.00000", "2009-12-31": "15337.00000", "2008-12-31": "15206.00000", "2007-12-31": "17359.00000", "2006-12-31": "18137.00000", "2005-12-31": "17892.00000"}}, "balance sheet, quarterly": {"Cash On Hand": {"2020-12-31": "2089.00000", "2020-09-30": "2388.00000", "2020-06-30": "1711.00000", "2020-03-31": "1480.00000", "2019-12-31": "1155.00000", "2019-09-30": "1213.00000", "2019-06-30": "1294.00000", "2019-03-31": "1117.00000", "2018-12-31": "1066.00000", "2018-09-30": "951.00000", "2018-06-30": "1036.00000", "2018-03-31": "1168.00000", "2017-12-31": "1205.00000", "2017-09-30": "1078.00000", "2017-06-30": "966.00000", "2017-03-31": "930.00000", "2016-12-31": "1026.00000", "2016-09-30": "1388.00000", "2016-06-30": "974.00000", "2016-03-31": "918.00000", "2015-12-31": "1374.00000", "2015-09-30": "1330.00000", "2015-06-30": "930.00000", "2015-03-31": "1104.00000", "2014-12-31": "1958.00000", "2014-09-30": "2649.00000", "2014-06-30": "2005.00000", "2014-03-31": "1380.00000", "2013-12-31": "2303.00000", "2013-09-30": "2174.00000", "2013-06-30": "1230.00000", "2013-03-31": "1263.00000", "2012-12-31": "2301.00000", "2012-09-30": "2044.00000", "2012-06-30": "1504.00000", "2012-03-31": "1410.00000", "2011-12-31": "2113.00000", "2011-09-30": "1714.00000", "2011-06-30": "1659.00000", "2011-03-31": "1330.00000", "2010-12-31": "1894.00000", "2010-09-30": "1695.00000", "2010-06-30": "1475.00000", "2010-03-31": "1167.00000", "2009-12-31": "1707.00000", "2009-09-30": "1813.00000", "2009-06-30": "1291.00000", "2009-03-31": "1414.00000", "2008-12-31": "1685.00000", "2008-09-30": "1461.00000", "2008-06-30": "1165.00000", "2008-03-31": "1285.00000", "2007-12-31": "2133.00000", "2007-09-30": "2819.00000", "2007-06-30": "1117.00000", "2007-03-31": "1203.00000", "2006-12-31": "2015.00000", "2006-09-30": "1682.00000", "2006-06-30": "1375.00000", "2006-03-31": "1575.00000", "2005-12-31": "2020.00000", "2005-09-30": "1237.00000", "2005-06-30": "856.00000", "2005-03-31": "910.00000"}, "Receivables": {"2020-12-31": "5287.00000", "2020-09-30": "5236.00000", "2020-06-30": "5647.00000", "2020-03-31": "5558.00000", "2019-12-31": "5236.00000", "2019-09-30": "5198.00000", "2019-06-30": "5553.00000", "2019-03-31": "4630.00000", "2018-12-31": "4317.00000", "2018-09-30": "4476.00000", "2018-06-30": "4601.00000", "2018-03-31": "4562.00000", "2017-12-31": "4133.00000", "2017-09-30": "3909.00000", "2017-06-30": "3984.00000", "2017-03-31": "3795.00000", "2016-12-31": "3643.00000", "2016-09-30": "3603.00000", "2016-06-30": "3721.00000", "2016-03-31": "3647.00000", "2015-12-31": "3471.00000", "2015-09-30": "3517.00000", "2015-06-30": "3659.00000", "2015-03-31": "3380.00000", "2014-12-31": "3377.00000", "2014-09-30": "3496.00000", "2014-06-30": "3706.00000", "2014-03-31": "3462.00000", "2013-12-31": "3310.00000", "2013-09-30": "3294.00000", "2013-06-30": "3345.00000", "2013-03-31": "3176.00000", "2012-12-31": "3058.00000", "2012-09-30": "3059.00000", "2012-06-30": "3102.00000", "2012-03-31": "3008.00000", "2011-12-31": "2906.00000", "2011-09-30": "2925.00000", "2011-06-30": "3111.00000", "2011-03-31": "3212.00000", "2010-12-31": "3035.00000", "2010-09-30": "3055.00000", "2010-06-30": "3215.00000", "2010-03-31": "2935.00000", "2009-12-31": "2724.00000", "2009-09-30": "2714.00000", "2009-06-30": "2854.00000", "2009-03-31": "2746.00000", "2008-12-31": "2755.00000", "2008-09-30": "2914.00000", "2008-06-30": "3143.00000", "2008-03-31": "3070.00000", "2007-12-31": "2874.00000", "2007-09-30": "3001.00000", "2007-06-30": "3028.00000", "2007-03-31": "2904.00000", "2006-12-31": "2718.00000", "2006-09-30": "2800.00000", "2006-06-30": "2921.00000", "2006-03-31": "2841.00000", "2005-12-31": "2730.00000", "2005-09-30": "2981.00000", "2005-06-30": "2910.00000", "2005-03-31": "3024.00000"}, "Inventory": {"2020-12-31": "", "2020-09-30": "", "2020-06-30": "", "2020-03-31": "", "2019-12-31": "", "2019-09-30": "", "2019-06-30": "", "2019-03-31": "", "2018-12-31": "", "2018-09-30": "", "2018-06-30": "", "2018-03-31": "", "2017-12-31": "", "2017-09-30": "", "2017-06-30": "", "2017-03-31": "", "2016-12-31": "", "2016-09-30": "", "2016-06-30": "", "2016-03-31": "", "2015-12-31": "", "2015-09-30": "", "2015-06-30": "", "2015-03-31": "", "2014-12-31": "", "2014-09-30": "", "2014-06-30": "", "2014-03-31": "", "2013-12-31": "", "2013-09-30": "", "2013-06-30": "", "2013-03-31": "", "2012-12-31": "", "2012-09-30": "", "2012-06-30": "", "2012-03-31": "", "2011-12-31": "", "2011-09-30": "", "2011-06-30": "", "2011-03-31": "", "2010-12-31": "", "2010-09-30": "", "2010-06-30": "", "2010-03-31": "", "2009-12-31": "", "2009-09-30": "", "2009-06-30": "", "2009-03-31": "", "2008-12-31": "", "2008-09-30": "", "2008-06-30": "", "2008-03-31": "", "2007-12-31": "", "2007-09-30": "", "2007-06-30": "", "2007-03-31": "", "2006-12-31": "", "2006-09-30": "", "2006-06-30": "", "2006-03-31": "", "2005-12-31": "", "2005-09-30": "", "2005-06-30": "", "2005-03-31": ""}, "Pre-Paid Expenses": {"2020-12-31": "", "2020-09-30": "", "2020-06-30": "", "2020-03-31": "", "2019-12-31": "", "2019-09-30": "", "2019-06-30": "", "2019-03-31": "", "2018-12-31": "", "2018-09-30": "", "2018-06-30": "", "2018-03-31": "", "2017-12-31": "", "2017-09-30": "", "2017-06-30": "", "2017-03-31": "", "2016-12-31": "", "2016-09-30": "", "2016-06-30": "", "2016-03-31": "", "2015-12-31": "", "2015-09-30": "", "2015-06-30": "", "2015-03-31": "", "2014-12-31": "", "2014-09-30": "", "2014-06-30": "", "2014-03-31": "", "2013-12-31": "", "2013-09-30": "", "2013-06-30": "", "2013-03-31": "", "2012-12-31": "", "2012-09-30": "", "2012-06-30": "", "2012-03-31": "", "2011-12-31": "", "2011-09-30": "", "2011-06-30": "", "2011-03-31": "", "2010-12-31": "", "2010-09-30": "", "2010-06-30": "", "2010-03-31": "", "2009-12-31": "", "2009-09-30": "", "2009-06-30": "", "2009-03-31": "", "2008-12-31": "", "2008-09-30": "", "2008-06-30": "", "2008-03-31": "", "2007-12-31": "", "2007-09-30": "", "2007-06-30": "", "2007-03-31": "", "2006-12-31": "", "2006-09-30": "", "2006-06-30": "", "2006-03-31": "", "2005-12-31": "", "2005-09-30": "", "2005-06-30": "", "2005-03-31": ""}, "Other Current Assets": {"2020-12-31": "740.00000", "2020-09-30": "688.00000", "2020-06-30": "739.00000", "2020-03-31": "711.00000", "2019-12-31": "677.00000", "2019-09-30": "645.00000", "2019-06-30": "679.00000", "2019-03-31": "6928.00000", "2018-12-31": "551.00000", "2018-09-30": "539.00000", "2018-06-30": "538.00000", "2018-03-31": "540.00000", "2017-12-31": "224.00000", "2017-09-30": "228.00000", "2017-06-30": "232.00000", "2017-03-31": "256.00000", "2016-12-31": "215.00000", "2016-09-30": "218.00000", "2016-06-30": "235.00000", "2016-03-31": "233.00000", "2015-12-31": "199.00000", "2015-09-30": "213.00000", "2015-06-30": "235.00000", "2015-03-31": "227.00000", "2014-12-31": "198.00000", "2014-09-30": "229.00000", "2014-06-30": "223.00000", "2014-03-31": "237.00000", "2013-12-31": "205.00000", "2013-09-30": "234.00000", "2013-06-30": "229.00000", "2013-03-31": "222.00000", "2012-12-31": "194.00000", "2012-09-30": "214.00000", "2012-06-30": "208.00000", "2012-03-31": "227.00000", "2011-12-31": "253.00000", "2011-09-30": "391.00000", "2011-06-30": "416.00000", "2011-03-31": "394.00000", "2010-12-31": "170.00000", "2010-09-30": "295.00000", "2010-06-30": "285.00000", "2010-03-31": "490.00000", "2009-12-31": "279.00000", "2009-09-30": "349.00000", "2009-06-30": "345.00000", "2009-03-31": "350.00000", "2008-12-31": "344.00000", "2008-09-30": "430.00000", "2008-06-30": "453.00000", "2008-03-31": "424.00000", "2007-12-31": "447.00000", "2007-09-30": "332.00000", "2007-06-30": "294.00000", "2007-03-31": "318.00000", "2006-12-31": "322.00000", "2006-09-30": "367.00000", "2006-06-30": "353.00000", "2006-03-31": "349.00000", "2005-12-31": "359.00000", "2005-09-30": "263.00000", "2005-06-30": "260.00000", "2005-03-31": "275.00000"}, "Total Current Assets": {"2020-12-31": "8116.00000", "2020-09-30": "8312.00000", "2020-06-30": "8097.00000", "2020-03-31": "7749.00000", "2019-12-31": "7068.00000", "2019-09-30": "7056.00000", "2019-06-30": "7526.00000", "2019-03-31": "12675.00000", "2018-12-31": "5934.00000", "2018-09-30": "5966.00000", "2018-06-30": "6175.00000", "2018-03-31": "6270.00000", "2017-12-31": "5562.00000", "2017-09-30": "5215.00000", "2017-06-30": "5182.00000", "2017-03-31": "4981.00000", "2016-12-31": "4884.00000", "2016-09-30": "5209.00000", "2016-06-30": "4930.00000", "2016-03-31": "4798.00000", "2015-12-31": "5044.00000", "2015-09-30": "5526.00000", "2015-06-30": "5299.00000", "2015-03-31": "5177.00000", "2014-12-31": "5533.00000", "2014-09-30": "6852.00000", "2014-06-30": "6414.00000", "2014-03-31": "5563.00000", "2013-12-31": "6300.00000", "2013-09-30": "6161.00000", "2013-06-30": "5214.00000", "2013-03-31": "5097.00000", "2012-12-31": "5963.00000", "2012-09-30": "5651.00000", "2012-06-30": "5195.00000", "2012-03-31": "5035.00000", "2011-12-31": "5648.00000", "2011-09-30": "5030.00000", "2011-06-30": "5186.00000", "2011-03-31": "4936.00000", "2010-12-31": "5276.00000", "2010-09-30": "5045.00000", "2010-06-30": "5168.00000", "2010-03-31": "4592.00000", "2009-12-31": "4931.00000", "2009-09-30": "4876.00000", "2009-06-30": "4490.00000", "2009-03-31": "4510.00000", "2008-12-31": "4784.00000", "2008-09-30": "4805.00000", "2008-06-30": "4761.00000", "2008-03-31": "4779.00000", "2007-12-31": "5454.00000", "2007-09-30": "6152.00000", "2007-06-30": "6009.00000", "2007-03-31": "6004.00000", "2006-12-31": "6976.00000", "2006-09-30": "4849.00000", "2006-06-30": "4702.00000", "2006-03-31": "4823.00000", "2005-12-31": "5262.00000", "2005-09-30": "4481.00000", "2005-06-30": "4026.00000", "2005-03-31": "4209.00000"}, "Property, Plant, And Equipment": {"2020-12-31": "856.00000", "2020-09-30": "864.00000", "2020-06-30": "866.00000", "2020-03-31": "850.00000", "2019-12-31": "858.00000", "2019-09-30": "816.00000", "2019-06-30": "799.00000", "2019-03-31": "716.00000", "2018-12-31": "701.00000", "2018-09-30": "707.00000", "2018-06-30": "698.00000", "2018-03-31": "713.00000", "2017-12-31": "712.00000", "2017-09-30": "728.00000", "2017-06-30": "721.00000", "2017-03-31": "722.00000", "2016-12-31": "725.00000", "2016-09-30": "717.00000", "2016-06-30": "736.00000", "2016-03-31": "757.00000", "2015-12-31": "773.00000", "2015-09-30": "786.00000", "2015-06-30": "807.00000", "2015-03-31": "794.00000", "2014-12-31": "809.00000", "2014-09-30": "822.00000", "2014-06-30": "843.00000", "2014-03-31": "825.00000", "2013-12-31": "828.00000", "2013-09-30": "824.00000", "2013-06-30": "804.00000", "2013-03-31": "793.00000", "2012-12-31": "809.00000", "2012-09-30": "807.00000", "2012-06-30": "800.00000", "2012-03-31": "795.00000", "2011-12-31": "804.00000", "2011-09-30": "804.00000", "2011-06-30": "823.00000", "2011-03-31": "828.00000", "2010-12-31": "822.00000", "2010-09-30": "816.00000", "2010-06-30": "815.00000", "2010-03-31": "920.00000", "2009-12-31": "850.00000", "2009-09-30": "964.00000", "2009-06-30": "970.00000", "2009-03-31": "945.00000", "2008-12-31": "969.00000", "2008-09-30": "1037.00000", "2008-06-30": "1049.00000", "2008-03-31": "1019.00000", "2007-12-31": "992.00000", "2007-09-30": "983.00000", "2007-06-30": "969.00000", "2007-03-31": "979.00000", "2006-12-31": "990.00000", "2006-09-30": "1098.00000", "2006-06-30": "1122.00000", "2006-03-31": "1151.00000", "2005-12-31": "1178.00000", "2005-09-30": "1235.00000", "2005-06-30": "1268.00000", "2005-03-31": "1319.00000"}, "Long-Term Investments": {"2020-12-31": "", "2020-09-30": "", "2020-06-30": "", "2020-03-31": "", "2019-12-31": "", "2019-09-30": "", "2019-06-30": "", "2019-03-31": "", "2018-12-31": "", "2018-09-30": "", "2018-06-30": "", "2018-03-31": "", "2017-12-31": "", "2017-09-30": "", "2017-06-30": "", "2017-03-31": "", "2016-12-31": "", "2016-09-30": "", "2016-06-30": "", "2016-03-31": "", "2015-12-31": "", "2015-09-30": "", "2015-06-30": "", "2015-03-31": "", "2014-12-31": "", "2014-09-30": "", "2014-06-30": "", "2014-03-31": "", "2013-12-31": "", "2013-09-30": "", "2013-06-30": "", "2013-03-31": "", "2012-12-31": "", "2012-09-30": "", "2012-06-30": "", "2012-03-31": "", "2011-12-31": "", "2011-09-30": "", "2011-06-30": "", "2011-03-31": "", "2010-12-31": "", "2010-09-30": "", "2010-06-30": "", "2010-03-31": "", "2009-12-31": "", "2009-09-30": "", "2009-06-30": "", "2009-03-31": "", "2008-12-31": "", "2008-09-30": "", "2008-06-30": "", "2008-03-31": "", "2007-12-31": "", "2007-09-30": "96.00000", "2007-06-30": "99.00000", "2007-03-31": "144.00000", "2006-12-31": "", "2006-09-30": "511.00000", "2006-06-30": "329.00000", "2006-03-31": "290.00000", "2005-12-31": "277.00000", "2005-09-30": "318.00000", "2005-06-30": "331.00000", "2005-03-31": "375.00000"}, "Goodwill And Intangible Assets": {"2020-12-31": "18216.00000", "2020-09-30": "17745.00000", "2020-06-30": "17558.00000", "2020-03-31": "17075.00000", "2019-12-31": "17445.00000", "2019-09-30": "17155.00000", "2019-06-30": "17562.00000", "2019-03-31": "11203.00000", "2018-12-31": "11036.00000", "2018-09-30": "10764.00000", "2018-06-30": "10411.00000", "2018-03-31": "10450.00000", "2017-12-31": "10363.00000", "2017-09-30": "10420.00000", "2017-06-30": "10054.00000", "2017-03-31": "10060.00000", "2016-12-31": "9495.00000", "2016-09-30": "8882.00000", "2016-06-30": "8900.00000", "2016-03-31": "8985.00000", "2015-12-31": "8925.00000", "2015-09-30": "8342.00000", "2015-06-30": "8155.00000", "2015-03-31": "7832.00000", "2014-12-31": "7933.00000", "2014-09-30": "7814.00000", "2014-06-30": "7871.00000", "2014-03-31": "7799.00000", "2013-12-31": "7365.00000", "2013-09-30": "7353.00000", "2013-06-30": "7281.00000", "2013-03-31": "7199.00000", "2012-12-31": "7261.00000", "2012-09-30": "7113.00000", "2012-06-30": "7086.00000", "2012-03-31": "7129.00000", "2011-12-31": "6963.00000", "2011-09-30": "6933.00000", "2011-06-30": "7000.00000", "2011-03-31": "6993.00000", "2010-12-31": "6823.00000", "2010-09-30": "6647.00000", "2010-06-30": "6499.00000", "2010-03-31": "7250.00000", "2009-12-31": "6219.00000", "2009-09-30": "7047.00000", "2009-06-30": "6983.00000", "2009-03-31": "7129.00000", "2008-12-31": "7163.00000", "2008-09-30": "7335.00000", "2008-06-30": "7376.00000", "2008-03-31": "7458.00000", "2007-12-31": "7759.00000", "2007-09-30": "7756.00000", "2007-06-30": "7606.00000", "2007-03-31": "7593.00000", "2006-12-31": "7595.00000", "2006-09-30": "7845.00000", "2006-06-30": "7816.00000", "2006-03-31": "7790.00000", "2005-12-31": "7773.00000", "2005-09-30": "8015.00000", "2005-06-30": "8069.00000", "2005-03-31": "8112.00000"}, "Other Long-Term Assets": {"2020-12-31": "1458.00000", "2020-09-30": "1428.00000", "2020-06-30": "1476.00000", "2020-03-31": "1519.00000", "2019-12-31": "1757.00000", "2019-09-30": "1653.00000", "2019-06-30": "1764.00000", "2019-03-31": "1423.00000", "2018-12-31": "1539.00000", "2018-09-30": "1381.00000", "2018-06-30": "1535.00000", "2018-03-31": "1535.00000", "2017-12-31": "1430.00000", "2017-09-30": "1225.00000", "2017-06-30": "1529.00000", "2017-03-31": "1325.00000", "2016-12-31": "1213.00000", "2016-09-30": "1212.00000", "2016-06-30": "1220.00000", "2016-03-31": "1290.00000", "2015-12-31": "1177.00000", "2015-09-30": "1221.00000", "2015-06-30": "1219.00000", "2015-03-31": "1209.00000", "2014-12-31": "1193.00000", "2014-09-30": "976.00000", "2014-06-30": "934.00000", "2014-03-31": "937.00000", "2013-12-31": "882.00000", "2013-09-30": "838.00000", "2013-06-30": "742.00000", "2013-03-31": "739.00000", "2012-12-31": "772.00000", "2012-09-30": "748.00000", "2012-06-30": "828.00000", "2012-03-31": "841.00000", "2011-12-31": "795.00000", "2011-09-30": "793.00000", "2011-06-30": "914.00000", "2011-03-31": "881.00000", "2010-12-31": "919.00000", "2010-09-30": "903.00000", "2010-06-30": "819.00000", "2010-03-31": "964.00000", "2009-12-31": "924.00000", "2009-09-30": "869.00000", "2009-06-30": "899.00000", "2009-03-31": "2057.00000", "2008-12-31": "994.00000", "2008-09-30": "1531.00000", "2008-06-30": "1667.00000", "2008-03-31": "1712.00000", "2007-12-31": "1743.00000", "2007-09-30": "1843.00000", "2007-06-30": "1831.00000", "2007-03-31": "1861.00000", "2006-12-31": "1963.00000", "2006-09-30": "1830.00000", "2006-06-30": "1829.00000", "2006-03-31": "1871.00000", "2005-12-31": "1806.00000", "2005-09-30": "1894.00000", "2005-06-30": "2080.00000", "2005-03-31": "2161.00000"}, "Total Long-Term Assets": {"2020-12-31": "23020.00000", "2020-09-30": "22485.00000", "2020-06-30": "22190.00000", "2020-03-31": "21757.00000", "2019-12-31": "22368.00000", "2019-09-30": "22084.00000", "2019-06-30": "22574.00000", "2019-03-31": "15837.00000", "2018-12-31": "15644.00000", "2018-09-30": "15163.00000", "2018-06-30": "14984.00000", "2018-03-31": "15109.00000", "2017-12-31": "14867.00000", "2017-09-30": "14475.00000", "2017-06-30": "14260.00000", "2017-03-31": "13988.00000", "2016-12-31": "13306.00000", "2016-09-30": "13149.00000", "2016-06-30": "13146.00000", "2016-03-31": "13330.00000", "2015-12-31": "13172.00000", "2015-09-30": "12198.00000", "2015-06-30": "12114.00000", "2015-03-31": "11657.00000", "2014-12-31": "12260.00000", "2014-09-30": "11135.00000", "2014-06-30": "11174.00000", "2014-03-31": "11014.00000", "2013-12-31": "10680.00000", "2013-09-30": "10815.00000", "2013-06-30": "10624.00000", "2013-03-31": "10440.00000", "2012-12-31": "10325.00000", "2012-09-30": "10085.00000", "2012-06-30": "10007.00000", "2012-03-31": "9975.00000", "2011-12-31": "9806.00000", "2011-09-30": "10091.00000", "2011-06-30": "10265.00000", "2011-03-31": "10137.00000", "2010-12-31": "10034.00000", "2010-09-30": "9858.00000", "2010-06-30": "10453.00000", "2010-03-31": "10370.00000", "2009-12-31": "10406.00000", "2009-09-30": "10465.00000", "2009-06-30": "10431.00000", "2009-03-31": "10350.00000", "2008-12-31": "10422.00000", "2008-09-30": "11221.00000", "2008-06-30": "11671.00000", "2008-03-31": "11694.00000", "2007-12-31": "11905.00000", "2007-09-30": "11391.00000", "2007-06-30": "11180.00000", "2007-03-31": "11224.00000", "2006-12-31": "11161.00000", "2006-09-30": "12966.00000", "2006-06-30": "12735.00000", "2006-03-31": "12699.00000", "2005-12-31": "12630.00000", "2005-09-30": "13027.00000", "2005-06-30": "13106.00000", "2005-03-31": "13338.00000"}, "Total Assets": {"2020-12-31": "33030.00000", "2020-09-30": "32681.00000", "2020-06-30": "32169.00000", "2020-03-31": "31391.00000", "2019-12-31": "31357.00000", "2019-09-30": "31097.00000", "2019-06-30": "32116.00000", "2019-03-31": "30137.00000", "2018-12-31": "21578.00000", "2018-09-30": "21129.00000", "2018-06-30": "21159.00000", "2018-03-31": "21379.00000", "2017-12-31": "20429.00000", "2017-09-30": "19690.00000", "2017-06-30": "19442.00000", "2017-03-31": "18969.00000", "2016-12-31": "18190.00000", "2016-09-30": "18358.00000", "2016-06-30": "18076.00000", "2016-03-31": "18128.00000", "2015-12-31": "18216.00000", "2015-09-30": "17724.00000", "2015-06-30": "17413.00000", "2015-03-31": "16834.00000", "2014-12-31": "17793.00000", "2014-09-30": "17987.00000", "2014-06-30": "17588.00000", "2014-03-31": "16577.00000", "2013-12-31": "16980.00000", "2013-09-30": "16976.00000", "2013-06-30": "15838.00000", "2013-03-31": "15537.00000", "2012-12-31": "16288.00000", "2012-09-30": "15736.00000", "2012-06-30": "15202.00000", "2012-03-31": "15010.00000", "2011-12-31": "15454.00000", "2011-09-30": "15121.00000", "2011-06-30": "15451.00000", "2011-03-31": "15073.00000", "2010-12-31": "15310.00000", "2010-09-30": "14903.00000", "2010-06-30": "15621.00000", "2010-03-31": "14962.00000", "2009-12-31": "15337.00000", "2009-09-30": "15341.00000", "2009-06-30": "14921.00000", "2009-03-31": "14860.00000", "2008-12-31": "15206.00000", "2008-09-30": "16026.00000", "2008-06-30": "16432.00000", "2008-03-31": "16473.00000", "2007-12-31": "17359.00000", "2007-09-30": "17543.00000", "2007-06-30": "17189.00000", "2007-03-31": "17228.00000", "2006-12-31": "18137.00000", "2006-09-30": "17815.00000", "2006-06-30": "17437.00000", "2006-03-31": "17522.00000", "2005-12-31": "17892.00000", "2005-09-30": "17508.00000", "2005-06-30": "17132.00000", "2005-03-31": "17547.00000"}, "Total Current Liabilities": {"2020-12-31": "6517.00000", "2020-09-30": "6530.00000", "2020-06-30": "5928.00000", "2020-03-31": "6859.00000", "2019-12-31": "6679.00000", "2019-09-30": "6204.00000", "2019-06-30": "6382.00000", "2019-03-31": "5739.00000", "2018-12-31": "4924.00000", "2018-09-30": "4727.00000", "2018-06-30": "4216.00000", "2018-03-31": "4122.00000", "2017-12-31": "4262.00000", "2017-09-30": "3814.00000", "2017-06-30": "3649.00000", "2017-03-31": "3588.00000", "2016-12-31": "4082.00000", "2016-09-30": "3825.00000", "2016-06-30": "3504.00000", "2016-03-31": "3159.00000", "2015-12-31": "3708.00000", "2015-09-30": "3404.00000", "2015-06-30": "3208.00000", "2015-03-31": "2753.00000", "2014-12-31": "3677.00000", "2014-09-30": "4130.00000", "2014-06-30": "3530.00000", "2014-03-31": "3343.00000", "2013-12-31": "3809.00000", "2013-09-30": "3893.00000", "2013-06-30": "2964.00000", "2013-03-31": "2840.00000", "2012-12-31": "3564.00000", "2012-09-30": "3506.00000", "2012-06-30": "3170.00000", "2012-03-31": "3032.00000", "2011-12-31": "3739.00000", "2011-09-30": "3384.00000", "2011-06-30": "3242.00000", "2011-03-31": "2889.00000", "2010-12-31": "3105.00000", "2010-09-30": "2947.00000", "2010-06-30": "3845.00000", "2010-03-31": "3174.00000", "2009-12-31": "3715.00000", "2009-09-30": "3401.00000", "2009-06-30": "2670.00000", "2009-03-31": "2797.00000", "2008-12-31": "3386.00000", "2008-09-30": "3314.00000", "2008-06-30": "3241.00000", "2008-03-31": "2881.00000", "2007-12-31": "3493.00000", "2007-09-30": "4173.00000", "2007-06-30": "5315.00000", "2007-03-31": "4888.00000", "2006-12-31": "5918.00000", "2006-09-30": "4721.00000", "2006-06-30": "3870.00000", "2006-03-31": "4028.00000", "2005-12-31": "4351.00000", "2005-09-30": "4019.00000", "2005-06-30": "3905.00000", "2005-03-31": "4066.00000"}, "Long Term Debt": {"2020-12-31": "10796.00000", "2020-09-30": "11532.00000", "2020-06-30": "11985.00000", "2020-03-31": "11231.00000", "2019-12-31": "10741.00000", "2019-09-30": "11429.00000", "2019-06-30": "11459.00000", "2019-03-31": "11472.00000", "2018-12-31": "5510.00000", "2018-09-30": "5512.00000", "2018-06-30": "5813.00000", "2018-03-31": "5815.00000", "2017-12-31": "5225.00000", "2017-09-30": "5475.00000", "2017-06-30": "5479.00000", "2017-03-31": "5479.00000", "2016-12-31": "4495.00000", "2016-09-30": "4494.00000", "2016-06-30": "4496.00000", "2016-03-31": "4748.00000", "2015-12-31": "4402.00000", "2015-09-30": "4422.00000", "2015-06-30": "3825.00000", "2015-03-31": "3828.00000", "2014-12-31": "3368.00000", "2014-09-30": "3379.00000", "2014-06-30": "3212.00000", "2014-03-31": "2619.00000", "2013-12-31": "2621.00000", "2013-09-30": "2623.00000", "2013-06-30": "2703.00000", "2013-03-31": "2705.00000", "2012-12-31": "2658.00000", "2012-09-30": "2660.00000", "2012-06-30": "2663.00000", "2012-03-31": "2664.00000", "2011-12-31": "2668.00000", "2011-09-30": "2670.00000", "2011-06-30": "2773.00000", "2011-03-31": "2771.00000", "2010-12-31": "3026.00000", "2010-09-30": "3028.00000", "2010-06-30": "3030.00000", "2010-03-31": "3032.00000", "2009-12-31": "3034.00000", "2009-09-30": "3037.00000", "2009-06-30": "3588.00000", "2009-03-31": "3590.00000", "2008-12-31": "3194.00000", "2008-09-30": "3197.00000", "2008-06-30": "3199.00000", "2008-03-31": "3602.00000", "2007-12-31": "3604.00000", "2007-09-30": "3607.00000", "2007-06-30": "3608.00000", "2007-03-31": "3609.00000", "2006-12-31": "3860.00000", "2006-09-30": "3864.00000", "2006-06-30": "4533.00000", "2006-03-31": "4534.00000", "2005-12-31": "5044.00000", "2005-09-30": "4929.00000", "2005-06-30": "4689.00000", "2005-03-31": "4689.00000"}, "Other Non-Current Liabilities": {"2020-12-31": "1871.00000", "2020-09-30": "1802.00000", "2020-06-30": "1765.00000", "2020-03-31": "1704.00000", "2019-12-31": "1732.00000", "2019-09-30": "1712.00000", "2019-06-30": "1913.00000", "2019-03-31": "1476.00000", "2018-12-31": "1649.00000", "2018-09-30": "1625.00000", "2018-06-30": "1565.00000", "2018-03-31": "1579.00000", "2017-12-31": "1612.00000", "2017-09-30": "1322.00000", "2017-06-30": "1254.00000", "2017-03-31": "1258.00000", "2016-12-31": "1265.00000", "2016-09-30": "1316.00000", "2016-06-30": "1367.00000", "2016-03-31": "1408.00000", "2015-12-31": "1446.00000", "2015-09-30": "1441.00000", "2015-06-30": "1436.00000", "2015-03-31": "1320.00000", "2014-12-31": "1371.00000", "2014-09-30": "1469.00000", "2014-06-30": "1495.00000", "2014-03-31": "1437.00000", "2013-12-31": "1425.00000", "2013-09-30": "1365.00000", "2013-06-30": "1346.00000", "2013-03-31": "1286.00000", "2012-12-31": "1366.00000", "2012-09-30": "1396.00000", "2012-06-30": "1451.00000", "2012-03-31": "1443.00000", "2011-12-31": "1452.00000", "2011-09-30": "1454.00000", "2011-06-30": "1478.00000", "2011-03-31": "1506.00000", "2010-12-31": "1553.00000", "2010-09-30": "1568.00000", "2010-06-30": "1567.00000", "2010-03-31": "1579.00000", "2009-12-31": "1543.00000", "2009-09-30": "1688.00000", "2009-06-30": "1735.00000", "2009-03-31": "1617.00000", "2008-12-31": "1649.00000", "2008-09-30": "1811.00000", "2008-06-30": "1672.00000", "2008-03-31": "1693.00000", "2007-12-31": "1731.00000", "2007-09-30": "1827.00000", "2007-06-30": "1556.00000", "2007-03-31": "1701.00000", "2006-12-31": "1455.00000", "2006-09-30": "1806.00000", "2006-06-30": "1790.00000", "2006-03-31": "2013.00000", "2005-12-31": "1957.00000", "2005-09-30": "1832.00000", "2005-06-30": "2169.00000", "2005-03-31": "2417.00000"}, "Total Long Term Liabilities": {"2020-12-31": "17253.00000", "2020-09-30": "17399.00000", "2020-06-30": "17849.00000", "2020-03-31": "17081.00000", "2019-12-31": "16735.00000", "2019-09-30": "17096.00000", "2019-06-30": "17397.00000", "2019-03-31": "16412.00000", "2018-12-31": "9070.00000", "2018-09-30": "8864.00000", "2018-06-30": "9146.00000", "2018-03-31": "9236.00000", "2017-12-31": "8725.00000", "2017-09-30": "8745.00000", "2017-06-30": "8719.00000", "2017-03-31": "8762.00000", "2016-12-31": "7836.00000", "2016-09-30": "7779.00000", "2016-06-30": "7867.00000", "2016-03-31": "8198.00000", "2015-12-31": "7906.00000", "2015-09-30": "7977.00000", "2015-06-30": "7333.00000", "2015-03-31": "7218.00000", "2014-12-31": "6983.00000", "2014-09-30": "5942.00000", "2014-06-30": "5830.00000", "2014-03-31": "5191.00000", "2013-12-31": "5196.00000", "2013-09-30": "5963.00000", "2013-06-30": "6028.00000", "2013-03-31": "5984.00000", "2012-12-31": "6118.00000", "2012-09-30": "5650.00000", "2012-06-30": "5688.00000", "2012-03-31": "5713.00000", "2011-12-31": "5775.00000", "2011-09-30": "5272.00000", "2011-06-30": "5429.00000", "2011-03-31": "5497.00000", "2010-12-31": "5790.00000", "2010-09-30": "5541.00000", "2010-06-30": "5733.00000", "2010-03-31": "5774.00000", "2009-12-31": "5759.00000", "2009-09-30": "5901.00000", "2009-06-30": "6491.00000", "2009-03-31": "6369.00000", "2008-12-31": "6060.00000", "2008-09-30": "5796.00000", "2008-06-30": "5659.00000", "2008-03-31": "6069.00000", "2007-12-31": "6044.00000", "2007-09-30": "6448.00000", "2007-06-30": "6215.00000", "2007-03-31": "6392.00000", "2006-12-31": "6400.00000", "2006-09-30": "6890.00000", "2006-06-30": "7551.00000", "2006-03-31": "7755.00000", "2005-12-31": "8181.00000", "2005-09-30": "8130.00000", "2005-06-30": "8219.00000", "2005-03-31": "8453.00000"}, "Total Liabilities": {"2020-12-31": "23770.00000", "2020-09-30": "23929.00000", "2020-06-30": "23777.00000", "2020-03-31": "23940.00000", "2019-12-31": "23414.00000", "2019-09-30": "23300.00000", "2019-06-30": "23779.00000", "2019-03-31": "22151.00000", "2018-12-31": "13994.00000", "2018-09-30": "13591.00000", "2018-06-30": "13362.00000", "2018-03-31": "13358.00000", "2017-12-31": "12987.00000", "2017-09-30": "12559.00000", "2017-06-30": "12368.00000", "2017-03-31": "12350.00000", "2016-12-31": "11918.00000", "2016-09-30": "11604.00000", "2016-06-30": "11371.00000", "2016-03-31": "11357.00000", "2015-12-31": "11614.00000", "2015-09-30": "11381.00000", "2015-06-30": "10541.00000", "2015-03-31": "9971.00000", "2014-12-31": "10660.00000", "2014-09-30": "10072.00000", "2014-06-30": "9360.00000", "2014-03-31": "8534.00000", "2013-12-31": "9005.00000", "2013-09-30": "9856.00000", "2013-06-30": "8992.00000", "2013-03-31": "8824.00000", "2012-12-31": "9682.00000", "2012-09-30": "9156.00000", "2012-06-30": "8858.00000", "2012-03-31": "8745.00000", "2011-12-31": "9514.00000", "2011-09-30": "8656.00000", "2011-06-30": "8671.00000", "2011-03-31": "8386.00000", "2010-12-31": "8895.00000", "2010-09-30": "8488.00000", "2010-06-30": "9578.00000", "2010-03-31": "8948.00000", "2009-12-31": "9474.00000", "2009-09-30": "9302.00000", "2009-06-30": "9161.00000", "2009-03-31": "9166.00000", "2008-12-31": "9446.00000", "2008-09-30": "9110.00000", "2008-06-30": "8900.00000", "2008-03-31": "8950.00000", "2007-12-31": "9537.00000", "2007-09-30": "10621.00000", "2007-06-30": "11530.00000", "2007-03-31": "11280.00000", "2006-12-31": "12318.00000", "2006-09-30": "11611.00000", "2006-06-30": "11421.00000", "2006-03-31": "11783.00000", "2005-12-31": "12532.00000", "2005-09-30": "12149.00000", "2005-06-30": "12124.00000", "2005-03-31": "12519.00000"}, "Common Stock Net": {"2020-12-31": "", "2020-09-30": "561.00000", "2020-06-30": "561.00000", "2020-03-31": "561.00000", "2019-12-31": "561.00000", "2019-09-30": "561.00000", "2019-06-30": "561.00000", "2019-03-31": "561.00000", "2018-12-31": "561.00000", "2018-09-30": "561.00000", "2018-06-30": "561.00000", "2018-03-31": "561.00000", "2017-12-31": "561.00000", "2017-09-30": "561.00000", "2017-06-30": "561.00000", "2017-03-31": "561.00000", "2016-12-31": "561.00000", "2016-09-30": "561.00000", "2016-06-30": "561.00000", "2016-03-31": "561.00000", "2015-12-31": "561.00000", "2015-09-30": "561.00000", "2015-06-30": "561.00000", "2015-03-31": "561.00000", "2014-12-31": "561.00000", "2014-09-30": "561.00000", "2014-06-30": "561.00000", "2014-03-31": "561.00000", "2013-12-31": "561.00000", "2013-09-30": "561.00000", "2013-06-30": "561.00000", "2013-03-31": "561.00000", "2012-12-31": "561.00000", "2012-09-30": "561.00000", "2012-06-30": "561.00000", "2012-03-31": "561.00000", "2011-12-31": "561.00000", "2011-09-30": "561.00000", "2011-06-30": "561.00000", "2011-03-31": "561.00000", "2010-12-31": "561.00000", "2010-09-30": "561.00000", "2010-06-30": "561.00000", "2010-03-31": "561.00000", "2009-12-31": "561.00000", "2009-09-30": "561.00000", "2009-06-30": "561.00000", "2009-03-31": "561.00000", "2008-12-31": "561.00000", "2008-09-30": "561.00000", "2008-06-30": "561.00000", "2008-03-31": "561.00000", "2007-12-31": "561.00000", "2007-09-30": "561.00000", "2007-06-30": "561.00000", "2007-03-31": "561.00000", "2006-12-31": "561.00000", "2006-09-30": "561.00000", "2006-06-30": "561.00000", "2006-03-31": "561.00000", "2005-12-31": "561.00000", "2005-09-30": "561.00000", "2005-06-30": "561.00000", "2005-03-31": "561.00000"}, "Retained Earnings (Accumulated Deficit)": {"2020-12-31": "", "2020-09-30": "15902.00000", "2020-06-30": "16060.00000", "2020-03-31": "15490.00000", "2019-12-31": "15199.00000", "2019-09-30": "14811.00000", "2019-06-30": "14741.00000", "2019-03-31": "14642.00000", "2018-12-31": "14347.00000", "2018-09-30": "14196.00000", "2018-06-30": "14131.00000", "2018-03-31": "13812.00000", "2017-12-31": "13140.00000", "2017-09-30": "13113.00000", "2017-06-30": "12915.00000", "2017-03-31": "12606.00000", "2016-12-31": "12388.00000", "2016-09-30": "11953.00000", "2016-06-30": "11751.00000", "2016-03-31": "11460.00000", "2015-12-31": "11302.00000", "2015-09-30": "10928.00000", "2015-06-30": "10768.00000", "2015-03-31": "10515.00000", "2014-12-31": "10335.00000", "2014-09-30": "10042.00000", "2014-06-30": "9897.00000", "2014-03-31": "9620.00000", "2013-12-31": "9452.00000", "2013-09-30": "9151.00000", "2013-06-30": "9036.00000", "2013-03-31": "8786.00000", "2012-12-31": "8628.00000", "2012-09-30": "8371.00000", "2012-06-30": "8257.00000", "2012-03-31": "8053.00000", "2011-12-31": "7949.00000", "2011-09-30": "7696.00000", "2011-06-30": "7688.00000", "2011-03-31": "7528.00000", "2010-12-31": "7436.00000", "2010-09-30": "7236.00000", "2010-06-30": "7187.00000", "2010-03-31": "7062.00000", "2009-12-31": "7033.00000", "2009-09-30": "7013.00000", "2009-06-30": "6900.00000", "2009-03-31": "7202.00000", "2008-12-31": "7237.00000", "2008-09-30": "7157.00000", "2008-06-30": "7273.00000", "2008-03-31": "7313.00000", "2007-12-31": "7732.00000", "2007-09-30": "7648.00000", "2007-06-30": "5804.00000", "2007-03-31": "5734.00000", "2006-12-31": "5691.00000", "2006-09-30": "5467.00000", "2006-06-30": "5387.00000", "2006-03-31": "5310.00000", "2005-12-31": "4989.00000", "2005-09-30": "5043.00000", "2005-06-30": "5073.00000", "2005-03-31": "4998.00000"}, "Comprehensive Income": {"2020-12-31": "", "2020-09-30": "-5148.00000", "2020-06-30": "-5582.00000", "2020-03-31": "-5847.00000", "2019-12-31": "-5055.00000", "2019-09-30": "-4931.00000", "2019-06-30": "-4527.00000", "2019-03-31": "-4590.00000", "2018-12-31": "-4647.00000", "2018-09-30": "-4488.00000", "2018-06-30": "-4265.00000", "2018-03-31": "-3905.00000", "2017-12-31": "-4043.00000", "2017-09-30": "-4560.00000", "2017-06-30": "-4541.00000", "2017-03-31": "-4837.00000", "2016-12-31": "-5093.00000", "2016-09-30": "-4289.00000", "2016-06-30": "-4301.00000", "2016-03-31": "-4097.00000", "2015-12-31": "-4220.00000", "2015-09-30": "-4122.00000", "2015-06-30": "-3923.00000", "2015-03-31": "-4090.00000", "2014-12-31": "-3847.00000", "2014-09-30": "-2895.00000", "2014-06-30": "-2607.00000", "2014-03-31": "-2708.00000", "2013-12-31": "-2621.00000", "2013-09-30": "-3213.00000", "2013-06-30": "-3435.00000", "2013-03-31": "-3379.00000", "2012-12-31": "-3307.00000", "2012-09-30": "-3005.00000", "2012-06-30": "-3115.00000", "2012-03-31": "-3023.00000", "2011-12-31": "-3188.00000", "2011-09-30": "-2333.00000", "2011-06-30": "-2078.00000", "2011-03-31": "-2183.00000", "2010-12-31": "-2300.00000", "2010-09-30": "-2138.00000", "2010-06-30": "-2406.00000", "2010-03-31": "-2246.00000", "2009-12-31": "-2171.00000", "2009-09-30": "-1836.00000", "2009-06-30": "-1924.00000", "2009-03-31": "-2132.00000", "2008-12-31": "-2098.00000", "2008-09-30": "-762.00000", "2008-06-30": "-252.00000", "2008-03-31": "-238.00000", "2007-12-31": "-351.00000", "2007-09-30": "-1010.00000", "2007-06-30": "-1160.00000", "2007-03-31": "-1244.00000", "2006-12-31": "-1272.00000", "2006-09-30": "-588.00000", "2006-06-30": "-625.00000", "2006-03-31": "-744.00000", "2005-12-31": "-756.00000", "2005-09-30": "-695.00000", "2005-06-30": "-658.00000", "2005-03-31": "-465.00000"}, "Other Share Holders Equity": {"2020-12-31": "", "2020-09-30": "", "2020-06-30": "", "2020-03-31": "", "2019-12-31": "", "2019-09-30": "", "2019-06-30": "", "2019-03-31": "", "2018-12-31": "", "2018-09-30": "", "2018-06-30": "", "2018-03-31": "", "2017-12-31": "", "2017-09-30": "", "2017-06-30": "", "2017-03-31": "", "2016-12-31": "", "2016-09-30": "", "2016-06-30": "", "2016-03-31": "", "2015-12-31": "", "2015-09-30": "", "2015-06-30": "", "2015-03-31": "", "2014-12-31": "", "2014-09-30": "", "2014-06-30": "", "2014-03-31": "", "2013-12-31": "", "2013-09-30": "", "2013-06-30": "", "2013-03-31": "", "2012-12-31": "", "2012-09-30": "", "2012-06-30": "", "2012-03-31": "", "2011-12-31": "", "2011-09-30": "", "2011-06-30": "", "2011-03-31": "", "2010-12-31": "", "2010-09-30": "", "2010-06-30": "", "2010-03-31": "", "2009-12-31": "", "2009-09-30": "", "2009-06-30": "", "2009-03-31": "", "2008-12-31": "", "2008-09-30": "", "2008-06-30": "", "2008-03-31": "", "2007-12-31": "", "2007-09-30": "", "2007-06-30": "", "2007-03-31": "", "2006-12-31": "", "2006-09-30": "", "2006-06-30": "", "2006-03-31": "", "2005-12-31": "", "2005-09-30": "", "2005-06-30": "", "2005-03-31": ""}, "Share Holder Equity": {"2020-12-31": "9260.00000", "2020-09-30": "8752.00000", "2020-06-30": "8392.00000", "2020-03-31": "7451.00000", "2019-12-31": "7943.00000", "2019-09-30": "7797.00000", "2019-06-30": "8337.00000", "2019-03-31": "7986.00000", "2018-12-31": "7584.00000", "2018-09-30": "7538.00000", "2018-06-30": "7797.00000", "2018-03-31": "8021.00000", "2017-12-31": "7442.00000", "2017-09-30": "7131.00000", "2017-06-30": "7074.00000", "2017-03-31": "6619.00000", "2016-12-31": "6272.00000", "2016-09-30": "6754.00000", "2016-06-30": "6705.00000", "2016-03-31": "6771.00000", "2015-12-31": "6602.00000", "2015-09-30": "6343.00000", "2015-06-30": "6872.00000", "2015-03-31": "6863.00000", "2014-12-31": "7133.00000", "2014-09-30": "7915.00000", "2014-06-30": "8228.00000", "2014-03-31": "8043.00000", "2013-12-31": "7975.00000", "2013-09-30": "7120.00000", "2013-06-30": "6846.00000", "2013-03-31": "6713.00000", "2012-12-31": "6606.00000", "2012-09-30": "6580.00000", "2012-06-30": "6344.00000", "2012-03-31": "6265.00000", "2011-12-31": "5940.00000", "2011-09-30": "6465.00000", "2011-06-30": "6780.00000", "2011-03-31": "6687.00000", "2010-12-31": "6415.00000", "2010-09-30": "6415.00000", "2010-06-30": "6043.00000", "2010-03-31": "6014.00000", "2009-12-31": "5863.00000", "2009-09-30": "6039.00000", "2009-06-30": "5760.00000", "2009-03-31": "5694.00000", "2008-12-31": "5760.00000", "2008-09-30": "6916.00000", "2008-06-30": "7532.00000", "2008-03-31": "7523.00000", "2007-12-31": "7822.00000", "2007-09-30": "6922.00000", "2007-06-30": "5659.00000", "2007-03-31": "5948.00000", "2006-12-31": "5819.00000", "2006-09-30": "6204.00000", "2006-06-30": "6016.00000", "2006-03-31": "5739.00000", "2005-12-31": "5360.00000", "2005-09-30": "5359.00000", "2005-06-30": "5008.00000", "2005-03-31": "5028.00000"}, "Total Liabilities And Share Holders Equity": {"2020-12-31": "33030.00000", "2020-09-30": "32681.00000", "2020-06-30": "32169.00000", "2020-03-31": "31391.00000", "2019-12-31": "31357.00000", "2019-09-30": "31097.00000", "2019-06-30": "32116.00000", "2019-03-31": "30137.00000", "2018-12-31": "21578.00000", "2018-09-30": "21129.00000", "2018-06-30": "21159.00000", "2018-03-31": "21379.00000", "2017-12-31": "20429.00000", "2017-09-30": "19690.00000", "2017-06-30": "19442.00000", "2017-03-31": "18969.00000", "2016-12-31": "18190.00000", "2016-09-30": "18358.00000", "2016-06-30": "18076.00000", "2016-03-31": "18128.00000", "2015-12-31": "18216.00000", "2015-09-30": "17724.00000", "2015-06-30": "17413.00000", "2015-03-31": "16834.00000", "2014-12-31": "17793.00000", "2014-09-30": "17987.00000", "2014-06-30": "17588.00000", "2014-03-31": "16577.00000", "2013-12-31": "16980.00000", "2013-09-30": "16976.00000", "2013-06-30": "15838.00000", "2013-03-31": "15537.00000", "2012-12-31": "16288.00000", "2012-09-30": "15736.00000", "2012-06-30": "15202.00000", "2012-03-31": "15010.00000", "2011-12-31": "15454.00000", "2011-09-30": "15121.00000", "2011-06-30": "15451.00000", "2011-03-31": "15073.00000", "2010-12-31": "15310.00000", "2010-09-30": "14903.00000", "2010-06-30": "15621.00000", "2010-03-31": "14962.00000", "2009-12-31": "15337.00000", "2009-09-30": "15341.00000", "2009-06-30": "14921.00000", "2009-03-31": "14860.00000", "2008-12-31": "15206.00000", "2008-09-30": "16026.00000", "2008-06-30": "16432.00000", "2008-03-31": "16473.00000", "2007-12-31": "17359.00000", "2007-09-30": "17543.00000", "2007-06-30": "17189.00000", "2007-03-31": "17228.00000", "2006-12-31": "18137.00000", "2006-09-30": "17815.00000", "2006-06-30": "17437.00000", "2006-03-31": "17522.00000", "2005-12-31": "17892.00000", "2005-09-30": "17508.00000", "2005-06-30": "17132.00000", "2005-03-31": "17547.00000"}}, "cash flow statement": {"Net Income/Loss": {"2020-12-31": "2046.00000", "2019-12-31": "1773.00000", "2018-12-31": "1670.00000", "2017-12-31": "1512.00000", "2016-12-31": "1795.00000", "2015-12-31": "1636.00000", "2014-12-31": "1497.00000", "2013-12-31": "1385.00000", "2012-12-31": "1201.00000", "2011-12-31": "1015.00000", "2010-12-31": "871.00000", "2009-12-31": "241.00000", "2008-12-31": "-62.00000", "2007-12-31": "2489.00000", "2006-12-31": "990.00000", "2005-12-31": "404.00000"}, "Total Depreciation And Amortization - Cash Flow": {"2020-12-31": "741.00000", "2019-12-31": "647.00000", "2018-12-31": "494.00000", "2017-12-31": "481.00000", "2016-12-31": "438.00000", "2015-12-31": "423.00000", "2014-12-31": "388.00000", "2013-12-31": "358.00000", "2012-12-31": "349.00000", "2011-12-31": "332.00000", "2010-12-31": "357.00000", "2009-12-31": "680.00000", "2008-12-31": "944.00000", "2007-12-31": "442.00000", "2006-12-31": "488.00000", "2005-12-31": "490.00000"}, "Other Non-Cash Items": {"2020-12-31": "709.00000", "2019-12-31": "752.00000", "2018-12-31": "566.00000", "2017-12-31": "516.00000", "2016-12-31": "139.00000", "2015-12-31": "226.00000", "2014-12-31": "301.00000", "2013-12-31": "298.00000", "2012-12-31": "236.00000", "2011-12-31": "286.00000", "2010-12-31": "56.00000", "2009-12-31": "76.00000", "2008-12-31": "209.00000", "2007-12-31": "-1926.00000", "2006-12-31": "-264.00000", "2005-12-31": "-175.00000"}, "Total Non-Cash Items": {"2020-12-31": "1450.00000", "2019-12-31": "1399.00000", "2018-12-31": "1060.00000", "2017-12-31": "997.00000", "2016-12-31": "577.00000", "2015-12-31": "649.00000", "2014-12-31": "689.00000", "2013-12-31": "656.00000", "2012-12-31": "585.00000", "2011-12-31": "618.00000", "2010-12-31": "413.00000", "2009-12-31": "756.00000", "2008-12-31": "1153.00000", "2007-12-31": "-1484.00000", "2006-12-31": "224.00000", "2005-12-31": "315.00000"}, "Change In Accounts Receivable": {"2020-12-31": "-36.00000", "2019-12-31": "-130.00000", "2018-12-31": "-78.00000", "2017-12-31": "-454.00000", "2016-12-31": "-154.00000", "2015-12-31": "-52.00000", "2014-12-31": "-58.00000", "2013-12-31": "-245.00000", "2012-12-31": "-144.00000", "2011-12-31": "143.00000", "2010-12-31": "-216.00000", "2009-12-31": "-81.00000", "2008-12-31": "270.00000", "2007-12-31": "-321.00000", "2006-12-31": "-157.00000", "2005-12-31": "57.00000"}, "Change In Inventories": {"2020-12-31": "", "2019-12-31": "", "2018-12-31": "", "2017-12-31": "", "2016-12-31": "", "2015-12-31": "", "2014-12-31": "", "2013-12-31": "", "2012-12-31": "", "2011-12-31": "", "2010-12-31": "", "2009-12-31": "", "2008-12-31": "", "2007-12-31": "", "2006-12-31": "", "2005-12-31": ""}, "Change In Accounts Payable": {"2020-12-31": "", "2019-12-31": "120.00000", "2018-12-31": "23.00000", "2017-12-31": "87.00000", "2016-12-31": "55.00000", "2015-12-31": "-125.00000", "2014-12-31": "45.00000", "2013-12-31": "106.00000", "2012-12-31": "-210.00000", "2011-12-31": "108.00000", "2010-12-31": "-55.00000", "2009-12-31": "124.00000", "2008-12-31": "-149.00000", "2007-12-31": "-350.00000", "2006-12-31": "682.00000", "2005-12-31": "-35.00000"}, "Change In Assets/Liabilities": {"2020-12-31": "-78.00000", "2019-12-31": "-843.00000", "2018-12-31": "-207.00000", "2017-12-31": "-286.00000", "2016-12-31": "-245.00000", "2015-12-31": "-205.00000", "2014-12-31": "-87.00000", "2013-12-31": "-604.00000", "2012-12-31": "-154.00000", "2011-12-31": "-180.00000", "2010-12-31": "-323.00000", "2009-12-31": "-305.00000", "2008-12-31": "-113.00000", "2007-12-31": "504.00000", "2006-12-31": "-711.00000", "2005-12-31": "-346.00000"}, "Total Change In Assets/Liabilities": {"2020-12-31": "-114.00000", "2019-12-31": "-811.00000", "2018-12-31": "-302.00000", "2017-12-31": "-616.00000", "2016-12-31": "-365.00000", "2015-12-31": "-397.00000", "2014-12-31": "-67.00000", "2013-12-31": "-700.00000", "2012-12-31": "-464.00000", "2011-12-31": "72.00000", "2010-12-31": "-562.00000", "2009-12-31": "-357.00000", "2008-12-31": "-151.00000", "2007-12-31": "-1308.00000", "2006-12-31": "-428.00000", "2005-12-31": "-320.00000"}, "Cash Flow From Operating Activities": {"2020-12-31": "3382.00000", "2019-12-31": "2361.00000", "2018-12-31": "2428.00000", "2017-12-31": "1893.00000", "2016-12-31": "2007.00000", "2015-12-31": "1888.00000", "2014-12-31": "2119.00000", "2013-12-31": "1341.00000", "2012-12-31": "1322.00000", "2011-12-31": "1705.00000", "2010-12-31": "722.00000", "2009-12-31": "640.00000", "2008-12-31": "940.00000", "2007-12-31": "-303.00000", "2006-12-31": "786.00000", "2005-12-31": "399.00000"}, "Net Change In Property, Plant, And Equipment": {"2020-12-31": "-348.00000", "2019-12-31": "-411.00000", "2018-12-31": "-311.00000", "2017-12-31": "-294.00000", "2016-12-31": "-249.00000", "2015-12-31": "-323.00000", "2014-12-31": "-365.00000", "2013-12-31": "-396.00000", "2012-12-31": "-314.00000", "2011-12-31": "-277.00000", "2010-12-31": "-265.00000", "2009-12-31": "-298.00000", "2008-12-31": "-386.00000", "2007-12-31": "-367.00000", "2006-12-31": "-171.00000", "2005-12-31": "-299.00000"}, "Net Change In Intangible Assets": {"2020-12-31": "", "2019-12-31": "", "2018-12-31": "", "2017-12-31": "", "2016-12-31": "", "2015-12-31": "", "2014-12-31": "", "2013-12-31": "", "2012-12-31": "", "2011-12-31": "", "2010-12-31": "", "2009-12-31": "", "2008-12-31": "", "2007-12-31": "", "2006-12-31": "", "2005-12-31": ""}, "Net Acquisitions/Divestitures": {"2020-12-31": "-570.00000", "2019-12-31": "-5276.00000", "2018-12-31": "-774.00000", "2017-12-31": "-655.00000", "2016-12-31": "-813.00000", "2015-12-31": "-881.00000", "2014-12-31": "-554.00000", "2013-12-31": "-137.00000", "2012-12-31": "-292.00000", "2011-12-31": "-237.00000", "2010-12-31": "710.00000", "2009-12-31": "2.00000", "2008-12-31": "-59.00000", "2007-12-31": "3151.00000", "2006-12-31": "154.00000", "2005-12-31": "82.00000"}, "Net Change In Short-term Investments": {"2020-12-31": "", "2019-12-31": "", "2018-12-31": "", "2017-12-31": "", "2016-12-31": "", "2015-12-31": "", "2014-12-31": "", "2013-12-31": "", "2012-12-31": "", "2011-12-31": "", "2010-12-31": "", "2009-12-31": "", "2008-12-31": "", "2007-12-31": "", "2006-12-31": "", "2005-12-31": ""}, "Net Change In Long-Term Investments": {"2020-12-31": "104.00000", "2019-12-31": "92.00000", "2018-12-31": "4.00000", "2017-12-31": "-13.00000", "2016-12-31": "2.00000", "2015-12-31": "-65.00000", "2014-12-31": "-298.00000", "2013-12-31": "93.00000", "2012-12-31": "20.00000", "2011-12-31": "62.00000", "2010-12-31": "91.00000", "2009-12-31": "53.00000", "2008-12-31": "97.00000", "2007-12-31": "211.00000", "2006-12-31": "-15.00000", "2005-12-31": "318.00000"}, "Net Change In Investments - Total": {"2020-12-31": "104.00000", "2019-12-31": "92.00000", "2018-12-31": "4.00000", "2017-12-31": "-13.00000", "2016-12-31": "2.00000", "2015-12-31": "-65.00000", "2014-12-31": "-298.00000", "2013-12-31": "93.00000", "2012-12-31": "20.00000", "2011-12-31": "62.00000", "2010-12-31": "91.00000", "2009-12-31": "53.00000", "2008-12-31": "97.00000", "2007-12-31": "211.00000", "2006-12-31": "-15.00000", "2005-12-31": "318.00000"}, "Investing Activities - Other": {"2020-12-31": "", "2019-12-31": "-76.00000", "2018-12-31": "-8.00000", "2017-12-31": "6.00000", "2016-12-31": "4.00000", "2015-12-31": "4.00000", "2014-12-31": "-5.00000", "2013-12-31": "-6.00000", "2012-12-31": "3.00000", "2011-12-31": "-5.00000", "2010-12-31": "-1.00000", "2009-12-31": "7.00000", "2008-12-31": "", "2007-12-31": "1.00000", "2006-12-31": "-12.00000", "2005-12-31": "52.00000"}, "Cash Flow From Investing Activities": {"2020-12-31": "-814.00000", "2019-12-31": "-5671.00000", "2018-12-31": "-1089.00000", "2017-12-31": "-956.00000", "2016-12-31": "-1056.00000", "2015-12-31": "-1265.00000", "2014-12-31": "-1222.00000", "2013-12-31": "-446.00000", "2012-12-31": "-583.00000", "2011-12-31": "-457.00000", "2010-12-31": "535.00000", "2009-12-31": "-236.00000", "2008-12-31": "-348.00000", "2007-12-31": "2996.00000", "2006-12-31": "-44.00000", "2005-12-31": "153.00000"}, "Net Long-Term Debt": {"2020-12-31": "-1778.00000", "2019-12-31": "4810.00000", "2018-12-31": "328.00000", "2017-12-31": "672.00000", "2016-12-31": "335.00000", "2015-12-31": "1030.00000", "2014-12-31": "290.00000", "2013-12-31": "13.00000", "2012-12-31": "-11.00000", "2011-12-31": "-187.00000", "2010-12-31": "-559.00000", "2009-12-31": "-10.00000", "2008-12-31": "-260.00000", "2007-12-31": "-1117.00000", "2006-12-31": "-566.00000", "2005-12-31": "351.00000"}, "Net Current Debt": {"2020-12-31": "1000.00000", "2019-12-31": "300.00000", "2018-12-31": "", "2017-12-31": "", "2016-12-31": "50.00000", "2015-12-31": "", "2014-12-31": "", "2013-12-31": "", "2012-12-31": "", "2011-12-31": "", "2010-12-31": "", "2009-12-31": "", "2008-12-31": "", "2007-12-31": "", "2006-12-31": "", "2005-12-31": "-129.00000"}, "Debt Issuance/Retirement Net - Total": {"2020-12-31": "-778.00000", "2019-12-31": "5110.00000", "2018-12-31": "328.00000", "2017-12-31": "672.00000", "2016-12-31": "385.00000", "2015-12-31": "1030.00000", "2014-12-31": "290.00000", "2013-12-31": "13.00000", "2012-12-31": "-11.00000", "2011-12-31": "-187.00000", "2010-12-31": "-559.00000", "2009-12-31": "-10.00000", "2008-12-31": "-260.00000", "2007-12-31": "-1117.00000", "2006-12-31": "-566.00000", "2005-12-31": "222.00000"}, "Net Common Equity Issued/Repurchased": {"2020-12-31": "", "2019-12-31": "-327.00000", "2018-12-31": "-582.00000", "2017-12-31": "-734.00000", "2016-12-31": "-612.00000", "2015-12-31": "-1176.00000", "2014-12-31": "-537.00000", "2013-12-31": "-198.00000", "2012-12-31": "18.00000", "2011-12-31": "-199.00000", "2010-12-31": "-45.00000", "2009-12-31": "34.00000", "2008-12-31": "68.00000", "2007-12-31": "-1196.00000", "2006-12-31": "181.00000", "2005-12-31": "269.00000"}, "Net Total Equity Issued/Repurchased": {"2020-12-31": "", "2019-12-31": "-327.00000", "2018-12-31": "-582.00000", "2017-12-31": "-734.00000", "2016-12-31": "-612.00000", "2015-12-31": "-1176.00000", "2014-12-31": "-537.00000", "2013-12-31": "-198.00000", "2012-12-31": "18.00000", "2011-12-31": "-199.00000", "2010-12-31": "-45.00000", "2009-12-31": "34.00000", "2008-12-31": "68.00000", "2007-12-31": "-1196.00000", "2006-12-31": "181.00000", "2005-12-31": "269.00000"}, "Total Common And Preferred Stock Dividends Paid": {"2020-12-31": "-1102.00000", "2019-12-31": "-906.00000", "2018-12-31": "-837.00000", "2017-12-31": "-762.00000", "2016-12-31": "-703.00000", "2015-12-31": "-662.00000", "2014-12-31": "-602.00000", "2013-12-31": "-561.00000", "2012-12-31": "-513.00000", "2011-12-31": "-491.00000", "2010-12-31": "-452.00000", "2009-12-31": "-431.00000", "2008-12-31": "-412.00000", "2007-12-31": "-413.00000", "2006-12-31": "-374.00000", "2005-12-31": "-363.00000"}, "Financial Activities - Other": {"2020-12-31": "", "2019-12-31": "-571.00000", "2018-12-31": "-219.00000", "2017-12-31": "-185.00000", "2016-12-31": "-137.00000", "2015-12-31": "-98.00000", "2014-12-31": "-119.00000", "2013-12-31": "-88.00000", "2012-12-31": "-127.00000", "2011-12-31": "-130.00000", "2010-12-31": "-74.00000", "2009-12-31": "-57.00000", "2008-12-31": "-39.00000", "2007-12-31": "", "2006-12-31": "", "2005-12-31": ""}, "Cash Flow From Financial Activities": {"2020-12-31": "-1880.00000", "2019-12-31": "3306.00000", "2018-12-31": "-1310.00000", "2017-12-31": "-1009.00000", "2016-12-31": "-1067.00000", "2015-12-31": "-906.00000", "2014-12-31": "-968.00000", "2013-12-31": "-834.00000", "2012-12-31": "-633.00000", "2011-12-31": "-1007.00000", "2010-12-31": "-1130.00000", "2009-12-31": "-464.00000", "2008-12-31": "-643.00000", "2007-12-31": "-2726.00000", "2006-12-31": "-759.00000", "2005-12-31": "128.00000"}, "Net Cash Flow": {"2020-12-31": "934.00000", "2019-12-31": "89.00000", "2018-12-31": "-139.00000", "2017-12-31": "179.00000", "2016-12-31": "-348.00000", "2015-12-31": "-584.00000", "2014-12-31": "-345.00000", "2013-12-31": "2.00000", "2012-12-31": "188.00000", "2011-12-31": "219.00000", "2010-12-31": "117.00000", "2009-12-31": "92.00000", "2008-12-31": "-448.00000", "2007-12-31": "44.00000", "2006-12-31": "56.00000", "2005-12-31": "637.00000"}, "Stock-Based Compensation": {"2020-12-31": "290.00000", "2019-12-31": "252.00000", "2018-12-31": "193.00000", "2017-12-31": "149.00000", "2016-12-31": "109.00000", "2015-12-31": "88.00000", "2014-12-31": "93.00000", "2013-12-31": "129.00000", "2012-12-31": "177.00000", "2011-12-31": "21.00000", "2010-12-31": "18.00000", "2009-12-31": "11.00000", "2008-12-31": "34.00000", "2007-12-31": "71.00000", "2006-12-31": "116.00000", "2005-12-31": "64.00000"}, "Common Stock Dividends Paid": {"2020-12-31": "-1102.00000", "2019-12-31": "-906.00000", "2018-12-31": "-837.00000", "2017-12-31": "-762.00000", "2016-12-31": "-703.00000", "2015-12-31": "-662.00000", "2014-12-31": "-602.00000", "2013-12-31": "-561.00000", "2012-12-31": "-513.00000", "2011-12-31": "-491.00000", "2010-12-31": "-452.00000", "2009-12-31": "-431.00000", "2008-12-31": "-412.00000", "2007-12-31": "-413.00000", "2006-12-31": "-374.00000", "2005-12-31": "-363.00000"}}, "cash flow statement, quarterly": {"Net Income/Loss": {"2020-12-31": 379, "2020-09-30": 320, "2020-06-30": 580, "2020-03-31": "767.00000", "2019-12-31": 396, "2019-09-30": 306, "2019-06-30": 344, "2019-03-31": "727.00000", "2018-12-31": 159, "2018-09-30": 279, "2018-06-30": 536, "2018-03-31": "696.00000", "2017-12-31": 30, "2017-09-30": 397, "2017-06-30": 507, "2017-03-31": "578.00000", "2016-12-31": 441, "2016-09-30": 384, "2016-06-30": 480, "2016-03-31": "490.00000", "2015-12-31": 381, "2015-09-30": 331, "2015-06-30": 429, "2015-03-31": "495.00000", "2014-12-31": 299, "2014-09-30": 304, "2014-06-30": 438, "2014-03-31": "456.00000", "2013-12-31": 307, "2013-09-30": 259, "2013-06-30": 395, "2013-03-31": "424.00000", "2012-12-31": 263, "2012-09-30": 247, "2012-06-30": 337, "2012-03-31": "354.00000", "2011-12-31": 260, "2011-09-30": 135, "2011-06-30": 289, "2011-03-31": "331.00000", "2010-12-31": 206, "2010-09-30": 171, "2010-06-30": 242, "2010-03-31": "252.00000", "2009-12-31": 25, "2009-09-30": 225, "2009-06-30": -189, "2009-03-31": "180.00000", "2008-12-31": 83, "2008-09-30": -5, "2008-06-30": 67, "2008-03-31": "-207.00000", "2007-12-31": 99, "2007-09-30": 1945, "2007-06-30": 177, "2007-03-31": "268.00000", "2006-12-31": 226, "2006-09-30": 176, "2006-06-30": 172, "2006-03-31": "416.00000", "2005-12-31": 39, "2005-09-30": 65, "2005-06-30": 166, "2005-03-31": "134.00000"}, "Total Depreciation And Amortization - Cash Flow": {"2020-12-31": 194, "2020-09-30": 185, "2020-06-30": 179, "2020-03-31": "183.00000", "2019-12-31": 167, "2019-09-30": 170, "2019-06-30": 185, "2019-03-31": "125.00000", "2018-12-31": 123, "2018-09-30": 124, "2018-06-30": 122, "2018-03-31": "125.00000", "2017-12-31": 125, "2017-09-30": 120, "2017-06-30": 116, "2017-03-31": "120.00000", "2016-12-31": 108, "2016-09-30": 109, "2016-06-30": 110, "2016-03-31": "111.00000", "2015-12-31": 111, "2015-09-30": 108, "2015-06-30": 103, "2015-03-31": "101.00000", "2014-12-31": 99, "2014-09-30": 98, "2014-06-30": 94, "2014-03-31": "97.00000", "2013-12-31": 92, "2013-09-30": 89, "2013-06-30": 90, "2013-03-31": "87.00000", "2012-12-31": 95, "2012-09-30": 87, "2012-06-30": 84, "2012-03-31": "83.00000", "2011-12-31": 82, "2011-09-30": 85, "2011-06-30": 82, "2011-03-31": "83.00000", "2010-12-31": 83, "2010-09-30": 84, "2010-06-30": 93, "2010-03-31": "97.00000", "2009-12-31": 88, "2009-09-30": 94, "2009-06-30": 408, "2009-03-31": "90.00000", "2008-12-31": 102, "2008-09-30": 98, "2008-06-30": 218, "2008-03-31": "526.00000", "2007-12-31": 104, "2007-09-30": 102, "2007-06-30": 116, "2007-03-31": "120.00000", "2006-12-31": 145, "2006-09-30": 111, "2006-06-30": 111, "2006-03-31": "121.00000", "2005-12-31": 110, "2005-09-30": 119, "2005-06-30": 130, "2005-03-31": "131.00000"}, "Other Non-Cash Items": {"2020-12-31": 201, "2020-09-30": 181, "2020-06-30": 177, "2020-03-31": "150.00000", "2019-12-31": 190, "2019-09-30": 173, "2019-06-30": 325, "2019-03-31": "64.00000", "2018-12-31": 293, "2018-09-30": 167, "2018-06-30": 51, "2018-03-31": "55.00000", "2017-12-31": 377, "2017-09-30": 31, "2017-06-30": 55, "2017-03-31": "53.00000", "2016-12-31": 56, "2016-09-30": -8, "2016-06-30": 32, "2016-03-31": "59.00000", "2015-12-31": -34, "2015-09-30": 125, "2015-06-30": 27, "2015-03-31": "108.00000", "2014-12-31": 152, "2014-09-30": 26, "2014-06-30": 49, "2014-03-31": "74.00000", "2013-12-31": 97, "2013-09-30": 93, "2013-06-30": 33, "2013-03-31": "75.00000", "2012-12-31": 225, "2012-09-30": -22, "2012-06-30": -5, "2012-03-31": "38.00000", "2011-12-31": 118, "2011-09-30": 95, "2011-06-30": -25, "2011-03-31": "98.00000", "2010-12-31": 72, "2010-09-30": -54, "2010-06-30": -145, "2010-03-31": "183.00000", "2009-12-31": 47, "2009-09-30": 10, "2009-06-30": -37, "2009-03-31": "56.00000", "2008-12-31": 159, "2008-09-30": -6, "2008-06-30": 35, "2008-03-31": "21.00000", "2007-12-31": 33, "2007-09-30": -1988, "2007-06-30": 17, "2007-03-31": "12.00000", "2006-12-31": -258, "2006-09-30": 9, "2006-06-30": 136, "2006-03-31": "-151.00000", "2005-12-31": -18, "2005-09-30": -53, "2005-06-30": 21, "2005-03-31": "-125.00000"}, "Total Non-Cash Items": {"2020-12-31": 395, "2020-09-30": 366, "2020-06-30": 356, "2020-03-31": "333.00000", "2019-12-31": 357, "2019-09-30": 343, "2019-06-30": 510, "2019-03-31": "189.00000", "2018-12-31": 416, "2018-09-30": 291, "2018-06-30": 173, "2018-03-31": "180.00000", "2017-12-31": 502, "2017-09-30": 151, "2017-06-30": 171, "2017-03-31": "173.00000", "2016-12-31": 164, "2016-09-30": 101, "2016-06-30": 142, "2016-03-31": "170.00000", "2015-12-31": 77, "2015-09-30": 233, "2015-06-30": 130, "2015-03-31": "209.00000", "2014-12-31": 251, "2014-09-30": 124, "2014-06-30": 143, "2014-03-31": "171.00000", "2013-12-31": 189, "2013-09-30": 182, "2013-06-30": 123, "2013-03-31": "162.00000", "2012-12-31": 320, "2012-09-30": 65, "2012-06-30": 79, "2012-03-31": "121.00000", "2011-12-31": 200, "2011-09-30": 180, "2011-06-30": 57, "2011-03-31": "181.00000", "2010-12-31": 155, "2010-09-30": 30, "2010-06-30": -52, "2010-03-31": "280.00000", "2009-12-31": 135, "2009-09-30": 104, "2009-06-30": 371, "2009-03-31": "146.00000", "2008-12-31": 261, "2008-09-30": 92, "2008-06-30": 253, "2008-03-31": "547.00000", "2007-12-31": 137, "2007-09-30": -1886, "2007-06-30": 133, "2007-03-31": "132.00000", "2006-12-31": -113, "2006-09-30": 120, "2006-06-30": 247, "2006-03-31": "-30.00000", "2005-12-31": 92, "2005-09-30": 66, "2005-06-30": 151, "2005-03-31": "6.00000"}, "Change In Accounts Receivable": {"2020-12-31": -113, "2020-09-30": 466, "2020-06-30": -76, "2020-03-31": "-313.00000", "2019-12-31": -46, "2019-09-30": 353, "2019-06-30": -128, "2019-03-31": "-309.00000", "2018-12-31": 132, "2018-09-30": 178, "2018-06-30": -31, "2018-03-31": "-357.00000", "2017-12-31": -206, "2017-09-30": 70, "2017-06-30": -172, "2017-03-31": "-146.00000", "2016-12-31": 8, "2016-09-30": 118, "2016-06-30": -105, "2016-03-31": "-175.00000", "2015-12-31": 66, "2015-09-30": 156, "2015-06-30": -273, "2015-03-31": "-1.00000", "2014-12-31": 124, "2014-09-30": 210, "2014-06-30": -242, "2014-03-31": "-150.00000", "2013-12-31": -16, "2013-09-30": 54, "2013-06-30": -163, "2013-03-31": "-120.00000", "2012-12-31": 4, "2012-09-30": 45, "2012-06-30": -92, "2012-03-31": "-101.00000", "2011-12-31": 21, "2011-09-30": 192, "2011-06-30": 102, "2011-03-31": "-172.00000", "2010-12-31": 32, "2010-09-30": 177, "2010-06-30": -352, "2010-03-31": "-73.00000", "2009-12-31": -127, "2009-09-30": 144, "2009-06-30": -107, "2009-03-31": "9.00000", "2008-12-31": 289, "2008-09-30": 252, "2008-06-30": -68, "2008-03-31": "-203.00000", "2007-12-31": 42, "2007-09-30": 4, "2007-06-30": -171, "2007-03-31": "-196.00000", "2006-12-31": -131, "2006-09-30": 137, "2006-06-30": -40, "2006-03-31": "-123.00000", "2005-12-31": 115, "2005-09-30": 21, "2005-06-30": 112, "2005-03-31": "-191.00000"}, "Change In Inventories": {"2020-12-31": 0, "2020-09-30": 0, "2020-06-30": 0, "2020-03-31": "", "2019-12-31": 0, "2019-09-30": 0, "2019-06-30": 0, "2019-03-31": "", "2018-12-31": 0, "2018-09-30": 0, "2018-06-30": 0, "2018-03-31": "", "2017-12-31": 0, "2017-09-30": 0, "2017-06-30": 0, "2017-03-31": "", "2016-12-31": 0, "2016-09-30": 0, "2016-06-30": 0, "2016-03-31": "", "2015-12-31": 0, "2015-09-30": 0, "2015-06-30": 0, "2015-03-31": "", "2014-12-31": 0, "2014-09-30": 0, "2014-06-30": 0, "2014-03-31": "", "2013-12-31": 0, "2013-09-30": 0, "2013-06-30": 0, "2013-03-31": "", "2012-12-31": 0, "2012-09-30": 0, "2012-06-30": 0, "2012-03-31": "", "2011-12-31": 0, "2011-09-30": 0, "2011-06-30": 0, "2011-03-31": "", "2010-12-31": 0, "2010-09-30": 0, "2010-06-30": 0, "2010-03-31": "", "2009-12-31": 0, "2009-09-30": 0, "2009-06-30": 0, "2009-03-31": "", "2008-12-31": 0, "2008-09-30": 0, "2008-06-30": 0, "2008-03-31": "", "2007-12-31": 0, "2007-09-30": 0, "2007-06-30": 0, "2007-03-31": "", "2006-12-31": 0, "2006-09-30": 0, "2006-06-30": 0, "2006-03-31": "", "2005-12-31": 0, "2005-09-30": 0, "2005-06-30": 0, "2005-03-31": ""}, "Change In Accounts Payable": {"2020-12-31": 144, "2020-09-30": -15, "2020-06-30": 11, "2020-03-31": "-140.00000", "2019-12-31": 246, "2019-09-30": -155, "2019-06-30": -50, "2019-03-31": "79.00000", "2018-12-31": 26, "2018-09-30": -33, "2018-06-30": -105, "2018-03-31": "135.00000", "2017-12-31": 76, "2017-09-30": -41, "2017-06-30": -8, "2017-03-31": "60.00000", "2016-12-31": 84, "2016-09-30": -5, "2016-06-30": -60, "2016-03-31": "36.00000", "2015-12-31": -29, "2015-09-30": -21, "2015-06-30": 53, "2015-03-31": "-128.00000", "2014-12-31": 98, "2014-09-30": -46, "2014-06-30": -54, "2014-03-31": "47.00000", "2013-12-31": 59, "2013-09-30": 20, "2013-06-30": -26, "2013-03-31": "53.00000", "2012-12-31": -2, "2012-09-30": 10, "2012-06-30": -82, "2012-03-31": "-136.00000", "2011-12-31": 18, "2011-09-30": -58, "2011-06-30": 80, "2011-03-31": "68.00000", "2010-12-31": -22, "2010-09-30": -496, "2010-06-30": 399, "2010-03-31": "64.00000", "2009-12-31": 123, "2009-09-30": -14, "2009-06-30": 33, "2009-03-31": "-18.00000", "2008-12-31": 28, "2008-09-30": -126, "2008-06-30": -176, "2008-03-31": "125.00000", "2007-12-31": 45, "2007-09-30": -151, "2007-06-30": -98, "2007-03-31": "-146.00000", "2006-12-31": 643, "2006-09-30": 149, "2006-06-30": -34, "2006-03-31": "-76.00000", "2005-12-31": 34, "2005-09-30": 126, "2005-06-30": -105, "2005-03-31": "-90.00000"}, "Change In Assets/Liabilities": {"2020-12-31": 728, "2020-09-30": 338, "2020-06-30": 232, "2020-03-31": "-1376.00000", "2019-12-31": 195, "2019-09-30": 89, "2019-06-30": -69, "2019-03-31": "-1058.00000", "2018-12-31": 403, "2018-09-30": 222, "2018-06-30": 247, "2018-03-31": "-1079.00000", "2017-12-31": 394, "2017-09-30": 185, "2017-06-30": 255, "2017-03-31": "-1120.00000", "2016-12-31": 284, "2016-09-30": 255, "2016-06-30": 292, "2016-03-31": "-1076.00000", "2015-12-31": 358, "2015-09-30": 276, "2015-06-30": 229, "2015-03-31": "-1068.00000", "2014-12-31": 232, "2014-09-30": 293, "2014-06-30": 320, "2014-03-31": "-932.00000", "2013-12-31": 223, "2013-09-30": 237, "2013-06-30": 87, "2013-03-31": "-1151.00000", "2012-12-31": 31, "2012-09-30": 278, "2012-06-30": 295, "2012-03-31": "-758.00000", "2011-12-31": 222, "2011-09-30": 247, "2011-06-30": 115, "2011-03-31": "-764.00000", "2010-12-31": 246, "2010-09-30": -119, "2010-06-30": 287, "2010-03-31": "-737.00000", "2009-12-31": 78, "2009-09-30": 208, "2009-06-30": 195, "2009-03-31": "-786.00000", "2008-12-31": 69, "2008-09-30": 369, "2008-06-30": 84, "2008-03-31": "-635.00000", "2007-12-31": 543, "2007-09-30": 454, "2007-06-30": 12, "2007-03-31": "-505.00000", "2006-12-31": 7, "2006-09-30": 12, "2006-06-30": -67, "2006-03-31": "-663.00000", "2005-12-31": -22, "2005-09-30": 195, "2005-06-30": -47, "2005-03-31": "-472.00000"}, "Total Change In Assets/Liabilities": {"2020-12-31": 609, "2020-09-30": 735, "2020-06-30": 280, "2020-03-31": "-1738.00000", "2019-12-31": 317, "2019-09-30": 401, "2019-06-30": -337, "2019-03-31": "-1192.00000", "2018-12-31": 534, "2018-09-30": 336, "2018-06-30": 68, "2018-03-31": "-1240.00000", "2017-12-31": 224, "2017-09-30": 246, "2017-06-30": 64, "2017-03-31": "-1150.00000", "2016-12-31": 290, "2016-09-30": 398, "2016-06-30": 188, "2016-03-31": "-1241.00000", "2015-12-31": 441, "2015-09-30": 313, "2015-06-30": 76, "2015-03-31": "-1227.00000", "2014-12-31": 428, "2014-09-30": 455, "2014-06-30": 57, "2014-03-31": "-1007.00000", "2013-12-31": 270, "2013-09-30": 297, "2013-06-30": -88, "2013-03-31": "-1179.00000", "2012-12-31": -11, "2012-09-30": 372, "2012-06-30": 153, "2012-03-31": "-978.00000", "2011-12-31": 250, "2011-09-30": 350, "2011-06-30": 360, "2011-03-31": "-888.00000", "2010-12-31": 311, "2010-09-30": -423, "2010-06-30": 333, "2010-03-31": "-783.00000", "2009-12-31": 75, "2009-09-30": 312, "2009-06-30": 32, "2009-03-31": "-776.00000", "2008-12-31": 293, "2008-09-30": 533, "2008-06-30": -222, "2008-03-31": "-755.00000", "2007-12-31": -509, "2007-09-30": 180, "2007-06-30": -196, "2007-03-31": "-783.00000", "2006-12-31": 536, "2006-09-30": 216, "2006-06-30": -277, "2006-03-31": "-903.00000", "2005-12-31": 159, "2005-09-30": 355, "2005-06-30": -144, "2005-03-31": "-690.00000"}, "Cash Flow From Operating Activities": {"2020-12-31": 1383, "2020-09-30": 1421, "2020-06-30": 1216, "2020-03-31": "-638.00000", "2019-12-31": 1070, "2019-09-30": 1050, "2019-06-30": 517, "2019-03-31": "-276.00000", "2018-12-31": 1109, "2018-09-30": 906, "2018-06-30": 777, "2018-03-31": "-364.00000", "2017-12-31": 756, "2017-09-30": 794, "2017-06-30": 742, "2017-03-31": "-399.00000", "2016-12-31": 895, "2016-09-30": 883, "2016-06-30": 810, "2016-03-31": "-581.00000", "2015-12-31": 899, "2015-09-30": 877, "2015-06-30": 635, "2015-03-31": "-523.00000", "2014-12-31": 978, "2014-09-30": 883, "2014-06-30": 638, "2014-03-31": "-380.00000", "2013-12-31": 766, "2013-09-30": 738, "2013-06-30": 430, "2013-03-31": "-593.00000", "2012-12-31": 572, "2012-09-30": 684, "2012-06-30": 569, "2012-03-31": "-503.00000", "2011-12-31": 710, "2011-09-30": 665, "2011-06-30": 706, "2011-03-31": "-376.00000", "2010-12-31": 672, "2010-09-30": -222, "2010-06-30": 523, "2010-03-31": "-251.00000", "2009-12-31": 235, "2009-09-30": 641, "2009-06-30": 214, "2009-03-31": "-450.00000", "2008-12-31": 637, "2008-09-30": 620, "2008-06-30": 98, "2008-03-31": "-415.00000", "2007-12-31": -273, "2007-09-30": 239, "2007-06-30": 114, "2007-03-31": "-383.00000", "2006-12-31": 649, "2006-09-30": 512, "2006-06-30": 142, "2006-03-31": "-517.00000", "2005-12-31": 290, "2005-09-30": 486, "2005-06-30": 173, "2005-03-31": "-550.00000"}, "Net Change In Property, Plant, And Equipment": {"2020-12-31": -73, "2020-09-30": -76, "2020-06-30": -81, "2020-03-31": "-118.00000", "2019-12-31": -131, "2019-09-30": -121, "2019-06-30": -87, "2019-03-31": "-72.00000", "2018-12-31": -92, "2018-09-30": -85, "2018-06-30": -77, "2018-03-31": "-57.00000", "2017-12-31": -81, "2017-09-30": -73, "2017-06-30": -79, "2017-03-31": "-61.00000", "2016-12-31": -80, "2016-09-30": -56, "2016-06-30": -63, "2016-03-31": "-50.00000", "2015-12-31": -76, "2015-09-30": -72, "2015-06-30": -85, "2015-03-31": "-90.00000", "2014-12-31": -82, "2014-09-30": -82, "2014-06-30": -103, "2014-03-31": "-98.00000", "2013-12-31": -110, "2013-09-30": -96, "2013-06-30": -103, "2013-03-31": "-87.00000", "2012-12-31": -69, "2012-09-30": -97, "2012-06-30": -98, "2012-03-31": "-50.00000", "2011-12-31": -76, "2011-09-30": -60, "2011-06-30": -75, "2011-03-31": "-66.00000", "2010-12-31": -75, "2010-09-30": -55, "2010-06-30": -56, "2010-03-31": "-79.00000", "2009-12-31": -96, "2009-09-30": -63, "2009-06-30": -71, "2009-03-31": "-68.00000", "2008-12-31": -63, "2008-09-30": -101, "2008-06-30": -103, "2008-03-31": "-119.00000", "2007-12-31": -111, "2007-09-30": -96, "2007-06-30": -74, "2007-03-31": "-86.00000", "2006-12-31": -11, "2006-09-30": -38, "2006-06-30": -57, "2006-03-31": "-65.00000", "2005-12-31": -102, "2005-09-30": -75, "2005-06-30": -65, "2005-03-31": "-57.00000"}, "Net Change In Intangible Assets": {"2020-12-31": 0, "2020-09-30": 0, "2020-06-30": 0, "2020-03-31": "", "2019-12-31": 0, "2019-09-30": 0, "2019-06-30": 0, "2019-03-31": "", "2018-12-31": 0, "2018-09-30": 0, "2018-06-30": 0, "2018-03-31": "", "2017-12-31": 0, "2017-09-30": 0, "2017-06-30": 0, "2017-03-31": "", "2016-12-31": 0, "2016-09-30": 0, "2016-06-30": 0, "2016-03-31": "", "2015-12-31": 0, "2015-09-30": 0, "2015-06-30": 0, "2015-03-31": "", "2014-12-31": 0, "2014-09-30": 0, "2014-06-30": 0, "2014-03-31": "", "2013-12-31": 0, "2013-09-30": 0, "2013-06-30": 0, "2013-03-31": "", "2012-12-31": 0, "2012-09-30": 0, "2012-06-30": 0, "2012-03-31": "", "2011-12-31": 0, "2011-09-30": 0, "2011-06-30": 0, "2011-03-31": "", "2010-12-31": 0, "2010-09-30": 0, "2010-06-30": 0, "2010-03-31": "", "2009-12-31": 0, "2009-09-30": 0, "2009-06-30": 0, "2009-03-31": "", "2008-12-31": 0, "2008-09-30": 0, "2008-06-30": 0, "2008-03-31": "", "2007-12-31": 0, "2007-09-30": 0, "2007-06-30": 0, "2007-03-31": "", "2006-12-31": 0, "2006-09-30": 0, "2006-06-30": 0, "2006-03-31": "", "2005-12-31": 0, "2005-09-30": 0, "2005-06-30": 0, "2005-03-31": ""}, "Net Acquisitions/Divestitures": {"2020-12-31": -104, "2020-09-30": 3, "2020-06-30": -276, "2020-03-31": "-193.00000", "2019-12-31": -1, "2019-09-30": 60, "2019-06-30": -5195, "2019-03-31": "-140.00000", "2018-12-31": -243, "2018-09-30": -391, "2018-06-30": -119, "2018-03-31": "-21.00000", "2017-12-31": -26, "2017-09-30": -217, "2017-06-30": -1, "2017-03-31": "-411.00000", "2016-12-31": -725, "2016-09-30": -11, "2016-06-30": -2, "2016-03-31": "-75.00000", "2015-12-31": -450, "2015-09-30": -171, "2015-06-30": -244, "2015-03-31": "-16.00000", "2014-12-31": -138, "2014-09-30": -33, "2014-06-30": -64, "2014-03-31": "-319.00000", "2013-12-31": -32, "2013-09-30": -17, "2013-06-30": -90, "2013-03-31": "2.00000", "2012-12-31": -141, "2012-09-30": -24, "2012-06-30": -67, "2012-03-31": "-60.00000", "2011-12-31": -104, "2011-09-30": -21, "2011-06-30": -9, "2011-03-31": "-103.00000", "2010-12-31": -236, "2010-09-30": 1025, "2010-06-30": 8, "2010-03-31": "-87.00000", "2009-12-31": -66, "2009-09-30": 4, "2009-06-30": 66, "2009-03-31": "-2.00000", "2008-12-31": -1, "2008-09-30": -22, "2008-06-30": -35, "2008-03-31": "-1.00000", "2007-12-31": -69, "2007-09-30": 3222, "2007-06-30": -2, "2007-03-31": "", "2006-12-31": -90, "2006-09-30": -32, "2006-06-30": -10, "2006-03-31": "286.00000", "2005-12-31": 146, "2005-09-30": 1, "2005-06-30": -36, "2005-03-31": "-29.00000"}, "Net Change In Short-term Investments": {"2020-12-31": 0, "2020-09-30": 0, "2020-06-30": 0, "2020-03-31": "", "2019-12-31": 0, "2019-09-30": 0, "2019-06-30": 0, "2019-03-31": "", "2018-12-31": 0, "2018-09-30": 0, "2018-06-30": 0, "2018-03-31": "", "2017-12-31": 0, "2017-09-30": 0, "2017-06-30": 0, "2017-03-31": "", "2016-12-31": 0, "2016-09-30": 0, "2016-06-30": 0, "2016-03-31": "", "2015-12-31": 0, "2015-09-30": 0, "2015-06-30": 0, "2015-03-31": "", "2014-12-31": 0, "2014-09-30": 0, "2014-06-30": 0, "2014-03-31": "", "2013-12-31": 0, "2013-09-30": 0, "2013-06-30": 0, "2013-03-31": "", "2012-12-31": 0, "2012-09-30": 0, "2012-06-30": 0, "2012-03-31": "", "2011-12-31": 0, "2011-09-30": 0, "2011-06-30": 0, "2011-03-31": "", "2010-12-31": 0, "2010-09-30": 0, "2010-06-30": 0, "2010-03-31": "", "2009-12-31": 0, "2009-09-30": 0, "2009-06-30": 0, "2009-03-31": "", "2008-12-31": 0, "2008-09-30": 0, "2008-06-30": 0, "2008-03-31": "", "2007-12-31": 0, "2007-09-30": 0, "2007-06-30": 0, "2007-03-31": "", "2006-12-31": 0, "2006-09-30": 0, "2006-06-30": 0, "2006-03-31": "", "2005-12-31": 0, "2005-09-30": 0, "2005-06-30": 0, "2005-03-31": ""}, "Net Change In Long-Term Investments": {"2020-12-31": 2, "2020-09-30": -1, "2020-06-30": 46, "2020-03-31": "57.00000", "2019-12-31": -10, "2019-09-30": -9, "2019-06-30": 84, "2019-03-31": "27.00000", "2018-12-31": 5, "2018-09-30": 2, "2018-06-30": -12, "2018-03-31": "9.00000", "2017-12-31": 8, "2017-09-30": -33, "2017-06-30": 1, "2017-03-31": "11.00000", "2016-12-31": 6, "2016-09-30": 0, "2016-06-30": -2, "2016-03-31": "-2.00000", "2015-12-31": -2, "2015-09-30": 27, "2015-06-30": -3, "2015-03-31": "-87.00000", "2014-12-31": -181, "2014-09-30": -119, "2014-06-30": 2, "2014-03-31": "", "2013-12-31": 3, "2013-09-30": 8, "2013-06-30": -10, "2013-03-31": "92.00000", "2012-12-31": -6, "2012-09-30": 34, "2012-06-30": -3, "2012-03-31": "-5.00000", "2011-12-31": -2, "2011-09-30": 31, "2011-06-30": 33, "2011-03-31": "", "2010-12-31": 33, "2010-09-30": 1, "2010-06-30": 38, "2010-03-31": "19.00000", "2009-12-31": 36, "2009-09-30": 9, "2009-06-30": 2, "2009-03-31": "6.00000", "2008-12-31": 64, "2008-09-30": 6, "2008-06-30": 27, "2008-03-31": "", "2007-12-31": 78, "2007-09-30": 20, "2007-06-30": 136, "2007-03-31": "-23.00000", "2006-12-31": 26, "2006-09-30": 23, "2006-06-30": -61, "2006-03-31": "-3.00000", "2005-12-31": 52, "2005-09-30": 16, "2005-06-30": 56, "2005-03-31": "194.00000"}, "Net Change In Investments - Total": {"2020-12-31": 2, "2020-09-30": -1, "2020-06-30": 46, "2020-03-31": "57.00000", "2019-12-31": -10, "2019-09-30": -9, "2019-06-30": 84, "2019-03-31": "27.00000", "2018-12-31": 5, "2018-09-30": 2, "2018-06-30": -12, "2018-03-31": "9.00000", "2017-12-31": 8, "2017-09-30": -33, "2017-06-30": 1, "2017-03-31": "11.00000", "2016-12-31": 6, "2016-09-30": 0, "2016-06-30": -2, "2016-03-31": "-2.00000", "2015-12-31": -2, "2015-09-30": 27, "2015-06-30": -3, "2015-03-31": "-87.00000", "2014-12-31": -181, "2014-09-30": -119, "2014-06-30": 2, "2014-03-31": "", "2013-12-31": 3, "2013-09-30": 8, "2013-06-30": -10, "2013-03-31": "92.00000", "2012-12-31": -6, "2012-09-30": 34, "2012-06-30": -3, "2012-03-31": "-5.00000", "2011-12-31": -2, "2011-09-30": 31, "2011-06-30": 33, "2011-03-31": "", "2010-12-31": 33, "2010-09-30": 1, "2010-06-30": 38, "2010-03-31": "19.00000", "2009-12-31": 36, "2009-09-30": 9, "2009-06-30": 2, "2009-03-31": "6.00000", "2008-12-31": 64, "2008-09-30": 6, "2008-06-30": 27, "2008-03-31": "", "2007-12-31": 78, "2007-09-30": 20, "2007-06-30": 136, "2007-03-31": "-23.00000", "2006-12-31": 26, "2006-09-30": 23, "2006-06-30": -61, "2006-03-31": "-3.00000", "2005-12-31": 52, "2005-09-30": 16, "2005-06-30": 56, "2005-03-31": "194.00000"}, "Investing Activities - Other": {"2020-12-31": 7, "2020-09-30": -8, "2020-06-30": -8, "2020-03-31": "9.00000", "2019-12-31": -25, "2019-09-30": -4, "2019-06-30": -45, "2019-03-31": "-2.00000", "2018-12-31": -7, "2018-09-30": 1, "2018-06-30": -1, "2018-03-31": "-1.00000", "2017-12-31": 2, "2017-09-30": 2, "2017-06-30": 2, "2017-03-31": "", "2016-12-31": 1, "2016-09-30": -1, "2016-06-30": 3, "2016-03-31": "1.00000", "2015-12-31": 6, "2015-09-30": 1, "2015-06-30": -2, "2015-03-31": "-1.00000", "2014-12-31": -5, "2014-09-30": -1, "2014-06-30": 0, "2014-03-31": "1.00000", "2013-12-31": -8, "2013-09-30": 0, "2013-06-30": 1, "2013-03-31": "1.00000", "2012-12-31": 2, "2012-09-30": 2, "2012-06-30": 0, "2012-03-31": "-1.00000", "2011-12-31": -2, "2011-09-30": -2, "2011-06-30": -2, "2011-03-31": "1.00000", "2010-12-31": -4, "2010-09-30": -1, "2010-06-30": -1, "2010-03-31": "5.00000", "2009-12-31": 4, "2009-09-30": -4, "2009-06-30": 5, "2009-03-31": "2.00000", "2008-12-31": 2, "2008-09-30": 2, "2008-06-30": -6, "2008-03-31": "2.00000", "2007-12-31": 0, "2007-09-30": -1, "2007-06-30": 9, "2007-03-31": "-7.00000", "2006-12-31": -41, "2006-09-30": -2, "2006-06-30": 38, "2006-03-31": "-7.00000", "2005-12-31": -26, "2005-09-30": 33, "2005-06-30": 17, "2005-03-31": "28.00000"}, "Cash Flow From Investing Activities": {"2020-12-31": -168, "2020-09-30": -82, "2020-06-30": -319, "2020-03-31": "-245.00000", "2019-12-31": -167, "2019-09-30": -74, "2019-06-30": -5243, "2019-03-31": "-187.00000", "2018-12-31": -337, "2018-09-30": -473, "2018-06-30": -209, "2018-03-31": "-70.00000", "2017-12-31": -97, "2017-09-30": -321, "2017-06-30": -77, "2017-03-31": "-461.00000", "2016-12-31": -798, "2016-09-30": -68, "2016-06-30": -64, "2016-03-31": "-126.00000", "2015-12-31": -522, "2015-09-30": -215, "2015-06-30": -334, "2015-03-31": "-194.00000", "2014-12-31": -406, "2014-09-30": -235, "2014-06-30": -165, "2014-03-31": "-416.00000", "2013-12-31": -147, "2013-09-30": -105, "2013-06-30": -202, "2013-03-31": "8.00000", "2012-12-31": -214, "2012-09-30": -85, "2012-06-30": -168, "2012-03-31": "-116.00000", "2011-12-31": -184, "2011-09-30": -52, "2011-06-30": -53, "2011-03-31": "-168.00000", "2010-12-31": -282, "2010-09-30": 970, "2010-06-30": -11, "2010-03-31": "-142.00000", "2009-12-31": -122, "2009-09-30": -54, "2009-06-30": 2, "2009-03-31": "-62.00000", "2008-12-31": 2, "2008-09-30": -115, "2008-06-30": -117, "2008-03-31": "-118.00000", "2007-12-31": -102, "2007-09-30": 3145, "2007-06-30": 69, "2007-03-31": "-116.00000", "2006-12-31": -116, "2006-09-30": -49, "2006-06-30": -90, "2006-03-31": "211.00000", "2005-12-31": 70, "2005-09-30": -25, "2005-06-30": -28, "2005-03-31": "136.00000"}, "Net Long-Term Debt": {"2020-12-31": -1504, "2020-09-30": -504, "2020-06-30": -1267, "2020-03-31": "1497.00000", "2019-12-31": -304, "2019-09-30": -303, "2019-06-30": -1042, "2019-03-31": "6459.00000", "2018-12-31": -254, "2018-09-30": -4, "2018-06-30": -3, "2018-03-31": "589.00000", "2017-12-31": -2, "2017-09-30": -57, "2017-06-30": -251, "2017-03-31": "982.00000", "2016-12-31": -3, "2016-09-30": -3, "2016-06-30": -3, "2016-03-31": "344.00000", "2015-12-31": -52, "2015-09-30": 593, "2015-06-30": -2, "2015-03-31": "491.00000", "2014-12-31": -776, "2014-09-30": 476, "2014-06-30": 593, "2014-03-31": "-3.00000", "2013-12-31": -276, "2013-09-30": 494, "2013-06-30": -3, "2013-03-31": "-202.00000", "2012-12-31": -2, "2012-09-30": -3, "2012-06-30": -2, "2012-03-31": "-4.00000", "2011-12-31": -3, "2011-09-30": -178, "2011-06-30": -4, "2011-03-31": "-2.00000", "2010-12-31": -2, "2010-09-30": -553, "2010-06-30": -2, "2010-03-31": "-2.00000", "2009-12-31": -2, "2009-09-30": -2, "2009-06-30": -401, "2009-03-31": "395.00000", "2008-12-31": -2, "2008-09-30": -2, "2008-06-30": -3, "2008-03-31": "-253.00000", "2007-12-31": -6, "2007-09-30": -603, "2007-06-30": -124, "2007-03-31": "-384.00000", "2006-12-31": -103, "2006-09-30": -157, "2006-06-30": -180, "2006-03-31": "-126.00000", "2005-12-31": 537, "2005-09-30": 301, "2005-06-30": -428, "2005-03-31": "-59.00000"}, "Net Current Debt": {"2020-12-31": 0, "2020-09-30": 0, "2020-06-30": 807, "2020-03-31": "193.00000", "2019-12-31": -325, "2019-09-30": -224, "2019-06-30": 101, "2019-03-31": "748.00000", "2018-12-31": -75, "2018-09-30": -100, "2018-06-30": -74, "2018-03-31": "249.00000", "2017-12-31": 0, "2017-09-30": -100, "2017-06-30": 0, "2017-03-31": "100.00000", "2016-12-31": 50, "2016-09-30": 0, "2016-06-30": -252, "2016-03-31": "252.00000", "2015-12-31": 0, "2015-09-30": -50, "2015-06-30": 50, "2015-03-31": "", "2014-12-31": 0, "2014-09-30": 0, "2014-06-30": -100, "2014-03-31": "100.00000", "2013-12-31": 0, "2013-09-30": 0, "2013-06-30": 0, "2013-03-31": "", "2012-12-31": 0, "2012-09-30": 0, "2012-06-30": 0, "2012-03-31": "", "2011-12-31": 0, "2011-09-30": 0, "2011-06-30": 0, "2011-03-31": "", "2010-12-31": 0, "2010-09-30": 0, "2010-06-30": 0, "2010-03-31": "", "2009-12-31": 0, "2009-09-30": 0, "2009-06-30": 0, "2009-03-31": "", "2008-12-31": 0, "2008-09-30": 0, "2008-06-30": 0, "2008-03-31": "", "2007-12-31": 0, "2007-09-30": -478, "2007-06-30": 413, "2007-03-31": "65.00000", "2006-12-31": 0, "2006-09-30": 0, "2006-06-30": 0, "2006-03-31": "", "2005-12-31": 0, "2005-09-30": -345, "2005-06-30": 245, "2005-03-31": "-29.00000"}, "Debt Issuance/Retirement Net - Total": {"2020-12-31": -1504, "2020-09-30": -504, "2020-06-30": -460, "2020-03-31": "1690.00000", "2019-12-31": -629, "2019-09-30": -527, "2019-06-30": -941, "2019-03-31": "7207.00000", "2018-12-31": -329, "2018-09-30": -104, "2018-06-30": -77, "2018-03-31": "838.00000", "2017-12-31": -2, "2017-09-30": -157, "2017-06-30": -251, "2017-03-31": "1082.00000", "2016-12-31": 47, "2016-09-30": -3, "2016-06-30": -255, "2016-03-31": "596.00000", "2015-12-31": -52, "2015-09-30": 543, "2015-06-30": 48, "2015-03-31": "491.00000", "2014-12-31": -776, "2014-09-30": 476, "2014-06-30": 493, "2014-03-31": "97.00000", "2013-12-31": -276, "2013-09-30": 494, "2013-06-30": -3, "2013-03-31": "-202.00000", "2012-12-31": -2, "2012-09-30": -3, "2012-06-30": -2, "2012-03-31": "-4.00000", "2011-12-31": -3, "2011-09-30": -178, "2011-06-30": -4, "2011-03-31": "-2.00000", "2010-12-31": -2, "2010-09-30": -553, "2010-06-30": -2, "2010-03-31": "-2.00000", "2009-12-31": -2, "2009-09-30": -2, "2009-06-30": -401, "2009-03-31": "395.00000", "2008-12-31": -2, "2008-09-30": -2, "2008-06-30": -3, "2008-03-31": "-253.00000", "2007-12-31": -6, "2007-09-30": -1081, "2007-06-30": 289, "2007-03-31": "-319.00000", "2006-12-31": -103, "2006-09-30": -157, "2006-06-30": -180, "2006-03-31": "-126.00000", "2005-12-31": 537, "2005-09-30": -44, "2005-06-30": -183, "2005-03-31": "-88.00000"}, "Net Common Equity Issued/Repurchased": {"2020-12-31": -98, "2020-09-30": 32, "2020-06-30": 22, "2020-03-31": "44.00000", "2019-12-31": -159, "2019-09-30": -176, "2019-06-30": -69, "2019-03-31": "77.00000", "2018-12-31": 21, "2018-09-30": -151, "2018-06-30": -234, "2018-03-31": "-218.00000", "2017-12-31": -268, "2017-09-30": -160, "2017-06-30": -179, "2017-03-31": "-127.00000", "2016-12-31": -141, "2016-09-30": -192, "2016-06-30": -171, "2016-03-31": "-108.00000", "2015-12-31": -30, "2015-09-30": -518, "2015-06-30": -432, "2015-03-31": "-196.00000", "2014-12-31": -127, "2014-09-30": -196, "2014-06-30": -206, "2014-03-31": "-8.00000", "2013-12-31": -52, "2013-09-30": -102, "2013-06-30": -79, "2013-03-31": "35.00000", "2012-12-31": 47, "2012-09-30": -24, "2012-06-30": -82, "2012-03-31": "77.00000", "2011-12-31": 39, "2011-09-30": -115, "2011-06-30": -212, "2011-03-31": "89.00000", "2010-12-31": -73, "2010-09-30": 10, "2010-06-30": 8, "2010-03-31": "10.00000", "2009-12-31": 6, "2009-09-30": 8, "2009-06-30": 9, "2009-03-31": "11.00000", "2008-12-31": 51, "2008-09-30": 16, "2008-06-30": 8, "2008-03-31": "-7.00000", "2007-12-31": -65, "2007-09-30": -754, "2007-06-30": -476, "2007-03-31": "99.00000", "2006-12-31": 40, "2006-09-30": 25, "2006-06-30": 26, "2006-03-31": "90.00000", "2005-12-31": 1, "2005-09-30": 58, "2005-06-30": 97, "2005-03-31": "113.00000"}, "Net Total Equity Issued/Repurchased": {"2020-12-31": -98, "2020-09-30": 32, "2020-06-30": 22, "2020-03-31": "44.00000", "2019-12-31": -159, "2019-09-30": -176, "2019-06-30": -69, "2019-03-31": "77.00000", "2018-12-31": 21, "2018-09-30": -151, "2018-06-30": -234, "2018-03-31": "-218.00000", "2017-12-31": -268, "2017-09-30": -160, "2017-06-30": -179, "2017-03-31": "-127.00000", "2016-12-31": -141, "2016-09-30": -192, "2016-06-30": -171, "2016-03-31": "-108.00000", "2015-12-31": -30, "2015-09-30": -518, "2015-06-30": -432, "2015-03-31": "-196.00000", "2014-12-31": -127, "2014-09-30": -196, "2014-06-30": -206, "2014-03-31": "-8.00000", "2013-12-31": -52, "2013-09-30": -102, "2013-06-30": -79, "2013-03-31": "35.00000", "2012-12-31": 47, "2012-09-30": -24, "2012-06-30": -82, "2012-03-31": "77.00000", "2011-12-31": 39, "2011-09-30": -115, "2011-06-30": -212, "2011-03-31": "89.00000", "2010-12-31": -73, "2010-09-30": 10, "2010-06-30": 8, "2010-03-31": "10.00000", "2009-12-31": 6, "2009-09-30": 8, "2009-06-30": 9, "2009-03-31": "11.00000", "2008-12-31": 51, "2008-09-30": 16, "2008-06-30": 8, "2008-03-31": "-7.00000", "2007-12-31": -65, "2007-09-30": -754, "2007-06-30": -476, "2007-03-31": "99.00000", "2006-12-31": 40, "2006-09-30": 25, "2006-06-30": 26, "2006-03-31": "90.00000", "2005-12-31": 1, "2005-09-30": 58, "2005-06-30": 97, "2005-03-31": "113.00000"}, "Total Common And Preferred Stock Dividends Paid": {"2020-12-31": -374, "2020-09-30": -240, "2020-06-30": -238, "2020-03-31": "-250.00000", "2019-12-31": -233, "2019-09-30": -236, "2019-06-30": -223, "2019-03-31": "-214.00000", "2018-12-31": -228, "2018-09-30": -215, "2018-06-30": -199, "2018-03-31": "-195.00000", "2017-12-31": -203, "2017-09-30": -195, "2017-06-30": -188, "2017-03-31": "-176.00000", "2016-12-31": -187, "2016-09-30": -179, "2016-06-30": -170, "2016-03-31": "-167.00000", "2015-12-31": -177, "2015-09-30": -168, "2015-06-30": -165, "2015-03-31": "-152.00000", "2014-12-31": -160, "2014-09-30": -154, "2014-06-30": -150, "2014-03-31": "-138.00000", "2013-12-31": -150, "2013-09-30": -141, "2013-06-30": -141, "2013-03-31": "-129.00000", "2012-12-31": -139, "2012-09-30": -128, "2012-06-30": -125, "2012-03-31": "-121.00000", "2011-12-31": -133, "2011-09-30": -123, "2011-06-30": -118, "2011-03-31": "-117.00000", "2010-12-31": -119, "2010-09-30": -112, "2010-06-30": -112, "2010-03-31": "-109.00000", "2009-12-31": -109, "2009-09-30": -115, "2009-06-30": -105, "2009-03-31": "-102.00000", "2008-12-31": -104, "2008-09-30": -102, "2008-06-30": -103, "2008-03-31": "-103.00000", "2007-12-31": -100, "2007-09-30": -103, "2007-06-30": -105, "2007-03-31": "-105.00000", "2006-12-31": -94, "2006-09-30": -94, "2006-06-30": -93, "2006-03-31": "-93.00000", "2005-12-31": -92, "2005-09-30": -91, "2005-06-30": -90, "2005-03-31": "-90.00000"}, "Financial Activities - Other": {"2020-12-31": 259, "2020-09-30": -72, "2020-06-30": -43, "2020-03-31": "-144.00000", "2019-12-31": -10, "2019-09-30": -48, "2019-06-30": -269, "2019-03-31": "-244.00000", "2018-12-31": -27, "2018-09-30": -45, "2018-06-30": -16, "2018-03-31": "-131.00000", "2017-12-31": -9, "2017-09-30": -31, "2017-06-30": -63, "2017-03-31": "-82.00000", "2016-12-31": -3, "2016-09-30": -33, "2016-06-30": -25, "2016-03-31": "-76.00000", "2015-12-31": -8, "2015-09-30": -2, "2015-06-30": -9, "2015-03-31": "-79.00000", "2014-12-31": -35, "2014-09-30": -5, "2014-06-30": -10, "2014-03-31": "-69.00000", "2013-12-31": -6, "2013-09-30": -9, "2013-06-30": -5, "2013-03-31": "-68.00000", "2012-12-31": -15, "2012-09-30": -9, "2012-06-30": -6, "2012-03-31": "-97.00000", "2011-12-31": -19, "2011-09-30": -4, "2011-06-30": -9, "2011-03-31": "-98.00000", "2010-12-31": -5, "2010-09-30": -11, "2010-06-30": -3, "2010-03-31": "-55.00000", "2009-12-31": -1, "2009-09-30": -11, "2009-06-30": -1, "2009-03-31": "-44.00000", "2008-12-31": -39, "2008-09-30": 0, "2008-06-30": 0, "2008-03-31": "", "2007-12-31": 0, "2007-09-30": 0, "2007-06-30": 0, "2007-03-31": "", "2006-12-31": 0, "2006-09-30": 0, "2006-06-30": 0, "2006-03-31": "", "2005-12-31": 0, "2005-09-30": 0, "2005-06-30": 0, "2005-03-31": ""}, "Cash Flow From Financial Activities": {"2020-12-31": -1717, "2020-09-30": -784, "2020-06-30": -719, "2020-03-31": "1340.00000", "2019-12-31": -1031, "2019-09-30": -987, "2019-06-30": -1502, "2019-03-31": "6826.00000", "2018-12-31": -563, "2018-09-30": -515, "2018-06-30": -526, "2018-03-31": "294.00000", "2017-12-31": -482, "2017-09-30": -543, "2017-06-30": -681, "2017-03-31": "697.00000", "2016-12-31": -284, "2016-09-30": -407, "2016-06-30": -621, "2016-03-31": "245.00000", "2015-12-31": -267, "2015-09-30": -145, "2015-06-30": -558, "2015-03-31": "64.00000", "2014-12-31": -1098, "2014-09-30": 121, "2014-06-30": 127, "2014-03-31": "-118.00000", "2013-12-31": -484, "2013-09-30": 242, "2013-06-30": -228, "2013-03-31": "-364.00000", "2012-12-31": -109, "2012-09-30": -164, "2012-06-30": -215, "2012-03-31": "-145.00000", "2011-12-31": -116, "2011-09-30": -420, "2011-06-30": -343, "2011-03-31": "-128.00000", "2010-12-31": -199, "2010-09-30": -666, "2010-06-30": -109, "2010-03-31": "-156.00000", "2009-12-31": -106, "2009-09-30": -120, "2009-06-30": -498, "2009-03-31": "260.00000", "2008-12-31": -94, "2008-09-30": -88, "2008-06-30": -98, "2008-03-31": "-363.00000", "2007-12-31": -171, "2007-09-30": -1938, "2007-06-30": -292, "2007-03-31": "-325.00000", "2006-12-31": -157, "2006-09-30": -226, "2006-06-30": -247, "2006-03-31": "-129.00000", "2005-12-31": 446, "2005-09-30": -77, "2005-06-30": -176, "2005-03-31": "-65.00000"}, "Net Cash Flow": {"2020-12-31": -299, "2020-09-30": 677, "2020-06-30": 231, "2020-03-31": "325.00000", "2019-12-31": -58, "2019-09-30": -81, "2019-06-30": -6182, "2019-03-31": "6410.00000", "2018-12-31": 115, "2018-09-30": -85, "2018-06-30": -132, "2018-03-31": "-37.00000", "2017-12-31": 127, "2017-09-30": 112, "2017-06-30": 36, "2017-03-31": "-96.00000", "2016-12-31": -362, "2016-09-30": 414, "2016-06-30": 56, "2016-03-31": "-456.00000", "2015-12-31": 44, "2015-09-30": 400, "2015-06-30": -174, "2015-03-31": "-854.00000", "2014-12-31": -691, "2014-09-30": 644, "2014-06-30": 625, "2014-03-31": "-923.00000", "2013-12-31": 129, "2013-09-30": 944, "2013-06-30": -33, "2013-03-31": "-1038.00000", "2012-12-31": 257, "2012-09-30": 540, "2012-06-30": 94, "2012-03-31": "-703.00000", "2011-12-31": 399, "2011-09-30": 55, "2011-06-30": 329, "2011-03-31": "-564.00000", "2010-12-31": 199, "2010-09-30": 185, "2010-06-30": 343, "2010-03-31": "-610.00000", "2009-12-31": -36, "2009-09-30": 522, "2009-06-30": -123, "2009-03-31": "-271.00000", "2008-12-31": 224, "2008-09-30": 296, "2008-06-30": -120, "2008-03-31": "-848.00000", "2007-12-31": -686, "2007-09-30": 1626, "2007-06-30": -79, "2007-03-31": "-817.00000", "2006-12-31": 407, "2006-09-30": 275, "2006-06-30": -195, "2006-03-31": "-431.00000", "2005-12-31": 796, "2005-09-30": 381, "2005-06-30": -54, "2005-03-31": "-486.00000"}, "Stock-Based Compensation": {"2020-12-31": 71, "2020-09-30": 72, "2020-06-30": 75, "2020-03-31": "72.00000", "2019-12-31": 68, "2019-09-30": 67, "2019-06-30": 60, "2019-03-31": "57.00000", "2018-12-31": 47, "2018-09-30": 47, "2018-06-30": 49, "2018-03-31": "50.00000", "2017-12-31": 38, "2017-09-30": 36, "2017-06-30": 33, "2017-03-31": "42.00000", "2016-12-31": 25, "2016-09-30": 26, "2016-06-30": 27, "2016-03-31": "31.00000", "2015-12-31": 21, "2015-09-30": 21, "2015-06-30": 22, "2015-03-31": "24.00000", "2014-12-31": 19, "2014-09-30": 23, "2014-06-30": 18, "2014-03-31": "33.00000", "2013-12-31": 29, "2013-09-30": 34, "2013-06-30": 24, "2013-03-31": "42.00000", "2012-12-31": 154, "2012-09-30": 3, "2012-06-30": 9, "2012-03-31": "11.00000", "2011-12-31": 5, "2011-09-30": 4, "2011-06-30": 5, "2011-03-31": "7.00000", "2010-12-31": 4, "2010-09-30": 3, "2010-06-30": 5, "2010-03-31": "6.00000", "2009-12-31": 3, "2009-09-30": 4, "2009-06-30": 4, "2009-03-31": "", "2008-12-31": 6, "2008-09-30": 6, "2008-06-30": 7, "2008-03-31": "15.00000", "2007-12-31": 9, "2007-09-30": 10, "2007-06-30": 25, "2007-03-31": "27.00000", "2006-12-31": 23, "2006-09-30": 26, "2006-06-30": 29, "2006-03-31": "38.00000", "2005-12-31": 27, "2005-09-30": 37, "2005-06-30": 0, "2005-03-31": ""}, "Common Stock Dividends Paid": {"2020-12-31": -374, "2020-09-30": -240, "2020-06-30": -238, "2020-03-31": "-250.00000", "2019-12-31": -233, "2019-09-30": -236, "2019-06-30": -223, "2019-03-31": "-214.00000", "2018-12-31": -228, "2018-09-30": -215, "2018-06-30": -199, "2018-03-31": "-195.00000", "2017-12-31": -203, "2017-09-30": -195, "2017-06-30": -188, "2017-03-31": "-176.00000", "2016-12-31": -187, "2016-09-30": -179, "2016-06-30": -170, "2016-03-31": "-167.00000", "2015-12-31": -177, "2015-09-30": -168, "2015-06-30": -165, "2015-03-31": "-152.00000", "2014-12-31": -160, "2014-09-30": -154, "2014-06-30": -150, "2014-03-31": "-138.00000", "2013-12-31": -150, "2013-09-30": -141, "2013-06-30": -141, "2013-03-31": "-129.00000", "2012-12-31": -139, "2012-09-30": -128, "2012-06-30": -125, "2012-03-31": "-121.00000", "2011-12-31": -133, "2011-09-30": -123, "2011-06-30": -118, "2011-03-31": "-117.00000", "2010-12-31": -119, "2010-09-30": -112, "2010-06-30": -112, "2010-03-31": "-109.00000", "2009-12-31": -109, "2009-09-30": -115, "2009-06-30": -105, "2009-03-31": "-102.00000", "2008-12-31": -104, "2008-09-30": -102, "2008-06-30": -103, "2008-03-31": "-103.00000", "2007-12-31": -100, "2007-09-30": -103, "2007-06-30": -105, "2007-03-31": "-105.00000", "2006-12-31": -94, "2006-09-30": -94, "2006-06-30": -93, "2006-03-31": "-93.00000", "2005-12-31": -92, "2005-09-30": -91, "2005-06-30": -90, "2005-03-31": "-90.00000"}}, "financial ratios": {"Current Ratio": {"2019-12-31": "1.05820", "2018-12-31": "1.20510", "2017-12-31": "1.30500", "2016-12-31": "1.19650", "2015-12-31": "1.36030", "2014-12-31": "1.50480", "2013-12-31": "1.65400", "2012-12-31": "1.67310", "2011-12-31": "1.51060", "2010-12-31": "1.69920", "2009-12-31": "1.32730", "2008-12-31": "1.41290", "2007-12-31": "1.56140", "2006-12-31": "1.17880", "2005-12-31": "1.20940"}, "Long-term Debt / Capital": {"2019-12-31": "0.57490", "2018-12-31": "0.42080", "2017-12-31": "0.41250", "2016-12-31": "0.41750", "2015-12-31": "0.40000", "2014-12-31": "0.32070", "2013-12-31": "0.24740", "2012-12-31": "0.28690", "2011-12-31": "0.30990", "2010-12-31": "0.32050", "2009-12-31": "0.34100", "2008-12-31": "0.35670", "2007-12-31": "0.31540", "2006-12-31": "0.39880", "2005-12-31": "0.48480"}, "Debt/Equity Ratio": {"2019-12-31": "1.50520", "2018-12-31": "0.76790", "2017-12-31": "0.73730", "2016-12-31": "0.76640", "2015-12-31": "0.66860", "2014-12-31": "0.47370", "2013-12-31": "0.37050", "2012-12-31": "0.44170", "2011-12-31": "0.49290", "2010-12-31": "0.47300", "2009-12-31": "0.61270", "2008-12-31": "0.62530", "2007-12-31": "0.49400", "2006-12-31": "0.85430", "2005-12-31": "1.03400"}, "Gross Margin": {"2019-12-31": "100.00000", "2018-12-31": "100.00000", "2017-12-31": "100.00000", "2016-12-31": "100.00000", "2015-12-31": "100.00000", "2014-12-31": "100.00000", "2013-12-31": "100.00000", "2012-12-31": "100.00000", "2011-12-31": "100.00000", "2010-12-31": "100.00000", "2009-12-31": "100.00000", "2008-12-31": "100.00000", "2007-12-31": "100.00000", "2006-12-31": "100.00000", "2005-12-31": "100.00000"}, "Operating Margin": {"2019-12-31": "16.07620", "2018-12-31": "18.46820", "2017-12-31": "18.93180", "2016-12-31": "18.40130", "2015-12-31": "18.76210", "2014-12-31": "17.76700", "2013-12-31": "16.93990", "2012-12-31": "15.33880", "2011-12-31": "14.21140", "2010-12-31": "8.90050", "2009-12-31": "7.91370", "2008-12-31": "6.32810", "2007-12-31": "7.66950", "2006-12-31": "9.16830", "2005-12-31": "5.85200"}, "EBIT Margin": {"2019-12-31": "16.07620", "2018-12-31": "18.46820", "2017-12-31": "18.93180", "2016-12-31": "18.40130", "2015-12-31": "18.76210", "2014-12-31": "17.76700", "2013-12-31": "16.93990", "2012-12-31": "15.33880", "2011-12-31": "14.21140", "2010-12-31": "8.90050", "2009-12-31": "7.91370", "2008-12-31": "6.32810", "2007-12-31": "7.66950", "2006-12-31": "9.16830", "2005-12-31": "5.85200"}, "EBITDA Margin": {"2019-12-31": "19.96160", "2018-12-31": "21.77260", "2017-12-31": "22.36170", "2016-12-31": "21.71680", "2015-12-31": "22.04300", "2014-12-31": "20.76290", "2013-12-31": "19.85970", "2012-12-31": "18.26570", "2011-12-31": "17.09180", "2010-12-31": "12.28440", "2009-12-31": "14.83060", "2008-12-31": "15.12580", "2007-12-31": "11.63900", "2006-12-31": "13.88780", "2005-12-31": "10.71220"}, "Pre-Tax Profit Margin": {"2019-12-31": "14.64690", "2018-12-31": "15.01000", "2017-12-31": "18.84630", "2016-12-31": "18.77220", "2015-12-31": "17.89340", "2014-12-31": "15.88290", "2013-12-31": "16.09170", "2012-12-31": "14.22340", "2011-12-31": "12.18120", "2010-12-31": "7.28910", "2009-12-31": "5.61490", "2008-12-31": "4.60390", "2007-12-31": "7.67850", "2006-12-31": "8.82010", "2005-12-31": "2.99540"}, "Net Profit Margin": {"2019-12-31": "10.46120", "2018-12-31": "11.03680", "2017-12-31": "10.63890", "2016-12-31": "13.38280", "2015-12-31": "12.40210", "2014-12-31": "11.31190", "2013-12-31": "11.06760", "2012-12-31": "9.86250", "2011-12-31": "8.61530", "2010-12-31": "8.00000", "2009-12-31": "2.26830", "2008-12-31": "-0.62440", "2007-12-31": "22.22720", "2006-12-31": "9.57450", "2005-12-31": "4.00710"}, "Asset Turnover": {"2019-12-31": "0.53100", "2018-12-31": "0.69280", "2017-12-31": "0.68650", "2016-12-31": "0.72630", "2015-12-31": "0.70780", "2014-12-31": "0.72790", "2013-12-31": "0.72210", "2012-12-31": "0.73210", "2011-12-31": "0.74580", "2010-12-31": "0.68910", "2009-12-31": "0.64100", "2008-12-31": "0.70560", "2007-12-31": "0.64150", "2006-12-31": "0.57010", "2005-12-31": "0.56350"}, "Inventory Turnover Ratio": {"2019-12-31": "", "2018-12-31": "", "2017-12-31": "", "2016-12-31": "", "2015-12-31": "", "2014-12-31": "", "2013-12-31": "", "2012-12-31": "", "2011-12-31": "", "2010-12-31": "", "2009-12-31": "", "2008-12-31": "", "2007-12-31": "", "2006-12-31": "", "2005-12-31": ""}, "Receiveable Turnover": {"2019-12-31": "3.18030", "2018-12-31": "3.46310", "2017-12-31": "3.39320", "2016-12-31": "3.62640", "2015-12-31": "3.71450", "2014-12-31": "3.83510", "2013-12-31": "3.70420", "2012-12-31": "3.89930", "2011-12-31": "3.96630", "2010-12-31": "3.47610", "2009-12-31": "3.60900", "2008-12-31": "3.89470", "2007-12-31": "3.87440", "2006-12-31": "3.80430", "2005-12-31": "3.69300"}, "Days Sales In Receivables": {"2019-12-31": "114.76940", "2018-12-31": "105.39830", "2017-12-31": "107.56880", "2016-12-31": "100.65060", "2015-12-31": "98.26380", "2014-12-31": "95.17450", "2013-12-31": "98.53600", "2012-12-31": "93.60700", "2011-12-31": "92.02590", "2010-12-31": "105.00240", "2009-12-31": "101.13520", "2008-12-31": "93.71620", "2007-12-31": "94.20840", "2006-12-31": "95.94490", "2005-12-31": "98.83460"}, "ROE - Return On Equity": {"2019-12-31": "22.32150", "2018-12-31": "22.02000", "2017-12-31": "20.29030", "2016-12-31": "28.61930", "2015-12-31": "24.78040", "2014-12-31": "20.62250", "2013-12-31": "17.29150", "2012-12-31": "18.22590", "2011-12-31": "16.53200", "2010-12-31": "8.80750", "2009-12-31": "9.05680", "2008-12-31": "6.61460", "2007-12-31": "7.12090", "2006-12-31": "10.86100", "2005-12-31": "3.75000"}, "Return On Tangible Equity": {"2019-12-31": "-18.65920", "2018-12-31": "-48.37780", "2017-12-31": "-51.69460", "2016-12-31": "-55.69350", "2015-12-31": "-70.42620", "2014-12-31": "-183.87500", "2013-12-31": "226.06560", "2012-12-31": "-183.81680", "2011-12-31": "-95.99220", "2010-12-31": "-138.48040", "2009-12-31": "-149.15730", "2008-12-31": "-27.15610", "2007-12-31": "884.12700", "2006-12-31": "-35.58560", "2005-12-31": "-8.32990"}, "ROA - Return On Assets": {"2019-12-31": "5.65420", "2018-12-31": "7.73940", "2017-12-31": "7.39150", "2016-12-31": "9.86810", "2015-12-31": "8.98110", "2014-12-31": "8.26730", "2013-12-31": "8.12130", "2012-12-31": "7.39190", "2011-12-31": "6.35430", "2010-12-31": "3.69040", "2009-12-31": "3.46220", "2008-12-31": "2.50560", "2007-12-31": "3.20870", "2006-12-31": "3.48460", "2005-12-31": "1.12340"}, "ROI - Return On Investment": {"2019-12-31": "9.48940", "2018-12-31": "12.75390", "2017-12-31": "11.92070", "2016-12-31": "16.67130", "2015-12-31": "14.86730", "2014-12-31": "14.00820", "2013-12-31": "13.01440", "2012-12-31": "12.99660", "2011-12-31": "11.40800", "2010-12-31": "5.98450", "2009-12-31": "5.96830", "2008-12-31": "4.25510", "2007-12-31": "4.87480", "2006-12-31": "6.52960", "2005-12-31": "1.93190"}, "Book Value Per Share": {"2019-12-31": "15.77150", "2018-12-31": "15.05250", "2017-12-31": "14.62910", "2016-12-31": "12.20230", "2015-12-31": "12.65000", "2014-12-31": "13.20580", "2013-12-31": "14.58600", "2012-12-31": "12.10980", "2011-12-31": "11.01680", "2010-12-31": "11.86840", "2009-12-31": "11.06910", "2008-12-31": "11.20040", "2007-12-31": "15.03100", "2006-12-31": "10.54330", "2005-12-31": "9.82430"}, "Operating Cash Flow Per Share": {"2019-12-31": -0.1311, "2018-12-31": 1.1041, "2017-12-31": -0.1828, "2016-12-31": 0.3078, "2015-12-31": -0.3094, "2014-12-31": 1.4286, "2013-12-31": 0.0083, "2012-12-31": -0.6995, "2011-12-31": 1.7672, "2010-12-31": 0.1058, "2009-12-31": -0.6038, "2008-12-31": 2.3842, "2007-12-31": -1.9701, "2006-12-31": 0.6763, "2005-12-31": 0.7348}, "Free Cash Flow Per Share": {"2019-12-31": -0.3269, "2018-12-31": 1.062, "2017-12-31": -0.2741, "2016-12-31": 0.4352, "2015-12-31": -0.252, "2014-12-31": 1.4783, "2013-12-31": -0.1326, "2012-12-31": -0.7656, "2011-12-31": 1.7516, "2010-12-31": 0.1874, "2009-12-31": -0.423, "2008-12-31": 2.3119, "2007-12-31": -2.3403, "2006-12-31": 0.9199, "2005-12-31": 0.1842}}, "financial ratios, quarterly": {"Current Ratio": {"2020-09-30": "1.27290", "2020-06-30": "1.36590", "2020-03-31": "1.12980", "2019-12-31": "1.05820", "2019-09-30": "1.13730", "2019-06-30": "1.17930", "2019-03-31": "2.20860", "2018-12-31": "1.20510", "2018-09-30": "1.26210", "2018-06-30": "1.46470", "2018-03-31": "1.52110", "2017-12-31": "1.30500", "2017-09-30": "1.36730", "2017-06-30": "1.42010", "2017-03-31": "1.38820", "2016-12-31": "1.19650", "2016-09-30": "1.36180", "2016-06-30": "1.40700", "2016-03-31": "1.51880", "2015-12-31": "1.36030", "2015-09-30": "1.62340", "2015-06-30": "1.65180", "2015-03-31": "1.88050", "2014-12-31": "1.50480", "2014-09-30": "1.65910", "2014-06-30": "1.81700", "2014-03-31": "1.66410", "2013-12-31": "1.65400", "2013-09-30": "1.58260", "2013-06-30": "1.75910", "2013-03-31": "1.79470", "2012-12-31": "1.67310", "2012-09-30": "1.61180", "2012-06-30": "1.63880", "2012-03-31": "1.66060", "2011-12-31": "1.51060", "2011-09-30": "1.48640", "2011-06-30": "1.59960", "2011-03-31": "1.70860", "2010-12-31": "1.69920", "2010-09-30": "1.71190", "2010-06-30": "1.34410", "2010-03-31": "1.44680", "2009-12-31": "1.32730", "2009-09-30": "1.43370", "2009-06-30": "1.68160", "2009-03-31": "1.61240", "2008-12-31": "1.41290", "2008-09-30": "1.44990", "2008-06-30": "1.46900", "2008-03-31": "1.65880", "2007-12-31": "1.56140", "2007-09-30": "1.47420", "2007-06-30": "1.13060", "2007-03-31": "1.22830", "2006-12-31": "1.17880", "2006-09-30": "1.02710", "2006-06-30": "1.21500", "2006-03-31": "1.19740", "2005-12-31": "1.20940", "2005-09-30": "1.11500", "2005-06-30": "1.03100", "2005-03-31": "1.03520"}, "Long-term Debt / Capital": {"2020-09-30": "0.56850", "2020-06-30": "0.58820", "2020-03-31": "0.60120", "2019-12-31": "0.57490", "2019-09-30": "0.59450", "2019-06-30": "0.57890", "2019-03-31": "0.58960", "2018-12-31": "0.42080", "2018-09-30": "0.42240", "2018-06-30": "0.42710", "2018-03-31": "0.42030", "2017-12-31": "0.41250", "2017-09-30": "0.43430", "2017-06-30": "0.43650", "2017-03-31": "0.45290", "2016-12-31": "0.41750", "2016-09-30": "0.39950", "2016-06-30": "0.40140", "2016-03-31": "0.41220", "2015-12-31": "0.40000", "2015-09-30": "0.41080", "2015-06-30": "0.35760", "2015-03-31": "0.35810", "2014-12-31": "0.32070", "2014-09-30": "0.29920", "2014-06-30": "0.28080", "2014-03-31": "0.24560", "2013-12-31": "0.24740", "2013-09-30": "0.26920", "2013-06-30": "0.28310", "2013-03-31": "0.28720", "2012-12-31": "0.28690", "2012-09-30": "0.28790", "2012-06-30": "0.29570", "2012-03-31": "0.29840", "2011-12-31": "0.30990", "2011-09-30": "0.29230", "2011-06-30": "0.29030", "2011-03-31": "0.29300", "2010-12-31": "0.32050", "2010-09-30": "0.32070", "2010-06-30": "0.33400", "2010-03-31": "0.33520", "2009-12-31": "0.34100", "2009-09-30": "0.33460", "2009-06-30": "0.38380", "2009-03-31": "0.38670", "2008-12-31": "0.35670", "2008-09-30": "0.31610", "2008-06-30": "0.29810", "2008-03-31": "0.32380", "2007-12-31": "0.31540", "2007-09-30": "0.34260", "2007-06-30": "0.38930", "2007-03-31": "0.37760", "2006-12-31": "0.39880", "2006-09-30": "0.38380", "2006-06-30": "0.42970", "2006-03-31": "0.44140", "2005-12-31": "0.48480", "2005-09-30": "0.47910", "2005-06-30": "0.48360", "2005-03-31": "0.48260"}, "Debt/Equity Ratio": {"2020-09-30": "1.45660", "2020-06-30": "1.57300", "2020-03-31": "1.83060", "2019-12-31": "1.50520", "2019-09-30": "1.61190", "2019-06-30": "1.57390", "2019-03-31": "1.63210", "2018-12-31": "0.76790", "2018-09-30": "0.81590", "2018-06-30": "0.80180", "2018-03-31": "0.78880", "2017-12-31": "0.73730", "2017-09-30": "0.76960", "2017-06-30": "0.79740", "2017-03-31": "0.89000", "2016-12-31": "0.76640", "2016-09-30": "0.70420", "2016-06-30": "0.70950", "2016-03-31": "0.74040", "2015-12-31": "0.66860", "2015-09-30": "0.70690", "2015-06-30": "0.57280", "2015-03-31": "0.56670", "2014-12-31": "0.47370", "2014-09-30": "0.50780", "2014-06-30": "0.43080", "2014-03-31": "0.37930", "2013-12-31": "0.37050", "2013-09-30": "0.45030", "2013-06-30": "0.39630", "2013-03-31": "0.40440", "2012-12-31": "0.44170", "2012-09-30": "0.44360", "2012-06-30": "0.46060", "2012-03-31": "0.46660", "2011-12-31": "0.49290", "2011-09-30": "0.45320", "2011-06-30": "0.44730", "2011-03-31": "0.45340", "2010-12-31": "0.47300", "2010-09-30": "0.47340", "2010-06-30": "0.59370", "2010-03-31": "0.59690", "2009-12-31": "0.61270", "2009-09-30": "0.59530", "2009-06-30": "0.62450", "2009-03-31": "0.70210", "2008-12-31": "0.62530", "2008-09-30": "0.52130", "2008-06-30": "0.47890", "2008-03-31": "0.48000", "2007-12-31": "0.49400", "2007-09-30": "0.55890", "2007-06-30": "0.87450", "2007-03-31": "0.78240", "2006-12-31": "0.85430", "2006-09-30": "0.81930", "2006-06-30": "0.86970", "2006-03-31": "0.94320", "2005-12-31": "1.03400", "2005-09-30": "0.93410", "2005-06-30": "1.00900", "2005-03-31": "1.04140"}, "Gross Margin": {"2020-09-30": "100.00000", "2020-06-30": "100.00000", "2020-03-31": "100.00000", "2019-12-31": "100.00000", "2019-09-30": "100.00000", "2019-06-30": "100.00000", "2019-03-31": "100.00000", "2018-12-31": "100.00000", "2018-09-30": "100.00000", "2018-06-30": "100.00000", "2018-03-31": "100.00000", "2017-12-31": "100.00000", "2017-09-30": "100.00000", "2017-06-30": "100.00000", "2017-03-31": "100.00000", "2016-12-31": "100.00000", "2016-09-30": "100.00000", "2016-06-30": "100.00000", "2016-03-31": "100.00000", "2015-12-31": "100.00000", "2015-09-30": "100.00000", "2015-06-30": "100.00000", "2015-03-31": "100.00000", "2014-12-31": "100.00000", "2014-09-30": "100.00000", "2014-06-30": "100.00000", "2014-03-31": "100.00000", "2013-12-31": "100.00000", "2013-09-30": "100.00000", "2013-06-30": "100.00000", "2013-03-31": "100.00000", "2012-12-31": "100.00000", "2012-09-30": "100.00000", "2012-06-30": "100.00000", "2012-03-31": "100.00000", "2011-12-31": "100.00000", "2011-09-30": "100.00000", "2011-06-30": "100.00000", "2011-03-31": "100.00000", "2010-12-31": "100.00000", "2010-09-30": "100.00000", "2010-06-30": "100.00000", "2010-03-31": "100.00000", "2009-12-31": "100.00000", "2009-09-30": "100.00000", "2009-06-30": "100.00000", "2009-03-31": "100.00000", "2008-12-31": "100.00000", "2008-09-30": "100.00000", "2008-06-30": "100.00000", "2008-03-31": "100.00000", "2007-12-31": "100.00000", "2007-09-30": "100.00000", "2007-06-30": "100.00000", "2007-03-31": "100.00000", "2006-12-31": "100.00000", "2006-09-30": "100.00000", "2006-06-30": "100.00000", "2006-03-31": "100.00000", "2005-12-31": "100.00000", "2005-09-30": "100.00000", "2005-06-30": "100.00000", "2005-03-31": "100.00000"}, "Operating Margin": {"2020-09-30": "13.60890", "2020-06-30": "21.12680", "2020-03-31": "23.00580", "2019-12-31": "13.88370", "2019-09-30": "11.76920", "2019-06-30": "15.63580", "2019-03-31": "23.04100", "2018-12-31": "16.72950", "2018-09-30": "15.43950", "2018-06-30": "18.50560", "2018-03-31": "22.70000", "2017-12-31": "18.18180", "2017-09-30": "16.01320", "2017-06-30": "20.05720", "2017-03-31": "21.38170", "2016-12-31": "11.89060", "2016-09-30": "18.24560", "2016-06-30": "21.50470", "2016-03-31": "21.97240", "2015-12-31": "17.79510", "2015-09-30": "14.79940", "2015-06-30": "19.50390", "2015-03-31": "22.86160", "2014-12-31": "16.51260", "2014-09-30": "14.16750", "2014-06-30": "19.60610", "2014-03-31": "20.61890", "2013-12-31": "15.69820", "2013-09-30": "13.77900", "2013-06-30": "18.68520", "2013-03-31": "19.41780", "2012-12-31": "13.52430", "2012-09-30": "13.28650", "2012-06-30": "17.11830", "2012-03-31": "17.27300", "2011-12-31": "13.44570", "2011-09-30": "11.04780", "2011-06-30": "15.88120", "2011-03-31": "16.36620", "2010-12-31": "11.66970", "2010-09-30": "9.46910", "2010-06-30": "-1.91860", "2010-03-31": "16.12900", "2009-12-31": "-1.45960", "2009-09-30": "8.28380", "2009-06-30": "11.90280", "2009-03-31": "12.41860", "2008-12-31": "28.43940", "2008-09-30": "2.27030", "2008-06-30": "5.93470", "2008-03-31": "-2.89570", "2007-12-31": "3.96880", "2007-09-30": "4.27100", "2007-06-30": "8.58170", "2007-03-31": "13.76250", "2006-12-31": "4.16000", "2006-09-30": "9.63670", "2006-06-30": "9.98480", "2006-03-31": "12.60280", "2005-12-31": "-12.02230", "2005-09-30": "6.72900", "2005-06-30": "9.84210", "2005-03-31": "8.50160"}, "EBIT Margin": {"2020-09-30": "13.60890", "2020-06-30": "21.12680", "2020-03-31": "23.00580", "2019-12-31": "13.88370", "2019-09-30": "11.76920", "2019-06-30": "15.63580", "2019-03-31": "23.04100", "2018-12-31": "16.72950", "2018-09-30": "15.43950", "2018-06-30": "18.50560", "2018-03-31": "22.70000", "2017-12-31": "18.18180", "2017-09-30": "16.01320", "2017-06-30": "20.05720", "2017-03-31": "21.38170", "2016-12-31": "11.89060", "2016-09-30": "18.24560", "2016-06-30": "21.50470", "2016-03-31": "21.97240", "2015-12-31": "17.79510", "2015-09-30": "14.79940", "2015-06-30": "19.50390", "2015-03-31": "22.86160", "2014-12-31": "16.51260", "2014-09-30": "14.16750", "2014-06-30": "19.60610", "2014-03-31": "20.61890", "2013-12-31": "15.69820", "2013-09-30": "13.77900", "2013-06-30": "18.68520", "2013-03-31": "19.41780", "2012-12-31": "13.52430", "2012-09-30": "13.28650", "2012-06-30": "17.11830", "2012-03-31": "17.27300", "2011-12-31": "13.44570", "2011-09-30": "11.04780", "2011-06-30": "15.88120", "2011-03-31": "16.36620", "2010-12-31": "11.66970", "2010-09-30": "9.46910", "2010-06-30": "-1.91860", "2010-03-31": "16.12900", "2009-12-31": "-1.45960", "2009-09-30": "8.28380", "2009-06-30": "11.90280", "2009-03-31": "12.41860", "2008-12-31": "28.43940", "2008-09-30": "2.27030", "2008-06-30": "5.93470", "2008-03-31": "-2.89570", "2007-12-31": "3.96880", "2007-09-30": "4.27100", "2007-06-30": "8.58170", "2007-03-31": "13.76250", "2006-12-31": "4.16000", "2006-09-30": "9.63670", "2006-06-30": "9.98480", "2006-03-31": "12.60280", "2005-12-31": "-12.02230", "2005-09-30": "6.72900", "2005-06-30": "9.84210", "2005-03-31": "8.50160"}, "EBITDA Margin": {"2020-09-30": "", "2020-06-30": "", "2020-03-31": "", "2019-12-31": "", "2019-09-30": "", "2019-06-30": "", "2019-03-31": "", "2018-12-31": "", "2018-09-30": "", "2018-06-30": "", "2018-03-31": "", "2017-12-31": "", "2017-09-30": "", "2017-06-30": "", "2017-03-31": "", "2016-12-31": "", "2016-09-30": "", "2016-06-30": "", "2016-03-31": "", "2015-12-31": "", "2015-09-30": "", "2015-06-30": "", "2015-03-31": "", "2014-12-31": "", "2014-09-30": "", "2014-06-30": "", "2014-03-31": "", "2013-12-31": "", "2013-09-30": "", "2013-06-30": "", "2013-03-31": "", "2012-12-31": "", "2012-09-30": "", "2012-06-30": "", "2012-03-31": "", "2011-12-31": "", "2011-09-30": "", "2011-06-30": "", "2011-03-31": "", "2010-12-31": "", "2010-09-30": "", "2010-06-30": "", "2010-03-31": "", "2009-12-31": "", "2009-09-30": "", "2009-06-30": "", "2009-03-31": "", "2008-12-31": "", "2008-09-30": "", "2008-06-30": "", "2008-03-31": "", "2007-12-31": "", "2007-09-30": "", "2007-06-30": "", "2007-03-31": "", "2006-12-31": "", "2006-09-30": "", "2006-06-30": "", "2006-03-31": "", "2005-12-31": "", "2005-09-30": "", "2005-06-30": "", "2005-03-31": ""}, "Pre-Tax Profit Margin": {"2020-09-30": "11.56750", "2020-06-30": "18.78730", "2020-03-31": "21.65130", "2019-12-31": "12.45310", "2019-09-30": "10.43350", "2019-06-30": "12.64660", "2019-03-31": "23.18840", "2018-12-31": "6.03450", "2018-09-30": "10.98740", "2018-06-30": "19.25550", "2018-03-31": "22.90000", "2017-12-31": "17.42200", "2017-09-30": "16.07300", "2017-06-30": "20.34340", "2017-03-31": "21.49590", "2016-12-31": "17.47920", "2016-09-30": "16.74640", "2016-06-30": "20.17180", "2016-03-31": "20.56360", "2015-12-31": "16.50690", "2015-09-30": "14.67100", "2015-06-30": "18.44960", "2015-03-31": "21.89740", "2014-12-31": "11.33700", "2014-09-30": "13.75360", "2014-06-30": "18.42420", "2014-03-31": "19.88360", "2013-12-31": "14.06100", "2013-09-30": "13.06280", "2013-06-30": "18.26430", "2013-03-31": "18.81000", "2012-12-31": "12.32510", "2012-09-30": "11.81020", "2012-06-30": "15.96170", "2012-03-31": "16.61750", "2011-12-31": "11.82940", "2011-09-30": "7.05630", "2011-06-30": "14.17350", "2011-03-31": "15.49930", "2010-12-31": "10.70020", "2010-09-30": "7.25040", "2010-06-30": "-3.41520", "2010-03-31": "14.30740", "2009-12-31": "-2.87740", "2009-09-30": "6.83940", "2009-06-30": "8.13770", "2009-03-31": "9.92720", "2008-12-31": "26.86240", "2008-09-30": "-0.10640", "2008-06-30": "3.98950", "2008-03-31": "-3.88290", "2007-12-31": "5.24450", "2007-09-30": "5.85420", "2007-06-30": "7.64810", "2007-03-31": "11.91320", "2006-12-31": "10.28000", "2006-09-30": "7.26700", "2006-06-30": "7.47910", "2006-03-31": "10.24680", "2005-12-31": "-17.43630", "2005-09-30": "3.20260", "2005-06-30": "7.75950", "2005-03-31": "6.54720"}, "Net Profit Margin": {"2020-09-30": "7.96370", "2020-06-30": "13.65480", "2020-03-31": "16.21160", "2019-12-31": "9.16980", "2019-09-30": "7.63610", "2019-06-30": "7.63390", "2019-03-31": "17.58780", "2018-12-31": "4.12180", "2018-09-30": "7.87670", "2018-06-30": "14.22070", "2018-03-31": "17.25000", "2017-12-31": "0.78700", "2017-09-30": "11.76300", "2017-06-30": "14.33480", "2017-03-31": "16.24320", "2016-12-31": "12.96080", "2016-09-30": "12.08930", "2016-06-30": "13.98100", "2016-03-31": "14.41850", "2015-12-31": "11.23430", "2015-09-30": "10.36920", "2015-06-30": "12.99230", "2015-03-31": "14.99220", "2014-12-31": "9.05730", "2014-09-30": "9.45560", "2014-06-30": "13.06060", "2014-03-31": "13.57230", "2013-12-31": "9.72710", "2013-09-30": "8.62890", "2013-06-30": "12.56480", "2013-03-31": "13.21180", "2012-12-31": "8.62760", "2012-09-30": "8.47100", "2012-06-30": "10.87240", "2012-03-31": "11.37330", "2011-12-31": "9.00960", "2011-09-30": "4.59730", "2011-06-30": "9.56280", "2011-03-31": "11.16510", "2010-12-31": "7.00180", "2010-09-30": "6.53720", "2010-06-30": "9.05600", "2010-03-31": "9.41180", "2009-12-31": "0.79230", "2009-09-30": "9.38830", "2009-06-30": "-7.81380", "2009-03-31": "6.74590", "2008-12-31": "4.67650", "2008-09-30": "-0.28380", "2008-06-30": "2.14310", "2008-03-31": "-6.91020", "2007-12-31": "3.01200", "2007-09-30": "71.61270", "2007-06-30": "6.35550", "2007-03-31": "9.53060", "2006-12-31": "9.04000", "2006-09-30": "6.95100", "2006-06-30": "6.53000", "2006-03-31": "15.55720", "2005-12-31": "2.78660", "2005-09-30": "2.48290", "2005-06-30": "5.57610", "2005-03-31": "4.36480"}, "Asset Turnover": {"2020-09-30": "0.12140", "2020-06-30": "0.13020", "2020-03-31": "0.14820", "2019-12-31": "0.13600", "2019-09-30": "0.12760", "2019-06-30": "0.13540", "2019-03-31": "0.13510", "2018-12-31": "0.17200", "2018-09-30": "0.16580", "2018-06-30": "0.17650", "2018-03-31": "0.18710", "2017-12-31": "0.18040", "2017-09-30": "0.16970", "2017-06-30": "0.17980", "2017-03-31": "0.18470", "2016-12-31": "0.18490", "2016-09-30": "0.17080", "2016-06-30": "0.18680", "2016-03-31": "0.18400", "2015-12-31": "0.18320", "2015-09-30": "0.17580", "2015-06-30": "0.18520", "2015-03-31": "0.19100", "2014-12-31": "0.18240", "2014-09-30": "0.17460", "2014-06-30": "0.18760", "2014-03-31": "0.19690", "2013-12-31": "0.18350", "2013-09-30": "0.17270", "2013-06-30": "0.19500", "2013-03-31": "0.20120", "2012-12-31": "0.18430", "2012-09-30": "0.18080", "2012-06-30": "0.19910", "2012-03-31": "0.20330", "2011-12-31": "0.18820", "2011-09-30": "0.18560", "2011-06-30": "0.18950", "2011-03-31": "0.19130", "2010-12-31": "0.18190", "2010-09-30": "0.16940", "2010-06-30": "0.16680", "2010-03-31": "0.17610", "2009-12-31": "0.15640", "2009-09-30": "0.15340", "2009-06-30": "0.16550", "2009-03-31": "0.17560", "2008-12-31": "0.12090", "2008-09-30": "0.17590", "2008-06-30": "0.18460", "2008-03-31": "0.18450", "2007-12-31": "0.16260", "2007-09-30": "0.15480", "2007-06-30": "0.16200", "2007-03-31": "0.16320", "2006-12-31": "0.13780", "2006-09-30": "0.14210", "2006-06-30": "0.15110", "2006-03-31": "0.15260", "2005-12-31": "0.07020", "2005-09-30": "0.15870", "2005-06-30": "0.17380", "2005-03-31": "0.17500"}, "Inventory Turnover Ratio": {"2020-09-30": "", "2020-06-30": "", "2020-03-31": "", "2019-12-31": "", "2019-09-30": "", "2019-06-30": "", "2019-03-31": "", "2018-12-31": "", "2018-09-30": "", "2018-06-30": "", "2018-03-31": "", "2017-12-31": "", "2017-09-30": "", "2017-06-30": "", "2017-03-31": "", "2016-12-31": "", "2016-09-30": "", "2016-06-30": "", "2016-03-31": "", "2015-12-31": "", "2015-09-30": "", "2015-06-30": "", "2015-03-31": "", "2014-12-31": "", "2014-09-30": "", "2014-06-30": "", "2014-03-31": "", "2013-12-31": "", "2013-09-30": "", "2013-06-30": "", "2013-03-31": "", "2012-12-31": "", "2012-09-30": "", "2012-06-30": "", "2012-03-31": "", "2011-12-31": "", "2011-09-30": "", "2011-06-30": "", "2011-03-31": "", "2010-12-31": "", "2010-09-30": "", "2010-06-30": "", "2010-03-31": "", "2009-12-31": "", "2009-09-30": "", "2009-06-30": "", "2009-03-31": "", "2008-12-31": "", "2008-09-30": "", "2008-06-30": "", "2008-03-31": "", "2007-12-31": "", "2007-09-30": "", "2007-06-30": "", "2007-03-31": "", "2006-12-31": "", "2006-09-30": "", "2006-06-30": "", "2006-03-31": "", "2005-12-31": "", "2005-09-30": "", "2005-06-30": "", "2005-03-31": ""}, "Receiveable Turnover": {"2020-09-30": "0.75780", "2020-06-30": "0.74180", "2020-03-31": "0.83680", "2019-12-31": "0.81440", "2019-09-30": "0.76340", "2019-06-30": "0.78320", "2019-03-31": "0.87930", "2018-12-31": "0.85990", "2018-09-30": "0.78280", "2018-06-30": "0.81160", "2018-03-31": "0.87680", "2017-12-31": "0.89160", "2017-09-30": "0.85470", "2017-06-30": "0.87730", "2017-03-31": "0.92310", "2016-12-31": "0.92340", "2016-09-30": "0.87010", "2016-06-30": "0.90730", "2016-03-31": "0.91470", "2015-12-31": "0.96170", "2015-09-30": "0.88570", "2015-06-30": "0.88140", "2015-03-31": "0.95120", "2014-12-31": "0.96120", "2014-09-30": "0.89850", "2014-06-30": "0.89040", "2014-03-31": "0.94280", "2013-12-31": "0.94110", "2013-09-30": "0.89010", "2013-06-30": "0.92320", "2013-03-31": "0.98430", "2012-12-31": "0.98170", "2012-09-30": "0.93000", "2012-06-30": "0.97550", "2012-03-31": "1.01430", "2011-12-31": "1.00070", "2011-09-30": "0.95930", "2011-06-30": "0.94120", "2011-03-31": "0.89790", "2010-12-31": "0.91760", "2010-09-30": "0.82620", "2010-06-30": "0.81060", "2010-03-31": "0.89780", "2009-12-31": "0.88030", "2009-09-30": "0.86740", "2009-06-30": "0.86550", "2009-03-31": "0.95010", "2008-12-31": "0.66750", "2008-09-30": "0.96740", "2008-06-30": "0.96500", "2008-03-31": "0.98990", "2007-12-31": "0.98190", "2007-09-30": "0.90500", "2007-06-30": "0.91970", "2007-03-31": "0.96830", "2006-12-31": "0.91980", "2006-09-30": "0.90430", "2006-06-30": "0.90170", "2006-03-31": "0.94120", "2005-12-31": "0.46010", "2005-09-30": "0.93220", "2005-06-30": "1.02300", "2005-03-31": "1.01520"}, "Days Sales In Receivables": {"2020-09-30": "118.76010", "2020-06-30": "121.32490", "2020-03-31": "107.55110", "2019-12-31": "110.51590", "2019-09-30": "117.89820", "2019-06-30": "114.91610", "2019-03-31": "102.35810", "2018-12-31": "104.66860", "2018-09-30": "114.96580", "2018-06-30": "110.89720", "2018-03-31": "102.64500", "2017-12-31": "100.94170", "2017-09-30": "105.30080", "2017-06-30": "102.59230", "2017-03-31": "97.50210", "2016-12-31": "97.46430", "2016-09-30": "103.43540", "2016-06-30": "99.19730", "2016-03-31": "98.39030", "2015-12-31": "93.58600", "2015-09-30": "101.61480", "2015-06-30": "102.11160", "2015-03-31": "94.61900", "2014-12-31": "93.63220", "2014-09-30": "100.17190", "2014-06-30": "101.07270", "2014-03-31": "95.45960", "2013-12-31": "95.63400", "2013-09-30": "101.11190", "2013-06-30": "97.49030", "2013-03-31": "91.43950", "2012-12-31": "91.67890", "2012-09-30": "96.76980", "2012-06-30": "92.26040", "2012-03-31": "88.73160", "2011-12-31": "89.93810", "2011-09-30": "93.81680", "2011-06-30": "95.62500", "2011-03-31": "100.23580", "2010-12-31": "98.07900", "2010-09-30": "108.93420", "2010-06-30": "111.03220", "2010-03-31": "100.24670", "2009-12-31": "102.23520", "2009-09-30": "103.76380", "2009-06-30": "103.99190", "2009-03-31": "94.72600", "2008-12-31": "134.82870", "2008-09-30": "93.03300", "2008-06-30": "93.26410", "2008-03-31": "90.91810", "2007-12-31": "91.65840", "2007-09-30": "99.44400", "2007-06-30": "97.85280", "2007-03-31": "92.94450", "2006-12-31": "97.84800", "2006-09-30": "99.52610", "2006-06-30": "99.80640", "2006-03-31": "95.62080", "2005-12-31": "195.62100", "2005-09-30": "96.54190", "2005-06-30": "87.97450", "2005-03-31": "88.65150"}, "ROE - Return On Equity": {"2020-09-30": "3.65630", "2020-06-30": "6.91130", "2020-03-31": "10.29390", "2019-12-31": "4.98550", "2019-09-30": "3.92460", "2019-06-30": "4.12620", "2019-03-31": "9.10340", "2018-12-31": "2.09650", "2018-09-30": "3.70120", "2018-06-30": "6.87440", "2018-03-31": "8.67720", "2017-12-31": "0.37620", "2017-09-30": "5.56720", "2017-06-30": "7.16710", "2017-03-31": "8.73240", "2016-12-31": "7.03130", "2016-09-30": "5.68550", "2016-06-30": "7.15880", "2016-03-31": "7.23670", "2015-12-31": "5.75580", "2015-09-30": "5.18680", "2015-06-30": "6.24270", "2015-03-31": "7.25630", "2014-12-31": "3.77120", "2014-09-30": "3.85340", "2014-06-30": "5.34760", "2014-03-31": "5.68200", "2013-12-31": "3.84950", "2013-09-30": "3.65170", "2013-06-30": "5.84280", "2013-03-31": "6.13730", "2012-12-31": "4.01150", "2012-09-30": "3.73860", "2012-06-30": "5.34360", "2012-03-31": "5.65040", "2011-12-31": "4.10770", "2011-09-30": "2.05720", "2011-06-30": "4.21830", "2011-03-31": "4.77050", "2010-12-31": "2.99300", "2010-09-30": "1.99530", "2010-06-30": "-0.47990", "2010-03-31": "4.55600", "2009-12-31": "-0.20470", "2009-09-30": "3.42770", "2009-06-30": "2.72570", "2009-03-31": "3.14370", "2008-12-31": "9.04510", "2008-09-30": "0.24580", "2008-06-30": "0.73020", "2008-03-31": "-2.81800", "2007-12-31": "1.39350", "2007-09-30": "1.15570", "2007-06-30": "2.47390", "2007-03-31": "3.83320", "2006-12-31": "2.88710", "2006-09-30": "2.14380", "2006-06-30": "2.17750", "2006-03-31": "3.48490", "2005-12-31": "-2.81720", "2005-09-30": "1.17560", "2005-06-30": "3.19490", "2005-03-31": "2.56560"}, "Return On Tangible Equity": {"2020-09-30": "-3.55830", "2020-06-30": "-6.32770", "2020-03-31": "-7.96970", "2019-12-31": "-4.16750", "2019-09-30": "-3.26990", "2019-06-30": "-3.72900", "2019-03-31": "-22.59870", "2018-12-31": "-4.60600", "2018-09-30": "-8.64850", "2018-06-30": "-20.50500", "2018-03-31": "-28.65380", "2017-12-31": "-0.95860", "2017-09-30": "-12.07050", "2017-06-30": "-17.01340", "2017-03-31": "-16.79740", "2016-12-31": "-13.68290", "2016-09-30": "-18.04510", "2016-06-30": "-21.86790", "2016-03-31": "-22.13190", "2015-12-31": "-16.35820", "2015-09-30": "-16.45820", "2015-06-30": "-33.43730", "2015-03-31": "-51.39320", "2014-12-31": "-33.62500", "2014-09-30": "301.98020", "2014-06-30": "123.24930", "2014-03-31": "187.29510", "2013-12-31": "50.32790", "2013-09-30": "-111.58800", "2013-06-30": "-91.95400", "2013-03-31": "-84.77370", "2012-12-31": "-40.45800", "2012-09-30": "-46.15390", "2012-06-30": "-45.68730", "2012-03-31": "-40.97220", "2011-12-31": "-23.85140", "2011-09-30": "-28.41880", "2011-06-30": "-130.00000", "2011-03-31": "-104.24840", "2010-12-31": "-47.05880", "2010-09-30": "-55.17240", "2010-06-30": "6.35970", "2010-03-31": "-22.16830", "2009-12-31": "3.37080", "2009-09-30": "-20.53570", "2009-06-30": "-12.83730", "2009-03-31": "-12.47390", "2008-12-31": "-37.13470", "2008-09-30": "-4.05730", "2008-06-30": "35.25640", "2008-03-31": "-326.15380", "2007-12-31": "173.01590", "2007-09-30": "-9.59230", "2007-06-30": "-7.19050", "2007-03-31": "-13.86020", "2006-12-31": "-9.45950", "2006-09-30": "-8.10480", "2006-06-30": "-7.27780", "2006-03-31": "-9.75130", "2005-12-31": "6.25780", "2005-09-30": "-2.37200", "2005-06-30": "-5.22710", "2005-03-31": "-4.18290"}, "ROA - Return On Assets": {"2020-09-30": "0.97920", "2020-06-30": "1.80300", "2020-03-31": "2.44340", "2019-12-31": "1.26290", "2019-09-30": "0.98400", "2019-06-30": "1.07110", "2019-03-31": "2.41230", "2018-12-31": "0.73690", "2018-09-30": "1.32050", "2018-06-30": "2.53320", "2018-03-31": "3.25550", "2017-12-31": "0.13710", "2017-09-30": "2.01630", "2017-06-30": "2.60780", "2017-03-31": "3.04710", "2016-12-31": "2.42440", "2016-09-30": "2.09170", "2016-06-30": "2.65550", "2016-03-31": "2.70300", "2015-12-31": "2.08610", "2015-09-30": "1.85620", "2015-06-30": "2.46370", "2015-03-31": "2.95830", "2014-12-31": "1.51180", "2014-09-30": "1.69570", "2014-06-30": "2.50170", "2014-03-31": "2.75680", "2013-12-31": "1.80800", "2013-09-30": "1.53160", "2013-06-30": "2.52560", "2013-03-31": "2.65170", "2012-12-31": "1.62700", "2012-09-30": "1.56330", "2012-06-30": "2.23000", "2012-03-31": "2.35840", "2011-12-31": "1.57890", "2011-09-30": "0.87960", "2011-06-30": "1.85100", "2011-03-31": "2.11640", "2010-12-31": "1.25410", "2010-09-30": "0.85890", "2010-06-30": "-0.18560", "2010-03-31": "1.83130", "2009-12-31": "-0.07820", "2009-09-30": "1.34930", "2009-06-30": "1.05220", "2009-03-31": "1.20460", "2008-12-31": "3.42630", "2008-09-30": "0.10610", "2008-06-30": "0.33470", "2008-03-31": "-1.28700", "2007-12-31": "0.62790", "2007-09-30": "0.45600", "2007-06-30": "0.81450", "2007-03-31": "1.32340", "2006-12-31": "0.92630", "2006-09-30": "0.74660", "2006-06-30": "0.75130", "2006-03-31": "1.14140", "2005-12-31": "-0.84400", "2005-09-30": "0.35980", "2005-06-30": "0.93390", "2005-03-31": "0.73520"}, "ROI - Return On Investment": {"2020-09-30": "1.57760", "2020-06-30": "2.84630", "2020-03-31": "4.10560", "2019-12-31": "2.11950", "2019-09-30": "1.59160", "2019-06-30": "1.73770", "2019-03-31": "3.73630", "2018-12-31": "1.21430", "2018-09-30": "2.13790", "2018-06-30": "3.93830", "2018-03-31": "5.03040", "2017-12-31": "0.22100", "2017-09-30": "3.14930", "2017-06-30": "4.03890", "2017-03-31": "4.77760", "2016-12-31": "4.09580", "2016-09-30": "3.41390", "2016-06-30": "4.28530", "2016-03-31": "4.25380", "2015-12-31": "3.45330", "2015-09-30": "3.05620", "2015-06-30": "4.01050", "2015-03-31": "4.65810", "2014-12-31": "2.56170", "2014-09-30": "2.70050", "2014-06-30": "3.84620", "2014-03-31": "4.28630", "2013-12-31": "2.89730", "2013-09-30": "2.66860", "2013-06-30": "4.18890", "2013-03-31": "4.37460", "2012-12-31": "2.86050", "2012-09-30": "2.66230", "2012-06-30": "3.76370", "2012-03-31": "3.96460", "2011-12-31": "2.83460", "2011-09-30": "1.45590", "2011-06-30": "2.99380", "2011-03-31": "3.37280", "2010-12-31": "2.03370", "2010-09-30": "1.35550", "2010-06-30": "-0.31960", "2010-03-31": "3.02900", "2009-12-31": "-0.13490", "2009-09-30": "2.28070", "2009-06-30": "1.67950", "2009-03-31": "1.92800", "2008-12-31": "5.81860", "2008-09-30": "0.16810", "2008-06-30": "0.51250", "2008-03-31": "-1.90560", "2007-12-31": "0.95400", "2007-09-30": "0.75980", "2007-06-30": "1.51070", "2007-03-31": "2.38570", "2006-12-31": "1.73570", "2006-09-30": "1.32100", "2006-06-30": "1.24180", "2006-03-31": "1.94690", "2005-12-31": "-1.45140", "2005-09-30": "0.61240", "2005-06-30": "1.65000", "2005-03-31": "1.32760"}, "Book Value Per Share": {"2020-09-30": "17.26180", "2020-06-30": "16.57260", "2020-03-31": "14.72680", "2019-12-31": "15.77150", "2019-09-30": "15.43970", "2019-06-30": "16.45780", "2019-03-31": "15.75090", "2018-12-31": "15.05250", "2018-09-30": "14.97020", "2018-06-30": "15.43550", "2018-03-31": "15.79150", "2017-12-31": "14.62910", "2017-09-30": "13.95070", "2017-06-30": "13.79470", "2017-03-31": "12.85180", "2016-12-31": "12.20230", "2016-09-30": "13.07590", "2016-06-30": "12.91790", "2016-03-31": "12.98320", "2015-12-31": "12.65000", "2015-09-30": "12.14440", "2015-06-30": "12.93270", "2015-03-31": "12.74670", "2014-12-31": "13.20580", "2014-09-30": "14.59540", "2014-06-30": "15.07930", "2014-03-31": "14.64270", "2013-12-31": "14.58600", "2013-09-30": "13.00920", "2013-06-30": "12.46890", "2013-03-31": "12.19950", "2012-12-31": "12.10980", "2012-09-30": "12.10060", "2012-06-30": "11.66630", "2012-03-31": "11.47580", "2011-12-31": "11.01680", "2011-09-30": "12.02650", "2011-06-30": "12.52690", "2011-03-31": "12.20020", "2010-12-31": "11.86840", "2010-09-30": "11.81140", "2010-06-30": "11.15940", "2010-03-31": "11.12020", "2009-12-31": "11.06910", "2009-09-30": "11.49160", "2009-06-30": "11.01930", "2009-03-31": "11.02160", "2008-12-31": "11.20040", "2008-09-30": "13.46110", "2008-06-30": "14.71760", "2008-03-31": "14.72010", "2007-12-31": "15.03100", "2007-09-30": "13.31810", "2007-06-30": "10.43830", "2007-03-31": "10.72070", "2006-12-31": "10.54330", "2006-09-30": "11.26910", "2006-06-30": "10.94510", "2006-03-31": "10.45800", "2005-12-31": "9.82430", "2005-09-30": "9.85060", "2005-06-30": "9.38290", "2005-03-31": "9.48260"}, "Operating Cash Flow Per Share": {"2020-09-30": 2.7732, "2020-06-30": 2.3821, "2020-03-31": "-1.25100", "2019-12-31": 2.094, "2019-09-30": 2.0557, "2019-06-30": 1.0108, "2019-03-31": "-0.54010", "2018-12-31": 2.1652, "2018-09-30": 1.7797, "2018-06-30": 1.5148, "2018-03-31": "-0.70820", "2017-12-31": 1.4566, "2017-09-30": 1.5312, "2017-06-30": 1.424, "2017-03-31": "-0.76440", "2016-12-31": 1.704, "2016-09-30": 1.69, "2016-06-30": 1.5408, "2016-03-31": "-1.10460", "2015-12-31": 1.6669, "2015-09-30": 1.6485, "2015-06-30": 1.1666, "2015-03-31": "-0.95960", "2014-12-31": 1.761, "2014-09-30": 1.6068, "2014-06-30": 1.1475, "2014-03-31": "-0.68350", "2013-12-31": 1.3727, "2013-09-30": 1.3221, "2013-06-30": 0.773, "2013-03-31": "-1.06460", "2012-12-31": 1.0362, "2012-09-30": 1.2394, "2012-06-30": 1.0322, "2012-03-31": "-0.91290", "2011-12-31": 1.282, "2011-09-30": 1.2178, "2011-06-30": 1.2758, "2011-03-31": "-0.68120", "2010-12-31": 1.236, "2010-09-30": -0.4079, "2010-06-30": 0.9674, "2010-03-31": "-0.46830", "2009-12-31": 0.4514, "2009-09-30": 1.2212, "2009-06-30": 0.4226, "2009-03-31": "-0.87380", "2008-12-31": 1.238, "2008-09-30": 1.2063, "2008-06-30": 0.1805, "2008-03-31": "-0.79960", "2007-12-31": -0.5034, "2007-09-30": 0.4265, "2007-06-30": 0.1994, "2007-03-31": "-0.68150", "2006-12-31": 1.1638, "2006-09-30": 0.923, "2006-06-30": 0.2558, "2006-03-31": "-0.93150", "2005-12-31": 0.5344, "2005-09-30": 0.9011, "2005-06-30": 0.3254, "2005-03-31": "-1.02610"}, "Free Cash Flow Per Share": {"2020-09-30": 2.6255, "2020-06-30": 2.2241, "2020-03-31": "-1.48240", "2019-12-31": 1.8375, "2019-09-30": 1.8183, "2019-06-30": 0.8412, "2019-03-31": "-0.68100", "2018-12-31": 1.986, "2018-09-30": 1.612, "2018-06-30": 1.364, "2018-03-31": "-0.81910", "2017-12-31": 1.3006, "2017-09-30": 1.3899, "2017-06-30": 1.2716, "2017-03-31": "-0.88120", "2016-12-31": 1.5519, "2016-09-30": 1.5821, "2016-06-30": 1.4206, "2016-03-31": "-1.19960", "2015-12-31": 1.5277, "2015-09-30": 1.5086, "2015-06-30": 1.0083, "2015-03-31": "-1.12480", "2014-12-31": 1.6146, "2014-09-30": 1.4547, "2014-06-30": 0.9622, "2014-03-31": "-0.85970", "2013-12-31": 1.1756, "2013-09-30": 1.1494, "2013-06-30": 0.5893, "2013-03-31": "-1.22080", "2012-12-31": 0.9112, "2012-09-30": 1.0632, "2012-06-30": 0.8553, "2012-03-31": "-1.00360", "2011-12-31": 1.1454, "2011-09-30": 1.1058, "2011-06-30": 1.1412, "2011-03-31": "-0.80070", "2010-12-31": 1.0956, "2010-09-30": -0.5069, "2010-06-30": 0.8671, "2010-03-31": "-0.61570", "2009-12-31": 0.2668, "2009-09-30": 1.1029, "2009-06-30": 0.2888, "2009-03-31": "-1.00580", "2008-12-31": 1.1145, "2008-09-30": 1.0139, "2008-06-30": -0.0238, "2008-03-31": "-1.02890", "2007-12-31": -0.7066, "2007-09-30": 0.2392, "2007-06-30": 0.0657, "2007-03-31": "-0.83450", "2006-12-31": 1.1456, "2006-09-30": 0.854, "2006-06-30": 0.1531, "2006-03-31": "-1.04860", "2005-12-31": 0.346, "2005-09-30": 0.7657, "2005-06-30": 0.205, "2005-03-31": "-1.13250"}}, "revenue": {"Marsh & McLennan Annual Revenue (Millions of US $)": {"2020": "$17,224", "2019": "$16,652", "2018": "$14,950", "2017": "$14,024", "2016": "$13,211", "2015": "$12,893", "2014": "$12,951", "2013": "$12,261", "2012": "$11,924", "2011": "$11,526", "2010": "$10,550", "2009": "$9,831", "2008": "$10,730", "2007": "$11,135", "2006": "$10,340", "2005": "$10,082"}, "Marsh & McLennan Quarterly Revenue (Millions of US $)": {"2020-12-31": "$4,416", "2020-09-30": "$3,968", "2020-06-30": "$4,189", "2020-03-31": "$4,651", "2019-12-31": "$4,264", "2019-09-30": "$3,968", "2019-06-30": "$4,349", "2019-03-31": "$4,071", "2018-12-31": "$3,712", "2018-09-30": "$3,504", "2018-06-30": "$3,734", "2018-03-31": "$4,000", "2017-12-31": "$3,685", "2017-09-30": "$3,341", "2017-06-30": "$3,495", "2017-03-31": "$3,503", "2016-12-31": "$3,364", "2016-09-30": "$3,135", "2016-06-30": "$3,376", "2016-03-31": "$3,336", "2015-12-31": "$3,338", "2015-09-30": "$3,115", "2015-06-30": "$3,225", "2015-03-31": "$3,215", "2014-12-31": "$3,246", "2014-09-30": "$3,141", "2014-06-30": "$3,300", "2014-03-31": "$3,264", "2013-12-31": "$3,115", "2013-09-30": "$2,932", "2013-06-30": "$3,088", "2013-03-31": "$3,126", "2012-12-31": "$3,002", "2012-09-30": "$2,845", "2012-06-30": "$3,026", "2012-03-31": "$3,051", "2011-12-31": "$2,908", "2011-09-30": "$2,806", "2011-06-30": "$2,928", "2011-03-31": "$2,884", "2010-12-31": "$2,785", "2010-09-30": "$2,524", "2010-06-30": "$2,606", "2010-03-31": "$2,635", "2009-12-31": "$2,398", "2009-09-30": "$2,354", "2009-06-30": "$2,470", "2009-03-31": "$2,609", "2008-12-31": "$1,839", "2008-09-30": "$2,819", "2008-06-30": "$3,033", "2008-03-31": "$3,039", "2007-12-31": "$2,822", "2007-09-30": "$2,716", "2007-06-30": "$2,785", "2007-03-31": "$2,812", "2006-12-31": "$2,500", "2006-09-30": "$2,532", "2006-06-30": "$2,634", "2006-03-31": "$2,674", "2005-12-31": "$1,256", "2005-09-30": "$2,779", "2005-06-30": "$2,977", "2005-03-31": "$3,070"}}, "gross-profit": {"Marsh & McLennan Annual Gross Profit (Millions of US $)": {"2020": "$17,224", "2019": "$16,652", "2018": "$14,950", "2017": "$14,024", "2016": "$13,211", "2015": "$12,893", "2014": "$12,951", "2013": "$12,261", "2012": "$11,924", "2011": "$11,526", "2010": "$10,550", "2009": "$9,831", "2008": "$10,730", "2007": "$11,135", "2006": "$10,340", "2005": "$10,082"}, "Marsh & McLennan Quarterly Gross Profit (Millions of US $)": {"2020-12-31": "$4,416", "2020-09-30": "$3,968", "2020-06-30": "$4,189", "2020-03-31": "$4,651", "2019-12-31": "$4,264", "2019-09-30": "$3,968", "2019-06-30": "$4,349", "2019-03-31": "$4,071", "2018-12-31": "$3,712", "2018-09-30": "$3,504", "2018-06-30": "$3,734", "2018-03-31": "$4,000", "2017-12-31": "$3,685", "2017-09-30": "$3,341", "2017-06-30": "$3,495", "2017-03-31": "$3,503", "2016-12-31": "$3,364", "2016-09-30": "$3,135", "2016-06-30": "$3,376", "2016-03-31": "$3,336", "2015-12-31": "$3,338", "2015-09-30": "$3,115", "2015-06-30": "$3,225", "2015-03-31": "$3,215", "2014-12-31": "$3,246", "2014-09-30": "$3,141", "2014-06-30": "$3,300", "2014-03-31": "$3,264", "2013-12-31": "$3,115", "2013-09-30": "$2,932", "2013-06-30": "$3,088", "2013-03-31": "$3,126", "2012-12-31": "$3,002", "2012-09-30": "$2,845", "2012-06-30": "$3,026", "2012-03-31": "$3,051", "2011-12-31": "$2,908", "2011-09-30": "$2,806", "2011-06-30": "$2,928", "2011-03-31": "$2,884", "2010-12-31": "$2,785", "2010-09-30": "$2,524", "2010-06-30": "$2,606", "2010-03-31": "$2,635", "2009-12-31": "$2,398", "2009-09-30": "$2,354", "2009-06-30": "$2,470", "2009-03-31": "$2,609", "2008-12-31": "$1,839", "2008-09-30": "$2,819", "2008-06-30": "$3,033", "2008-03-31": "$3,039", "2007-12-31": "$2,822", "2007-09-30": "$2,716", "2007-06-30": "$2,785", "2007-03-31": "$2,812", "2006-12-31": "$2,500", "2006-09-30": "$2,532", "2006-06-30": "$2,634", "2006-03-31": "$2,674", "2005-12-31": "$1,256", "2005-09-30": "$2,779", "2005-06-30": "$2,977", "2005-03-31": "$3,070"}}, "operating-income": {"Marsh & McLennan Annual Operating Income (Millions of US $)": {"2020": "$3,066", "2019": "$2,677", "2018": "$2,761", "2017": "$2,655", "2016": "$2,431", "2015": "$2,419", "2014": "$2,301", "2013": "$2,077", "2012": "$1,829", "2011": "$1,638", "2010": "$939", "2009": "$778", "2008": "$679", "2007": "$854", "2006": "$948", "2005": "$590"}, "Marsh & McLennan Quarterly Operating Income (Millions of US $)": {"2020-12-31": "$571", "2020-09-30": "$540", "2020-06-30": "$885", "2020-03-31": "$1,070", "2019-12-31": "$592", "2019-09-30": "$467", "2019-06-30": "$680", "2019-03-31": "$938", "2018-12-31": "$621", "2018-09-30": "$541", "2018-06-30": "$691", "2018-03-31": "$908", "2017-12-31": "$670", "2017-09-30": "$535", "2017-06-30": "$701", "2017-03-31": "$749", "2016-12-31": "$400", "2016-09-30": "$572", "2016-06-30": "$726", "2016-03-31": "$733", "2015-12-31": "$594", "2015-09-30": "$461", "2015-06-30": "$629", "2015-03-31": "$735", "2014-12-31": "$536", "2014-09-30": "$445", "2014-06-30": "$647", "2014-03-31": "$673", "2013-12-31": "$489", "2013-09-30": "$404", "2013-06-30": "$577", "2013-03-31": "$607", "2012-12-31": "$406", "2012-09-30": "$378", "2012-06-30": "$518", "2012-03-31": "$527", "2011-12-31": "$391", "2011-09-30": "$310", "2011-06-30": "$465", "2011-03-31": "$472", "2010-12-31": "$325", "2010-09-30": "$239", "2010-06-30": "$-50", "2010-03-31": "$425", "2009-12-31": "$-35", "2009-09-30": "$195", "2009-06-30": "$294", "2009-03-31": "$324", "2008-12-31": "$523", "2008-09-30": "$64", "2008-06-30": "$180", "2008-03-31": "$-88", "2007-12-31": "$112", "2007-09-30": "$116", "2007-06-30": "$239", "2007-03-31": "$387", "2006-12-31": "$104", "2006-09-30": "$244", "2006-06-30": "$263", "2006-03-31": "$337", "2005-12-31": "$-151", "2005-09-30": "$187", "2005-06-30": "$293", "2005-03-31": "$261"}}, "ebitda": {"Marsh & McLennan Annual EBITDA (Millions of US $)": {"2019": "$3,324", "2018": "$3,255", "2017": "$3,136", "2016": "$2,869", "2015": "$2,842", "2014": "$2,689", "2013": "$2,435", "2012": "$2,178", "2011": "$1,970", "2010": "$1,296", "2009": "$1,458", "2008": "$1,623", "2007": "$1,296", "2006": "$1,436", "2005": "$1,080"}, "Marsh & McLennan Quarterly EBITDA (Millions of US $)": {"2020-09-30": "$725", "2020-06-30": "$1,064", "2020-03-31": "$1,253", "2019-12-31": "$759", "2019-09-30": "$637", "2019-06-30": "$865", "2019-03-31": "$1,063", "2018-12-31": "$744", "2018-09-30": "$665", "2018-06-30": "$813", "2018-03-31": "$1,033", "2017-12-31": "$795", "2017-09-30": "$655", "2017-06-30": "$817", "2017-03-31": "$869", "2016-12-31": "$508", "2016-09-30": "$681", "2016-06-30": "$836", "2016-03-31": "$844", "2015-12-31": "$705", "2015-09-30": "$569", "2015-06-30": "$732", "2015-03-31": "$836", "2014-12-31": "$635", "2014-09-30": "$543", "2014-06-30": "$741", "2014-03-31": "$770", "2013-12-31": "$581", "2013-09-30": "$493", "2013-06-30": "$667", "2013-03-31": "$694", "2012-12-31": "$501", "2012-09-30": "$465", "2012-06-30": "$602", "2012-03-31": "$610", "2011-12-31": "$473", "2011-09-30": "$395", "2011-06-30": "$547", "2011-03-31": "$555", "2010-12-31": "$408", "2010-09-30": "$323", "2010-06-30": "$43", "2010-03-31": "$522", "2009-12-31": "$53", "2009-09-30": "$289", "2009-06-30": "$702", "2009-03-31": "$414", "2008-12-31": "$625", "2008-09-30": "$162", "2008-06-30": "$398", "2008-03-31": "$438", "2007-12-31": "$216", "2007-09-30": "$218", "2007-06-30": "$355", "2007-03-31": "$507", "2006-12-31": "$249", "2006-09-30": "$355", "2006-06-30": "$374", "2006-03-31": "$458", "2005-12-31": "$-41", "2005-09-30": "$306", "2005-06-30": "$423", "2005-03-31": "$392"}}, "net-income": {"Marsh & McLennan Annual Net Income (Millions of US $)": {"2020": "$2,016", "2019": "$1,742", "2018": "$1,650", "2017": "$1,492", "2016": "$1,768", "2015": "$1,599", "2014": "$1,465", "2013": "$1,357", "2012": "$1,176", "2011": "$993", "2010": "$844", "2009": "$223", "2008": "$-67", "2007": "$2,475", "2006": "$990", "2005": "$404"}, "Marsh & McLennan Quarterly Net Income (Millions of US $)": {"2020-12-31": "$374", "2020-09-30": "$316", "2020-06-30": "$572", "2020-03-31": "$754", "2019-12-31": "$391", "2019-09-30": "$303", "2019-06-30": "$332", "2019-03-31": "$716", "2018-12-31": "$153", "2018-09-30": "$276", "2018-06-30": "$531", "2018-03-31": "$690", "2017-12-31": "$29", "2017-09-30": "$393", "2017-06-30": "$501", "2017-03-31": "$569", "2016-12-31": "$436", "2016-09-30": "$379", "2016-06-30": "$472", "2016-03-31": "$481", "2015-12-31": "$375", "2015-09-30": "$323", "2015-06-30": "$419", "2015-03-31": "$482", "2014-12-31": "$294", "2014-09-30": "$297", "2014-06-30": "$431", "2014-03-31": "$443", "2013-12-31": "$303", "2013-09-30": "$253", "2013-06-30": "$388", "2013-03-31": "$413", "2012-12-31": "$259", "2012-09-30": "$241", "2012-06-30": "$329", "2012-03-31": "$347", "2011-12-31": "$262", "2011-09-30": "$129", "2011-06-30": "$280", "2011-03-31": "$322", "2010-12-31": "$195", "2010-09-30": "$165", "2010-06-30": "$236", "2010-03-31": "$248", "2009-12-31": "$19", "2009-09-30": "$221", "2009-06-30": "$-193", "2009-03-31": "$176", "2008-12-31": "$86", "2008-09-30": "$-8", "2008-06-30": "$65", "2008-03-31": "$-210", "2007-12-31": "$85", "2007-09-30": "$1,945", "2007-06-30": "$177", "2007-03-31": "$268", "2006-12-31": "$226", "2006-09-30": "$176", "2006-06-30": "$172", "2006-03-31": "$416", "2005-12-31": "$35", "2005-09-30": "$69", "2005-06-30": "$166", "2005-03-31": "$134"}}, "eps-earnings-per-share-diluted": {"Marsh & McLennan Annual EPS": {"2020": "$3.94", "2019": "$3.41", "2018": "$3.23", "2017": "$2.87", "2016": "$3.38", "2015": "$2.98", "2014": "$2.65", "2013": "$2.43", "2012": "$2.13", "2011": "$1.79", "2010": "$1.55", "2009": "$0.42", "2008": "$-0.14", "2007": "$4.45", "2006": "$1.76", "2005": "$0.74"}, "Marsh & McLennan Quarterly EPS": {"2020-12-31": "$0.73", "2020-09-30": "$0.62", "2020-06-30": "$1.12", "2020-03-31": "$1.48", "2019-12-31": "$0.77", "2019-09-30": "$0.59", "2019-06-30": "$0.65", "2019-03-31": "$1.40", "2018-12-31": "$0.31", "2018-09-30": "$0.54", "2018-06-30": "$1.04", "2018-03-31": "$1.34", "2017-12-31": "$0.06", "2017-09-30": "$0.76", "2017-06-30": "$0.96", "2017-03-31": "$1.09", "2016-12-31": "$0.84", "2016-09-30": "$0.73", "2016-06-30": "$0.90", "2016-03-31": "$0.91", "2015-12-31": "$0.72", "2015-09-30": "$0.61", "2015-06-30": "$0.77", "2015-03-31": "$0.88", "2014-12-31": "$0.54", "2014-09-30": "$0.54", "2014-06-30": "$0.77", "2014-03-31": "$0.80", "2013-12-31": "$0.55", "2013-09-30": "$0.45", "2013-06-30": "$0.69", "2013-03-31": "$0.74", "2012-12-31": "$0.47", "2012-09-30": "$0.44", "2012-06-30": "$0.59", "2012-03-31": "$0.63", "2011-12-31": "$0.47", "2011-09-30": "$0.24", "2011-06-30": "$0.50", "2011-03-31": "$0.58", "2010-12-31": "$0.37", "2010-09-30": "$0.30", "2010-06-30": "$0.43", "2010-03-31": "$0.45", "2009-12-31": "$0.05", "2009-09-30": "$0.41", "2009-06-30": "$-0.37", "2009-03-31": "$0.33", "2008-12-31": "$0.16", "2008-09-30": "$-0.02", "2008-06-30": "$0.12", "2008-03-31": "$-0.40", "2007-12-31": "$0.07", "2007-09-30": "$3.60", "2007-06-30": "$0.31", "2007-03-31": "$0.47", "2006-12-31": "$0.39", "2006-09-30": "$0.31", "2006-06-30": "$0.31", "2006-03-31": "$0.75", "2005-12-31": "$0.06", "2005-09-30": "$0.12", "2005-06-30": "$0.31", "2005-03-31": "$0.25"}}, "shares-outstanding": {"Marsh & McLennan Annual Shares Outstanding (Millions of Shares)": {"2020": "512", "2019": "511", "2018": "511", "2017": "519", "2016": "524", "2015": "536", "2014": "553", "2013": "558", "2012": "552", "2011": "551", "2010": "544", "2009": "524", "2008": "515", "2007": "542", "2006": "557", "2005": "543"}, "Marsh & McLennan Quarterly Shares Outstanding (Millions of Shares)": {"2020-12-31": "513", "2020-09-30": "512", "2020-06-30": "511", "2020-03-31": "510", "2019-12-31": "511", "2019-09-30": "511", "2019-06-30": "512", "2019-03-31": "511", "2018-12-31": "511", "2018-09-30": "510", "2018-06-30": "512", "2018-03-31": "514", "2017-12-31": "519", "2017-09-30": "519", "2017-06-30": "520", "2017-03-31": "522", "2016-12-31": "524", "2016-09-30": "523", "2016-06-30": "525", "2016-03-31": "526", "2015-12-31": "536", "2015-09-30": "533", "2015-06-30": "541", "2015-03-31": "545", "2014-12-31": "553", "2014-09-30": "551", "2014-06-30": "556", "2014-03-31": "556", "2013-12-31": "558", "2013-09-30": "558", "2013-06-30": "559", "2013-03-31": "557", "2012-12-31": "552", "2012-09-30": "552", "2012-06-30": "553", "2012-03-31": "551", "2011-12-31": "551", "2011-09-30": "549", "2011-06-30": "555", "2011-03-31": "552", "2010-12-31": "544", "2010-09-30": "548", "2010-06-30": "545", "2010-03-31": "536", "2009-12-31": "524", "2009-09-30": "526", "2009-06-30": "523", "2009-03-31": "515", "2008-12-31": "515", "2008-09-30": "516", "2008-06-30": "512", "2008-03-31": "519", "2007-12-31": "542", "2007-09-30": "540", "2007-06-30": "558", "2007-03-31": "562", "2006-12-31": "557", "2006-09-30": "554", "2006-06-30": "555", "2006-03-31": "555", "2005-12-31": "543", "2005-09-30": "544", "2005-06-30": "538", "2005-03-31": "536"}}, "total-assets": {"Marsh & McLennan Annual Total Assets (Millions of US $)": {"2019": "$31,357", "2018": "$21,578", "2017": "$20,429", "2016": "$18,190", "2015": "$18,216", "2014": "$17,793", "2013": "$16,980", "2012": "$16,288", "2011": "$15,454", "2010": "$15,310", "2009": "$15,337", "2008": "$15,206", "2007": "$17,359", "2006": "$18,137", "2005": "$17,892"}, "Marsh & McLennan Quarterly Total Assets (Millions of US $)": {"2020-09-30": "$32,681", "2020-06-30": "$32,169", "2020-03-31": "$31,391", "2019-12-31": "$31,357", "2019-09-30": "$31,097", "2019-06-30": "$32,116", "2019-03-31": "$30,137", "2018-12-31": "$21,578", "2018-09-30": "$21,129", "2018-06-30": "$21,159", "2018-03-31": "$21,379", "2017-12-31": "$20,429", "2017-09-30": "$19,690", "2017-06-30": "$19,442", "2017-03-31": "$18,969", "2016-12-31": "$18,190", "2016-09-30": "$18,358", "2016-06-30": "$18,076", "2016-03-31": "$18,128", "2015-12-31": "$18,216", "2015-09-30": "$17,724", "2015-06-30": "$17,413", "2015-03-31": "$16,834", "2014-12-31": "$17,793", "2014-09-30": "$17,987", "2014-06-30": "$17,588", "2014-03-31": "$16,577", "2013-12-31": "$16,980", "2013-09-30": "$16,976", "2013-06-30": "$15,838", "2013-03-31": "$15,537", "2012-12-31": "$16,288", "2012-09-30": "$15,736", "2012-06-30": "$15,202", "2012-03-31": "$15,010", "2011-12-31": "$15,454", "2011-09-30": "$15,121", "2011-06-30": "$15,451", "2011-03-31": "$15,073", "2010-12-31": "$15,310", "2010-09-30": "$14,903", "2010-06-30": "$15,621", "2010-03-31": "$14,962", "2009-12-31": "$15,337", "2009-09-30": "$15,341", "2009-06-30": "$14,921", "2009-03-31": "$14,860", "2008-12-31": "$15,206", "2008-09-30": "$16,026", "2008-06-30": "$16,432", "2008-03-31": "$16,473", "2007-12-31": "$17,359", "2007-09-30": "$17,543", "2007-06-30": "$17,189", "2007-03-31": "$17,228", "2006-12-31": "$18,137", "2006-09-30": "$17,815", "2006-06-30": "$17,437", "2006-03-31": "$17,522", "2005-12-31": "$17,892", "2005-09-30": "$17,508", "2005-06-30": "$17,132", "2005-03-31": "$17,547"}}, "cash-on-hand": {"Marsh & McLennan Annual Cash on Hand (Millions of US $)": {"2019": "$1,155", "2018": "$1,066", "2017": "$1,205", "2016": "$1,026", "2015": "$1,374", "2014": "$1,958", "2013": "$2,303", "2012": "$2,301", "2011": "$2,113", "2010": "$1,894", "2009": "$1,707", "2008": "$1,685", "2007": "$2,133", "2006": "$2,015", "2005": "$2,020"}, "Marsh & McLennan Quarterly Cash on Hand (Millions of US $)": {"2020-09-30": "$2,388", "2020-06-30": "$1,711", "2020-03-31": "$1,480", "2019-12-31": "$1,155", "2019-09-30": "$1,213", "2019-06-30": "$1,294", "2019-03-31": "$1,117", "2018-12-31": "$1,066", "2018-09-30": "$951", "2018-06-30": "$1,036", "2018-03-31": "$1,168", "2017-12-31": "$1,205", "2017-09-30": "$1,078", "2017-06-30": "$966", "2017-03-31": "$930", "2016-12-31": "$1,026", "2016-09-30": "$1,388", "2016-06-30": "$974", "2016-03-31": "$918", "2015-12-31": "$1,374", "2015-09-30": "$1,330", "2015-06-30": "$930", "2015-03-31": "$1,104", "2014-12-31": "$1,958", "2014-09-30": "$2,649", "2014-06-30": "$2,005", "2014-03-31": "$1,380", "2013-12-31": "$2,303", "2013-09-30": "$2,174", "2013-06-30": "$1,230", "2013-03-31": "$1,263", "2012-12-31": "$2,301", "2012-09-30": "$2,044", "2012-06-30": "$1,504", "2012-03-31": "$1,410", "2011-12-31": "$2,113", "2011-09-30": "$1,714", "2011-06-30": "$1,659", "2011-03-31": "$1,330", "2010-12-31": "$1,894", "2010-09-30": "$1,695", "2010-06-30": "$1,475", "2010-03-31": "$1,167", "2009-12-31": "$1,707", "2009-09-30": "$1,813", "2009-06-30": "$1,291", "2009-03-31": "$1,414", "2008-12-31": "$1,685", "2008-09-30": "$1,461", "2008-06-30": "$1,165", "2008-03-31": "$1,285", "2007-12-31": "$2,133", "2007-09-30": "$2,819", "2007-06-30": "$1,117", "2007-03-31": "$1,203", "2006-12-31": "$2,015", "2006-09-30": "$1,682", "2006-06-30": "$1,375", "2006-03-31": "$1,575", "2005-12-31": "$2,020", "2005-09-30": "$1,237", "2005-06-30": "$856", "2005-03-31": "$910"}}, "long-term-debt": {"Marsh & McLennan Annual Long Term Debt (Millions of US $)": {"2019": "$10,741", "2018": "$5,510", "2017": "$5,225", "2016": "$4,495", "2015": "$4,402", "2014": "$3,368", "2013": "$2,621", "2012": "$2,658", "2011": "$2,668", "2010": "$3,026", "2009": "$3,034", "2008": "$3,194", "2007": "$3,604", "2006": "$3,860", "2005": "$5,044"}, "Marsh & McLennan Quarterly Long Term Debt (Millions of US $)": {"2020-09-30": "$11,532", "2020-06-30": "$11,985", "2020-03-31": "$11,231", "2019-12-31": "$10,741", "2019-09-30": "$11,429", "2019-06-30": "$11,459", "2019-03-31": "$11,472", "2018-12-31": "$5,510", "2018-09-30": "$5,512", "2018-06-30": "$5,813", "2018-03-31": "$5,815", "2017-12-31": "$5,225", "2017-09-30": "$5,475", "2017-06-30": "$5,479", "2017-03-31": "$5,479", "2016-12-31": "$4,495", "2016-09-30": "$4,494", "2016-06-30": "$4,496", "2016-03-31": "$4,748", "2015-12-31": "$4,402", "2015-09-30": "$4,422", "2015-06-30": "$3,825", "2015-03-31": "$3,828", "2014-12-31": "$3,368", "2014-09-30": "$3,379", "2014-06-30": "$3,212", "2014-03-31": "$2,619", "2013-12-31": "$2,621", "2013-09-30": "$2,623", "2013-06-30": "$2,703", "2013-03-31": "$2,705", "2012-12-31": "$2,658", "2012-09-30": "$2,660", "2012-06-30": "$2,663", "2012-03-31": "$2,664", "2011-12-31": "$2,668", "2011-09-30": "$2,670", "2011-06-30": "$2,773", "2011-03-31": "$2,771", "2010-12-31": "$3,026", "2010-09-30": "$3,028", "2010-06-30": "$3,030", "2010-03-31": "$3,032", "2009-12-31": "$3,034", "2009-09-30": "$3,037", "2009-06-30": "$3,588", "2009-03-31": "$3,590", "2008-12-31": "$3,194", "2008-09-30": "$3,197", "2008-06-30": "$3,199", "2008-03-31": "$3,602", "2007-12-31": "$3,604", "2007-09-30": "$3,607", "2007-06-30": "$3,608", "2007-03-31": "$3,609", "2006-12-31": "$3,860", "2006-09-30": "$3,864", "2006-06-30": "$4,533", "2006-03-31": "$4,534", "2005-12-31": "$5,044", "2005-09-30": "$4,929", "2005-06-30": "$4,689", "2005-03-31": "$4,689"}}, "total-liabilities": {"Marsh & McLennan Annual Total Liabilities (Millions of US $)": {"2019": "$23,414", "2018": "$13,994", "2017": "$12,987", "2016": "$11,918", "2015": "$11,614", "2014": "$10,660", "2013": "$9,005", "2012": "$9,682", "2011": "$9,514", "2010": "$8,895", "2009": "$9,474", "2008": "$9,446", "2007": "$9,537", "2006": "$12,318", "2005": "$12,532"}, "Marsh & McLennan Quarterly Total Liabilities (Millions of US $)": {"2020-09-30": "$23,929", "2020-06-30": "$23,777", "2020-03-31": "$23,940", "2019-12-31": "$23,414", "2019-09-30": "$23,300", "2019-06-30": "$23,779", "2019-03-31": "$22,151", "2018-12-31": "$13,994", "2018-09-30": "$13,591", "2018-06-30": "$13,362", "2018-03-31": "$13,358", "2017-12-31": "$12,987", "2017-09-30": "$12,559", "2017-06-30": "$12,368", "2017-03-31": "$12,350", "2016-12-31": "$11,918", "2016-09-30": "$11,604", "2016-06-30": "$11,371", "2016-03-31": "$11,357", "2015-12-31": "$11,614", "2015-09-30": "$11,381", "2015-06-30": "$10,541", "2015-03-31": "$9,971", "2014-12-31": "$10,660", "2014-09-30": "$10,072", "2014-06-30": "$9,360", "2014-03-31": "$8,534", "2013-12-31": "$9,005", "2013-09-30": "$9,856", "2013-06-30": "$8,992", "2013-03-31": "$8,824", "2012-12-31": "$9,682", "2012-09-30": "$9,156", "2012-06-30": "$8,858", "2012-03-31": "$8,745", "2011-12-31": "$9,514", "2011-09-30": "$8,656", "2011-06-30": "$8,671", "2011-03-31": "$8,386", "2010-12-31": "$8,895", "2010-09-30": "$8,488", "2010-06-30": "$9,578", "2010-03-31": "$8,948", "2009-12-31": "$9,474", "2009-09-30": "$9,302", "2009-06-30": "$9,161", "2009-03-31": "$9,166", "2008-12-31": "$9,446", "2008-09-30": "$9,110", "2008-06-30": "$8,900", "2008-03-31": "$8,950", "2007-12-31": "$9,537", "2007-09-30": "$10,621", "2007-06-30": "$11,530", "2007-03-31": "$11,280", "2006-12-31": "$12,318", "2006-09-30": "$11,611", "2006-06-30": "$11,421", "2006-03-31": "$11,783", "2005-12-31": "$12,532", "2005-09-30": "$12,149", "2005-06-30": "$12,124", "2005-03-31": "$12,519"}}, "total-share-holder-equity": {"Marsh & McLennan Annual Share Holder Equity (Millions of US $)": {"2019": "$7,943", "2018": "$7,584", "2017": "$7,442", "2016": "$6,272", "2015": "$6,602", "2014": "$7,133", "2013": "$7,975", "2012": "$6,606", "2011": "$5,940", "2010": "$6,415", "2009": "$5,863", "2008": "$5,760", "2007": "$7,822", "2006": "$5,819", "2005": "$5,360"}, "Marsh & McLennan Quarterly Share Holder Equity (Millions of US $)": {"2020-09-30": "$8,752", "2020-06-30": "$8,392", "2020-03-31": "$7,451", "2019-12-31": "$7,943", "2019-09-30": "$7,797", "2019-06-30": "$8,337", "2019-03-31": "$7,986", "2018-12-31": "$7,584", "2018-09-30": "$7,538", "2018-06-30": "$7,797", "2018-03-31": "$8,021", "2017-12-31": "$7,442", "2017-09-30": "$7,131", "2017-06-30": "$7,074", "2017-03-31": "$6,619", "2016-12-31": "$6,272", "2016-09-30": "$6,754", "2016-06-30": "$6,705", "2016-03-31": "$6,771", "2015-12-31": "$6,602", "2015-09-30": "$6,343", "2015-06-30": "$6,872", "2015-03-31": "$6,863", "2014-12-31": "$7,133", "2014-09-30": "$7,915", "2014-06-30": "$8,228", "2014-03-31": "$8,043", "2013-12-31": "$7,975", "2013-09-30": "$7,120", "2013-06-30": "$6,846", "2013-03-31": "$6,713", "2012-12-31": "$6,606", "2012-09-30": "$6,580", "2012-06-30": "$6,344", "2012-03-31": "$6,265", "2011-12-31": "$5,940", "2011-09-30": "$6,465", "2011-06-30": "$6,780", "2011-03-31": "$6,687", "2010-12-31": "$6,415", "2010-09-30": "$6,415", "2010-06-30": "$6,043", "2010-03-31": "$6,014", "2009-12-31": "$5,863", "2009-09-30": "$6,039", "2009-06-30": "$5,760", "2009-03-31": "$5,694", "2008-12-31": "$5,760", "2008-09-30": "$6,916", "2008-06-30": "$7,532", "2008-03-31": "$7,523", "2007-12-31": "$7,822", "2007-09-30": "$6,922", "2007-06-30": "$5,659", "2007-03-31": "$5,948", "2006-12-31": "$5,819", "2006-09-30": "$6,204", "2006-06-30": "$6,016", "2006-03-31": "$5,739", "2005-12-31": "$5,360", "2005-09-30": "$5,359", "2005-06-30": "$5,008", "2005-03-31": "$5,028"}}, "profit-margins": {"current": "11.7%"}, "gross margin": {"2020-12-31": "100.00%", "2020-09-30": "100.00%", "2020-06-30": "100.00%", "2020-03-31": "100.00%", "2019-12-31": "100.00%", "2019-09-30": "100.00%", "2019-06-30": "100.00%", "2019-03-31": "100.00%", "2018-12-31": "100.00%", "2018-09-30": "100.00%", "2018-06-30": "100.00%", "2018-03-31": "100.00%", "2017-12-31": "100.00%", "2017-09-30": "100.00%", "2017-06-30": "100.00%", "2017-03-31": "100.00%", "2016-12-31": "100.00%", "2016-09-30": "100.00%", "2016-06-30": "100.00%", "2016-03-31": "100.00%", "2015-12-31": "100.00%", "2015-09-30": "100.00%", "2015-06-30": "100.00%", "2015-03-31": "100.00%", "2014-12-31": "100.00%", "2014-09-30": "100.00%", "2014-06-30": "100.00%", "2014-03-31": "100.00%", "2013-12-31": "100.00%", "2013-09-30": "100.00%", "2013-06-30": "100.00%", "2013-03-31": "100.00%", "2012-12-31": "100.00%", "2012-09-30": "100.00%", "2012-06-30": "100.00%", "2012-03-31": "100.00%", "2011-12-31": "100.00%", "2011-09-30": "100.00%", "2011-06-30": "100.00%", "2011-03-31": "100.00%", "2010-12-31": "100.00%", "2010-09-30": "100.00%", "2010-06-30": "100.00%", "2010-03-31": "100.00%", "2009-12-31": "100.00%", "2009-09-30": "100.00%", "2009-06-30": "100.00%", "2009-03-31": "100.00%", "2008-12-31": "100.00%", "2008-09-30": "100.00%", "2008-06-30": "100.00%", "2008-03-31": "100.00%", "2007-12-31": "100.00%", "2007-09-30": "100.00%", "2007-06-30": "100.00%", "2007-03-31": "100.00%", "2006-12-31": "100.00%", "2006-09-30": "100.00%", "2006-06-30": "100.00%", "2006-03-31": "100.00%", "2005-12-31": "100.00%"}, "operating margin": {"2020-12-31": "17.80%", "2020-09-30": "18.08%", "2020-06-30": "17.65%", "2020-03-31": "16.30%", "2019-12-31": "16.08%", "2019-09-30": "16.81%", "2019-06-30": "17.78%", "2019-03-31": "18.58%", "2018-12-31": "18.47%", "2018-09-30": "18.83%", "2018-06-30": "19.00%", "2018-03-31": "19.38%", "2017-12-31": "18.93%", "2017-09-30": "17.40%", "2017-06-30": "17.94%", "2017-03-31": "18.29%", "2016-12-31": "18.40%", "2016-09-30": "19.91%", "2016-06-30": "19.10%", "2016-03-31": "18.57%", "2015-12-31": "18.76%", "2015-09-30": "18.44%", "2015-06-30": "18.28%", "2015-03-31": "18.31%", "2014-12-31": "17.77%", "2014-09-30": "17.58%", "2014-06-30": "17.55%", "2014-03-31": "17.28%", "2013-12-31": "16.94%", "2013-09-30": "16.41%", "2013-06-30": "16.32%", "2013-03-31": "15.91%", "2012-12-31": "15.34%", "2012-09-30": "15.33%", "2012-06-30": "14.81%", "2012-03-31": "14.48%", "2011-12-31": "14.21%", "2011-09-30": "13.79%", "2011-06-30": "13.50%", "2011-03-31": "9.13%", "2010-12-31": "8.90%", "2010-09-30": "5.70%", "2010-06-30": "5.35%", "2010-03-31": "8.92%", "2009-12-31": "7.91%", "2009-09-30": "14.41%", "2009-06-30": "12.38%", "2009-03-31": "10.59%", "2008-12-31": "6.33%", "2008-09-30": "2.29%", "2008-06-30": "2.76%", "2008-03-31": "3.34%", "2007-12-31": "7.67%", "2007-09-30": "7.82%", "2007-06-30": "9.16%", "2007-03-31": "9.52%", "2006-12-31": "9.17%", "2006-09-30": "7.62%", "2006-06-30": "6.81%", "2006-03-31": "6.88%", "2005-12-31": "5.85%"}, "ebitda margin": {"2020-09-30": "22.26%", "2020-06-30": "21.75%", "2020-03-31": "20.39%", "2019-12-31": "19.96%", "2019-09-30": "20.55%", "2019-06-30": "21.34%", "2019-03-31": "21.87%", "2018-12-31": "21.77%", "2018-09-30": "22.15%", "2018-06-30": "22.33%", "2018-03-31": "22.73%", "2017-12-31": "22.36%", "2017-09-30": "20.79%", "2017-06-30": "21.30%", "2017-03-31": "21.63%", "2016-12-31": "21.72%", "2016-09-30": "23.25%", "2016-06-30": "22.44%", "2016-03-31": "21.90%", "2015-12-31": "22.04%", "2015-09-30": "21.65%", "2015-06-30": "21.41%", "2015-03-31": "21.35%", "2014-12-31": "20.76%", "2014-09-30": "20.55%", "2014-06-30": "20.50%", "2014-03-31": "20.25%", "2013-12-31": "19.86%", "2013-09-30": "19.39%", "2013-06-30": "19.29%", "2013-03-31": "18.85%", "2012-12-31": "18.27%", "2012-09-30": "18.17%", "2012-06-30": "17.64%", "2012-03-31": "17.32%", "2011-12-31": "17.09%", "2011-09-30": "16.71%", "2011-06-30": "16.48%", "2011-03-31": "12.31%", "2010-12-31": "12.28%", "2010-09-30": "9.26%", "2010-06-30": "9.08%", "2010-03-31": "15.89%", "2009-12-31": "14.83%", "2009-09-30": "21.89%", "2009-06-30": "19.54%", "2009-03-31": "15.52%", "2008-12-31": "15.13%", "2008-09-30": "10.36%", "2008-06-30": "10.94%", "2008-03-31": "10.80%", "2007-12-31": "11.64%", "2007-09-30": "12.29%", "2007-06-30": "13.79%", "2007-03-31": "14.17%", "2006-12-31": "13.89%", "2006-09-30": "12.60%", "2006-06-30": "11.74%", "2006-03-31": "11.83%", "2005-12-31": "10.71%"}, "pre tax profit margin": {"2020-12-31": "16.22%", "2020-09-30": "16.31%", "2020-06-30": "16.04%", "2020-03-31": "14.52%", "2019-12-31": "14.65%", "2019-09-30": "13.24%", "2019-06-30": "13.45%", "2019-03-31": "15.13%", "2018-12-31": "15.01%", "2018-09-30": "17.84%", "2018-06-30": "19.07%", "2018-03-31": "19.32%", "2017-12-31": "18.85%", "2017-09-30": "18.89%", "2017-06-30": "19.09%", "2017-03-31": "19.04%", "2016-12-31": "18.77%", "2016-09-30": "18.53%", "2016-06-30": "18.04%", "2016-03-31": "17.59%", "2015-12-31": "17.89%", "2015-09-30": "16.59%", "2015-06-30": "16.36%", "2015-03-31": "16.37%", "2014-12-31": "15.88%", "2014-09-30": "16.59%", "2014-06-30": "16.48%", "2014-03-31": "16.40%", "2013-12-31": "16.09%", "2013-09-30": "15.68%", "2013-06-30": "15.41%", "2013-03-31": "14.81%", "2012-12-31": "14.22%", "2012-09-30": "14.12%", "2012-06-30": "12.99%", "2012-03-31": "12.52%", "2011-12-31": "12.18%", "2011-09-30": "11.91%", "2011-06-30": "12.08%", "2011-03-31": "7.77%", "2010-12-31": "7.29%", "2010-09-30": "3.96%", "2010-06-30": "3.80%", "2010-03-31": "6.80%", "2009-12-31": "5.61%", "2009-09-30": "12.03%", "2009-06-30": "9.77%", "2009-03-31": "8.46%", "2008-12-31": "4.60%", "2008-09-30": "1.26%", "2008-06-30": "2.67%", "2008-03-31": "3.54%", "2007-12-31": "7.68%", "2007-09-30": "8.92%", "2007-06-30": "9.30%", "2007-03-31": "9.29%", "2006-12-31": "8.82%", "2006-09-30": "4.79%", "2006-06-30": "3.65%", "2006-03-31": "3.87%", "2005-12-31": "3.00%"}, "net profit margin": {"2020-12-31": "11.70%", "2020-09-30": "11.91%", "2020-06-30": "11.83%", "2020-03-31": "10.33%", "2019-12-31": "10.46%", "2019-09-30": "9.34%", "2019-06-30": "9.45%", "2019-03-31": "11.16%", "2018-12-31": "11.04%", "2018-09-30": "10.23%", "2018-06-30": "11.13%", "2018-03-31": "11.11%", "2017-12-31": "10.64%", "2017-09-30": "13.86%", "2017-06-30": "13.97%", "2017-03-31": "13.87%", "2016-12-31": "13.38%", "2016-09-30": "12.95%", "2016-06-30": "12.54%", "2016-03-31": "12.28%", "2015-12-31": "12.40%", "2015-09-30": "11.86%", "2015-06-30": "11.63%", "2015-03-31": "11.66%", "2014-12-31": "11.31%", "2014-09-30": "11.50%", "2014-06-30": "11.34%", "2014-03-31": "11.19%", "2013-12-31": "11.07%", "2013-09-30": "10.81%", "2013-06-30": "10.79%", "2013-03-31": "10.35%", "2012-12-31": "9.86%", "2012-09-30": "9.97%", "2012-06-30": "9.05%", "2012-03-31": "8.71%", "2011-12-31": "8.62%", "2011-09-30": "8.12%", "2011-06-30": "8.65%", "2011-03-31": "8.50%", "2010-12-31": "8.00%", "2010-09-30": "6.57%", "2010-06-30": "7.25%", "2010-03-31": "2.99%", "2009-12-31": "2.27%", "2009-09-30": "3.13%", "2009-06-30": "0.63%", "2009-03-31": "3.10%", "2008-12-31": "-0.62%", "2008-09-30": "-0.58%", "2008-06-30": "16.24%", "2008-03-31": "17.58%", "2007-12-31": "22.23%", "2007-09-30": "24.19%", "2007-06-30": "7.97%", "2007-03-31": "8.04%", "2006-12-31": "9.57%", "2006-09-30": "8.78%", "2006-06-30": "7.41%", "2006-03-31": "7.08%", "2005-12-31": "4.01%"}, "pe ratio": {"current": "22.91", "2021-02-11": "35.03", "2020-12-31": "36.18", "2020-09-30": "28.58", "2020-06-30": "26.85", "2020-03-31": "24.41", "2019-12-31": "32.07", "2019-09-30": "33.15", "2019-06-30": "33.47", "2019-03-31": "27.64", "2018-12-31": "23.91", "2018-09-30": "26.66", "2018-06-30": "24.49", "2018-03-31": "25.19", "2017-12-31": "26.86", "2017-09-30": "21.65", "2017-06-30": "20.31", "2017-03-31": "19.48", "2016-12-31": "18.68", "2016-09-30": "19.23", "2016-06-30": "20.22", "2016-03-31": "18.64", "2015-12-31": "17.07", "2015-09-30": "16.95", "2015-06-30": "18.78", "2015-03-31": "18.48", "2014-12-31": "19.34", "2014-09-30": "17.58", "2014-06-30": "17.92", "2014-03-31": "17.51", "2013-12-31": "17.51", "2013-09-30": "16.14", "2013-06-30": "14.77", "2013-03-31": "14.58", "2012-12-31": "13.83", "2012-09-30": "13.52", "2012-06-30": "14.08", "2012-03-31": "14.92", "2011-12-31": "14.69", "2011-09-30": "12.96", "2011-06-30": "14.60", "2011-03-31": "14.43", "2010-12-31": "14.15", "2010-09-30": "15.32", "2010-06-30": "12.96", "2010-03-31": "33.13", "2009-12-31": "37.43", "2009-09-30": "35.42", "2009-06-30": "140.02", "2009-03-31": "25.15", "2008-12-31": "0.00", "2008-09-30": "0.00", "2008-06-30": "5.62", "2008-03-31": "4.87", "2007-12-31": "4.24", "2007-09-30": "3.86", "2007-06-30": "14.79", "2007-03-31": "13.94", "2006-12-31": "12.22"}, "price sales": {"2021-02-11": "3.35", "2020-12-31": "3.46", "2020-09-30": "3.40", "2020-06-30": "3.17", "2020-03-31": "2.52", "2019-12-31": "3.35", "2019-09-30": "3.10", "2019-06-30": "3.16", "2019-03-31": "3.08", "2018-12-31": "2.64", "2018-09-30": "2.74", "2018-06-30": "2.74", "2018-03-31": "2.80", "2017-12-31": "2.86", "2017-09-30": "3.01", "2017-06-30": "2.84", "2017-03-31": "2.71", "2016-12-31": "2.51", "2016-09-30": "2.50", "2016-06-30": "2.55", "2016-03-31": "2.29", "2015-12-31": "2.12", "2015-09-30": "2.01", "2015-06-30": "2.19", "2015-03-31": "2.16", "2014-12-31": "2.19", "2014-09-30": "2.02", "2014-06-30": "2.03", "2014-03-31": "1.95", "2013-12-31": "1.93", "2013-09-30": "1.74", "2013-06-30": "1.59", "2013-03-31": "1.51", "2012-12-31": "1.36", "2012-09-30": "1.34", "2012-06-30": "1.27", "2012-03-31": "1.30", "2011-12-31": "1.26", "2011-09-30": "1.06", "2011-06-30": "1.26", "2011-03-31": "1.23", "2010-12-31": "1.14", "2010-09-30": "1.02", "2010-06-30": "0.95", "2010-03-31": "1.03", "2009-12-31": "0.91", "2009-09-30": "1.07", "2009-06-30": "0.82", "2009-03-31": "0.77", "2008-12-31": "0.87", "2008-09-30": "1.05", "2008-06-30": "0.89", "2008-03-31": "0.85", "2007-12-31": "0.95", "2007-09-30": "0.94", "2007-06-30": "1.16", "2007-03-31": "1.11", "2006-12-31": "1.17"}, "price book": {"current": "6.24", "2021-02-11": "6.53", "2020-09-30": "6.59", "2020-06-30": "6.40", "2020-03-31": "5.77", "2019-12-31": "6.91", "2019-09-30": "6.31", "2019-06-30": "5.88", "2019-03-31": "5.76", "2018-12-31": "5.12", "2018-09-30": "5.31", "2018-06-30": "5.08", "2018-03-31": "4.98", "2017-12-31": "5.27", "2017-09-30": "5.67", "2017-06-30": "5.33", "2017-03-31": "5.40", "2016-12-31": "5.17", "2016-09-30": "4.78", "2016-06-30": "4.90", "2016-03-31": "4.31", "2015-12-31": "4.01", "2015-09-30": "3.91", "2015-06-30": "3.96", "2015-03-31": "3.96", "2014-12-31": "3.88", "2014-09-30": "3.19", "2014-06-30": "3.04", "2014-03-31": "2.97", "2013-12-31": "2.90", "2013-09-30": "2.92", "2013-06-30": "2.77", "2013-03-31": "2.68", "2012-12-31": "2.43", "2012-09-30": "2.38", "2012-06-30": "2.33", "2012-03-31": "2.39", "2011-12-31": "2.39", "2011-09-30": "1.82", "2011-06-30": "2.04", "2011-03-31": "1.99", "2010-12-31": "1.86", "2010-09-30": "1.63", "2010-06-30": "1.60", "2010-03-31": "1.73", "2009-12-31": "1.56", "2009-09-30": "1.66", "2009-06-30": "1.40", "2009-03-31": "1.39", "2008-12-31": "1.63", "2008-09-30": "1.76", "2008-06-30": "1.33", "2008-03-31": "1.21", "2007-12-31": "1.28", "2007-09-30": "1.38", "2007-06-30": "2.13", "2007-03-31": "1.95", "2006-12-31": "2.06", "2006-09-30": "1.76", "2006-06-30": "1.72", "2006-03-31": "1.96"}, "price fcf": {"2021-02-11": "", "2020-09-30": "$5.20", "2020-06-30": "$4.40", "2020-03-31": "$3.01", "2019-12-31": "$3.82", "2019-09-30": "$3.96", "2019-06-30": "$3.76", "2019-03-31": "$4.28", "2018-12-31": "$4.14", "2018-09-30": "$3.46", "2018-06-30": "$3.24", "2018-03-31": "$3.14", "2017-12-31": "$3.08", "2017-09-30": "$3.33", "2017-06-30": "$3.52", "2017-03-31": "$3.67", "2016-12-31": "$3.36", "2016-09-30": "$3.33", "2016-06-30": "$3.26", "2016-03-31": "$2.85", "2015-12-31": "$2.92", "2015-09-30": "$3.01", "2015-06-30": "$2.95", "2015-03-31": "$2.91", "2014-12-31": "$3.17", "2014-09-30": "$2.73", "2014-06-30": "$2.43", "2014-03-31": "$2.05", "2013-12-31": "$1.69", "2013-09-30": "$1.43", "2013-06-30": "$1.34", "2013-03-31": "$1.61", "2012-12-31": "$1.83", "2012-09-30": "$2.06", "2012-06-30": "$2.10", "2012-03-31": "$2.39", "2011-12-31": "$2.59", "2011-09-30": "$2.54", "2011-06-30": "$0.93", "2011-03-31": "$0.66", "2010-12-31": "$0.84", "2010-09-30": "$0.01", "2010-06-30": "$1.62", "2010-03-31": "$1.04", "2009-12-31": "$0.65", "2009-09-30": "$1.50", "2009-06-30": "$1.41", "2009-03-31": "$1.10", "2008-12-31": "$1.08", "2008-09-30": "$-0.75", "2008-06-30": "$-1.52", "2008-03-31": "$-1.43", "2007-12-31": "$-1.24", "2007-09-30": "$0.62", "2007-06-30": "$1.23", "2007-03-31": "$1.32", "2006-12-31": "$1.10"}, "net worth": {"value": "$57.74B"}, "current ratio": {"2020-12-31": "1.25", "2020-09-30": "1.27", "2020-06-30": "1.37", "2020-03-31": "1.13", "2019-12-31": "1.06", "2019-09-30": "1.14", "2019-06-30": "1.18", "2019-03-31": "2.21", "2018-12-31": "1.21", "2018-09-30": "1.26", "2018-06-30": "1.47", "2018-03-31": "1.52", "2017-12-31": "1.31", "2017-09-30": "1.37", "2017-06-30": "1.42", "2017-03-31": "1.39", "2016-12-31": "1.20", "2016-09-30": "1.36", "2016-06-30": "1.41", "2016-03-31": "1.52", "2015-12-31": "1.36", "2015-09-30": "1.62", "2015-06-30": "1.65", "2015-03-31": "1.88", "2014-12-31": "1.51", "2014-09-30": "1.66", "2014-06-30": "1.82", "2014-03-31": "1.66", "2013-12-31": "1.65", "2013-09-30": "1.58", "2013-06-30": "1.76", "2013-03-31": "1.80", "2012-12-31": "1.67", "2012-09-30": "1.61", "2012-06-30": "1.64", "2012-03-31": "1.66", "2011-12-31": "1.51", "2011-09-30": "1.49", "2011-06-30": "1.60", "2011-03-31": "1.71", "2010-12-31": "1.70", "2010-09-30": "1.71", "2010-06-30": "1.34", "2010-03-31": "1.45", "2009-12-31": "1.33", "2009-09-30": "1.43", "2009-06-30": "1.68", "2009-03-31": "1.61", "2008-12-31": "1.41", "2008-09-30": "1.45", "2008-06-30": "1.47", "2008-03-31": "1.66", "2007-12-31": "1.56", "2007-09-30": "1.47", "2007-06-30": "1.13", "2007-03-31": "1.23", "2006-12-31": "1.18", "2006-09-30": "1.03", "2006-06-30": "1.22", "2006-03-31": "1.20", "2005-12-31": "1.21", "2005-09-30": "1.12", "2005-06-30": "1.03", "2005-03-31": "1.04"}, "quick ratio": {"2020-12-31": "0.00", "2020-09-30": "0.00", "2020-06-30": "0.00", "2020-03-31": "0.00", "2019-12-31": "0.00", "2019-09-30": "0.00", "2019-06-30": "0.00", "2019-03-31": "0.00", "2018-12-31": "0.00", "2018-09-30": "0.00", "2018-06-30": "0.00", "2018-03-31": "0.00", "2017-12-31": "0.00", "2017-09-30": "0.00", "2017-06-30": "0.00", "2017-03-31": "0.00", "2016-12-31": "0.00", "2016-09-30": "0.00", "2016-06-30": "0.00", "2016-03-31": "0.00", "2015-12-31": "0.00", "2015-09-30": "0.00", "2015-06-30": "0.00", "2015-03-31": "0.00", "2014-12-31": "0.00", "2014-09-30": "0.00", "2014-06-30": "0.00", "2014-03-31": "0.00", "2013-12-31": "0.00", "2013-09-30": "0.00", "2013-06-30": "0.00", "2013-03-31": "0.00", "2012-12-31": "0.00", "2012-09-30": "0.00", "2012-06-30": "0.00", "2012-03-31": "0.00", "2011-12-31": "0.00", "2011-09-30": "0.00", "2011-06-30": "0.00", "2011-03-31": "0.00", "2010-12-31": "0.00", "2010-09-30": "0.00", "2010-06-30": "0.00", "2010-03-31": "0.00", "2009-12-31": "0.00", "2009-09-30": "0.00", "2009-06-30": "0.00", "2009-03-31": "0.00", "2008-12-31": "0.00", "2008-09-30": "0.00", "2008-06-30": "0.00", "2008-03-31": "0.00", "2007-12-31": "0.00", "2007-09-30": "0.00", "2007-06-30": "0.00", "2007-03-31": "0.00", "2006-12-31": "0.00", "2006-09-30": "0.00", "2006-06-30": "0.00", "2006-03-31": "0.00", "2005-12-31": "0.00", "2005-09-30": "0.00", "2005-06-30": "0.00", "2005-03-31": "0.00"}, "debt equity ratio": {"current": "1.17", "2020-12-31": "2.57", "2020-09-30": "2.73", "2020-06-30": "2.83", "2020-03-31": "3.21", "2019-12-31": "2.95", "2019-09-30": "2.99", "2019-06-30": "2.85", "2019-03-31": "2.77", "2018-12-31": "1.85", "2018-09-30": "1.80", "2018-06-30": "1.71", "2018-03-31": "1.67", "2017-12-31": "1.75", "2017-09-30": "1.76", "2017-06-30": "1.75", "2017-03-31": "1.87", "2016-12-31": "1.90", "2016-09-30": "1.72", "2016-06-30": "1.70", "2016-03-31": "1.68", "2015-12-31": "1.76", "2015-09-30": "1.79", "2015-06-30": "1.53", "2015-03-31": "1.45", "2014-12-31": "1.49", "2014-09-30": "1.27", "2014-06-30": "1.14", "2014-03-31": "1.06", "2013-12-31": "1.13", "2013-09-30": "1.38", "2013-06-30": "1.31", "2013-03-31": "1.31", "2012-12-31": "1.47", "2012-09-30": "1.39", "2012-06-30": "1.40", "2012-03-31": "1.40", "2011-12-31": "1.60", "2011-09-30": "1.34", "2011-06-30": "1.28", "2011-03-31": "1.25", "2010-12-31": "1.39", "2010-09-30": "1.32", "2010-06-30": "1.59", "2010-03-31": "1.49", "2009-12-31": "1.62", "2009-09-30": "1.54", "2009-06-30": "1.59", "2009-03-31": "1.61", "2008-12-31": "1.64", "2008-09-30": "1.32", "2008-06-30": "1.18", "2008-03-31": "1.19", "2007-12-31": "1.22", "2007-09-30": "1.53", "2007-06-30": "2.04", "2007-03-31": "1.90", "2006-12-31": "2.12", "2006-09-30": "1.87", "2006-06-30": "1.90", "2006-03-31": "2.05", "2005-12-31": "2.34", "2005-09-30": "2.27", "2005-06-30": "2.42", "2005-03-31": "2.49"}, "return on equity": {"2020-12-31": "23.82%", "2020-09-30": "24.99%", "2020-06-30": "25.58%", "2020-03-31": "22.58%", "2019-12-31": "21.73%", "2019-09-30": "18.98%", "2019-06-30": "18.79%", "2019-03-31": "21.69%", "2018-12-31": "21.33%", "2018-09-30": "19.82%", "2018-06-30": "21.62%", "2018-03-31": "21.75%", "2017-12-31": "21.11%", "2017-09-30": "28.03%", "2017-06-30": "28.22%", "2017-03-31": "28.17%", "2016-12-31": "26.68%", "2016-09-30": "25.45%", "2016-06-30": "25.00%", "2016-03-31": "24.04%", "2015-12-31": "23.97%", "2015-09-30": "22.31%", "2015-06-30": "20.73%", "2015-03-31": "19.96%", "2014-12-31": "18.71%", "2014-09-30": "18.33%", "2014-06-30": "18.24%", "2014-03-31": "18.50%", "2013-12-31": "18.94%", "2013-09-30": "19.25%", "2013-06-30": "19.46%", "2013-03-31": "18.93%", "2012-12-31": "18.24%", "2012-09-30": "18.77%", "2012-06-30": "17.06%", "2012-03-31": "16.00%", "2011-12-31": "15.35%", "2011-09-30": "14.06%", "2011-06-30": "14.63%", "2011-03-31": "14.37%", "2010-12-31": "13.57%", "2010-09-30": "10.98%", "2010-06-30": "12.09%", "2010-03-31": "4.98%", "2009-12-31": "3.82%", "2009-09-30": "4.99%", "2009-06-30": "1.01%", "2009-03-31": "4.93%", "2008-12-31": "-0.97%", "2008-09-30": "-0.91%", "2008-06-30": "25.30%", "2008-03-31": "28.60%", "2007-12-31": "37.57%", "2007-09-30": "42.98%", "2007-06-30": "14.34%", "2007-03-31": "14.04%", "2006-12-31": "16.65%", "2006-09-30": "13.71%", "2006-06-30": "12.32%", "2006-03-31": "12.78%", "2005-12-31": "7.79%"}, "return on assets": {"2020-12-31": "6.24%", "2020-09-30": "6.37%", "2020-06-30": "6.41%", "2020-03-31": "5.65%", "2019-12-31": "5.59%", "2019-09-30": "5.23%", "2019-06-30": "5.63%", "2019-03-31": "7.13%", "2018-12-31": "7.74%", "2018-09-30": "7.26%", "2018-06-30": "7.95%", "2018-03-31": "7.97%", "2017-12-31": "7.60%", "2017-09-30": "9.96%", "2017-06-30": "10.06%", "2017-03-31": "10.09%", "2016-12-31": "9.72%", "2016-09-30": "9.38%", "2016-06-30": "9.15%", "2016-03-31": "8.94%", "2015-12-31": "9.11%", "2015-09-30": "8.70%", "2015-06-30": "8.52%", "2015-03-31": "8.57%", "2014-12-31": "8.38%", "2014-09-30": "8.53%", "2014-06-30": "8.40%", "2014-03-31": "8.36%", "2013-12-31": "8.31%", "2013-09-30": "8.13%", "2013-06-30": "8.21%", "2013-03-31": "7.92%", "2012-12-31": "7.56%", "2012-09-30": "7.68%", "2012-06-30": "7.02%", "2012-03-31": "6.67%", "2011-12-31": "6.50%", "2011-09-30": "6.08%", "2011-06-30": "6.34%", "2011-03-31": "6.03%", "2010-12-31": "5.55%", "2010-09-30": "4.39%", "2010-06-30": "4.73%", "2010-03-31": "1.95%", "2009-12-31": "1.48%", "2009-09-30": "1.92%", "2009-06-30": "0.40%", "2009-03-31": "2.04%", "2008-12-31": "-0.42%", "2008-09-30": "-0.41%", "2008-06-30": "11.12%", "2008-03-31": "11.65%", "2007-12-31": "14.28%", "2007-09-30": "14.93%", "2007-06-30": "4.81%", "2007-03-31": "4.77%", "2006-12-31": "5.58%", "2006-09-30": "4.52%", "2006-06-30": "3.93%", "2006-03-31": "3.92%", "2005-12-31": "2.31%"}, "return on investments": {"2020-12-31": "15.45%", "2020-09-30": "15.83%", "2020-06-30": "15.66%", "2020-03-31": "14.71%", "2019-12-31": "13.88%", "2019-09-30": "15.12%", "2019-06-30": "17.00%", "2019-03-31": "18.85%", "2018-12-31": "20.61%", "2018-09-30": "21.14%", "2018-06-30": "21.28%", "2018-03-31": "21.79%", "2017-12-31": "21.27%", "2017-09-30": "19.87%", "2017-06-30": "20.76%", "2017-03-31": "21.60%", "2016-12-31": "21.74%", "2016-09-30": "23.35%", "2016-06-30": "22.60%", "2016-03-31": "21.98%", "2015-12-31": "22.42%", "2015-09-30": "22.14%", "2015-06-30": "21.72%", "2015-03-31": "21.52%", "2014-12-31": "20.97%", "2014-09-30": "20.49%", "2014-06-30": "20.86%", "2014-03-31": "21.14%", "2013-12-31": "21.14%", "2013-09-30": "21.00%", "2013-06-30": "21.01%", "2013-03-31": "20.68%", "2012-12-31": "20.08%", "2012-09-30": "20.28%", "2012-06-30": "19.57%", "2012-03-31": "18.69%", "2011-12-31": "17.83%", "2011-09-30": "16.73%", "2011-06-30": "15.84%", "2011-03-31": "10.54%", "2010-12-31": "10.15%", "2010-09-30": "6.35%", "2010-06-30": "5.93%", "2010-03-31": "9.67%", "2009-12-31": "8.50%", "2009-09-30": "14.58%", "2009-06-30": "12.79%", "2009-03-31": "11.17%", "2008-12-31": "6.64%", "2008-09-30": "2.47%", "2008-06-30": "2.92%", "2008-03-31": "3.58%", "2007-12-31": "8.38%", "2007-09-30": "8.67%", "2007-06-30": "10.10%", "2007-03-31": "10.02%", "2006-12-31": "9.35%", "2006-09-30": "6.71%", "2006-06-30": "6.13%", "2006-03-31": "6.55%", "2005-12-31": "5.88%"}, "return on tangible equity": {"2020-09-30": "-21.81%", "2020-06-30": "-21.46%", "2020-03-31": "-18.88%", "2019-12-31": "-22.26%", "2019-09-30": "-23.82%", "2019-06-30": "-30.90%", "2019-03-31": "-53.59%", "2018-12-31": "-56.31%", "2018-09-30": "-54.55%", "2018-06-30": "-58.40%", "2018-03-31": "-55.53%", "2017-12-31": "-47.25%", "2017-09-30": "-58.73%", "2017-06-30": "-64.05%", "2017-03-31": "-67.57%", "2016-12-31": "-72.46%", "2016-09-30": "-77.07%", "2016-06-30": "-75.64%", "2016-03-31": "-81.75%", "2015-12-31": "-97.29%", "2015-09-30": "-120.21%", "2015-06-30": "-202.24%", "2015-03-31": "-458.89%", "2014-12-31": "-5979.59%", "2014-09-30": "449.39%", "2014-06-30": "584.87%", "2014-03-31": "2982.80%", "2013-12-31": "-997.79%", "2013-09-30": "-290.33%", "2013-06-30": "-246.75%", "2013-03-31": "-205.63%", "2012-12-31": "-168.36%", "2012-09-30": "-149.15%", "2012-06-30": "-137.81%", "2012-03-31": "-158.14%", "2011-12-31": "-196.93%", "2011-09-30": "-264.19%", "2011-06-30": "-330.02%", "2011-03-31": "-261.91%", "2010-12-31": "-144.77%", "2010-09-30": "-117.19%", "2010-06-30": "-94.76%", "2010-03-31": "-30.87%", "2009-12-31": "-22.18%", "2009-09-30": "-22.88%", "2009-06-30": "-5.45%", "2009-03-31": "-41.15%", "2008-12-31": "16.74%", "2008-09-30": "201.48%", "2008-06-30": "-1370.91%", "2008-03-31": "-301.09%", "2007-12-31": "-226.91%", "2007-09-30": "-168.72%", "2007-06-30": "-48.34%", "2007-03-31": "-49.08%", "2006-12-31": "-54.49%", "2006-09-30": "-40.43%", "2006-06-30": "-31.03%", "2006-03-31": "-26.95%", "2005-12-31": "-14.41%"}, "dividend yield history": {"last payout": "$1.86", "last yield": "1.63%"}}