{"ticker": "MMM", "price": {"title": "3M Historical Annual Stock Price Data", "value": 177.21, "historical": {"2021": {"Average Stock Price": "173.4411", "Year Open": "171.8700", "Year High": "186.6500", "Year Low": "165.2000", "Year Close": "177.2100", "Annual % Change": "1.38%"}, "2020": {"Average Stock Price": "159.7215", "Year Open": "180.0000", "Year High": "181.3700", "Year Low": "117.8700", "Year Close": "174.7900", "Annual % Change": "-0.92%"}, "2019": {"Average Stock Price": "179.7746", "Year Open": "190.9500", "Year High": "219.5000", "Year Low": "150.7400", "Year Close": "176.4200", "Annual % Change": "-7.41%"}, "2018": {"Average Stock Price": "211.1742", "Year Open": "235.6400", "Year High": "258.6300", "Year Low": "178.6200", "Year Close": "190.5400", "Annual % Change": "-19.05%"}, "2017": {"Average Stock Price": "205.2953", "Year Open": "178.0500", "Year High": "243.1400", "Year Low": "174.1800", "Year Close": "235.3700", "Annual % Change": "31.81%"}, "2016": {"Average Stock Price": "168.5124", "Year Open": "146.8200", "Year High": "181.4200", "Year Low": "136.9600", "Year Close": "178.5700", "Annual % Change": "18.54%"}, "2015": {"Average Stock Price": "156.3830", "Year Open": "164.0600", "Year High": "170.5000", "Year Low": "137.5800", "Year Close": "150.6400", "Annual % Change": "-8.33%"}, "2014": {"Average Stock Price": "142.7601", "Year Open": "138.1300", "Year High": "167.2700", "Year Low": "123.9000", "Year Close": "164.3200", "Annual % Change": "17.16%"}, "2013": {"Average Stock Price": "113.7295", "Year Open": "94.7800", "Year High": "140.2500", "Year Low": "94.6700", "Year Close": "140.2500", "Annual % Change": "51.05%"}, "2012": {"Average Stock Price": "89.1142", "Year Open": "83.4900", "Year High": "95.3700", "Year Low": "82.5100", "Year Close": "92.8500", "Annual % Change": "13.61%"}, "2011": {"Average Stock Price": "86.6383", "Year Open": "86.7900", "Year High": "97.9700", "Year Low": "70.9300", "Year Close": "81.7300", "Annual % Change": "-5.30%"}, "2010": {"Average Stock Price": "83.6304", "Year Open": "83.0200", "Year High": "90.9000", "Year Low": "74.7400", "Year Close": "86.3000", "Annual % Change": "4.39%"}, "2009": {"Average Stock Price": "63.9411", "Year Open": "59.1900", "Year High": "84.1300", "Year Low": "41.8300", "Year Close": "82.6700", "Annual % Change": "43.67%"}, "2008": {"Average Stock Price": "71.5233", "Year Open": "82.7100", "Year High": "82.9000", "Year Low": "53.5000", "Year Close": "57.5400", "Annual % Change": "-31.76%"}, "2007": {"Average Stock Price": "83.9997", "Year Open": "78.2600", "Year High": "95.8500", "Year Low": "73.0100", "Year Close": "84.3200", "Annual % Change": "8.20%"}, "2006": {"Average Stock Price": "76.9101", "Year Open": "79.1100", "Year High": "88.1300", "Year Low": "68.1100", "Year Close": "77.9300", "Annual % Change": "0.55%"}, "2005": {"Average Stock Price": "77.8105", "Year Open": "82.4000", "Year High": "86.8000", "Year Low": "70.0700", "Year Close": "77.5000", "Annual % Change": "-5.57%"}, "2004": {"Average Stock Price": "81.8671", "Year Open": "83.3700", "Year High": "90.0100", "Year Low": "74.8700", "Year Close": "82.0700", "Annual % Change": "-3.48%"}, "2003": {"Average Stock Price": "68.7913", "Year Open": "63.4000", "Year High": "85.2500", "Year Low": "60.5000", "Year Close": "85.0300", "Annual % Change": "37.92%"}, "2002": {"Average Stock Price": "60.8725", "Year Open": "58.5500", "Year High": "65.5000", "Year Low": "51.8500", "Year Close": "61.6500", "Annual % Change": "4.31%"}, "2001": {"Average Stock Price": "55.6701", "Year Open": "59.6000", "Year High": "62.7500", "Year Low": "43.4900", "Year Close": "59.1000", "Annual % Change": "-1.91%"}, "2000": {"Average Stock Price": "46.0022", "Year Open": "47.1900", "Year High": "60.9500", "Year Low": "39.5000", "Year Close": "60.2500", "Annual % Change": "23.11%"}, "1999": {"Average Stock Price": "43.8225", "Year Open": "37.3150", "Year High": "51.4000", "Year Low": "34.9400", "Year Close": "48.9400", "Annual % Change": "37.61%"}, "1998": {"Average Stock Price": "41.6408", "Year Open": "41.7500", "Year High": "48.7200", "Year Low": "34.0300", "Year Close": "35.5650", "Annual % Change": "-13.32%"}, "1997": {"Average Stock Price": "45.6975", "Year Open": "43.1250", "Year High": "52.0000", "Year Low": "40.5000", "Year Close": "41.0300", "Annual % Change": "-1.13%"}, "1996": {"Average Stock Price": "34.7821", "Year Open": "33.8750", "Year High": "42.7500", "Year Low": "31.2500", "Year Close": "41.5000", "Annual % Change": "25.04%"}, "1995": {"Average Stock Price": "28.8693", "Year Open": "27.0000", "Year High": "34.8750", "Year Low": "25.5000", "Year Close": "33.1900", "Annual % Change": "24.35%"}, "1994": {"Average Stock Price": "26.2562", "Year Open": "26.7200", "Year High": "28.3750", "Year Low": "23.6250", "Year Close": "26.6900", "Annual % Change": "-1.83%"}, "1993": {"Average Stock Price": "26.9211", "Year Open": "25.1550", "Year High": "29.0950", "Year Low": "24.3750", "Year Close": "27.1875", "Annual % Change": "8.08%"}, "1992": {"Average Stock Price": "24.2316", "Year Open": "23.8125", "Year High": "26.2500", "Year Low": "21.6875", "Year Close": "25.1550", "Annual % Change": "5.64%"}, "1991": {"Average Stock Price": "22.2026", "Year Open": "21.2200", "Year High": "24.0000", "Year Low": "19.6250", "Year Close": "23.8125", "Annual % Change": "11.08%"}, "1990": {"Average Stock Price": "20.4752", "Year Open": "20.1250", "Year High": "22.7500", "Year Low": "18.4375", "Year Close": "21.4375", "Annual % Change": "7.70%"}, "1989": {"Average Stock Price": "18.0703", "Year Open": "15.3450", "Year High": "20.3750", "Year Low": "15.2200", "Year Close": "19.9050", "Annual % Change": "28.42%"}, "1988": {"Average Stock Price": "15.2898", "Year Open": "16.5300", "Year High": "16.6250", "Year Low": "13.8750", "Year Close": "15.5000", "Annual % Change": "-3.70%"}, "1987": {"Average Stock Price": "16.8163", "Year Open": "14.7350", "Year High": "20.7500", "Year Low": "13.5000", "Year Close": "16.0950", "Annual % Change": "10.41%"}, "1986": {"Average Stock Price": "13.0981", "Year Open": "11.0775", "Year High": "14.7188", "Year Low": "10.8125", "Year Close": "14.5775", "Annual % Change": "29.94%"}, "1985": {"Average Stock Price": "10.0098", "Year Open": "9.7975", "Year High": "11.3438", "Year Low": "9.3275", "Year Close": "11.2188", "Annual % Change": "14.16%"}, "1984": {"Average Stock Price": "9.7284", "Year Open": "10.3125", "Year High": "10.6100", "Year Low": "8.7350", "Year Close": "9.8275", "Annual % Change": "-4.70%"}, "1983": {"Average Stock Price": "10.2564", "Year Open": "9.1563", "Year High": "11.2500", "Year Low": "9.1250", "Year Close": "10.3125", "Annual % Change": "10.00%"}, "1982": {"Average Stock Price": "7.4686", "Year Open": "6.7813", "Year High": "9.8125", "Year Low": "6.1563", "Year Close": "9.3750", "Annual % Change": "37.61%"}, "1981": {"Average Stock Price": "7.0248", "Year Open": "7.4063", "Year High": "8.0775", "Year Low": "6.0475", "Year Close": "6.8125", "Annual % Change": "-7.63%"}, "1980": {"Average Stock Price": "6.8049", "Year Open": "6.1875", "Year High": "7.8125", "Year Low": "5.7813", "Year Close": "7.3750", "Annual % Change": "17.41%"}, "1979": {"Average Stock Price": "6.9139", "Year Open": "7.9063", "Year High": "8.2188", "Year Low": "6.0775", "Year Close": "6.2813", "Annual % Change": "-20.39%"}, "1978": {"Average Stock Price": "6.8296", "Year Open": "5.8438", "Year High": "8.1875", "Year Low": "5.4063", "Year Close": "7.8900", "Annual % Change": "30.14%"}, "1977": {"Average Stock Price": "6.2554", "Year Open": "7.0313", "Year High": "7.0313", "Year Low": "5.6725", "Year Close": "6.0625", "Annual % Change": "-14.34%"}, "1976": {"Average Stock Price": "7.4638", "Year Open": "6.8750", "Year High": "8.2650", "Year Low": "6.5625", "Year Close": "7.0775", "Annual % Change": "2.02%"}, "1975": {"Average Stock Price": "7.0261", "Year Open": "5.6100", "Year High": "8.4525", "Year Low": "5.4225", "Year Close": "6.9375", "Annual % Change": "20.34%"}, "1974": {"Average Stock Price": "8.2401", "Year Open": "9.8438", "Year High": "9.9063", "Year Low": "5.7188", "Year Close": "5.7650", "Annual % Change": "-40.87%"}, "1973": {"Average Stock Price": "10.4320", "Year Open": "10.7188", "Year High": "11.3125", "Year Low": "8.8750", "Year Close": "9.7500", "Annual % Change": "-8.90%"}, "1972": {"Average Stock Price": "9.5668", "Year Open": "8.3281", "Year High": "10.7813", "Year Low": "8.0863", "Year Close": "10.7025", "Annual % Change": "26.84%"}, "1971": {"Average Stock Price": "7.2118", "Year Open": "6.0550", "Year High": "8.4375", "Year Low": "5.9925", "Year Close": "8.4375", "Annual % Change": "36.36%"}}}, "market cap": {"value": "$104.78B"}, "income statement": {"Revenue": {"2020-12-31": "32184.00000", "2019-12-31": "32136.00000", "2018-12-31": "32765.00000", "2017-12-31": "31657.00000", "2016-12-31": "30109.00000", "2015-12-31": "30274.00000", "2014-12-31": "31821.00000", "2013-12-31": "30871.00000", "2012-12-31": "29904.00000", "2011-12-31": "29611.00000", "2010-12-31": "26662.00000", "2009-12-31": "23123.00000", "2008-12-31": "25269.00000", "2007-12-31": "24462.00000", "2006-12-31": "22923.00000", "2005-12-31": "21167.00000"}, "Cost Of Goods Sold": {"2020-12-31": "16605.00000", "2019-12-31": "17136.00000", "2018-12-31": "16682.00000", "2017-12-31": "16055.00000", "2016-12-31": "15118.00000", "2015-12-31": "15383.00000", "2014-12-31": "16447.00000", "2013-12-31": "16106.00000", "2012-12-31": "15685.00000", "2011-12-31": "15693.00000", "2010-12-31": "13831.00000", "2009-12-31": "12109.00000", "2008-12-31": "13379.00000", "2007-12-31": "12735.00000", "2006-12-31": "11713.00000", "2005-12-31": "10408.00000"}, "Gross Profit": {"2020-12-31": "15579.00000", "2019-12-31": "15000.00000", "2018-12-31": "16083.00000", "2017-12-31": "15602.00000", "2016-12-31": "14991.00000", "2015-12-31": "14891.00000", "2014-12-31": "15374.00000", "2013-12-31": "14765.00000", "2012-12-31": "14219.00000", "2011-12-31": "13918.00000", "2010-12-31": "12831.00000", "2009-12-31": "11014.00000", "2008-12-31": "11890.00000", "2007-12-31": "11727.00000", "2006-12-31": "11210.00000", "2005-12-31": "10759.00000"}, "Research And Development Expenses": {"2020-12-31": "1878.00000", "2019-12-31": "1911.00000", "2018-12-31": "1821.00000", "2017-12-31": "1870.00000", "2016-12-31": "1764.00000", "2015-12-31": "1763.00000", "2014-12-31": "1770.00000", "2013-12-31": "1715.00000", "2012-12-31": "1634.00000", "2011-12-31": "1570.00000", "2010-12-31": "1434.00000", "2009-12-31": "1293.00000", "2008-12-31": "1404.00000", "2007-12-31": "1368.00000", "2006-12-31": "1522.00000", "2005-12-31": "1274.00000"}, "SG&A Expenses": {"2020-12-31": "6929.00000", "2019-12-31": "7029.00000", "2018-12-31": "7602.00000", "2017-12-31": "6626.00000", "2016-12-31": "6311.00000", "2015-12-31": "6229.00000", "2014-12-31": "6469.00000", "2013-12-31": "6384.00000", "2012-12-31": "6102.00000", "2011-12-31": "6170.00000", "2010-12-31": "5479.00000", "2009-12-31": "4907.00000", "2008-12-31": "5245.00000", "2007-12-31": "5015.00000", "2006-12-31": "5066.00000", "2005-12-31": "4631.00000"}, "Other Operating Income Or Expenses": {"2020-12-31": "389.00000", "2019-12-31": "114.00000", "2018-12-31": "547.00000", "2017-12-31": "586.00000", "2016-12-31": "111.00000", "2015-12-31": "47.00000", "2014-12-31": "", "2013-12-31": "", "2012-12-31": "", "2011-12-31": "", "2010-12-31": "", "2009-12-31": "", "2008-12-31": "-23.00000", "2007-12-31": "849.00000", "2006-12-31": "1074.00000", "2005-12-31": ""}, "Operating Expenses": {"2020-12-31": "25023.00000", "2019-12-31": "25962.00000", "2018-12-31": "25558.00000", "2017-12-31": "23965.00000", "2016-12-31": "23082.00000", "2015-12-31": "23328.00000", "2014-12-31": "24686.00000", "2013-12-31": "24205.00000", "2012-12-31": "23421.00000", "2011-12-31": "23433.00000", "2010-12-31": "20744.00000", "2009-12-31": "18309.00000", "2008-12-31": "20051.00000", "2007-12-31": "18269.00000", "2006-12-31": "17227.00000", "2005-12-31": "16313.00000"}, "Operating Income": {"2020-12-31": "7161.00000", "2019-12-31": "6174.00000", "2018-12-31": "7207.00000", "2017-12-31": "7692.00000", "2016-12-31": "7027.00000", "2015-12-31": "6946.00000", "2014-12-31": "7135.00000", "2013-12-31": "6666.00000", "2012-12-31": "6483.00000", "2011-12-31": "6178.00000", "2010-12-31": "5918.00000", "2009-12-31": "4814.00000", "2008-12-31": "5218.00000", "2007-12-31": "6193.00000", "2006-12-31": "5696.00000", "2005-12-31": "4854.00000"}, "Total Non-Operating Income/Expense": {"2020-12-31": "-450.00000", "2019-12-31": "-462.00000", "2018-12-31": "-207.00000", "2017-12-31": "-144.00000", "2016-12-31": "26.00000", "2015-12-31": "-123.00000", "2014-12-31": "-109.00000", "2013-12-31": "-104.00000", "2012-12-31": "-132.00000", "2011-12-31": "-147.00000", "2010-12-31": "-163.00000", "2009-12-31": "-182.00000", "2008-12-31": "-110.00000", "2007-12-31": "-78.00000", "2006-12-31": "-71.00000", "2005-12-31": "-26.00000"}, "Pre-Tax Income": {"2020-12-31": "6711.00000", "2019-12-31": "5712.00000", "2018-12-31": "7000.00000", "2017-12-31": "7548.00000", "2016-12-31": "7053.00000", "2015-12-31": "6823.00000", "2014-12-31": "7026.00000", "2013-12-31": "6562.00000", "2012-12-31": "6351.00000", "2011-12-31": "6031.00000", "2010-12-31": "5755.00000", "2009-12-31": "4632.00000", "2008-12-31": "5108.00000", "2007-12-31": "6115.00000", "2006-12-31": "5625.00000", "2005-12-31": "4828.00000"}, "Income Taxes": {"2020-12-31": "1318.00000", "2019-12-31": "1130.00000", "2018-12-31": "1637.00000", "2017-12-31": "2679.00000", "2016-12-31": "1995.00000", "2015-12-31": "1982.00000", "2014-12-31": "2028.00000", "2013-12-31": "1841.00000", "2012-12-31": "1840.00000", "2011-12-31": "1674.00000", "2010-12-31": "1592.00000", "2009-12-31": "1388.00000", "2008-12-31": "1588.00000", "2007-12-31": "1964.00000", "2006-12-31": "1723.00000", "2005-12-31": "1627.00000"}, "Income After Taxes": {"2020-12-31": "5393.00000", "2019-12-31": "4582.00000", "2018-12-31": "5363.00000", "2017-12-31": "4869.00000", "2016-12-31": "5058.00000", "2015-12-31": "4841.00000", "2014-12-31": "4998.00000", "2013-12-31": "4721.00000", "2012-12-31": "4511.00000", "2011-12-31": "4357.00000", "2010-12-31": "4163.00000", "2009-12-31": "3244.00000", "2008-12-31": "3520.00000", "2007-12-31": "4151.00000", "2006-12-31": "3902.00000", "2005-12-31": "3201.00000"}, "Other Income": {"2020-12-31": "-5.00000", "2019-12-31": "", "2018-12-31": "", "2017-12-31": "", "2016-12-31": "", "2015-12-31": "", "2014-12-31": "", "2013-12-31": "", "2012-12-31": "", "2011-12-31": "", "2010-12-31": "", "2009-12-31": "", "2008-12-31": "", "2007-12-31": "", "2006-12-31": "", "2005-12-31": ""}, "Income From Continuous Operations": {"2020-12-31": "5388.00000", "2019-12-31": "4582.00000", "2018-12-31": "5363.00000", "2017-12-31": "4869.00000", "2016-12-31": "5058.00000", "2015-12-31": "4841.00000", "2014-12-31": "4998.00000", "2013-12-31": "4721.00000", "2012-12-31": "4511.00000", "2011-12-31": "4357.00000", "2010-12-31": "4163.00000", "2009-12-31": "3244.00000", "2008-12-31": "3520.00000", "2007-12-31": "4151.00000", "2006-12-31": "3851.00000", "2005-12-31": "3146.00000"}, "Income From Discontinued Operations": {"2020-12-31": "", "2019-12-31": "", "2018-12-31": "", "2017-12-31": "", "2016-12-31": "", "2015-12-31": "", "2014-12-31": "", "2013-12-31": "", "2012-12-31": "", "2011-12-31": "", "2010-12-31": "", "2009-12-31": "", "2008-12-31": "", "2007-12-31": "", "2006-12-31": "", "2005-12-31": ""}, "Net Income": {"2020-12-31": "5384.00000", "2019-12-31": "4570.00000", "2018-12-31": "5349.00000", "2017-12-31": "4858.00000", "2016-12-31": "5050.00000", "2015-12-31": "4833.00000", "2014-12-31": "4956.00000", "2013-12-31": "4659.00000", "2012-12-31": "4444.00000", "2011-12-31": "4283.00000", "2010-12-31": "4085.00000", "2009-12-31": "3193.00000", "2008-12-31": "3460.00000", "2007-12-31": "4096.00000", "2006-12-31": "3851.00000", "2005-12-31": "3111.00000"}, "EBITDA": {"2020-12-31": "9072.00000", "2019-12-31": "7767.00000", "2018-12-31": "8695.00000", "2017-12-31": "9236.00000", "2016-12-31": "8501.00000", "2015-12-31": "8381.00000", "2014-12-31": "8543.00000", "2013-12-31": "8037.00000", "2012-12-31": "7771.00000", "2011-12-31": "7414.00000", "2010-12-31": "7038.00000", "2009-12-31": "5971.00000", "2008-12-31": "6371.00000", "2007-12-31": "7265.00000", "2006-12-31": "6775.00000", "2005-12-31": "5840.00000"}, "EBIT": {"2020-12-31": "7161.00000", "2019-12-31": "6174.00000", "2018-12-31": "7207.00000", "2017-12-31": "7692.00000", "2016-12-31": "7027.00000", "2015-12-31": "6946.00000", "2014-12-31": "7135.00000", "2013-12-31": "6666.00000", "2012-12-31": "6483.00000", "2011-12-31": "6178.00000", "2010-12-31": "5918.00000", "2009-12-31": "4814.00000", "2008-12-31": "5218.00000", "2007-12-31": "6193.00000", "2006-12-31": "5696.00000", "2005-12-31": "4854.00000"}, "Basic Shares Outstanding": {"2020-12-31": "577.60000", "2019-12-31": "577.00000", "2018-12-31": "588.50000", "2017-12-31": "597.50000", "2016-12-31": "604.70000", "2015-12-31": "625.60000", "2014-12-31": "649.20000", "2013-12-31": "681.90000", "2012-12-31": "693.90000", "2011-12-31": "708.50000", "2010-12-31": "713.70000", "2009-12-31": "700.50000", "2008-12-31": "699.20000", "2007-12-31": "718.30000", "2006-12-31": "747.50000", "2005-12-31": "764.90000"}, "Shares Outstanding": {"2020-12-31": "582.20000", "2019-12-31": "585.10000", "2018-12-31": "602.00000", "2017-12-31": "612.70000", "2016-12-31": "618.70000", "2015-12-31": "637.20000", "2014-12-31": "662.00000", "2013-12-31": "693.60000", "2012-12-31": "703.30000", "2011-12-31": "719.00000", "2010-12-31": "725.50000", "2009-12-31": "706.70000", "2008-12-31": "707.20000", "2007-12-31": "732.00000", "2006-12-31": "761.00000", "2005-12-31": "781.30000"}, "Basic EPS": {"2020-12-31": "9.32000", "2019-12-31": "7.92000", "2018-12-31": "9.09000", "2017-12-31": "8.13000", "2016-12-31": "8.35000", "2015-12-31": "7.72000", "2014-12-31": "7.63000", "2013-12-31": "6.83000", "2012-12-31": "6.40000", "2011-12-31": "6.05000", "2010-12-31": "5.72000", "2009-12-31": "4.56000", "2008-12-31": "4.95000", "2007-12-31": "5.70000", "2006-12-31": "5.15000", "2005-12-31": "4.07000"}, "EPS - Earnings Per Share": {"2020-12-31": "9.25000", "2019-12-31": "7.81000", "2018-12-31": "8.89000", "2017-12-31": "7.93000", "2016-12-31": "8.16000", "2015-12-31": "7.58000", "2014-12-31": "7.49000", "2013-12-31": "6.72000", "2012-12-31": "6.32000", "2011-12-31": "5.96000", "2010-12-31": "5.63000", "2009-12-31": "4.52000", "2008-12-31": "4.89000", "2007-12-31": "5.60000", "2006-12-31": "5.06000", "2005-12-31": "3.98000"}}, "income statement, quarterly": {"Revenue": {"2020-12-31": "8583.00000", "2020-09-30": "8350.00000", "2020-06-30": "7176.00000", "2020-03-31": "8075.00000", "2019-12-31": "8111.00000", "2019-09-30": "7991.00000", "2019-06-30": "8171.00000", "2019-03-31": "7863.00000", "2018-12-31": "7945.00000", "2018-09-30": "8152.00000", "2018-06-30": "8390.00000", "2018-03-31": "8278.00000", "2017-12-31": "7990.00000", "2017-09-30": "8172.00000", "2017-06-30": "7810.00000", "2017-03-31": "7685.00000", "2016-12-31": "7329.00000", "2016-09-30": "7709.00000", "2016-06-30": "7662.00000", "2016-03-31": "7409.00000", "2015-12-31": "7298.00000", "2015-09-30": "7712.00000", "2015-06-30": "7686.00000", "2015-03-31": "7578.00000", "2014-12-31": "7719.00000", "2014-09-30": "8137.00000", "2014-06-30": "8134.00000", "2014-03-31": "7831.00000", "2013-12-31": "7569.00000", "2013-09-30": "7916.00000", "2013-06-30": "7752.00000", "2013-03-31": "7634.00000", "2012-12-31": "7387.00000", "2012-09-30": "7497.00000", "2012-06-30": "7534.00000", "2012-03-31": "7486.00000", "2011-12-31": "7089.00000", "2011-09-30": "7531.00000", "2011-06-30": "7680.00000", "2011-03-31": "7311.00000", "2010-12-31": "6709.00000", "2010-09-30": "6874.00000", "2010-06-30": "6731.00000", "2010-03-31": "6348.00000", "2009-12-31": "6122.00000", "2009-09-30": "6193.00000", "2009-06-30": "5719.00000", "2009-03-31": "5089.00000", "2008-12-31": "5509.00000", "2008-09-30": "6558.00000", "2008-06-30": "6739.00000", "2008-03-31": "6463.00000", "2007-12-31": "6206.00000", "2007-09-30": "6177.00000", "2007-06-30": "6142.00000", "2007-03-31": "5937.00000", "2006-12-31": "5782.00000", "2006-09-30": "5858.00000", "2006-06-30": "5688.00000", "2006-03-31": "5595.00000", "2005-12-31": "5325.00000", "2005-09-30": "5382.00000", "2005-06-30": "5294.00000", "2005-03-31": "5166.00000"}, "Cost Of Goods Sold": {"2020-12-31": "4388.00000", "2020-09-30": "4303.00000", "2020-06-30": "3805.00000", "2020-03-31": "4109.00000", "2019-12-31": "4325.00000", "2019-09-30": "4188.00000", "2019-06-30": "4313.00000", "2019-03-31": "4310.00000", "2018-12-31": "4060.00000", "2018-09-30": "4159.00000", "2018-06-30": "4227.00000", "2018-03-31": "4236.00000", "2017-12-31": "4094.00000", "2017-09-30": "4059.00000", "2017-06-30": "4020.00000", "2017-03-31": "3882.00000", "2016-12-31": "3794.00000", "2016-09-30": "3847.00000", "2016-06-30": "3799.00000", "2016-03-31": "3678.00000", "2015-12-31": "3827.00000", "2015-09-30": "3877.00000", "2015-06-30": "3858.00000", "2015-03-31": "3821.00000", "2014-12-31": "4027.00000", "2014-09-30": "4205.00000", "2014-06-30": "4184.00000", "2014-03-31": "4031.00000", "2013-12-31": "3976.00000", "2013-09-30": "4148.00000", "2013-06-30": "4013.00000", "2013-03-31": "3969.00000", "2012-12-31": "3991.00000", "2012-09-30": "3935.00000", "2012-06-30": "3870.00000", "2012-03-31": "3889.00000", "2011-12-31": "3824.00000", "2011-09-30": "4027.00000", "2011-06-30": "4040.00000", "2011-03-31": "3802.00000", "2010-12-31": "3575.00000", "2010-09-30": "3583.00000", "2010-06-30": "3435.00000", "2010-03-31": "3238.00000", "2009-12-31": "3189.00000", "2009-09-30": "3171.00000", "2009-06-30": "2977.00000", "2009-03-31": "2772.00000", "2008-12-31": "3101.00000", "2008-09-30": "3432.00000", "2008-06-30": "3510.00000", "2008-03-31": "3336.00000", "2007-12-31": "3298.00000", "2007-09-30": "3240.00000", "2007-06-30": "3175.00000", "2007-03-31": "3022.00000", "2006-12-31": "3162.00000", "2006-09-30": "2990.00000", "2006-06-30": "2840.00000", "2006-03-31": "2721.00000", "2005-12-31": "2622.00000", "2005-09-30": "2635.00000", "2005-06-30": "2602.00000", "2005-03-31": "2549.00000"}, "Gross Profit": {"2020-12-31": "4195.00000", "2020-09-30": "4047.00000", "2020-06-30": "3371.00000", "2020-03-31": "3966.00000", "2019-12-31": "3786.00000", "2019-09-30": "3803.00000", "2019-06-30": "3858.00000", "2019-03-31": "3553.00000", "2018-12-31": "3885.00000", "2018-09-30": "3993.00000", "2018-06-30": "4163.00000", "2018-03-31": "4042.00000", "2017-12-31": "3896.00000", "2017-09-30": "4113.00000", "2017-06-30": "3790.00000", "2017-03-31": "3803.00000", "2016-12-31": "3535.00000", "2016-09-30": "3862.00000", "2016-06-30": "3863.00000", "2016-03-31": "3731.00000", "2015-12-31": "3471.00000", "2015-09-30": "3835.00000", "2015-06-30": "3828.00000", "2015-03-31": "3757.00000", "2014-12-31": "3692.00000", "2014-09-30": "3932.00000", "2014-06-30": "3950.00000", "2014-03-31": "3800.00000", "2013-12-31": "3593.00000", "2013-09-30": "3768.00000", "2013-06-30": "3739.00000", "2013-03-31": "3665.00000", "2012-12-31": "3396.00000", "2012-09-30": "3562.00000", "2012-06-30": "3664.00000", "2012-03-31": "3597.00000", "2011-12-31": "3265.00000", "2011-09-30": "3504.00000", "2011-06-30": "3640.00000", "2011-03-31": "3509.00000", "2010-12-31": "3134.00000", "2010-09-30": "3291.00000", "2010-06-30": "3296.00000", "2010-03-31": "3110.00000", "2009-12-31": "2933.00000", "2009-09-30": "3022.00000", "2009-06-30": "2742.00000", "2009-03-31": "2317.00000", "2008-12-31": "2408.00000", "2008-09-30": "3126.00000", "2008-06-30": "3229.00000", "2008-03-31": "3127.00000", "2007-12-31": "2908.00000", "2007-09-30": "2937.00000", "2007-06-30": "2967.00000", "2007-03-31": "2915.00000", "2006-12-31": "2620.00000", "2006-09-30": "2868.00000", "2006-06-30": "2848.00000", "2006-03-31": "2874.00000", "2005-12-31": "2703.00000", "2005-09-30": "2747.00000", "2005-06-30": "2692.00000", "2005-03-31": "2617.00000"}, "Research And Development Expenses": {"2020-12-31": "456.00000", "2020-09-30": "461.00000", "2020-06-30": "424.00000", "2020-03-31": "537.00000", "2019-12-31": "521.00000", "2019-09-30": "443.00000", "2019-06-30": "470.00000", "2019-03-31": "477.00000", "2018-12-31": "437.00000", "2018-09-30": "430.00000", "2018-06-30": "468.00000", "2018-03-31": "486.00000", "2017-12-31": "448.00000", "2017-09-30": "468.00000", "2017-06-30": "478.00000", "2017-03-31": "476.00000", "2016-12-31": "450.00000", "2016-09-30": "427.00000", "2016-06-30": "437.00000", "2016-03-31": "450.00000", "2015-12-31": "433.00000", "2015-09-30": "429.00000", "2015-06-30": "438.00000", "2015-03-31": "463.00000", "2014-12-31": "436.00000", "2014-09-30": "434.00000", "2014-06-30": "448.00000", "2014-03-31": "452.00000", "2013-12-31": "438.00000", "2013-09-30": "420.00000", "2013-06-30": "427.00000", "2013-03-31": "430.00000", "2012-12-31": "418.00000", "2012-09-30": "397.00000", "2012-06-30": "408.00000", "2012-03-31": "411.00000", "2011-12-31": "379.00000", "2011-09-30": "389.00000", "2011-06-30": "404.00000", "2011-03-31": "398.00000", "2010-12-31": "388.00000", "2010-09-30": "354.00000", "2010-06-30": "350.00000", "2010-03-31": "342.00000", "2009-12-31": "326.00000", "2009-09-30": "335.00000", "2009-06-30": "309.00000", "2009-03-31": "323.00000", "2008-12-31": "346.00000", "2008-09-30": "344.00000", "2008-06-30": "363.00000", "2008-03-31": "351.00000", "2007-12-31": "359.00000", "2007-09-30": "338.00000", "2007-06-30": "352.00000", "2007-03-31": "319.00000", "2006-12-31": "509.00000", "2006-09-30": "340.00000", "2006-06-30": "351.00000", "2006-03-31": "322.00000", "2005-12-31": "322.00000", "2005-09-30": "314.00000", "2005-06-30": "318.00000", "2005-03-31": "320.00000"}, "SG&A Expenses": {"2020-12-31": "1890.00000", "2020-09-30": "1677.00000", "2020-06-30": "1594.00000", "2020-03-31": "1768.00000", "2019-12-31": "1940.00000", "2019-09-30": "1455.00000", "2019-06-30": "1686.00000", "2019-03-31": "1948.00000", "2018-12-31": "1682.00000", "2018-09-30": "1547.00000", "2018-06-30": "1800.00000", "2018-03-31": "2573.00000", "2017-12-31": "1755.00000", "2017-09-30": "1637.00000", "2017-06-30": "1620.00000", "2017-03-31": "1614.00000", "2016-12-31": "1727.00000", "2016-09-30": "1531.00000", "2016-06-30": "1560.00000", "2016-03-31": "1493.00000", "2015-12-31": "1585.00000", "2015-09-30": "1530.00000", "2015-06-30": "1550.00000", "2015-03-31": "1564.00000", "2014-12-31": "1594.00000", "2014-09-30": "1597.00000", "2014-06-30": "1646.00000", "2014-03-31": "1632.00000", "2013-12-31": "1576.00000", "2013-09-30": "1609.00000", "2013-06-30": "1610.00000", "2013-03-31": "1589.00000", "2012-12-31": "1535.00000", "2012-09-30": "1487.00000", "2012-06-30": "1528.00000", "2012-03-31": "1552.00000", "2011-12-31": "1522.00000", "2011-09-30": "1534.00000", "2011-06-30": "1581.00000", "2011-03-31": "1533.00000", "2010-12-31": "1445.00000", "2010-09-30": "1361.00000", "2010-06-30": "1350.00000", "2010-03-31": "1323.00000", "2009-12-31": "1265.00000", "2009-09-30": "1209.00000", "2009-06-30": "1242.00000", "2009-03-31": "1191.00000", "2008-12-31": "1307.00000", "2008-09-30": "1269.00000", "2008-06-30": "1394.00000", "2008-03-31": "1275.00000", "2007-12-31": "1274.00000", "2007-09-30": "1174.00000", "2007-06-30": "1286.00000", "2007-03-31": "1281.00000", "2006-12-31": "1375.00000", "2006-09-30": "1186.00000", "2006-06-30": "1322.00000", "2006-03-31": "1183.00000", "2005-12-31": "1191.00000", "2005-09-30": "1166.00000", "2005-06-30": "1130.00000", "2005-03-31": "1144.00000"}, "Other Operating Income Or Expenses": {"2020-12-31": "", "2020-09-30": "", "2020-06-30": "387.00000", "2020-03-31": "2.00000", "2019-12-31": "", "2019-09-30": "106.00000", "2019-06-30": "", "2019-03-31": "8.00000", "2018-12-31": "17.00000", "2018-09-30": "", "2018-06-30": "506.00000", "2018-03-31": "24.00000", "2017-12-31": "96.00000", "2017-09-30": "", "2017-06-30": "461.00000", "2017-03-31": "29.00000", "2016-12-31": "", "2016-09-30": "", "2016-06-30": "", "2016-03-31": "", "2015-12-31": "", "2015-09-30": "", "2015-06-30": "", "2015-03-31": "", "2014-12-31": "", "2014-09-30": "", "2014-06-30": "", "2014-03-31": "", "2013-12-31": "", "2013-09-30": "", "2013-06-30": "", "2013-03-31": "", "2012-12-31": "", "2012-09-30": "", "2012-06-30": "", "2012-03-31": "", "2011-12-31": "", "2011-09-30": "", "2011-06-30": "", "2011-03-31": "", "2010-12-31": "", "2010-09-30": "", "2010-06-30": "", "2010-03-31": "", "2009-12-31": "", "2009-09-30": "", "2009-06-30": "", "2009-03-31": "", "2008-12-31": "", "2008-09-30": "", "2008-06-30": "-23.00000", "2008-03-31": "", "2007-12-31": "-5.00000", "2007-09-30": "", "2007-06-30": "68.00000", "2007-03-31": "786.00000", "2006-12-31": "", "2006-09-30": "", "2006-06-30": "", "2006-03-31": "", "2005-12-31": "", "2005-09-30": "", "2005-06-30": "", "2005-03-31": ""}, "Operating Expenses": {"2020-12-31": "6734.00000", "2020-09-30": "6441.00000", "2020-06-30": "5436.00000", "2020-03-31": "6412.00000", "2019-12-31": "6786.00000", "2019-09-30": "5980.00000", "2019-06-30": "6469.00000", "2019-03-31": "6727.00000", "2018-12-31": "6162.00000", "2018-09-30": "6136.00000", "2018-06-30": "5989.00000", "2018-03-31": "7271.00000", "2017-12-31": "6201.00000", "2017-09-30": "6164.00000", "2017-06-30": "5657.00000", "2017-03-31": "5943.00000", "2016-12-31": "5860.00000", "2016-09-30": "5805.00000", "2016-06-30": "5796.00000", "2016-03-31": "5621.00000", "2015-12-31": "5798.00000", "2015-09-30": "5836.00000", "2015-06-30": "5846.00000", "2015-03-31": "5848.00000", "2014-12-31": "6057.00000", "2014-09-30": "6236.00000", "2014-06-30": "6278.00000", "2014-03-31": "6115.00000", "2013-12-31": "5990.00000", "2013-09-30": "6177.00000", "2013-06-30": "6050.00000", "2013-03-31": "5988.00000", "2012-12-31": "5944.00000", "2012-09-30": "5819.00000", "2012-06-30": "5806.00000", "2012-03-31": "5852.00000", "2011-12-31": "5725.00000", "2011-09-30": "5950.00000", "2011-06-30": "6025.00000", "2011-03-31": "5733.00000", "2010-12-31": "5408.00000", "2010-09-30": "5298.00000", "2010-06-30": "5135.00000", "2010-03-31": "4903.00000", "2009-12-31": "4780.00000", "2009-09-30": "4715.00000", "2009-06-30": "4528.00000", "2009-03-31": "4286.00000", "2008-12-31": "4754.00000", "2008-09-30": "5045.00000", "2008-06-30": "5290.00000", "2008-03-31": "4962.00000", "2007-12-31": "4936.00000", "2007-09-30": "4752.00000", "2007-06-30": "4745.00000", "2007-03-31": "3836.00000", "2006-12-31": "3972.00000", "2006-09-30": "4516.00000", "2006-06-30": "4513.00000", "2006-03-31": "4226.00000", "2005-12-31": "4135.00000", "2005-09-30": "4115.00000", "2005-06-30": "4050.00000", "2005-03-31": "4013.00000"}, "Operating Income": {"2020-12-31": "1849.00000", "2020-09-30": "1909.00000", "2020-06-30": "1740.00000", "2020-03-31": "1663.00000", "2019-12-31": "1325.00000", "2019-09-30": "2011.00000", "2019-06-30": "1702.00000", "2019-03-31": "1136.00000", "2018-12-31": "1783.00000", "2018-09-30": "2016.00000", "2018-06-30": "2401.00000", "2018-03-31": "1007.00000", "2017-12-31": "1789.00000", "2017-09-30": "2008.00000", "2017-06-30": "2153.00000", "2017-03-31": "1742.00000", "2016-12-31": "1469.00000", "2016-09-30": "1904.00000", "2016-06-30": "1866.00000", "2016-03-31": "1788.00000", "2015-12-31": "1500.00000", "2015-09-30": "1876.00000", "2015-06-30": "1840.00000", "2015-03-31": "1730.00000", "2014-12-31": "1662.00000", "2014-09-30": "1901.00000", "2014-06-30": "1856.00000", "2014-03-31": "1716.00000", "2013-12-31": "1579.00000", "2013-09-30": "1739.00000", "2013-06-30": "1702.00000", "2013-03-31": "1646.00000", "2012-12-31": "1443.00000", "2012-09-30": "1678.00000", "2012-06-30": "1728.00000", "2012-03-31": "1634.00000", "2011-12-31": "1364.00000", "2011-09-30": "1581.00000", "2011-06-30": "1655.00000", "2011-03-31": "1578.00000", "2010-12-31": "1301.00000", "2010-09-30": "1576.00000", "2010-06-30": "1596.00000", "2010-03-31": "1445.00000", "2009-12-31": "1342.00000", "2009-09-30": "1478.00000", "2009-06-30": "1191.00000", "2009-03-31": "803.00000", "2008-12-31": "755.00000", "2008-09-30": "1513.00000", "2008-06-30": "1449.00000", "2008-03-31": "1501.00000", "2007-12-31": "1270.00000", "2007-09-30": "1425.00000", "2007-06-30": "1397.00000", "2007-03-31": "2101.00000", "2006-12-31": "1810.00000", "2006-09-30": "1342.00000", "2006-06-30": "1175.00000", "2006-03-31": "1369.00000", "2005-12-31": "1190.00000", "2005-09-30": "1267.00000", "2005-06-30": "1244.00000", "2005-03-31": "1153.00000"}, "Total Non-Operating Income/Expense": {"2020-12-31": "-139.00000", "2020-09-30": "-104.00000", "2020-06-30": "-111.00000", "2020-03-31": "-96.00000", "2019-12-31": "-113.00000", "2019-09-30": "-45.00000", "2019-06-30": "-256.00000", "2019-03-31": "-48.00000", "2018-12-31": "-63.00000", "2018-09-30": "-51.00000", "2018-06-30": "-51.00000", "2018-03-31": "-42.00000", "2017-12-31": "-117.00000", "2017-09-30": "-11.00000", "2017-06-30": "-11.00000", "2017-03-31": "-5.00000", "2016-12-31": "141.00000", "2016-09-30": "-42.00000", "2016-06-30": "-31.00000", "2016-03-31": "-42.00000", "2015-12-31": "-37.00000", "2015-09-30": "-31.00000", "2015-06-30": "-28.00000", "2015-03-31": "-27.00000", "2014-12-31": "-24.00000", "2014-09-30": "-21.00000", "2014-06-30": "-36.00000", "2014-03-31": "-28.00000", "2013-12-31": "-21.00000", "2013-09-30": "-23.00000", "2013-06-30": "-31.00000", "2013-03-31": "-29.00000", "2012-12-31": "-34.00000", "2012-09-30": "-34.00000", "2012-06-30": "-33.00000", "2012-03-31": "-31.00000", "2011-12-31": "-35.00000", "2011-09-30": "-38.00000", "2011-06-30": "-41.00000", "2011-03-31": "-33.00000", "2010-12-31": "-39.00000", "2010-09-30": "-40.00000", "2010-06-30": "-42.00000", "2010-03-31": "-42.00000", "2009-12-31": "-43.00000", "2009-09-30": "-47.00000", "2009-06-30": "-48.00000", "2009-03-31": "-44.00000", "2008-12-31": "-28.00000", "2008-09-30": "-24.00000", "2008-06-30": "-33.00000", "2008-03-31": "-25.00000", "2007-12-31": "-33.00000", "2007-09-30": "-16.00000", "2007-06-30": "-19.00000", "2007-03-31": "-10.00000", "2006-12-31": "-22.00000", "2006-09-30": "-24.00000", "2006-06-30": "-11.00000", "2006-03-31": "-14.00000", "2005-12-31": "-12.00000", "2005-09-30": "-7.00000", "2005-06-30": "-3.00000", "2005-03-31": "-4.00000"}, "Pre-Tax Income": {"2020-12-31": "1710.00000", "2020-09-30": "1805.00000", "2020-06-30": "1629.00000", "2020-03-31": "1567.00000", "2019-12-31": "1212.00000", "2019-09-30": "1966.00000", "2019-06-30": "1446.00000", "2019-03-31": "1088.00000", "2018-12-31": "1720.00000", "2018-09-30": "1965.00000", "2018-06-30": "2350.00000", "2018-03-31": "965.00000", "2017-12-31": "1672.00000", "2017-09-30": "1997.00000", "2017-06-30": "2142.00000", "2017-03-31": "1737.00000", "2016-12-31": "1610.00000", "2016-09-30": "1862.00000", "2016-06-30": "1835.00000", "2016-03-31": "1746.00000", "2015-12-31": "1463.00000", "2015-09-30": "1845.00000", "2015-06-30": "1812.00000", "2015-03-31": "1703.00000", "2014-12-31": "1638.00000", "2014-09-30": "1880.00000", "2014-06-30": "1820.00000", "2014-03-31": "1688.00000", "2013-12-31": "1558.00000", "2013-09-30": "1716.00000", "2013-06-30": "1671.00000", "2013-03-31": "1617.00000", "2012-12-31": "1409.00000", "2012-09-30": "1644.00000", "2012-06-30": "1695.00000", "2012-03-31": "1603.00000", "2011-12-31": "1329.00000", "2011-09-30": "1543.00000", "2011-06-30": "1614.00000", "2011-03-31": "1545.00000", "2010-12-31": "1262.00000", "2010-09-30": "1536.00000", "2010-06-30": "1554.00000", "2010-03-31": "1403.00000", "2009-12-31": "1299.00000", "2009-09-30": "1431.00000", "2009-06-30": "1143.00000", "2009-03-31": "759.00000", "2008-12-31": "727.00000", "2008-09-30": "1489.00000", "2008-06-30": "1416.00000", "2008-03-31": "1476.00000", "2007-12-31": "1237.00000", "2007-09-30": "1409.00000", "2007-06-30": "1378.00000", "2007-03-31": "2091.00000", "2006-12-31": "1788.00000", "2006-09-30": "1318.00000", "2006-06-30": "1164.00000", "2006-03-31": "1355.00000", "2005-12-31": "1178.00000", "2005-09-30": "1260.00000", "2005-06-30": "1241.00000", "2005-03-31": "1149.00000"}, "Income Taxes": {"2020-12-31": "316.00000", "2020-09-30": "387.00000", "2020-06-30": "342.00000", "2020-03-31": "273.00000", "2019-12-31": "242.00000", "2019-09-30": "378.00000", "2019-06-30": "315.00000", "2019-03-31": "195.00000", "2018-12-31": "371.00000", "2018-09-30": "419.00000", "2018-06-30": "488.00000", "2018-03-31": "359.00000", "2017-12-31": "1147.00000", "2017-09-30": "564.00000", "2017-06-30": "557.00000", "2017-03-31": "411.00000", "2016-12-31": "454.00000", "2016-09-30": "531.00000", "2016-06-30": "542.00000", "2016-03-31": "468.00000", "2015-12-31": "424.00000", "2015-09-30": "547.00000", "2015-06-30": "509.00000", "2015-03-31": "502.00000", "2014-12-31": "459.00000", "2014-09-30": "569.00000", "2014-06-30": "537.00000", "2014-03-31": "463.00000", "2013-12-31": "442.00000", "2013-09-30": "471.00000", "2013-06-30": "458.00000", "2013-03-31": "470.00000", "2012-12-31": "405.00000", "2012-09-30": "464.00000", "2012-06-30": "509.00000", "2012-03-31": "462.00000", "2011-12-31": "355.00000", "2011-09-30": "440.00000", "2011-06-30": "437.00000", "2011-03-31": "442.00000", "2010-12-31": "319.00000", "2010-09-30": "411.00000", "2010-06-30": "414.00000", "2010-03-31": "448.00000", "2009-12-31": "348.00000", "2009-09-30": "460.00000", "2009-06-30": "351.00000", "2009-03-31": "229.00000", "2008-12-31": "186.00000", "2008-09-30": "479.00000", "2008-06-30": "453.00000", "2008-03-31": "470.00000", "2007-12-31": "378.00000", "2007-09-30": "433.00000", "2007-06-30": "445.00000", "2007-03-31": "708.00000", "2006-12-31": "596.00000", "2006-09-30": "412.00000", "2006-06-30": "272.00000", "2006-03-31": "443.00000", "2005-12-31": "382.00000", "2005-09-30": "407.00000", "2005-06-30": "475.00000", "2005-03-31": "363.00000"}, "Income After Taxes": {"2020-12-31": "1394.00000", "2020-09-30": "1418.00000", "2020-06-30": "1287.00000", "2020-03-31": "1294.00000", "2019-12-31": "970.00000", "2019-09-30": "1588.00000", "2019-06-30": "1131.00000", "2019-03-31": "893.00000", "2018-12-31": "1349.00000", "2018-09-30": "1546.00000", "2018-06-30": "1862.00000", "2018-03-31": "606.00000", "2017-12-31": "525.00000", "2017-09-30": "1433.00000", "2017-06-30": "1585.00000", "2017-03-31": "1326.00000", "2016-12-31": "1156.00000", "2016-09-30": "1331.00000", "2016-06-30": "1293.00000", "2016-03-31": "1278.00000", "2015-12-31": "1039.00000", "2015-09-30": "1298.00000", "2015-06-30": "1303.00000", "2015-03-31": "1201.00000", "2014-12-31": "1179.00000", "2014-09-30": "1311.00000", "2014-06-30": "1283.00000", "2014-03-31": "1225.00000", "2013-12-31": "1116.00000", "2013-09-30": "1245.00000", "2013-06-30": "1213.00000", "2013-03-31": "1147.00000", "2012-12-31": "1004.00000", "2012-09-30": "1180.00000", "2012-06-30": "1186.00000", "2012-03-31": "1141.00000", "2011-12-31": "974.00000", "2011-09-30": "1103.00000", "2011-06-30": "1177.00000", "2011-03-31": "1103.00000", "2010-12-31": "943.00000", "2010-09-30": "1125.00000", "2010-06-30": "1140.00000", "2010-03-31": "955.00000", "2009-12-31": "951.00000", "2009-09-30": "971.00000", "2009-06-30": "792.00000", "2009-03-31": "530.00000", "2008-12-31": "541.00000", "2008-09-30": "1010.00000", "2008-06-30": "963.00000", "2008-03-31": "1006.00000", "2007-12-31": "859.00000", "2007-09-30": "976.00000", "2007-06-30": "933.00000", "2007-03-31": "1383.00000", "2006-12-31": "1192.00000", "2006-09-30": "906.00000", "2006-06-30": "892.00000", "2006-03-31": "912.00000", "2005-12-31": "796.00000", "2005-09-30": "853.00000", "2005-06-30": "766.00000", "2005-03-31": "786.00000"}, "Other Income": {"2020-12-31": "-4.00000", "2020-09-30": "-1.00000", "2020-06-30": "", "2020-03-31": "", "2019-12-31": "", "2019-09-30": "", "2019-06-30": "", "2019-03-31": "", "2018-12-31": "", "2018-09-30": "", "2018-06-30": "", "2018-03-31": "", "2017-12-31": "", "2017-09-30": "", "2017-06-30": "", "2017-03-31": "", "2016-12-31": "", "2016-09-30": "", "2016-06-30": "", "2016-03-31": "", "2015-12-31": "", "2015-09-30": "", "2015-06-30": "", "2015-03-31": "", "2014-12-31": "", "2014-09-30": "", "2014-06-30": "", "2014-03-31": "", "2013-12-31": "", "2013-09-30": "", "2013-06-30": "", "2013-03-31": "", "2012-12-31": "", "2012-09-30": "", "2012-06-30": "", "2012-03-31": "", "2011-12-31": "", "2011-09-30": "", "2011-06-30": "", "2011-03-31": "", "2010-12-31": "", "2010-09-30": "", "2010-06-30": "", "2010-03-31": "", "2009-12-31": "", "2009-09-30": "", "2009-06-30": "", "2009-03-31": "", "2008-12-31": "", "2008-09-30": "", "2008-06-30": "", "2008-03-31": "", "2007-12-31": "", "2007-09-30": "", "2007-06-30": "", "2007-03-31": "", "2006-12-31": "", "2006-09-30": "", "2006-06-30": "", "2006-03-31": "", "2005-12-31": "", "2005-09-30": "", "2005-06-30": "", "2005-03-31": ""}, "Income From Continuous Operations": {"2020-12-31": "1390.00000", "2020-09-30": "1417.00000", "2020-06-30": "1287.00000", "2020-03-31": "1294.00000", "2019-12-31": "970.00000", "2019-09-30": "1588.00000", "2019-06-30": "1131.00000", "2019-03-31": "893.00000", "2018-12-31": "1349.00000", "2018-09-30": "1546.00000", "2018-06-30": "1862.00000", "2018-03-31": "606.00000", "2017-12-31": "525.00000", "2017-09-30": "1433.00000", "2017-06-30": "1585.00000", "2017-03-31": "1326.00000", "2016-12-31": "1156.00000", "2016-09-30": "1331.00000", "2016-06-30": "1293.00000", "2016-03-31": "1278.00000", "2015-12-31": "1039.00000", "2015-09-30": "1298.00000", "2015-06-30": "1303.00000", "2015-03-31": "1201.00000", "2014-12-31": "1179.00000", "2014-09-30": "1311.00000", "2014-06-30": "1283.00000", "2014-03-31": "1225.00000", "2013-12-31": "1116.00000", "2013-09-30": "1245.00000", "2013-06-30": "1213.00000", "2013-03-31": "1147.00000", "2012-12-31": "1004.00000", "2012-09-30": "1180.00000", "2012-06-30": "1186.00000", "2012-03-31": "1141.00000", "2011-12-31": "974.00000", "2011-09-30": "1103.00000", "2011-06-30": "1177.00000", "2011-03-31": "1103.00000", "2010-12-31": "943.00000", "2010-09-30": "1125.00000", "2010-06-30": "1140.00000", "2010-03-31": "955.00000", "2009-12-31": "951.00000", "2009-09-30": "971.00000", "2009-06-30": "792.00000", "2009-03-31": "530.00000", "2008-12-31": "541.00000", "2008-09-30": "1010.00000", "2008-06-30": "963.00000", "2008-03-31": "1006.00000", "2007-12-31": "906.00000", "2007-09-30": "960.00000", "2007-06-30": "917.00000", "2007-03-31": "1368.00000", "2006-12-31": "1176.00000", "2006-09-30": "894.00000", "2006-06-30": "882.00000", "2006-03-31": "899.00000", "2005-12-31": "781.00000", "2005-09-30": "840.00000", "2005-06-30": "754.00000", "2005-03-31": "771.00000"}, "Income From Discontinued Operations": {"2020-12-31": "", "2020-09-30": "", "2020-06-30": "", "2020-03-31": "", "2019-12-31": "", "2019-09-30": "", "2019-06-30": "", "2019-03-31": "", "2018-12-31": "", "2018-09-30": "", "2018-06-30": "", "2018-03-31": "", "2017-12-31": "", "2017-09-30": "", "2017-06-30": "", "2017-03-31": "", "2016-12-31": "", "2016-09-30": "", "2016-06-30": "", "2016-03-31": "", "2015-12-31": "", "2015-09-30": "", "2015-06-30": "", "2015-03-31": "", "2014-12-31": "", "2014-09-30": "", "2014-06-30": "", "2014-03-31": "", "2013-12-31": "", "2013-09-30": "", "2013-06-30": "", "2013-03-31": "", "2012-12-31": "", "2012-09-30": "", "2012-06-30": "", "2012-03-31": "", "2011-12-31": "", "2011-09-30": "", "2011-06-30": "", "2011-03-31": "", "2010-12-31": "", "2010-09-30": "", "2010-06-30": "", "2010-03-31": "", "2009-12-31": "", "2009-09-30": "", "2009-06-30": "", "2009-03-31": "", "2008-12-31": "", "2008-09-30": "", "2008-06-30": "", "2008-03-31": "", "2007-12-31": "", "2007-09-30": "", "2007-06-30": "", "2007-03-31": "", "2006-12-31": "", "2006-09-30": "", "2006-06-30": "", "2006-03-31": "", "2005-12-31": "", "2005-09-30": "", "2005-06-30": "", "2005-03-31": ""}, "Net Income": {"2020-12-31": "1389.00000", "2020-09-30": "1413.00000", "2020-06-30": "1290.00000", "2020-03-31": "1292.00000", "2019-12-31": "969.00000", "2019-09-30": "1583.00000", "2019-06-30": "1127.00000", "2019-03-31": "891.00000", "2018-12-31": "1347.00000", "2018-09-30": "1543.00000", "2018-06-30": "1857.00000", "2018-03-31": "602.00000", "2017-12-31": "523.00000", "2017-09-30": "1429.00000", "2017-06-30": "1583.00000", "2017-03-31": "1323.00000", "2016-12-31": "1155.00000", "2016-09-30": "1329.00000", "2016-06-30": "1291.00000", "2016-03-31": "1275.00000", "2015-12-31": "1038.00000", "2015-09-30": "1296.00000", "2015-06-30": "1300.00000", "2015-03-31": "1199.00000", "2014-12-31": "1179.00000", "2014-09-30": "1303.00000", "2014-06-30": "1267.00000", "2014-03-31": "1207.00000", "2013-12-31": "1103.00000", "2013-09-30": "1230.00000", "2013-06-30": "1197.00000", "2013-03-31": "1129.00000", "2012-12-31": "991.00000", "2012-09-30": "1161.00000", "2012-06-30": "1167.00000", "2012-03-31": "1125.00000", "2011-12-31": "954.00000", "2011-09-30": "1088.00000", "2011-06-30": "1160.00000", "2011-03-31": "1081.00000", "2010-12-31": "928.00000", "2010-09-30": "1106.00000", "2010-06-30": "1121.00000", "2010-03-31": "930.00000", "2009-12-31": "935.00000", "2009-09-30": "957.00000", "2009-06-30": "783.00000", "2009-03-31": "518.00000", "2008-12-31": "536.00000", "2008-09-30": "991.00000", "2008-06-30": "945.00000", "2008-03-31": "988.00000", "2007-12-31": "851.00000", "2007-09-30": "960.00000", "2007-06-30": "917.00000", "2007-03-31": "1368.00000", "2006-12-31": "1176.00000", "2006-09-30": "894.00000", "2006-06-30": "882.00000", "2006-03-31": "899.00000", "2005-12-31": "746.00000", "2005-09-30": "840.00000", "2005-06-30": "754.00000", "2005-03-31": "771.00000"}, "EBITDA": {"2020-12-31": "2347.00000", "2020-09-30": "2390.00000", "2020-06-30": "2232.00000", "2020-03-31": "2103.00000", "2019-12-31": "1788.00000", "2019-09-30": "2390.00000", "2019-06-30": "2078.00000", "2019-03-31": "1511.00000", "2018-12-31": "2154.00000", "2018-09-30": "2371.00000", "2018-06-30": "2781.00000", "2018-03-31": "1389.00000", "2017-12-31": "2138.00000", "2017-09-30": "2385.00000", "2017-06-30": "2533.00000", "2017-03-31": "2180.00000", "2016-12-31": "1853.00000", "2016-09-30": "2272.00000", "2016-06-30": "2232.00000", "2016-03-31": "2144.00000", "2015-12-31": "1897.00000", "2015-09-30": "2231.00000", "2015-06-30": "2184.00000", "2015-03-31": "2069.00000", "2014-12-31": "2012.00000", "2014-09-30": "2251.00000", "2014-06-30": "2214.00000", "2014-03-31": "2066.00000", "2013-12-31": "1936.00000", "2013-09-30": "2082.00000", "2013-06-30": "2037.00000", "2013-03-31": "1982.00000", "2012-12-31": "1775.00000", "2012-09-30": "2000.00000", "2012-06-30": "2049.00000", "2012-03-31": "1947.00000", "2011-12-31": "1681.00000", "2011-09-30": "1892.00000", "2011-06-30": "1974.00000", "2011-03-31": "1867.00000", "2010-12-31": "1584.00000", "2010-09-30": "1854.00000", "2010-06-30": "1868.00000", "2010-03-31": "1732.00000", "2009-12-31": "1640.00000", "2009-09-30": "1768.00000", "2009-06-30": "1489.00000", "2009-03-31": "1074.00000", "2008-12-31": "1062.00000", "2008-09-30": "1806.00000", "2008-06-30": "1734.00000", "2008-03-31": "1769.00000", "2007-12-31": "1546.00000", "2007-09-30": "1688.00000", "2007-06-30": "1676.00000", "2007-03-31": "2355.00000", "2006-12-31": "2161.00000", "2006-09-30": "1591.00000", "2006-06-30": "1408.00000", "2006-03-31": "1615.00000", "2005-12-31": "1442.00000", "2005-09-30": "1522.00000", "2005-06-30": "1481.00000", "2005-03-31": "1395.00000"}, "EBIT": {"2020-12-31": "1849.00000", "2020-09-30": "1909.00000", "2020-06-30": "1740.00000", "2020-03-31": "1663.00000", "2019-12-31": "1325.00000", "2019-09-30": "2011.00000", "2019-06-30": "1702.00000", "2019-03-31": "1136.00000", "2018-12-31": "1783.00000", "2018-09-30": "2016.00000", "2018-06-30": "2401.00000", "2018-03-31": "1007.00000", "2017-12-31": "1789.00000", "2017-09-30": "2008.00000", "2017-06-30": "2153.00000", "2017-03-31": "1742.00000", "2016-12-31": "1469.00000", "2016-09-30": "1904.00000", "2016-06-30": "1866.00000", "2016-03-31": "1788.00000", "2015-12-31": "1500.00000", "2015-09-30": "1876.00000", "2015-06-30": "1840.00000", "2015-03-31": "1730.00000", "2014-12-31": "1662.00000", "2014-09-30": "1901.00000", "2014-06-30": "1856.00000", "2014-03-31": "1716.00000", "2013-12-31": "1579.00000", "2013-09-30": "1739.00000", "2013-06-30": "1702.00000", "2013-03-31": "1646.00000", "2012-12-31": "1443.00000", "2012-09-30": "1678.00000", "2012-06-30": "1728.00000", "2012-03-31": "1634.00000", "2011-12-31": "1364.00000", "2011-09-30": "1581.00000", "2011-06-30": "1655.00000", "2011-03-31": "1578.00000", "2010-12-31": "1301.00000", "2010-09-30": "1576.00000", "2010-06-30": "1596.00000", "2010-03-31": "1445.00000", "2009-12-31": "1342.00000", "2009-09-30": "1478.00000", "2009-06-30": "1191.00000", "2009-03-31": "803.00000", "2008-12-31": "755.00000", "2008-09-30": "1513.00000", "2008-06-30": "1449.00000", "2008-03-31": "1501.00000", "2007-12-31": "1270.00000", "2007-09-30": "1425.00000", "2007-06-30": "1397.00000", "2007-03-31": "2101.00000", "2006-12-31": "1810.00000", "2006-09-30": "1342.00000", "2006-06-30": "1175.00000", "2006-03-31": "1369.00000", "2005-12-31": "1190.00000", "2005-09-30": "1267.00000", "2005-06-30": "1244.00000", "2005-03-31": "1153.00000"}, "Basic Shares Outstanding": {"2020-12-31": "577.60000", "2020-09-30": "577.80000", "2020-06-30": "577.00000", "2020-03-31": "576.80000", "2019-12-31": "577.00000", "2019-09-30": "576.50000", "2019-06-30": "577.70000", "2019-03-31": "577.50000", "2018-12-31": "588.50000", "2018-09-30": "585.60000", "2018-06-30": "591.40000", "2018-03-31": "596.20000", "2017-12-31": "597.50000", "2017-09-30": "597.60000", "2017-06-30": "598.10000", "2017-03-31": "598.10000", "2016-12-31": "604.70000", "2016-09-30": "604.40000", "2016-06-30": "606.90000", "2016-03-31": "607.40000", "2015-12-31": "625.60000", "2015-09-30": "620.60000", "2015-06-30": "631.30000", "2015-03-31": "636.20000", "2014-12-31": "649.20000", "2014-09-30": "645.30000", "2014-06-30": "652.00000", "2014-03-31": "661.50000", "2013-12-31": "681.90000", "2013-09-30": "679.80000", "2013-06-30": "688.20000", "2013-03-31": "691.10000", "2012-12-31": "693.90000", "2012-09-30": "693.00000", "2012-06-30": "694.30000", "2012-03-31": "696.80000", "2011-12-31": "708.50000", "2011-09-30": "707.70000", "2011-06-30": "713.40000", "2011-03-31": "711.50000", "2010-12-31": "713.70000", "2010-09-30": "714.00000", "2010-06-30": "714.50000", "2010-03-31": "711.80000", "2009-12-31": "700.50000", "2009-09-30": "702.80000", "2009-06-30": "696.80000", "2009-03-31": "693.50000", "2008-12-31": "699.20000", "2008-09-30": "695.50000", "2008-06-30": "702.10000", "2008-03-31": "706.50000", "2007-12-31": "718.30000", "2007-09-30": "714.50000", "2007-06-30": "718.40000", "2007-03-31": "729.30000", "2006-12-31": "747.50000", "2006-09-30": "745.20000", "2006-06-30": "755.10000", "2006-03-31": "754.40000", "2005-12-31": "764.90000", "2005-09-30": "762.20000", "2005-06-30": "768.00000", "2005-03-31": "771.70000"}, "Shares Outstanding": {"2020-12-31": "582.20000", "2020-09-30": "582.40000", "2020-06-30": "580.80000", "2020-03-31": "581.50000", "2019-12-31": "585.10000", "2019-09-30": "583.00000", "2019-06-30": "586.10000", "2019-03-31": "588.50000", "2018-12-31": "602.00000", "2018-09-30": "598.40000", "2018-06-30": "604.20000", "2018-03-31": "612.70000", "2017-12-31": "612.70000", "2017-09-30": "612.70000", "2017-06-30": "612.80000", "2017-03-31": "612.00000", "2016-12-31": "618.70000", "2016-09-30": "618.80000", "2016-06-30": "620.90000", "2016-03-31": "621.30000", "2015-12-31": "637.20000", "2015-09-30": "631.20000", "2015-06-30": "643.00000", "2015-03-31": "649.20000", "2014-12-31": "662.00000", "2014-09-30": "657.90000", "2014-06-30": "664.60000", "2014-03-31": "674.50000", "2013-12-31": "693.60000", "2013-09-30": "691.80000", "2013-06-30": "699.10000", "2013-03-31": "702.10000", "2012-12-31": "703.30000", "2012-09-30": "703.10000", "2012-06-30": "702.60000", "2012-03-31": "706.10000", "2011-12-31": "719.00000", "2011-09-30": "715.50000", "2011-06-30": "726.50000", "2011-03-31": "726.40000", "2010-12-31": "725.50000", "2010-09-30": "725.20000", "2010-06-30": "725.70000", "2010-03-31": "723.50000", "2009-12-31": "706.70000", "2009-09-30": "710.80000", "2009-06-30": "700.30000", "2009-03-31": "695.90000", "2008-12-31": "707.20000", "2008-09-30": "703.10000", "2008-06-30": "712.00000", "2008-03-31": "717.20000", "2007-12-31": "732.00000", "2007-09-30": "729.90000", "2007-06-30": "731.70000", "2007-03-31": "741.30000", "2006-12-31": "761.00000", "2006-09-30": "756.20000", "2006-06-30": "770.40000", "2006-03-31": "768.60000", "2005-12-31": "781.30000", "2005-09-30": "777.10000", "2005-06-30": "785.00000", "2005-03-31": "791.40000"}, "Basic EPS": {"2020-12-31": "2.39000", "2020-09-30": "2.45000", "2020-06-30": "2.24000", "2020-03-31": "2.24000", "2019-12-31": "1.68000", "2019-09-30": "2.75000", "2019-06-30": "1.95000", "2019-03-31": "1.54000", "2018-12-31": "2.30000", "2018-09-30": "2.64000", "2018-06-30": "3.14000", "2018-03-31": "1.01000", "2017-12-31": "0.88000", "2017-09-30": "2.39000", "2017-06-30": "2.65000", "2017-03-31": "2.21000", "2016-12-31": "1.92000", "2016-09-30": "2.20000", "2016-06-30": "2.13000", "2016-03-31": "2.10000", "2015-12-31": "1.69000", "2015-09-30": "2.09000", "2015-06-30": "2.06000", "2015-03-31": "1.88000", "2014-12-31": "1.84000", "2014-09-30": "2.02000", "2014-06-30": "1.94000", "2014-03-31": "1.83000", "2013-12-31": "1.65000", "2013-09-30": "1.81000", "2013-06-30": "1.74000", "2013-03-31": "1.63000", "2012-12-31": "1.43000", "2012-09-30": "1.68000", "2012-06-30": "1.68000", "2012-03-31": "1.61000", "2011-12-31": "1.36000", "2011-09-30": "1.54000", "2011-06-30": "1.63000", "2011-03-31": "1.52000", "2010-12-31": "1.29000", "2010-09-30": "1.55000", "2010-06-30": "1.57000", "2010-03-31": "1.31000", "2009-12-31": "1.33000", "2009-09-30": "1.36000", "2009-06-30": "1.12000", "2009-03-31": "0.75000", "2008-12-31": "0.77000", "2008-09-30": "1.43000", "2008-06-30": "1.35000", "2008-03-31": "1.40000", "2007-12-31": "1.20000", "2007-09-30": "1.34000", "2007-06-30": "1.28000", "2007-03-31": "1.88000", "2006-12-31": "1.59000", "2006-09-30": "1.20000", "2006-06-30": "1.17000", "2006-03-31": "1.19000", "2005-12-31": "0.99000", "2005-09-30": "1.10000", "2005-06-30": "0.98000", "2005-03-31": "1.00000"}, "EPS - Earnings Per Share": {"2020-12-31": "2.38000", "2020-09-30": "2.43000", "2020-06-30": "2.22000", "2020-03-31": "2.22000", "2019-12-31": "1.66000", "2019-09-30": "2.72000", "2019-06-30": "1.92000", "2019-03-31": "1.51000", "2018-12-31": "2.26000", "2018-09-30": "2.58000", "2018-06-30": "3.07000", "2018-03-31": "0.98000", "2017-12-31": "0.86000", "2017-09-30": "2.33000", "2017-06-30": "2.58000", "2017-03-31": "2.16000", "2016-12-31": "1.88000", "2016-09-30": "2.15000", "2016-06-30": "2.08000", "2016-03-31": "2.05000", "2015-12-31": "1.66000", "2015-09-30": "2.05000", "2015-06-30": "2.02000", "2015-03-31": "1.85000", "2014-12-31": "1.81000", "2014-09-30": "1.98000", "2014-06-30": "1.91000", "2014-03-31": "1.79000", "2013-12-31": "1.62000", "2013-09-30": "1.78000", "2013-06-30": "1.71000", "2013-03-31": "1.61000", "2012-12-31": "1.42000", "2012-09-30": "1.65000", "2012-06-30": "1.66000", "2012-03-31": "1.59000", "2011-12-31": "1.35000", "2011-09-30": "1.52000", "2011-06-30": "1.60000", "2011-03-31": "1.49000", "2010-12-31": "1.27000", "2010-09-30": "1.53000", "2010-06-30": "1.54000", "2010-03-31": "1.29000", "2009-12-31": "1.31000", "2009-09-30": "1.35000", "2009-06-30": "1.12000", "2009-03-31": "0.74000", "2008-12-31": "0.77000", "2008-09-30": "1.41000", "2008-06-30": "1.33000", "2008-03-31": "1.38000", "2007-12-31": "1.18000", "2007-09-30": "1.32000", "2007-06-30": "1.25000", "2007-03-31": "1.85000", "2006-12-31": "1.56000", "2006-09-30": "1.18000", "2006-06-30": "1.15000", "2006-03-31": "1.17000", "2005-12-31": "0.97000", "2005-09-30": "1.08000", "2005-06-30": "0.96000", "2005-03-31": "0.97000"}}, "balance sheet": {"Cash On Hand": {"2020-12-31": "5038.00000", "2019-12-31": "2451.00000", "2018-12-31": "3233.00000", "2017-12-31": "4129.00000", "2016-12-31": "2678.00000", "2015-12-31": "1916.00000", "2014-12-31": "3336.00000", "2013-12-31": "3337.00000", "2012-12-31": "4531.00000", "2011-12-31": "3680.00000", "2010-12-31": "4478.00000", "2009-12-31": "3784.00000", "2008-12-31": "2222.00000", "2007-12-31": "2475.00000", "2006-12-31": "1918.00000", "2005-12-31": "1072.00000"}, "Receivables": {"2020-12-31": "4705.00000", "2019-12-31": "4791.00000", "2018-12-31": "5020.00000", "2017-12-31": "4911.00000", "2016-12-31": "4392.00000", "2015-12-31": "4154.00000", "2014-12-31": "4238.00000", "2013-12-31": "4253.00000", "2012-12-31": "4061.00000", "2011-12-31": "3867.00000", "2010-12-31": "3615.00000", "2009-12-31": "3250.00000", "2008-12-31": "3195.00000", "2007-12-31": "3362.00000", "2006-12-31": "3102.00000", "2005-12-31": "2838.00000"}, "Inventory": {"2020-12-31": "4239.00000", "2019-12-31": "4134.00000", "2018-12-31": "4366.00000", "2017-12-31": "4034.00000", "2016-12-31": "3385.00000", "2015-12-31": "3518.00000", "2014-12-31": "3706.00000", "2013-12-31": "3864.00000", "2012-12-31": "3837.00000", "2011-12-31": "3416.00000", "2010-12-31": "3155.00000", "2009-12-31": "2639.00000", "2008-12-31": "3013.00000", "2007-12-31": "2852.00000", "2006-12-31": "2601.00000", "2005-12-31": "2162.00000"}, "Pre-Paid Expenses": {"2020-12-31": "675.00000", "2019-12-31": "704.00000", "2018-12-31": "741.00000", "2017-12-31": "937.00000", "2016-12-31": "821.00000", "2015-12-31": "", "2014-12-31": "", "2013-12-31": "", "2012-12-31": "", "2011-12-31": "", "2010-12-31": "", "2009-12-31": "", "2008-12-31": "", "2007-12-31": "", "2006-12-31": "", "2005-12-31": ""}, "Other Current Assets": {"2020-12-31": "325.00000", "2019-12-31": "891.00000", "2018-12-31": "349.00000", "2017-12-31": "266.00000", "2016-12-31": "450.00000", "2015-12-31": "1398.00000", "2014-12-31": "1023.00000", "2013-12-31": "1279.00000", "2012-12-31": "1201.00000", "2011-12-31": "1277.00000", "2010-12-31": "967.00000", "2009-12-31": "1122.00000", "2008-12-31": "1168.00000", "2007-12-31": "1149.00000", "2006-12-31": "1325.00000", "2005-12-31": "1043.00000"}, "Total Current Assets": {"2020-12-31": "14982.00000", "2019-12-31": "12971.00000", "2018-12-31": "13709.00000", "2017-12-31": "14277.00000", "2016-12-31": "11726.00000", "2015-12-31": "10986.00000", "2014-12-31": "12303.00000", "2013-12-31": "12733.00000", "2012-12-31": "13630.00000", "2011-12-31": "12240.00000", "2010-12-31": "12215.00000", "2009-12-31": "10795.00000", "2008-12-31": "9598.00000", "2007-12-31": "9838.00000", "2006-12-31": "8946.00000", "2005-12-31": "7115.00000"}, "Property, Plant, And Equipment": {"2020-12-31": "9421.00000", "2019-12-31": "9333.00000", "2018-12-31": "8738.00000", "2017-12-31": "8866.00000", "2016-12-31": "8516.00000", "2015-12-31": "8515.00000", "2014-12-31": "8489.00000", "2013-12-31": "8652.00000", "2012-12-31": "8378.00000", "2011-12-31": "7666.00000", "2010-12-31": "7279.00000", "2009-12-31": "7000.00000", "2008-12-31": "6886.00000", "2007-12-31": "6582.00000", "2006-12-31": "5907.00000", "2005-12-31": "5593.00000"}, "Long-Term Investments": {"2020-12-31": "", "2019-12-31": "", "2018-12-31": "", "2017-12-31": "", "2016-12-31": "", "2015-12-31": "126.00000", "2014-12-31": "117.00000", "2013-12-31": "1575.00000", "2012-12-31": "1325.00000", "2011-12-31": "1051.00000", "2010-12-31": "686.00000", "2009-12-31": "928.00000", "2008-12-31": "463.00000", "2007-12-31": "778.00000", "2006-12-31": "480.00000", "2005-12-31": "272.00000"}, "Goodwill And Intangible Assets": {"2020-12-31": "19637.00000", "2019-12-31": "19823.00000", "2018-12-31": "12708.00000", "2017-12-31": "13449.00000", "2016-12-31": "11486.00000", "2015-12-31": "11850.00000", "2014-12-31": "8485.00000", "2013-12-31": "9033.00000", "2012-12-31": "9310.00000", "2011-12-31": "8963.00000", "2010-12-31": "8640.00000", "2009-12-31": "7174.00000", "2008-12-31": "7151.00000", "2007-12-31": "5390.00000", "2006-12-31": "4790.00000", "2005-12-31": "4016.00000"}, "Other Long-Term Assets": {"2020-12-31": "2440.00000", "2019-12-31": "1674.00000", "2018-12-31": "1345.00000", "2017-12-31": "1395.00000", "2016-12-31": "1178.00000", "2015-12-31": "1218.00000", "2014-12-31": "1769.00000", "2013-12-31": "980.00000", "2012-12-31": "1217.00000", "2011-12-31": "1656.00000", "2010-12-31": "1262.00000", "2009-12-31": "1275.00000", "2008-12-31": "1659.00000", "2007-12-31": "728.00000", "2006-12-31": "776.00000", "2005-12-31": "640.00000"}, "Total Long-Term Assets": {"2020-12-31": "32362.00000", "2019-12-31": "31688.00000", "2018-12-31": "22791.00000", "2017-12-31": "23710.00000", "2016-12-31": "21180.00000", "2015-12-31": "21897.00000", "2014-12-31": "18906.00000", "2013-12-31": "20817.00000", "2012-12-31": "20246.00000", "2011-12-31": "19376.00000", "2010-12-31": "17941.00000", "2009-12-31": "16455.00000", "2008-12-31": "16195.00000", "2007-12-31": "14856.00000", "2006-12-31": "12348.00000", "2005-12-31": "13426.00000"}, "Total Assets": {"2020-12-31": "47344.00000", "2019-12-31": "44659.00000", "2018-12-31": "36500.00000", "2017-12-31": "37987.00000", "2016-12-31": "32906.00000", "2015-12-31": "32883.00000", "2014-12-31": "31209.00000", "2013-12-31": "33550.00000", "2012-12-31": "33876.00000", "2011-12-31": "31616.00000", "2010-12-31": "30156.00000", "2009-12-31": "27250.00000", "2008-12-31": "25793.00000", "2007-12-31": "24694.00000", "2006-12-31": "21294.00000", "2005-12-31": "20541.00000"}, "Total Current Liabilities": {"2020-12-31": "7948.00000", "2019-12-31": "9222.00000", "2018-12-31": "7244.00000", "2017-12-31": "7687.00000", "2016-12-31": "6219.00000", "2015-12-31": "7118.00000", "2014-12-31": "5964.00000", "2013-12-31": "7498.00000", "2012-12-31": "6200.00000", "2011-12-31": "5441.00000", "2010-12-31": "6089.00000", "2009-12-31": "4897.00000", "2008-12-31": "5839.00000", "2007-12-31": "5362.00000", "2006-12-31": "7323.00000", "2005-12-31": "5238.00000"}, "Long Term Debt": {"2020-12-31": "17989.00000", "2019-12-31": "17518.00000", "2018-12-31": "13411.00000", "2017-12-31": "12096.00000", "2016-12-31": "10678.00000", "2015-12-31": "8753.00000", "2014-12-31": "6705.00000", "2013-12-31": "4326.00000", "2012-12-31": "4916.00000", "2011-12-31": "4484.00000", "2010-12-31": "4183.00000", "2009-12-31": "5097.00000", "2008-12-31": "5166.00000", "2007-12-31": "4019.00000", "2006-12-31": "1047.00000", "2005-12-31": "1309.00000"}, "Other Non-Current Liabilities": {"2020-12-31": "3462.00000", "2019-12-31": "3275.00000", "2018-12-31": "3010.00000", "2017-12-31": "2962.00000", "2016-12-31": "1648.00000", "2015-12-31": "2024.00000", "2014-12-31": "1555.00000", "2013-12-31": "1984.00000", "2012-12-31": "1634.00000", "2011-12-31": "1857.00000", "2010-12-31": "1854.00000", "2009-12-31": "1727.00000", "2008-12-31": "1637.00000", "2007-12-31": "2218.00000", "2006-12-31": "2965.00000", "2005-12-31": "3599.00000"}, "Total Long Term Liabilities": {"2020-12-31": "26465.00000", "2019-12-31": "25311.00000", "2018-12-31": "19408.00000", "2017-12-31": "18678.00000", "2016-12-31": "16344.00000", "2015-12-31": "14297.00000", "2014-12-31": "12103.00000", "2013-12-31": "8104.00000", "2012-12-31": "9636.00000", "2011-12-31": "10313.00000", "2010-12-31": "8050.00000", "2009-12-31": "9051.00000", "2008-12-31": "9650.00000", "2007-12-31": "7585.00000", "2006-12-31": "4012.00000", "2005-12-31": "4908.00000"}, "Total Liabilities": {"2020-12-31": "34413.00000", "2019-12-31": "34533.00000", "2018-12-31": "26652.00000", "2017-12-31": "26365.00000", "2016-12-31": "22563.00000", "2015-12-31": "21415.00000", "2014-12-31": "18067.00000", "2013-12-31": "15602.00000", "2012-12-31": "15836.00000", "2011-12-31": "15754.00000", "2010-12-31": "14139.00000", "2009-12-31": "13948.00000", "2008-12-31": "15489.00000", "2007-12-31": "12947.00000", "2006-12-31": "11335.00000", "2005-12-31": "10146.00000"}, "Common Stock Net": {"2020-12-31": "9.00000", "2019-12-31": "9.00000", "2018-12-31": "9.00000", "2017-12-31": "9.00000", "2016-12-31": "9.00000", "2015-12-31": "9.00000", "2014-12-31": "9.00000", "2013-12-31": "9.00000", "2012-12-31": "9.00000", "2011-12-31": "9.00000", "2010-12-31": "9.00000", "2009-12-31": "9.00000", "2008-12-31": "9.00000", "2007-12-31": "9.00000", "2006-12-31": "9.00000", "2005-12-31": "9.00000"}, "Retained Earnings (Accumulated Deficit)": {"2020-12-31": "43761.00000", "2019-12-31": "42135.00000", "2018-12-31": "40636.00000", "2017-12-31": "39115.00000", "2016-12-31": "37907.00000", "2015-12-31": "36296.00000", "2014-12-31": "34317.00000", "2013-12-31": "32416.00000", "2012-12-31": "30679.00000", "2011-12-31": "28348.00000", "2010-12-31": "25995.00000", "2009-12-31": "23753.00000", "2008-12-31": "22227.00000", "2007-12-31": "20316.00000", "2006-12-31": "17933.00000", "2005-12-31": "15715.00000"}, "Comprehensive Income": {"2020-12-31": "-7661.00000", "2019-12-31": "-8139.00000", "2018-12-31": "-6866.00000", "2017-12-31": "-7026.00000", "2016-12-31": "-7245.00000", "2015-12-31": "-6359.00000", "2014-12-31": "-6289.00000", "2013-12-31": "-3913.00000", "2012-12-31": "-4750.00000", "2011-12-31": "-5025.00000", "2010-12-31": "-3543.00000", "2009-12-31": "-3754.00000", "2008-12-31": "-3646.00000", "2007-12-31": "-747.00000", "2006-12-31": "-1873.00000", "2005-12-31": "-411.00000"}, "Other Share Holders Equity": {"2020-12-31": "", "2019-12-31": "", "2018-12-31": "", "2017-12-31": "", "2016-12-31": "", "2015-12-31": "", "2014-12-31": "", "2013-12-31": "", "2012-12-31": "", "2011-12-31": "", "2010-12-31": "", "2009-12-31": "", "2008-12-31": "", "2007-12-31": "", "2006-12-31": "", "2005-12-31": ""}, "Share Holder Equity": {"2020-12-31": "12931.00000", "2019-12-31": "10126.00000", "2018-12-31": "9848.00000", "2017-12-31": "11622.00000", "2016-12-31": "10343.00000", "2015-12-31": "11468.00000", "2014-12-31": "13142.00000", "2013-12-31": "17948.00000", "2012-12-31": "18040.00000", "2011-12-31": "15862.00000", "2010-12-31": "16017.00000", "2009-12-31": "13302.00000", "2008-12-31": "10304.00000", "2007-12-31": "11747.00000", "2006-12-31": "9959.00000", "2005-12-31": "10395.00000"}, "Total Liabilities And Share Holders Equity": {"2020-12-31": "47344.00000", "2019-12-31": "44659.00000", "2018-12-31": "36500.00000", "2017-12-31": "37987.00000", "2016-12-31": "32906.00000", "2015-12-31": "32883.00000", "2014-12-31": "31209.00000", "2013-12-31": "33550.00000", "2012-12-31": "33876.00000", "2011-12-31": "31616.00000", "2010-12-31": "30156.00000", "2009-12-31": "27250.00000", "2008-12-31": "25793.00000", "2007-12-31": "24694.00000", "2006-12-31": "21294.00000", "2005-12-31": "20541.00000"}}, "balance sheet, quarterly": {"Cash On Hand": {"2020-12-31": "5038.00000", "2020-09-30": "4561.00000", "2020-06-30": "4466.00000", "2020-03-31": "4477.00000", "2019-12-31": "2451.00000", "2019-09-30": "7761.00000", "2019-06-30": "2988.00000", "2019-03-31": "3477.00000", "2018-12-31": "3233.00000", "2018-09-30": "3523.00000", "2018-06-30": "3186.00000", "2018-03-31": "4095.00000", "2017-12-31": "4129.00000", "2017-09-30": "3417.00000", "2017-06-30": "2794.00000", "2017-03-31": "2314.00000", "2016-12-31": "2678.00000", "2016-09-30": "2666.00000", "2016-06-30": "1865.00000", "2016-03-31": "1513.00000", "2015-12-31": "1916.00000", "2015-09-30": "1758.00000", "2015-06-30": "3485.00000", "2015-03-31": "2809.00000", "2014-12-31": "3336.00000", "2014-09-30": "2696.00000", "2014-06-30": "3009.00000", "2014-03-31": "2814.00000", "2013-12-31": "3337.00000", "2013-09-30": "3311.00000", "2013-06-30": "4252.00000", "2013-03-31": "4376.00000", "2012-12-31": "4531.00000", "2012-09-30": "5018.00000", "2012-06-30": "4903.00000", "2012-03-31": "3731.00000", "2011-12-31": "3680.00000", "2011-09-30": "4862.00000", "2011-06-30": "4524.00000", "2011-03-31": "4032.00000", "2010-12-31": "4478.00000", "2010-09-30": "5853.00000", "2010-06-30": "4931.00000", "2010-03-31": "4607.00000", "2009-12-31": "3784.00000", "2009-09-30": "3936.00000", "2009-06-30": "2974.00000", "2009-03-31": "1879.00000", "2008-12-31": "2222.00000", "2008-09-30": "2967.00000", "2008-06-30": "2002.00000", "2008-03-31": "3294.00000", "2007-12-31": "2475.00000", "2007-09-30": "2699.00000", "2007-06-30": "1879.00000", "2007-03-31": "2286.00000", "2006-12-31": "1918.00000", "2006-09-30": "1129.00000", "2006-06-30": "1246.00000", "2006-03-31": "1296.00000", "2005-12-31": "1072.00000", "2005-09-30": "1848.00000", "2005-06-30": "1765.00000", "2005-03-31": "2669.00000"}, "Receivables": {"2020-12-31": "4705.00000", "2020-09-30": "4623.00000", "2020-06-30": "4459.00000", "2020-03-31": "4821.00000", "2019-12-31": "4791.00000", "2019-09-30": "5020.00000", "2019-06-30": "5374.00000", "2019-03-31": "5173.00000", "2018-12-31": "5020.00000", "2018-09-30": "5329.00000", "2018-06-30": "5383.00000", "2018-03-31": "5252.00000", "2017-12-31": "4911.00000", "2017-09-30": "5156.00000", "2017-06-30": "4919.00000", "2017-03-31": "4722.00000", "2016-12-31": "4392.00000", "2016-09-30": "4743.00000", "2016-06-30": "4667.00000", "2016-03-31": "4485.00000", "2015-12-31": "4154.00000", "2015-09-30": "4610.00000", "2015-06-30": "4578.00000", "2015-03-31": "4408.00000", "2014-12-31": "4238.00000", "2014-09-30": "4711.00000", "2014-06-30": "4759.00000", "2014-03-31": "4598.00000", "2013-12-31": "4253.00000", "2013-09-30": "4594.00000", "2013-06-30": "4542.00000", "2013-03-31": "4418.00000", "2012-12-31": "4061.00000", "2012-09-30": "4409.00000", "2012-06-30": "4364.00000", "2012-03-31": "4323.00000", "2011-12-31": "3867.00000", "2011-09-30": "4259.00000", "2011-06-30": "4385.00000", "2011-03-31": "4209.00000", "2010-12-31": "3615.00000", "2010-09-30": "3869.00000", "2010-06-30": "3745.00000", "2010-03-31": "3569.00000", "2009-12-31": "3250.00000", "2009-09-30": "3638.00000", "2009-06-30": "3456.00000", "2009-03-31": "3099.00000", "2008-12-31": "3195.00000", "2008-09-30": "3763.00000", "2008-06-30": "3943.00000", "2008-03-31": "3776.00000", "2007-12-31": "3362.00000", "2007-09-30": "3703.00000", "2007-06-30": "3620.00000", "2007-03-31": "3444.00000", "2006-12-31": "3102.00000", "2006-09-30": "3332.00000", "2006-06-30": "3171.00000", "2006-03-31": "3105.00000", "2005-12-31": "2838.00000", "2005-09-30": "3061.00000", "2005-06-30": "2951.00000", "2005-03-31": "2899.00000"}, "Inventory": {"2020-12-31": "4239.00000", "2020-09-30": "3984.00000", "2020-06-30": "4168.00000", "2020-03-31": "4217.00000", "2019-12-31": "4134.00000", "2019-09-30": "4007.00000", "2019-06-30": "4300.00000", "2019-03-31": "4538.00000", "2018-12-31": "4366.00000", "2018-09-30": "4437.00000", "2018-06-30": "4238.00000", "2018-03-31": "4295.00000", "2017-12-31": "4034.00000", "2017-09-30": "3975.00000", "2017-06-30": "3838.00000", "2017-03-31": "3612.00000", "2016-12-31": "3385.00000", "2016-09-30": "3611.00000", "2016-06-30": "3613.00000", "2016-03-31": "3627.00000", "2015-12-31": "3518.00000", "2015-09-30": "3709.00000", "2015-06-30": "3847.00000", "2015-03-31": "3704.00000", "2014-12-31": "3706.00000", "2014-09-30": "3945.00000", "2014-06-30": "4093.00000", "2014-03-31": "3972.00000", "2013-12-31": "3864.00000", "2013-09-30": "3948.00000", "2013-06-30": "3919.00000", "2013-03-31": "3819.00000", "2012-12-31": "3837.00000", "2012-09-30": "3842.00000", "2012-06-30": "3656.00000", "2012-03-31": "3561.00000", "2011-12-31": "3416.00000", "2011-09-30": "3604.00000", "2011-06-30": "3717.00000", "2011-03-31": "3489.00000", "2010-12-31": "3155.00000", "2010-09-30": "3215.00000", "2010-06-30": "2980.00000", "2010-03-31": "2798.00000", "2009-12-31": "2639.00000", "2009-09-30": "2635.00000", "2009-06-30": "2601.00000", "2009-03-31": "2660.00000", "2008-12-31": "3013.00000", "2008-09-30": "3078.00000", "2008-06-30": "3175.00000", "2008-03-31": "3021.00000", "2007-12-31": "2852.00000", "2007-09-30": "2794.00000", "2007-06-30": "2779.00000", "2007-03-31": "2714.00000", "2006-12-31": "2601.00000", "2006-09-30": "2632.00000", "2006-06-30": "2557.00000", "2006-03-31": "2379.00000", "2005-12-31": "2162.00000", "2005-09-30": "2098.00000", "2005-06-30": "2020.00000", "2005-03-31": "1980.00000"}, "Pre-Paid Expenses": {"2020-12-31": "675.00000", "2020-09-30": "516.00000", "2020-06-30": "567.00000", "2020-03-31": "604.00000", "2019-12-31": "704.00000", "2019-09-30": "717.00000", "2019-06-30": "949.00000", "2019-03-31": "713.00000", "2018-12-31": "741.00000", "2018-09-30": "745.00000", "2018-06-30": "713.00000", "2018-03-31": "832.00000", "2017-12-31": "937.00000", "2017-09-30": "", "2017-06-30": "", "2017-03-31": "", "2016-12-31": "821.00000", "2016-09-30": "", "2016-06-30": "", "2016-03-31": "", "2015-12-31": "", "2015-09-30": "", "2015-06-30": "", "2015-03-31": "", "2014-12-31": "", "2014-09-30": "", "2014-06-30": "", "2014-03-31": "", "2013-12-31": "", "2013-09-30": "", "2013-06-30": "", "2013-03-31": "", "2012-12-31": "", "2012-09-30": "", "2012-06-30": "", "2012-03-31": "", "2011-12-31": "", "2011-09-30": "", "2011-06-30": "", "2011-03-31": "", "2010-12-31": "", "2010-09-30": "", "2010-06-30": "", "2010-03-31": "", "2009-12-31": "", "2009-09-30": "", "2009-06-30": "", "2009-03-31": "", "2008-12-31": "", "2008-09-30": "", "2008-06-30": "", "2008-03-31": "", "2007-12-31": "", "2007-09-30": "", "2007-06-30": "", "2007-03-31": "", "2006-12-31": "", "2006-09-30": "", "2006-06-30": "", "2006-03-31": "", "2005-12-31": "", "2005-09-30": "", "2005-06-30": "", "2005-03-31": ""}, "Other Current Assets": {"2020-12-31": "325.00000", "2020-09-30": "426.00000", "2020-06-30": "446.00000", "2020-03-31": "971.00000", "2019-12-31": "891.00000", "2019-09-30": "515.00000", "2019-06-30": "440.00000", "2019-03-31": "473.00000", "2018-12-31": "349.00000", "2018-09-30": "385.00000", "2018-06-30": "370.00000", "2018-03-31": "344.00000", "2017-12-31": "266.00000", "2017-09-30": "1108.00000", "2017-06-30": "1090.00000", "2017-03-31": "1253.00000", "2016-12-31": "450.00000", "2016-09-30": "1159.00000", "2016-06-30": "1291.00000", "2016-03-31": "1249.00000", "2015-12-31": "1398.00000", "2015-09-30": "1531.00000", "2015-06-30": "1521.00000", "2015-03-31": "1597.00000", "2014-12-31": "1023.00000", "2014-09-30": "1329.00000", "2014-06-30": "1332.00000", "2014-03-31": "1378.00000", "2013-12-31": "1279.00000", "2013-09-30": "1429.00000", "2013-06-30": "1270.00000", "2013-03-31": "1242.00000", "2012-12-31": "1201.00000", "2012-09-30": "1225.00000", "2012-06-30": "1165.00000", "2012-03-31": "1238.00000", "2011-12-31": "1277.00000", "2011-09-30": "944.00000", "2011-06-30": "911.00000", "2011-03-31": "915.00000", "2010-12-31": "967.00000", "2010-09-30": "1111.00000", "2010-06-30": "1235.00000", "2010-03-31": "1132.00000", "2009-12-31": "1122.00000", "2009-09-30": "987.00000", "2009-06-30": "867.00000", "2009-03-31": "1009.00000", "2008-12-31": "1168.00000", "2008-09-30": "980.00000", "2008-06-30": "1419.00000", "2008-03-31": "1234.00000", "2007-12-31": "1149.00000", "2007-09-30": "1204.00000", "2007-06-30": "1176.00000", "2007-03-31": "1282.00000", "2006-12-31": "1325.00000", "2006-09-30": "1216.00000", "2006-06-30": "1127.00000", "2006-03-31": "1141.00000", "2005-12-31": "1043.00000", "2005-09-30": "1160.00000", "2005-06-30": "1212.00000", "2005-03-31": "1374.00000"}, "Total Current Assets": {"2020-12-31": "14982.00000", "2020-09-30": "14110.00000", "2020-06-30": "14106.00000", "2020-03-31": "15090.00000", "2019-12-31": "12971.00000", "2019-09-30": "18020.00000", "2019-06-30": "14051.00000", "2019-03-31": "14374.00000", "2018-12-31": "13709.00000", "2018-09-30": "14419.00000", "2018-06-30": "13890.00000", "2018-03-31": "14818.00000", "2017-12-31": "14277.00000", "2017-09-30": "13656.00000", "2017-06-30": "12641.00000", "2017-03-31": "11901.00000", "2016-12-31": "11726.00000", "2016-09-30": "12179.00000", "2016-06-30": "11436.00000", "2016-03-31": "10874.00000", "2015-12-31": "10986.00000", "2015-09-30": "11608.00000", "2015-06-30": "13431.00000", "2015-03-31": "12518.00000", "2014-12-31": "12303.00000", "2014-09-30": "12681.00000", "2014-06-30": "13193.00000", "2014-03-31": "12762.00000", "2013-12-31": "12733.00000", "2013-09-30": "13282.00000", "2013-06-30": "13983.00000", "2013-03-31": "13855.00000", "2012-12-31": "13630.00000", "2012-09-30": "14494.00000", "2012-06-30": "14088.00000", "2012-03-31": "12853.00000", "2011-12-31": "12240.00000", "2011-09-30": "13669.00000", "2011-06-30": "13537.00000", "2011-03-31": "12645.00000", "2010-12-31": "12215.00000", "2010-09-30": "14048.00000", "2010-06-30": "12891.00000", "2010-03-31": "12106.00000", "2009-12-31": "10795.00000", "2009-09-30": "11196.00000", "2009-06-30": "9898.00000", "2009-03-31": "8647.00000", "2008-12-31": "9598.00000", "2008-09-30": "10788.00000", "2008-06-30": "10539.00000", "2008-03-31": "11325.00000", "2007-12-31": "9838.00000", "2007-09-30": "10400.00000", "2007-06-30": "9454.00000", "2007-03-31": "9726.00000", "2006-12-31": "8946.00000", "2006-09-30": "8309.00000", "2006-06-30": "8101.00000", "2006-03-31": "7921.00000", "2005-12-31": "7115.00000", "2005-09-30": "8167.00000", "2005-06-30": "7948.00000", "2005-03-31": "8922.00000"}, "Property, Plant, And Equipment": {"2020-12-31": "9421.00000", "2020-09-30": "9216.00000", "2020-06-30": "9089.00000", "2020-03-31": "9165.00000", "2019-12-31": "9333.00000", "2019-09-30": "8891.00000", "2019-06-30": "8998.00000", "2019-03-31": "8829.00000", "2018-12-31": "8738.00000", "2018-09-30": "8630.00000", "2018-06-30": "8645.00000", "2018-03-31": "8864.00000", "2017-12-31": "8866.00000", "2017-09-30": "8658.00000", "2017-06-30": "8566.00000", "2017-03-31": "8551.00000", "2016-12-31": "8516.00000", "2016-09-30": "8671.00000", "2016-06-30": "8604.00000", "2016-03-31": "8614.00000", "2015-12-31": "8515.00000", "2015-09-30": "8470.00000", "2015-06-30": "8389.00000", "2015-03-31": "8286.00000", "2014-12-31": "8489.00000", "2014-09-30": "8499.00000", "2014-06-30": "8685.00000", "2014-03-31": "8630.00000", "2013-12-31": "8652.00000", "2013-09-30": "8448.00000", "2013-06-30": "8329.00000", "2013-03-31": "8318.00000", "2012-12-31": "8378.00000", "2012-09-30": "7939.00000", "2012-06-30": "7706.00000", "2012-03-31": "7755.00000", "2011-12-31": "7666.00000", "2011-09-30": "7509.00000", "2011-06-30": "7624.00000", "2011-03-31": "7503.00000", "2010-12-31": "7279.00000", "2010-09-30": "6915.00000", "2010-06-30": "6715.00000", "2010-03-31": "6859.00000", "2009-12-31": "7000.00000", "2009-09-30": "6923.00000", "2009-06-30": "6899.00000", "2009-03-31": "6744.00000", "2008-12-31": "6886.00000", "2008-09-30": "6809.00000", "2008-06-30": "6919.00000", "2008-03-31": "6775.00000", "2007-12-31": "6582.00000", "2007-09-30": "6340.00000", "2007-06-30": "6119.00000", "2007-03-31": "5991.00000", "2006-12-31": "5907.00000", "2006-09-30": "5782.00000", "2006-06-30": "5643.00000", "2006-03-31": "5574.00000", "2005-12-31": "5593.00000", "2005-09-30": "5604.00000", "2005-06-30": "5516.00000", "2005-03-31": "5624.00000"}, "Long-Term Investments": {"2020-12-31": "", "2020-09-30": "", "2020-06-30": "", "2020-03-31": "", "2019-12-31": "", "2019-09-30": "", "2019-06-30": "", "2019-03-31": "", "2018-12-31": "", "2018-09-30": "", "2018-06-30": "", "2018-03-31": "", "2017-12-31": "", "2017-09-30": "156.00000", "2017-06-30": "154.00000", "2017-03-31": "150.00000", "2016-12-31": "", "2016-09-30": "141.00000", "2016-06-30": "135.00000", "2016-03-31": "130.00000", "2015-12-31": "126.00000", "2015-09-30": "125.00000", "2015-06-30": "119.00000", "2015-03-31": "115.00000", "2014-12-31": "117.00000", "2014-09-30": "1213.00000", "2014-06-30": "1317.00000", "2014-03-31": "1480.00000", "2013-12-31": "1575.00000", "2013-09-30": "1697.00000", "2013-06-30": "1696.00000", "2013-03-31": "1613.00000", "2012-12-31": "1325.00000", "2012-09-30": "1542.00000", "2012-06-30": "1183.00000", "2012-03-31": "923.00000", "2011-12-31": "1051.00000", "2011-09-30": "605.00000", "2011-06-30": "573.00000", "2011-03-31": "520.00000", "2010-12-31": "686.00000", "2010-09-30": "579.00000", "2010-06-30": "717.00000", "2010-03-31": "698.00000", "2009-12-31": "928.00000", "2009-09-30": "625.00000", "2009-06-30": "413.00000", "2009-03-31": "358.00000", "2008-12-31": "463.00000", "2008-09-30": "937.00000", "2008-06-30": "1069.00000", "2008-03-31": "962.00000", "2007-12-31": "778.00000", "2007-09-30": "851.00000", "2007-06-30": "852.00000", "2007-03-31": "808.00000", "2006-12-31": "480.00000", "2006-09-30": "399.00000", "2006-06-30": "343.00000", "2006-03-31": "284.00000", "2005-12-31": "272.00000", "2005-09-30": "275.00000", "2005-06-30": "274.00000", "2005-03-31": "280.00000"}, "Goodwill And Intangible Assets": {"2020-12-31": "19637.00000", "2020-09-30": "19461.00000", "2020-06-30": "19393.00000", "2020-03-31": "19503.00000", "2019-12-31": "19823.00000", "2019-09-30": "13257.00000", "2019-06-30": "13538.00000", "2019-03-31": "13658.00000", "2018-12-31": "12708.00000", "2018-09-30": "12849.00000", "2018-06-30": "12894.00000", "2018-03-31": "13455.00000", "2017-12-31": "13449.00000", "2017-09-30": "11396.00000", "2017-06-30": "11306.00000", "2017-03-31": "11527.00000", "2016-12-31": "11486.00000", "2016-09-30": "11852.00000", "2016-06-30": "11833.00000", "2016-03-31": "11926.00000", "2015-12-31": "11850.00000", "2015-09-30": "11986.00000", "2015-06-30": "8340.00000", "2015-03-31": "8330.00000", "2014-12-31": "8485.00000", "2014-09-30": "8729.00000", "2014-06-30": "9025.00000", "2014-03-31": "8988.00000", "2013-12-31": "9033.00000", "2013-09-30": "9087.00000", "2013-06-30": "9017.00000", "2013-03-31": "9087.00000", "2012-12-31": "9310.00000", "2012-09-30": "9063.00000", "2012-06-30": "8911.00000", "2012-03-31": "8955.00000", "2011-12-31": "8963.00000", "2011-09-30": "9092.00000", "2011-06-30": "9258.00000", "2011-03-31": "9125.00000", "2010-12-31": "8640.00000", "2010-09-30": "7178.00000", "2010-06-30": "6888.00000", "2010-03-31": "7021.00000", "2009-12-31": "7174.00000", "2009-09-30": "7253.00000", "2009-06-30": "7120.00000", "2009-03-31": "6935.00000", "2008-12-31": "7151.00000", "2008-09-30": "6836.00000", "2008-06-30": "6768.00000", "2008-03-31": "5552.00000", "2007-12-31": "5390.00000", "2007-09-30": "5135.00000", "2007-06-30": "4987.00000", "2007-03-31": "4851.00000", "2006-12-31": "4790.00000", "2006-09-30": "4492.00000", "2006-06-30": "4073.00000", "2006-03-31": "3974.00000", "2005-12-31": "4016.00000", "2005-09-30": "3980.00000", "2005-06-30": "2752.00000", "2005-03-31": "2850.00000"}, "Other Long-Term Assets": {"2020-12-31": "2440.00000", "2020-09-30": "1759.00000", "2020-06-30": "1651.00000", "2020-03-31": "1605.00000", "2019-12-31": "1674.00000", "2019-09-30": "1548.00000", "2019-06-30": "1503.00000", "2019-03-31": "1482.00000", "2018-12-31": "1345.00000", "2018-09-30": "1377.00000", "2018-06-30": "1349.00000", "2018-03-31": "1438.00000", "2017-12-31": "1395.00000", "2017-09-30": "1266.00000", "2017-06-30": "1207.00000", "2017-03-31": "1102.00000", "2016-12-31": "1178.00000", "2016-09-30": "952.00000", "2016-06-30": "985.00000", "2016-03-31": "1212.00000", "2015-12-31": "1218.00000", "2015-09-30": "1009.00000", "2015-06-30": "1055.00000", "2015-03-31": "1338.00000", "2014-12-31": "1769.00000", "2014-09-30": "934.00000", "2014-06-30": "1078.00000", "2014-03-31": "1063.00000", "2013-12-31": "980.00000", "2013-09-30": "1066.00000", "2013-06-30": "1083.00000", "2013-03-31": "1137.00000", "2012-12-31": "1217.00000", "2012-09-30": "1394.00000", "2012-06-30": "1406.00000", "2012-03-31": "1486.00000", "2011-12-31": "1656.00000", "2011-09-30": "1153.00000", "2011-06-30": "1208.00000", "2011-03-31": "1258.00000", "2010-12-31": "1262.00000", "2010-09-30": "1241.00000", "2010-06-30": "1186.00000", "2010-03-31": "1255.00000", "2009-12-31": "1275.00000", "2009-09-30": "1595.00000", "2009-06-30": "1726.00000", "2009-03-31": "1616.00000", "2008-12-31": "1659.00000", "2008-09-30": "555.00000", "2008-06-30": "610.00000", "2008-03-31": "739.00000", "2007-12-31": "728.00000", "2007-09-30": "947.00000", "2007-06-30": "947.00000", "2007-03-31": "936.00000", "2006-12-31": "776.00000", "2006-09-30": "742.00000", "2006-06-30": "1064.00000", "2006-03-31": "1001.00000", "2005-12-31": "640.00000", "2005-09-30": "565.00000", "2005-06-30": "557.00000", "2005-03-31": "528.00000"}, "Total Long-Term Assets": {"2020-12-31": "32362.00000", "2020-09-30": "31280.00000", "2020-06-30": "30973.00000", "2020-03-31": "31122.00000", "2019-12-31": "31688.00000", "2019-09-30": "24530.00000", "2019-06-30": "24918.00000", "2019-03-31": "24766.00000", "2018-12-31": "22791.00000", "2018-09-30": "22856.00000", "2018-06-30": "22888.00000", "2018-03-31": "23757.00000", "2017-12-31": "23710.00000", "2017-09-30": "21581.00000", "2017-06-30": "21316.00000", "2017-03-31": "21391.00000", "2016-12-31": "21180.00000", "2016-09-30": "21872.00000", "2016-06-30": "21799.00000", "2016-03-31": "22108.00000", "2015-12-31": "21897.00000", "2015-09-30": "21650.00000", "2015-06-30": "17957.00000", "2015-03-31": "18125.00000", "2014-12-31": "18906.00000", "2014-09-30": "20095.00000", "2014-06-30": "20777.00000", "2014-03-31": "20785.00000", "2013-12-31": "20817.00000", "2013-09-30": "20322.00000", "2013-06-30": "20147.00000", "2013-03-31": "20174.00000", "2012-12-31": "20246.00000", "2012-09-30": "19985.00000", "2012-06-30": "19251.00000", "2012-03-31": "19162.00000", "2011-12-31": "19376.00000", "2011-09-30": "18446.00000", "2011-06-30": "18745.00000", "2011-03-31": "18484.00000", "2010-12-31": "17941.00000", "2010-09-30": "16017.00000", "2010-06-30": "15605.00000", "2010-03-31": "15916.00000", "2009-12-31": "16455.00000", "2009-09-30": "16437.00000", "2009-06-30": "16197.00000", "2009-03-31": "15691.00000", "2008-12-31": "16195.00000", "2008-09-30": "16821.00000", "2008-06-30": "16819.00000", "2008-03-31": "15444.00000", "2007-12-31": "14856.00000", "2007-09-30": "13955.00000", "2007-06-30": "13362.00000", "2007-03-31": "13013.00000", "2006-12-31": "12348.00000", "2006-09-30": "14374.00000", "2006-06-30": "13932.00000", "2006-03-31": "13692.00000", "2005-12-31": "13426.00000", "2005-09-30": "13199.00000", "2005-06-30": "11609.00000", "2005-03-31": "11833.00000"}, "Total Assets": {"2020-12-31": "47344.00000", "2020-09-30": "45390.00000", "2020-06-30": "45079.00000", "2020-03-31": "46212.00000", "2019-12-31": "44659.00000", "2019-09-30": "42550.00000", "2019-06-30": "38969.00000", "2019-03-31": "39140.00000", "2018-12-31": "36500.00000", "2018-09-30": "37275.00000", "2018-06-30": "36778.00000", "2018-03-31": "38575.00000", "2017-12-31": "37987.00000", "2017-09-30": "35237.00000", "2017-06-30": "33957.00000", "2017-03-31": "33292.00000", "2016-12-31": "32906.00000", "2016-09-30": "34051.00000", "2016-06-30": "33235.00000", "2016-03-31": "32982.00000", "2015-12-31": "32883.00000", "2015-09-30": "33258.00000", "2015-06-30": "31388.00000", "2015-03-31": "30643.00000", "2014-12-31": "31209.00000", "2014-09-30": "32776.00000", "2014-06-30": "33970.00000", "2014-03-31": "33547.00000", "2013-12-31": "33550.00000", "2013-09-30": "33604.00000", "2013-06-30": "34130.00000", "2013-03-31": "34029.00000", "2012-12-31": "33876.00000", "2012-09-30": "34479.00000", "2012-06-30": "33339.00000", "2012-03-31": "32015.00000", "2011-12-31": "31616.00000", "2011-09-30": "32115.00000", "2011-06-30": "32282.00000", "2011-03-31": "31129.00000", "2010-12-31": "30156.00000", "2010-09-30": "30065.00000", "2010-06-30": "28496.00000", "2010-03-31": "28022.00000", "2009-12-31": "27250.00000", "2009-09-30": "27633.00000", "2009-06-30": "26095.00000", "2009-03-31": "24338.00000", "2008-12-31": "25793.00000", "2008-09-30": "27609.00000", "2008-06-30": "27358.00000", "2008-03-31": "26769.00000", "2007-12-31": "24694.00000", "2007-09-30": "24355.00000", "2007-06-30": "22816.00000", "2007-03-31": "22739.00000", "2006-12-31": "21294.00000", "2006-09-30": "22683.00000", "2006-06-30": "22033.00000", "2006-03-31": "21613.00000", "2005-12-31": "20541.00000", "2005-09-30": "21366.00000", "2005-06-30": "19557.00000", "2005-03-31": "20755.00000"}, "Total Current Liabilities": {"2020-12-31": "7948.00000", "2020-09-30": "7410.00000", "2020-06-30": "7282.00000", "2020-03-31": "9134.00000", "2019-12-31": "9222.00000", "2019-09-30": "7821.00000", "2019-06-30": "7265.00000", "2019-03-31": "7125.00000", "2018-12-31": "7244.00000", "2018-09-30": "7336.00000", "2018-06-30": "8902.00000", "2018-03-31": "8959.00000", "2017-12-31": "7687.00000", "2017-09-30": "6598.00000", "2017-06-30": "5697.00000", "2017-03-31": "5995.00000", "2016-12-31": "6219.00000", "2016-09-30": "6400.00000", "2016-06-30": "7254.00000", "2016-03-31": "7178.00000", "2015-12-31": "7118.00000", "2015-09-30": "7032.00000", "2015-06-30": "5095.00000", "2015-03-31": "5082.00000", "2014-12-31": "5964.00000", "2014-09-30": "7705.00000", "2014-06-30": "7040.00000", "2014-03-31": "7450.00000", "2013-12-31": "7498.00000", "2013-09-30": "7439.00000", "2013-06-30": "6335.00000", "2013-03-31": "5937.00000", "2012-12-31": "6200.00000", "2012-09-30": "6595.00000", "2012-06-30": "5707.00000", "2012-03-31": "5408.00000", "2011-12-31": "5441.00000", "2011-09-30": "6165.00000", "2011-06-30": "6203.00000", "2011-03-31": "5900.00000", "2010-12-31": "6089.00000", "2010-09-30": "5395.00000", "2010-06-30": "5437.00000", "2010-03-31": "5148.00000", "2009-12-31": "4897.00000", "2009-09-30": "5766.00000", "2009-06-30": "5318.00000", "2009-03-31": "4728.00000", "2008-12-31": "5839.00000", "2008-09-30": "7008.00000", "2008-06-30": "6987.00000", "2008-03-31": "6700.00000", "2007-12-31": "5362.00000", "2007-09-30": "7141.00000", "2007-06-30": "7375.00000", "2007-03-31": "7504.00000", "2006-12-31": "7323.00000", "2006-09-30": "6863.00000", "2006-06-30": "5426.00000", "2006-03-31": "5457.00000", "2005-12-31": "5238.00000", "2005-09-30": "6879.00000", "2005-06-30": "5306.00000", "2005-03-31": "6237.00000"}, "Long Term Debt": {"2020-12-31": "17989.00000", "2020-09-30": "18429.00000", "2020-06-30": "19276.00000", "2020-03-31": "19247.00000", "2019-12-31": "17518.00000", "2019-09-30": "17479.00000", "2019-06-30": "14914.00000", "2019-03-31": "15580.00000", "2018-12-31": "13411.00000", "2018-09-30": "13539.00000", "2018-06-30": "11294.00000", "2018-03-31": "12211.00000", "2017-12-31": "12096.00000", "2017-09-30": "10828.00000", "2017-06-30": "11088.00000", "2017-03-31": "10802.00000", "2016-12-31": "10678.00000", "2016-09-30": "11079.00000", "2016-06-30": "9299.00000", "2016-03-31": "8927.00000", "2015-12-31": "8753.00000", "2015-09-30": "8974.00000", "2015-06-30": "8431.00000", "2015-03-31": "6459.00000", "2014-12-31": "6705.00000", "2014-09-30": "5225.00000", "2014-06-30": "5323.00000", "2014-03-31": "4401.00000", "2013-12-31": "4326.00000", "2013-09-30": "3533.00000", "2013-06-30": "4884.00000", "2013-03-31": "4864.00000", "2012-12-31": "4916.00000", "2012-09-30": "4852.00000", "2012-06-30": "5657.00000", "2012-03-31": "4510.00000", "2011-12-31": "4484.00000", "2011-09-30": "4955.00000", "2011-06-30": "4484.00000", "2011-03-31": "4486.00000", "2010-12-31": "4183.00000", "2010-09-30": "5105.00000", "2010-06-30": "4949.00000", "2010-03-31": "5080.00000", "2009-12-31": "5097.00000", "2009-09-30": "5204.00000", "2009-06-30": "5172.00000", "2009-03-31": "5088.00000", "2008-12-31": "5166.00000", "2008-09-30": "4779.00000", "2008-06-30": "4095.00000", "2008-03-31": "4140.00000", "2007-12-31": "4019.00000", "2007-09-30": "2824.00000", "2007-06-30": "1766.00000", "2007-03-31": "1771.00000", "2006-12-31": "1047.00000", "2006-09-30": "1230.00000", "2006-06-30": "1253.00000", "2006-03-31": "1291.00000", "2005-12-31": "1309.00000", "2005-09-30": "688.00000", "2005-06-30": "706.00000", "2005-03-31": "707.00000"}, "Other Non-Current Liabilities": {"2020-12-31": "3462.00000", "2020-09-30": "3324.00000", "2020-06-30": "3275.00000", "2020-03-31": "3225.00000", "2019-12-31": "3275.00000", "2019-09-30": "3235.00000", "2019-06-30": "3268.00000", "2019-03-31": "3228.00000", "2018-12-31": "3010.00000", "2018-09-30": "2906.00000", "2018-06-30": "2900.00000", "2018-03-31": "2985.00000", "2017-12-31": "2962.00000", "2017-09-30": "1861.00000", "2017-06-30": "1767.00000", "2017-03-31": "1691.00000", "2016-12-31": "1648.00000", "2016-09-30": "1345.00000", "2016-06-30": "1327.00000", "2016-03-31": "1649.00000", "2015-12-31": "2024.00000", "2015-09-30": "1566.00000", "2015-06-30": "1049.00000", "2015-03-31": "1386.00000", "2014-12-31": "1555.00000", "2014-09-30": "1791.00000", "2014-06-30": "1932.00000", "2014-03-31": "1963.00000", "2013-12-31": "1984.00000", "2013-09-30": "1686.00000", "2013-06-30": "1683.00000", "2013-03-31": "1686.00000", "2012-12-31": "1634.00000", "2012-09-30": "1777.00000", "2012-06-30": "1747.00000", "2012-03-31": "1792.00000", "2011-12-31": "1857.00000", "2011-09-30": "1879.00000", "2011-06-30": "1921.00000", "2011-03-31": "1892.00000", "2010-12-31": "1854.00000", "2010-09-30": "1879.00000", "2010-06-30": "1710.00000", "2010-03-31": "1779.00000", "2009-12-31": "1727.00000", "2009-09-30": "1686.00000", "2009-06-30": "1621.00000", "2009-03-31": "1570.00000", "2008-12-31": "1637.00000", "2008-09-30": "3621.00000", "2008-06-30": "3741.00000", "2008-03-31": "3494.00000", "2007-12-31": "2218.00000", "2007-09-30": "3420.00000", "2007-06-30": "3403.00000", "2007-03-31": "3410.00000", "2006-12-31": "2965.00000", "2006-09-30": "3607.00000", "2006-06-30": "3832.00000", "2006-03-31": "3876.00000", "2005-12-31": "3599.00000", "2005-09-30": "3552.00000", "2005-06-30": "3445.00000", "2005-03-31": "3521.00000"}, "Total Long Term Liabilities": {"2020-12-31": "26465.00000", "2020-09-30": "26037.00000", "2020-06-30": "26882.00000", "2020-03-31": "26869.00000", "2019-12-31": "25311.00000", "2019-09-30": "23965.00000", "2019-06-30": "21562.00000", "2019-03-31": "22258.00000", "2018-12-31": "19408.00000", "2018-09-30": "19628.00000", "2018-06-30": "17448.00000", "2018-03-31": "18577.00000", "2017-12-31": "18678.00000", "2017-09-30": "16437.00000", "2017-06-30": "16616.00000", "2017-03-31": "16257.00000", "2016-12-31": "16344.00000", "2016-09-30": "15603.00000", "2016-06-30": "14044.00000", "2016-03-31": "14030.00000", "2015-12-31": "14297.00000", "2015-09-30": "14002.00000", "2015-06-30": "13163.00000", "2015-03-31": "11609.00000", "2014-12-31": "12103.00000", "2014-09-30": "8865.00000", "2014-06-30": "9084.00000", "2014-03-31": "8173.00000", "2013-12-31": "8104.00000", "2013-09-30": "7913.00000", "2013-06-30": "9476.00000", "2013-03-31": "9564.00000", "2012-12-31": "9636.00000", "2012-09-30": "9743.00000", "2012-06-30": "10759.00000", "2012-03-31": "9988.00000", "2011-12-31": "10313.00000", "2011-09-30": "8538.00000", "2011-06-30": "8337.00000", "2011-03-31": "8342.00000", "2010-12-31": "8050.00000", "2010-09-30": "8837.00000", "2010-06-30": "8796.00000", "2010-03-31": "9023.00000", "2009-12-31": "9051.00000", "2009-09-30": "8948.00000", "2009-06-30": "9556.00000", "2009-03-31": "9469.00000", "2008-12-31": "9650.00000", "2008-09-30": "8400.00000", "2008-06-30": "7836.00000", "2008-03-31": "7634.00000", "2007-12-31": "7585.00000", "2007-09-30": "6244.00000", "2007-06-30": "5169.00000", "2007-03-31": "5181.00000", "2006-12-31": "4012.00000", "2006-09-30": "4837.00000", "2006-06-30": "5085.00000", "2006-03-31": "5167.00000", "2005-12-31": "4908.00000", "2005-09-30": "4240.00000", "2005-06-30": "4151.00000", "2005-03-31": "4228.00000"}, "Total Liabilities": {"2020-12-31": "34413.00000", "2020-09-30": "33447.00000", "2020-06-30": "34164.00000", "2020-03-31": "36003.00000", "2019-12-31": "34533.00000", "2019-09-30": "31786.00000", "2019-06-30": "28827.00000", "2019-03-31": "29383.00000", "2018-12-31": "26652.00000", "2018-09-30": "26964.00000", "2018-06-30": "26350.00000", "2018-03-31": "27536.00000", "2017-12-31": "26365.00000", "2017-09-30": "23035.00000", "2017-06-30": "22313.00000", "2017-03-31": "22252.00000", "2016-12-31": "22563.00000", "2016-09-30": "22003.00000", "2016-06-30": "21298.00000", "2016-03-31": "21208.00000", "2015-12-31": "21415.00000", "2015-09-30": "21034.00000", "2015-06-30": "18258.00000", "2015-03-31": "16691.00000", "2014-12-31": "18067.00000", "2014-09-30": "16570.00000", "2014-06-30": "16124.00000", "2014-03-31": "15623.00000", "2013-12-31": "15602.00000", "2013-09-30": "15352.00000", "2013-06-30": "15811.00000", "2013-03-31": "15501.00000", "2012-12-31": "15836.00000", "2012-09-30": "16338.00000", "2012-06-30": "16466.00000", "2012-03-31": "15396.00000", "2011-12-31": "15754.00000", "2011-09-30": "14703.00000", "2011-06-30": "14540.00000", "2011-03-31": "14242.00000", "2010-12-31": "14139.00000", "2010-09-30": "14232.00000", "2010-06-30": "14233.00000", "2010-03-31": "14171.00000", "2009-12-31": "13948.00000", "2009-09-30": "14714.00000", "2009-06-30": "14874.00000", "2009-03-31": "14197.00000", "2008-12-31": "15489.00000", "2008-09-30": "15408.00000", "2008-06-30": "14823.00000", "2008-03-31": "14334.00000", "2007-12-31": "12947.00000", "2007-09-30": "13385.00000", "2007-06-30": "12544.00000", "2007-03-31": "12685.00000", "2006-12-31": "11335.00000", "2006-09-30": "11700.00000", "2006-06-30": "10511.00000", "2006-03-31": "10624.00000", "2005-12-31": "10146.00000", "2005-09-30": "11119.00000", "2005-06-30": "9457.00000", "2005-03-31": "10465.00000"}, "Common Stock Net": {"2020-12-31": "9.00000", "2020-09-30": "9.00000", "2020-06-30": "9.00000", "2020-03-31": "9.00000", "2019-12-31": "9.00000", "2019-09-30": "9.00000", "2019-06-30": "9.00000", "2019-03-31": "9.00000", "2018-12-31": "9.00000", "2018-09-30": "9.00000", "2018-06-30": "9.00000", "2018-03-31": "9.00000", "2017-12-31": "9.00000", "2017-09-30": "9.00000", "2017-06-30": "9.00000", "2017-03-31": "9.00000", "2016-12-31": "9.00000", "2016-09-30": "9.00000", "2016-06-30": "9.00000", "2016-03-31": "9.00000", "2015-12-31": "9.00000", "2015-09-30": "9.00000", "2015-06-30": "9.00000", "2015-03-31": "9.00000", "2014-12-31": "9.00000", "2014-09-30": "9.00000", "2014-06-30": "9.00000", "2014-03-31": "9.00000", "2013-12-31": "9.00000", "2013-09-30": "9.00000", "2013-06-30": "9.00000", "2013-03-31": "9.00000", "2012-12-31": "9.00000", "2012-09-30": "9.00000", "2012-06-30": "9.00000", "2012-03-31": "9.00000", "2011-12-31": "9.00000", "2011-09-30": "9.00000", "2011-06-30": "9.00000", "2011-03-31": "9.00000", "2010-12-31": "9.00000", "2010-09-30": "9.00000", "2010-06-30": "9.00000", "2010-03-31": "9.00000", "2009-12-31": "9.00000", "2009-09-30": "9.00000", "2009-06-30": "9.00000", "2009-03-31": "9.00000", "2008-12-31": "9.00000", "2008-09-30": "9.00000", "2008-06-30": "9.00000", "2008-03-31": "9.00000", "2007-12-31": "9.00000", "2007-09-30": "9.00000", "2007-06-30": "9.00000", "2007-03-31": "9.00000", "2006-12-31": "9.00000", "2006-09-30": "9.00000", "2006-06-30": "9.00000", "2006-03-31": "9.00000", "2005-12-31": "9.00000", "2005-09-30": "9.00000", "2005-06-30": "9.00000", "2005-03-31": "9.00000"}, "Retained Earnings (Accumulated Deficit)": {"2020-12-31": "43761.00000", "2020-09-30": "43285.00000", "2020-06-30": "42759.00000", "2020-03-31": "42345.00000", "2019-12-31": "42135.00000", "2019-09-30": "42085.00000", "2019-06-30": "41362.00000", "2019-03-31": "41159.00000", "2018-12-31": "40636.00000", "2018-09-30": "40120.00000", "2018-06-30": "39442.00000", "2018-03-31": "38453.00000", "2017-12-31": "39115.00000", "2017-09-30": "39454.00000", "2017-06-30": "38793.00000", "2017-03-31": "38094.00000", "2016-12-31": "37907.00000", "2016-09-30": "37745.00000", "2016-06-30": "37194.00000", "2016-03-31": "36785.00000", "2015-12-31": "36296.00000", "2015-09-30": "36235.00000", "2015-06-30": "35615.00000", "2015-03-31": "35080.00000", "2014-12-31": "34317.00000", "2014-09-30": "34484.00000", "2014-06-30": "33836.00000", "2014-03-31": "33312.00000", "2013-12-31": "32416.00000", "2013-09-30": "32412.00000", "2013-06-30": "31716.00000", "2013-03-31": "31073.00000", "2012-12-31": "30679.00000", "2012-09-30": "30150.00000", "2012-06-30": "29465.00000", "2012-03-31": "28858.00000", "2011-12-31": "28348.00000", "2011-09-30": "27784.00000", "2011-06-30": "27110.00000", "2011-03-31": "26521.00000", "2010-12-31": "25995.00000", "2010-09-30": "25493.00000", "2010-06-30": "24788.00000", "2010-03-31": "24231.00000", "2009-12-31": "23753.00000", "2009-09-30": "23252.00000", "2009-06-30": "22707.00000", "2009-03-31": "22369.00000", "2008-12-31": "22227.00000", "2008-09-30": "22070.00000", "2008-06-30": "21437.00000", "2008-03-31": "20929.00000", "2007-12-31": "20316.00000", "2007-09-30": "19852.00000", "2007-06-30": "19319.00000", "2007-03-31": "18905.00000", "2006-12-31": "17933.00000", "2006-09-30": "17127.00000", "2006-06-30": "16591.00000", "2006-03-31": "16215.00000", "2005-12-31": "15715.00000", "2005-09-30": "16944.00000", "2005-06-30": "16446.00000", "2005-03-31": "16051.00000"}, "Comprehensive Income": {"2020-12-31": "-7661.00000", "2020-09-30": "-7960.00000", "2020-06-30": "-8286.00000", "2020-03-31": "-8414.00000", "2019-12-31": "-8139.00000", "2019-09-30": "-7388.00000", "2019-06-30": "-7272.00000", "2019-03-31": "-7552.00000", "2018-12-31": "-6866.00000", "2018-09-30": "-6968.00000", "2018-06-30": "-7019.00000", "2018-03-31": "-6803.00000", "2017-12-31": "-7026.00000", "2017-09-30": "-6913.00000", "2017-06-30": "-6989.00000", "2017-03-31": "-6949.00000", "2016-12-31": "-7245.00000", "2016-09-30": "-6146.00000", "2016-06-30": "-6184.00000", "2016-03-31": "-6261.00000", "2015-12-31": "-6359.00000", "2015-09-30": "-6467.00000", "2015-06-30": "-6233.00000", "2015-03-31": "-6321.00000", "2014-12-31": "-6289.00000", "2014-09-30": "-4108.00000", "2014-06-30": "-3666.00000", "2014-03-31": "-3841.00000", "2013-12-31": "-3913.00000", "2013-09-30": "-4810.00000", "2013-06-30": "-5166.00000", "2013-03-31": "-5001.00000", "2012-12-31": "-4750.00000", "2012-09-30": "-4548.00000", "2012-06-30": "-5012.00000", "2012-03-31": "-4785.00000", "2011-12-31": "-5025.00000", "2011-09-30": "-3339.00000", "2011-06-30": "-2961.00000", "2011-03-31": "-3237.00000", "2010-12-31": "-3543.00000", "2010-09-30": "-3366.00000", "2010-06-30": "-4016.00000", "2010-03-31": "-3747.00000", "2009-12-31": "-3754.00000", "2009-09-30": "-3368.00000", "2009-06-30": "-3683.00000", "2009-03-31": "-4091.00000", "2008-12-31": "-3646.00000", "2008-09-30": "-1065.00000", "2008-06-30": "-451.00000", "2008-03-31": "-355.00000", "2007-12-31": "-747.00000", "2007-09-30": "-1353.00000", "2007-06-30": "-1658.00000", "2007-03-31": "-1749.00000", "2006-12-31": "-1873.00000", "2006-09-30": "-138.00000", "2006-06-30": "-187.00000", "2006-03-31": "-330.00000", "2005-12-31": "-411.00000", "2005-09-30": "-283.00000", "2005-06-30": "-291.00000", "2005-03-31": "-35.00000"}, "Other Share Holders Equity": {"2020-12-31": "", "2020-09-30": "", "2020-06-30": "", "2020-03-31": "", "2019-12-31": "", "2019-09-30": "", "2019-06-30": "", "2019-03-31": "", "2018-12-31": "", "2018-09-30": "", "2018-06-30": "", "2018-03-31": "", "2017-12-31": "", "2017-09-30": "", "2017-06-30": "", "2017-03-31": "", "2016-12-31": "", "2016-09-30": "", "2016-06-30": "", "2016-03-31": "", "2015-12-31": "", "2015-09-30": "", "2015-06-30": "", "2015-03-31": "", "2014-12-31": "", "2014-09-30": "", "2014-06-30": "", "2014-03-31": "", "2013-12-31": "", "2013-09-30": "", "2013-06-30": "", "2013-03-31": "", "2012-12-31": "", "2012-09-30": "", "2012-06-30": "", "2012-03-31": "", "2011-12-31": "", "2011-09-30": "", "2011-06-30": "", "2011-03-31": "", "2010-12-31": "", "2010-09-30": "", "2010-06-30": "", "2010-03-31": "", "2009-12-31": "", "2009-09-30": "", "2009-06-30": "", "2009-03-31": "", "2008-12-31": "", "2008-09-30": "", "2008-06-30": "", "2008-03-31": "", "2007-12-31": "", "2007-09-30": "", "2007-06-30": "", "2007-03-31": "", "2006-12-31": "", "2006-09-30": "", "2006-06-30": "", "2006-03-31": "", "2005-12-31": "", "2005-09-30": "", "2005-06-30": "", "2005-03-31": ""}, "Share Holder Equity": {"2020-12-31": "12931.00000", "2020-09-30": "11943.00000", "2020-06-30": "10915.00000", "2020-03-31": "10209.00000", "2019-12-31": "10126.00000", "2019-09-30": "10764.00000", "2019-06-30": "10142.00000", "2019-03-31": "9757.00000", "2018-12-31": "9848.00000", "2018-09-30": "10311.00000", "2018-06-30": "10428.00000", "2018-03-31": "11039.00000", "2017-12-31": "11622.00000", "2017-09-30": "12202.00000", "2017-06-30": "11644.00000", "2017-03-31": "11040.00000", "2016-12-31": "10343.00000", "2016-09-30": "12048.00000", "2016-06-30": "11937.00000", "2016-03-31": "11774.00000", "2015-12-31": "11468.00000", "2015-09-30": "12224.00000", "2015-06-30": "13130.00000", "2015-03-31": "13952.00000", "2014-12-31": "13142.00000", "2014-09-30": "16206.00000", "2014-06-30": "17846.00000", "2014-03-31": "17924.00000", "2013-12-31": "17948.00000", "2013-09-30": "18252.00000", "2013-06-30": "18319.00000", "2013-03-31": "18528.00000", "2012-12-31": "18040.00000", "2012-09-30": "18141.00000", "2012-06-30": "16873.00000", "2012-03-31": "16619.00000", "2011-12-31": "15862.00000", "2011-09-30": "17412.00000", "2011-06-30": "17742.00000", "2011-03-31": "16887.00000", "2010-12-31": "16017.00000", "2010-09-30": "15833.00000", "2010-06-30": "14263.00000", "2010-03-31": "13851.00000", "2009-12-31": "13302.00000", "2009-09-30": "12919.00000", "2009-06-30": "11221.00000", "2009-03-31": "10141.00000", "2008-12-31": "10304.00000", "2008-09-30": "12201.00000", "2008-06-30": "12535.00000", "2008-03-31": "12435.00000", "2007-12-31": "11747.00000", "2007-09-30": "10970.00000", "2007-06-30": "10272.00000", "2007-03-31": "10054.00000", "2006-12-31": "9959.00000", "2006-09-30": "10983.00000", "2006-06-30": "11522.00000", "2006-03-31": "10989.00000", "2005-12-31": "10395.00000", "2005-09-30": "10247.00000", "2005-06-30": "10100.00000", "2005-03-31": "10290.00000"}, "Total Liabilities And Share Holders Equity": {"2020-12-31": "47344.00000", "2020-09-30": "45390.00000", "2020-06-30": "45079.00000", "2020-03-31": "46212.00000", "2019-12-31": "44659.00000", "2019-09-30": "42550.00000", "2019-06-30": "38969.00000", "2019-03-31": "39140.00000", "2018-12-31": "36500.00000", "2018-09-30": "37275.00000", "2018-06-30": "36778.00000", "2018-03-31": "38575.00000", "2017-12-31": "37987.00000", "2017-09-30": "35237.00000", "2017-06-30": "33957.00000", "2017-03-31": "33292.00000", "2016-12-31": "32906.00000", "2016-09-30": "34051.00000", "2016-06-30": "33235.00000", "2016-03-31": "32982.00000", "2015-12-31": "32883.00000", "2015-09-30": "33258.00000", "2015-06-30": "31388.00000", "2015-03-31": "30643.00000", "2014-12-31": "31209.00000", "2014-09-30": "32776.00000", "2014-06-30": "33970.00000", "2014-03-31": "33547.00000", "2013-12-31": "33550.00000", "2013-09-30": "33604.00000", "2013-06-30": "34130.00000", "2013-03-31": "34029.00000", "2012-12-31": "33876.00000", "2012-09-30": "34479.00000", "2012-06-30": "33339.00000", "2012-03-31": "32015.00000", "2011-12-31": "31616.00000", "2011-09-30": "32115.00000", "2011-06-30": "32282.00000", "2011-03-31": "31129.00000", "2010-12-31": "30156.00000", "2010-09-30": "30065.00000", "2010-06-30": "28496.00000", "2010-03-31": "28022.00000", "2009-12-31": "27250.00000", "2009-09-30": "27633.00000", "2009-06-30": "26095.00000", "2009-03-31": "24338.00000", "2008-12-31": "25793.00000", "2008-09-30": "27609.00000", "2008-06-30": "27358.00000", "2008-03-31": "26769.00000", "2007-12-31": "24694.00000", "2007-09-30": "24355.00000", "2007-06-30": "22816.00000", "2007-03-31": "22739.00000", "2006-12-31": "21294.00000", "2006-09-30": "22683.00000", "2006-06-30": "22033.00000", "2006-03-31": "21613.00000", "2005-12-31": "20541.00000", "2005-09-30": "21366.00000", "2005-06-30": "19557.00000", "2005-03-31": "20755.00000"}}, "cash flow statement": {"Net Income/Loss": {"2020-12-31": "5388.00000", "2019-12-31": "4582.00000", "2018-12-31": "5363.00000", "2017-12-31": "4869.00000", "2016-12-31": "5058.00000", "2015-12-31": "4841.00000", "2014-12-31": "4998.00000", "2013-12-31": "4721.00000", "2012-12-31": "4511.00000", "2011-12-31": "4357.00000", "2010-12-31": "4163.00000", "2009-12-31": "3244.00000", "2008-12-31": "3520.00000", "2007-12-31": "4151.00000", "2006-12-31": "3851.00000", "2005-12-31": "3111.00000"}, "Total Depreciation And Amortization - Cash Flow": {"2020-12-31": "1911.00000", "2019-12-31": "1593.00000", "2018-12-31": "1488.00000", "2017-12-31": "1544.00000", "2016-12-31": "1474.00000", "2015-12-31": "1435.00000", "2014-12-31": "1408.00000", "2013-12-31": "1371.00000", "2012-12-31": "1288.00000", "2011-12-31": "1236.00000", "2010-12-31": "1120.00000", "2009-12-31": "1157.00000", "2008-12-31": "1153.00000", "2007-12-31": "1072.00000", "2006-12-31": "1079.00000", "2005-12-31": "986.00000"}, "Other Non-Cash Items": {"2020-12-31": "-42.00000", "2019-12-31": "203.00000", "2018-12-31": "-260.00000", "2017-12-31": "-788.00000", "2016-12-31": "61.00000", "2015-12-31": "759.00000", "2014-12-31": "143.00000", "2013-12-31": "52.00000", "2012-12-31": "-302.00000", "2011-12-31": "350.00000", "2010-12-31": "-245.00000", "2009-12-31": "335.00000", "2008-12-31": "-66.00000", "2007-12-31": "-1036.00000", "2006-12-31": "-1195.00000", "2005-12-31": "-118.00000"}, "Total Non-Cash Items": {"2020-12-31": "1869.00000", "2019-12-31": "1796.00000", "2018-12-31": "1228.00000", "2017-12-31": "756.00000", "2016-12-31": "1535.00000", "2015-12-31": "2194.00000", "2014-12-31": "1551.00000", "2013-12-31": "1423.00000", "2012-12-31": "986.00000", "2011-12-31": "1586.00000", "2010-12-31": "875.00000", "2009-12-31": "1492.00000", "2008-12-31": "1087.00000", "2007-12-31": "36.00000", "2006-12-31": "-116.00000", "2005-12-31": "868.00000"}, "Change In Accounts Receivable": {"2020-12-31": "165.00000", "2019-12-31": "345.00000", "2018-12-31": "-305.00000", "2017-12-31": "-245.00000", "2016-12-31": "-313.00000", "2015-12-31": "-58.00000", "2014-12-31": "-268.00000", "2013-12-31": "-337.00000", "2012-12-31": "-133.00000", "2011-12-31": "-205.00000", "2010-12-31": "-189.00000", "2009-12-31": "55.00000", "2008-12-31": "197.00000", "2007-12-31": "-35.00000", "2006-12-31": "-103.00000", "2005-12-31": "-184.00000"}, "Change In Inventories": {"2020-12-31": "-91.00000", "2019-12-31": "370.00000", "2018-12-31": "-509.00000", "2017-12-31": "-387.00000", "2016-12-31": "57.00000", "2015-12-31": "3.00000", "2014-12-31": "-113.00000", "2013-12-31": "-86.00000", "2012-12-31": "-251.00000", "2011-12-31": "-196.00000", "2010-12-31": "-404.00000", "2009-12-31": "453.00000", "2008-12-31": "-127.00000", "2007-12-31": "-54.00000", "2006-12-31": "-309.00000", "2005-12-31": "-294.00000"}, "Change In Accounts Payable": {"2020-12-31": "252.00000", "2019-12-31": "-117.00000", "2018-12-31": "408.00000", "2017-12-31": "24.00000", "2016-12-31": "148.00000", "2015-12-31": "9.00000", "2014-12-31": "75.00000", "2013-12-31": "16.00000", "2012-12-31": "72.00000", "2011-12-31": "-83.00000", "2010-12-31": "146.00000", "2009-12-31": "109.00000", "2008-12-31": "-224.00000", "2007-12-31": "-4.00000", "2006-12-31": "68.00000", "2005-12-31": "113.00000"}, "Change In Assets/Liabilities": {"2020-12-31": "398.00000", "2019-12-31": "-111.00000", "2018-12-31": "120.00000", "2017-12-31": "256.00000", "2016-12-31": "76.00000", "2015-12-31": "175.00000", "2014-12-31": "177.00000", "2013-12-31": "-126.00000", "2012-12-31": "25.00000", "2011-12-31": "-130.00000", "2010-12-31": "328.00000", "2009-12-31": "-265.00000", "2008-12-31": "223.00000", "2007-12-31": "-31.00000", "2006-12-31": "310.00000", "2005-12-31": "320.00000"}, "Total Change In Assets/Liabilities": {"2020-12-31": "856.00000", "2019-12-31": "692.00000", "2018-12-31": "-152.00000", "2017-12-31": "615.00000", "2016-12-31": "69.00000", "2015-12-31": "-615.00000", "2014-12-31": "77.00000", "2013-12-31": "-327.00000", "2012-12-31": "-197.00000", "2011-12-31": "-659.00000", "2010-12-31": "136.00000", "2009-12-31": "205.00000", "2008-12-31": "-74.00000", "2007-12-31": "59.00000", "2006-12-31": "104.00000", "2005-12-31": "225.00000"}, "Cash Flow From Operating Activities": {"2020-12-31": "8113.00000", "2019-12-31": "7070.00000", "2018-12-31": "6439.00000", "2017-12-31": "6240.00000", "2016-12-31": "6662.00000", "2015-12-31": "6420.00000", "2014-12-31": "6626.00000", "2013-12-31": "5817.00000", "2012-12-31": "5300.00000", "2011-12-31": "5284.00000", "2010-12-31": "5174.00000", "2009-12-31": "4941.00000", "2008-12-31": "4533.00000", "2007-12-31": "4246.00000", "2006-12-31": "3839.00000", "2005-12-31": "4204.00000"}, "Net Change In Property, Plant, And Equipment": {"2020-12-31": "-1373.00000", "2019-12-31": "-1576.00000", "2018-12-31": "-1315.00000", "2017-12-31": "-1324.00000", "2016-12-31": "-1362.00000", "2015-12-31": "-1428.00000", "2014-12-31": "-1358.00000", "2013-12-31": "-1537.00000", "2012-12-31": "-1443.00000", "2011-12-31": "-1324.00000", "2010-12-31": "-1066.00000", "2009-12-31": "-829.00000", "2008-12-31": "-1384.00000", "2007-12-31": "-1319.00000", "2006-12-31": "-1119.00000", "2005-12-31": "-902.00000"}, "Net Change In Intangible Assets": {"2020-12-31": "", "2019-12-31": "", "2018-12-31": "", "2017-12-31": "", "2016-12-31": "", "2015-12-31": "", "2014-12-31": "", "2013-12-31": "", "2012-12-31": "", "2011-12-31": "", "2010-12-31": "", "2009-12-31": "", "2008-12-31": "", "2007-12-31": "", "2006-12-31": "", "2005-12-31": ""}, "Net Acquisitions/Divestitures": {"2020-12-31": "551.00000", "2019-12-31": "-4748.00000", "2018-12-31": "859.00000", "2017-12-31": "-958.00000", "2016-12-31": "126.00000", "2015-12-31": "-2791.00000", "2014-12-31": "-94.00000", "2013-12-31": "8.00000", "2012-12-31": "-1046.00000", "2011-12-31": "-649.00000", "2010-12-31": "-1830.00000", "2009-12-31": "-69.00000", "2008-12-31": "-1306.00000", "2007-12-31": "358.00000", "2006-12-31": "321.00000", "2005-12-31": "-1293.00000"}, "Net Change In Short-term Investments": {"2020-12-31": "", "2019-12-31": "", "2018-12-31": "", "2017-12-31": "", "2016-12-31": "", "2015-12-31": "", "2014-12-31": "", "2013-12-31": "", "2012-12-31": "", "2011-12-31": "", "2010-12-31": "", "2009-12-31": "", "2008-12-31": "", "2007-12-31": "", "2006-12-31": "", "2005-12-31": ""}, "Net Change In Long-Term Investments": {"2020-12-31": "232.00000", "2019-12-31": "-192.00000", "2018-12-31": "669.00000", "2017-12-31": "-798.00000", "2016-12-31": "-163.00000", "2015-12-31": "1300.00000", "2014-12-31": "754.00000", "2013-12-31": "627.00000", "2012-12-31": "-211.00000", "2011-12-31": "-745.00000", "2010-12-31": "273.00000", "2009-12-31": "-839.00000", "2008-12-31": "291.00000", "2007-12-31": "-406.00000", "2006-12-31": "-662.00000", "2005-12-31": "-46.00000"}, "Net Change In Investments - Total": {"2020-12-31": "232.00000", "2019-12-31": "-192.00000", "2018-12-31": "669.00000", "2017-12-31": "-798.00000", "2016-12-31": "-163.00000", "2015-12-31": "1300.00000", "2014-12-31": "754.00000", "2013-12-31": "627.00000", "2012-12-31": "-211.00000", "2011-12-31": "-745.00000", "2010-12-31": "273.00000", "2009-12-31": "-839.00000", "2008-12-31": "291.00000", "2007-12-31": "-406.00000", "2006-12-31": "-662.00000", "2005-12-31": "-46.00000"}, "Investing Activities - Other": {"2020-12-31": "10.00000", "2019-12-31": "72.00000", "2018-12-31": "9.00000", "2017-12-31": "-6.00000", "2016-12-31": "-4.00000", "2015-12-31": "102.00000", "2014-12-31": "102.00000", "2013-12-31": "46.00000", "2012-12-31": "14.00000", "2011-12-31": "", "2010-12-31": "-3.00000", "2009-12-31": "5.00000", "2008-12-31": "", "2007-12-31": "", "2006-12-31": "", "2005-12-31": ""}, "Cash Flow From Investing Activities": {"2020-12-31": "-580.00000", "2019-12-31": "-6444.00000", "2018-12-31": "222.00000", "2017-12-31": "-3086.00000", "2016-12-31": "-1403.00000", "2015-12-31": "-2817.00000", "2014-12-31": "-596.00000", "2013-12-31": "-856.00000", "2012-12-31": "-2686.00000", "2011-12-31": "-2718.00000", "2010-12-31": "-2626.00000", "2009-12-31": "-1732.00000", "2008-12-31": "-2399.00000", "2007-12-31": "-1367.00000", "2006-12-31": "-1460.00000", "2005-12-31": "-2241.00000"}, "Net Long-Term Debt": {"2020-12-31": "-1732.00000", "2019-12-31": "3565.00000", "2018-12-31": "1217.00000", "2017-12-31": "1025.00000", "2016-12-31": "1840.00000", "2015-12-31": "2622.00000", "2014-12-31": "983.00000", "2013-12-31": "-35.00000", "2012-12-31": "758.00000", "2011-12-31": "-318.00000", "2010-12-31": "-448.00000", "2009-12-31": "-478.00000", "2008-12-31": "676.00000", "2007-12-31": "2473.00000", "2006-12-31": "253.00000", "2005-12-31": "-227.00000"}, "Net Current Debt": {"2020-12-31": "-143.00000", "2019-12-31": "-316.00000", "2018-12-31": "-284.00000", "2017-12-31": "578.00000", "2016-12-31": "-797.00000", "2015-12-31": "860.00000", "2014-12-31": "27.00000", "2013-12-31": "-2.00000", "2012-12-31": "-36.00000", "2011-12-31": "11.00000", "2010-12-31": "-24.00000", "2009-12-31": "-536.00000", "2008-12-31": "361.00000", "2007-12-31": "-1222.00000", "2006-12-31": "882.00000", "2005-12-31": "-258.00000"}, "Debt Issuance/Retirement Net - Total": {"2020-12-31": "-1875.00000", "2019-12-31": "3249.00000", "2018-12-31": "933.00000", "2017-12-31": "1603.00000", "2016-12-31": "1043.00000", "2015-12-31": "3482.00000", "2014-12-31": "1010.00000", "2013-12-31": "-37.00000", "2012-12-31": "722.00000", "2011-12-31": "-307.00000", "2010-12-31": "-472.00000", "2009-12-31": "-1014.00000", "2008-12-31": "1037.00000", "2007-12-31": "1251.00000", "2006-12-31": "1135.00000", "2005-12-31": "-485.00000"}, "Net Common Equity Issued/Repurchased": {"2020-12-31": "61.00000", "2019-12-31": "-860.00000", "2018-12-31": "-4385.00000", "2017-12-31": "-1334.00000", "2016-12-31": "-2949.00000", "2015-12-31": "-4603.00000", "2014-12-31": "-4684.00000", "2013-12-31": "-3603.00000", "2012-12-31": "-1192.00000", "2011-12-31": "-1799.00000", "2010-12-31": "-188.00000", "2009-12-31": "414.00000", "2008-12-31": "-1342.00000", "2007-12-31": "-2443.00000", "2006-12-31": "-1828.00000", "2005-12-31": "-1832.00000"}, "Net Total Equity Issued/Repurchased": {"2020-12-31": "61.00000", "2019-12-31": "-860.00000", "2018-12-31": "-4385.00000", "2017-12-31": "-1334.00000", "2016-12-31": "-2949.00000", "2015-12-31": "-4603.00000", "2014-12-31": "-4684.00000", "2013-12-31": "-3603.00000", "2012-12-31": "-1192.00000", "2011-12-31": "-1799.00000", "2010-12-31": "-188.00000", "2009-12-31": "414.00000", "2008-12-31": "-1342.00000", "2007-12-31": "-2443.00000", "2006-12-31": "-1828.00000", "2005-12-31": "-1832.00000"}, "Total Common And Preferred Stock Dividends Paid": {"2020-12-31": "-3388.00000", "2019-12-31": "-3316.00000", "2018-12-31": "-3193.00000", "2017-12-31": "-2803.00000", "2016-12-31": "-2678.00000", "2015-12-31": "-2561.00000", "2014-12-31": "-2216.00000", "2013-12-31": "-1730.00000", "2012-12-31": "-1635.00000", "2011-12-31": "-1555.00000", "2010-12-31": "-1500.00000", "2009-12-31": "-1431.00000", "2008-12-31": "-1398.00000", "2007-12-31": "-1380.00000", "2006-12-31": "-1376.00000", "2005-12-31": "-1286.00000"}, "Financial Activities - Other": {"2020-12-31": "-98.00000", "2019-12-31": "-197.00000", "2018-12-31": "-56.00000", "2017-12-31": "-121.00000", "2016-12-31": "-42.00000", "2015-12-31": "34.00000", "2014-12-31": "-713.00000", "2013-12-31": "124.00000", "2012-12-31": "47.00000", "2011-12-31": "-14.00000", "2010-12-31": "-24.00000", "2009-12-31": "17.00000", "2008-12-31": "-63.00000", "2007-12-31": "54.00000", "2006-12-31": "8.00000", "2005-12-31": "-22.00000"}, "Cash Flow From Financial Activities": {"2020-12-31": "-5300.00000", "2019-12-31": "-1124.00000", "2018-12-31": "-6701.00000", "2017-12-31": "-2655.00000", "2016-12-31": "-4626.00000", "2015-12-31": "-3648.00000", "2014-12-31": "-6603.00000", "2013-12-31": "-5246.00000", "2012-12-31": "-2058.00000", "2011-12-31": "-3675.00000", "2010-12-31": "-2184.00000", "2009-12-31": "-2014.00000", "2008-12-31": "-1766.00000", "2007-12-31": "-2518.00000", "2006-12-31": "-2061.00000", "2005-12-31": "-3625.00000"}, "Net Cash Flow": {"2020-12-31": "2281.00000", "2019-12-31": "-500.00000", "2018-12-31": "-200.00000", "2017-12-31": "655.00000", "2016-12-31": "600.00000", "2015-12-31": "-99.00000", "2014-12-31": "-684.00000", "2013-12-31": "-302.00000", "2012-12-31": "664.00000", "2011-12-31": "-1158.00000", "2010-12-31": "337.00000", "2009-12-31": "1191.00000", "2008-12-31": "-47.00000", "2007-12-31": "449.00000", "2006-12-31": "375.00000", "2005-12-31": "-1685.00000"}, "Stock-Based Compensation": {"2020-12-31": "262.00000", "2019-12-31": "278.00000", "2018-12-31": "302.00000", "2017-12-31": "324.00000", "2016-12-31": "298.00000", "2015-12-31": "276.00000", "2014-12-31": "280.00000", "2013-12-31": "240.00000", "2012-12-31": "223.00000", "2011-12-31": "253.00000", "2010-12-31": "274.00000", "2009-12-31": "217.00000", "2008-12-31": "202.00000", "2007-12-31": "228.00000", "2006-12-31": "200.00000", "2005-12-31": "155.00000"}, "Common Stock Dividends Paid": {"2020-12-31": "-3388.00000", "2019-12-31": "-3316.00000", "2018-12-31": "-3193.00000", "2017-12-31": "-2803.00000", "2016-12-31": "-2678.00000", "2015-12-31": "-2561.00000", "2014-12-31": "-2216.00000", "2013-12-31": "-1730.00000", "2012-12-31": "-1635.00000", "2011-12-31": "-1555.00000", "2010-12-31": "-1500.00000", "2009-12-31": "-1431.00000", "2008-12-31": "-1398.00000", "2007-12-31": "-1380.00000", "2006-12-31": "-1376.00000", "2005-12-31": "-1286.00000"}}, "cash flow statement, quarterly": {"Net Income/Loss": {"2020-12-31": 1390, "2020-09-30": 1417, "2020-06-30": 1287, "2020-03-31": "1294.00000", "2019-12-31": 970, "2019-09-30": 1588, "2019-06-30": 1131, "2019-03-31": "893.00000", "2018-12-31": 1349, "2018-09-30": 1546, "2018-06-30": 1862, "2018-03-31": "606.00000", "2017-12-31": 525, "2017-09-30": 1433, "2017-06-30": 1585, "2017-03-31": "1326.00000", "2016-12-31": 1156, "2016-09-30": 1331, "2016-06-30": 1293, "2016-03-31": "1278.00000", "2015-12-31": 1039, "2015-09-30": 1298, "2015-06-30": 1303, "2015-03-31": "1201.00000", "2014-12-31": 1179, "2014-09-30": 1311, "2014-06-30": 1283, "2014-03-31": "1225.00000", "2013-12-31": 1116, "2013-09-30": 1245, "2013-06-30": 1213, "2013-03-31": "1147.00000", "2012-12-31": 1004, "2012-09-30": 1180, "2012-06-30": 1186, "2012-03-31": "1141.00000", "2011-12-31": 974, "2011-09-30": 1103, "2011-06-30": 1177, "2011-03-31": "1103.00000", "2010-12-31": 943, "2010-09-30": 1125, "2010-06-30": 1140, "2010-03-31": "955.00000", "2009-12-31": 951, "2009-09-30": 971, "2009-06-30": 792, "2009-03-31": "530.00000", "2008-12-31": 541, "2008-09-30": 1010, "2008-06-30": 963, "2008-03-31": "1006.00000", "2007-12-31": 906, "2007-09-30": 960, "2007-06-30": 917, "2007-03-31": "1368.00000", "2006-12-31": 1176, "2006-09-30": 894, "2006-06-30": 882, "2006-03-31": "899.00000", "2005-12-31": 746, "2005-09-30": 840, "2005-06-30": 754, "2005-03-31": "771.00000"}, "Total Depreciation And Amortization - Cash Flow": {"2020-12-31": 498, "2020-09-30": 481, "2020-06-30": 492, "2020-03-31": "440.00000", "2019-12-31": 463, "2019-09-30": 379, "2019-06-30": 376, "2019-03-31": "375.00000", "2018-12-31": 371, "2018-09-30": 355, "2018-06-30": 380, "2018-03-31": "382.00000", "2017-12-31": 349, "2017-09-30": 377, "2017-06-30": 380, "2017-03-31": "438.00000", "2016-12-31": 384, "2016-09-30": 368, "2016-06-30": 366, "2016-03-31": "356.00000", "2015-12-31": 397, "2015-09-30": 355, "2015-06-30": 344, "2015-03-31": "339.00000", "2014-12-31": 350, "2014-09-30": 350, "2014-06-30": 358, "2014-03-31": "350.00000", "2013-12-31": 357, "2013-09-30": 343, "2013-06-30": 335, "2013-03-31": "336.00000", "2012-12-31": 332, "2012-09-30": 322, "2012-06-30": 321, "2012-03-31": "313.00000", "2011-12-31": 317, "2011-09-30": 311, "2011-06-30": 319, "2011-03-31": "289.00000", "2010-12-31": 283, "2010-09-30": 278, "2010-06-30": 272, "2010-03-31": "287.00000", "2009-12-31": 298, "2009-09-30": 290, "2009-06-30": 298, "2009-03-31": "271.00000", "2008-12-31": 307, "2008-09-30": 293, "2008-06-30": 285, "2008-03-31": "268.00000", "2007-12-31": 276, "2007-09-30": 263, "2007-06-30": 279, "2007-03-31": "254.00000", "2006-12-31": 351, "2006-09-30": 249, "2006-06-30": 233, "2006-03-31": "246.00000", "2005-12-31": 252, "2005-09-30": 255, "2005-06-30": 237, "2005-03-31": "242.00000"}, "Other Non-Cash Items": {"2020-12-31": 15, "2020-09-30": -1, "2020-06-30": -262, "2020-03-31": "206.00000", "2019-12-31": -103, "2019-09-30": -47, "2019-06-30": 261, "2019-03-31": "92.00000", "2018-12-31": 82, "2018-09-30": 38, "2018-06-30": -282, "2018-03-31": "-98.00000", "2017-12-31": -388, "2017-09-30": 120, "2017-06-30": -387, "2017-03-31": "-133.00000", "2016-12-31": 100, "2016-09-30": -79, "2016-06-30": -69, "2016-03-31": "109.00000", "2015-12-31": 68, "2015-09-30": 240, "2015-06-30": 327, "2015-03-31": "124.00000", "2014-12-31": -77, "2014-09-30": 60, "2014-06-30": 116, "2014-03-31": "44.00000", "2013-12-31": -52, "2013-09-30": -136, "2013-06-30": 40, "2013-03-31": "200.00000", "2012-12-31": -91, "2012-09-30": -64, "2012-06-30": -109, "2012-03-31": "-38.00000", "2011-12-31": 202, "2011-09-30": -123, "2011-06-30": 93, "2011-03-31": "178.00000", "2010-12-31": -262, "2010-09-30": -163, "2010-06-30": 48, "2010-03-31": "132.00000", "2009-12-31": 92, "2009-09-30": 222, "2009-06-30": -27, "2009-03-31": "48.00000", "2008-12-31": -25, "2008-09-30": -169, "2008-06-30": 108, "2008-03-31": "20.00000", "2007-12-31": 65, "2007-09-30": -111, "2007-06-30": -4, "2007-03-31": "-986.00000", "2006-12-31": -1175, "2006-09-30": -139, "2006-06-30": 72, "2006-03-31": "47.00000", "2005-12-31": -123, "2005-09-30": -8, "2005-06-30": -16, "2005-03-31": "29.00000"}, "Total Non-Cash Items": {"2020-12-31": 513, "2020-09-30": 480, "2020-06-30": 230, "2020-03-31": "646.00000", "2019-12-31": 360, "2019-09-30": 332, "2019-06-30": 637, "2019-03-31": "467.00000", "2018-12-31": 453, "2018-09-30": 393, "2018-06-30": 98, "2018-03-31": "284.00000", "2017-12-31": -39, "2017-09-30": 497, "2017-06-30": -7, "2017-03-31": "305.00000", "2016-12-31": 484, "2016-09-30": 289, "2016-06-30": 297, "2016-03-31": "465.00000", "2015-12-31": 465, "2015-09-30": 595, "2015-06-30": 671, "2015-03-31": "463.00000", "2014-12-31": 273, "2014-09-30": 410, "2014-06-30": 474, "2014-03-31": "394.00000", "2013-12-31": 305, "2013-09-30": 207, "2013-06-30": 375, "2013-03-31": "536.00000", "2012-12-31": 241, "2012-09-30": 258, "2012-06-30": 212, "2012-03-31": "275.00000", "2011-12-31": 519, "2011-09-30": 188, "2011-06-30": 412, "2011-03-31": "467.00000", "2010-12-31": 21, "2010-09-30": 115, "2010-06-30": 320, "2010-03-31": "419.00000", "2009-12-31": 390, "2009-09-30": 512, "2009-06-30": 271, "2009-03-31": "319.00000", "2008-12-31": 282, "2008-09-30": 124, "2008-06-30": 393, "2008-03-31": "288.00000", "2007-12-31": 341, "2007-09-30": 152, "2007-06-30": 275, "2007-03-31": "-732.00000", "2006-12-31": -824, "2006-09-30": 110, "2006-06-30": 305, "2006-03-31": "293.00000", "2005-12-31": 129, "2005-09-30": 247, "2005-06-30": 221, "2005-03-31": "271.00000"}, "Change In Accounts Receivable": {"2020-12-31": 52, "2020-09-30": -128, "2020-06-30": 384, "2020-03-31": "-143.00000", "2019-12-31": 359, "2019-09-30": 244, "2019-06-30": -180, "2019-03-31": "-78.00000", "2018-12-31": 291, "2018-09-30": 10, "2018-06-30": -346, "2018-03-31": "-260.00000", "2017-12-31": 350, "2017-09-30": -183, "2017-06-30": -175, "2017-03-31": "-237.00000", "2016-12-31": 156, "2016-09-30": -50, "2016-06-30": -174, "2016-03-31": "-245.00000", "2015-12-31": 420, "2015-09-30": -32, "2015-06-30": -150, "2015-03-31": "-296.00000", "2014-12-31": 319, "2014-09-30": -103, "2014-06-30": -137, "2014-03-31": "-347.00000", "2013-12-31": 306, "2013-09-30": -15, "2013-06-30": -181, "2013-03-31": "-447.00000", "2012-12-31": 360, "2012-09-30": 60, "2012-06-30": -122, "2012-03-31": "-431.00000", "2011-12-31": 352, "2011-09-30": 29, "2011-06-30": -117, "2011-03-31": "-469.00000", "2010-12-31": 340, "2010-09-30": 57, "2010-06-30": -230, "2010-03-31": "-356.00000", "2009-12-31": 366, "2009-09-30": -89, "2009-06-30": -230, "2009-03-31": "8.00000", "2008-12-31": 566, "2008-09-30": 36, "2008-06-30": -141, "2008-03-31": "-264.00000", "2007-12-31": 423, "2007-09-30": 12, "2007-06-30": -151, "2007-03-31": "-319.00000", "2006-12-31": 281, "2006-09-30": -114, "2006-06-30": -31, "2006-03-31": "-239.00000", "2005-12-31": 129, "2005-09-30": -22, "2005-06-30": -123, "2005-03-31": "-168.00000"}, "Change In Inventories": {"2020-12-31": -134, "2020-09-30": 241, "2020-06-30": 9, "2020-03-31": "-207.00000", "2019-12-31": 115, "2019-09-30": 180, "2019-06-30": 253, "2019-03-31": "-178.00000", "2018-12-31": 53, "2018-09-30": -225, "2018-06-30": -128, "2018-03-31": "-209.00000", "2017-12-31": 49, "2017-09-30": -89, "2017-06-30": -198, "2017-03-31": "-149.00000", "2016-12-31": 72, "2016-09-30": 27, "2016-06-30": -5, "2016-03-31": "-37.00000", "2015-12-31": 142, "2015-09-30": 130, "2015-06-30": -138, "2015-03-31": "-131.00000", "2014-12-31": 119, "2014-09-30": 10, "2014-06-30": -111, "2014-03-31": "-131.00000", "2013-12-31": 69, "2013-09-30": 12, "2013-06-30": -139, "2013-03-31": "-28.00000", "2012-12-31": 117, "2012-09-30": -100, "2012-06-30": -172, "2012-03-31": "-96.00000", "2011-12-31": 168, "2011-09-30": 12, "2011-06-30": -196, "2011-03-31": "-180.00000", "2010-12-31": 117, "2010-09-30": -93, "2010-06-30": -238, "2010-03-31": "-190.00000", "2009-12-31": -16, "2009-09-30": 22, "2009-06-30": 159, "2009-03-31": "288.00000", "2008-12-31": 52, "2008-09-30": -8, "2008-06-30": -85, "2008-03-31": "-86.00000", "2007-12-31": 35, "2007-09-30": 50, "2007-06-30": -32, "2007-03-31": "-107.00000", "2006-12-31": 66, "2006-09-30": -23, "2006-06-30": -152, "2006-03-31": "-200.00000", "2005-12-31": -80, "2005-09-30": -21, "2005-06-30": -79, "2005-03-31": "-114.00000"}, "Change In Accounts Payable": {"2020-12-31": 300, "2020-09-30": 221, "2020-06-30": -281, "2020-03-31": "12.00000", "2019-12-31": 105, "2019-09-30": -49, "2019-06-30": -170, "2019-03-31": "-3.00000", "2018-12-31": 260, "2018-09-30": 160, "2018-06-30": 76, "2018-03-31": "-88.00000", "2017-12-31": 49, "2017-09-30": 35, "2017-06-30": 64, "2017-03-31": "-124.00000", "2016-12-31": 255, "2016-09-30": -50, "2016-06-30": 59, "2016-03-31": "-116.00000", "2015-12-31": 121, "2015-09-30": -78, "2015-06-30": -90, "2015-03-31": "56.00000", "2014-12-31": 20, "2014-09-30": -2, "2014-06-30": -27, "2014-03-31": "84.00000", "2013-12-31": 42, "2013-09-30": -225, "2013-06-30": 102, "2013-03-31": "97.00000", "2012-12-31": -69, "2012-09-30": -9, "2012-06-30": 32, "2012-03-31": "118.00000", "2011-12-31": -53, "2011-09-30": -130, "2011-06-30": 20, "2011-03-31": "80.00000", "2010-12-31": -27, "2010-09-30": -70, "2010-06-30": 98, "2010-03-31": "145.00000", "2009-12-31": 49, "2009-09-30": 136, "2009-06-30": 89, "2009-03-31": "-165.00000", "2008-12-31": -188, "2008-09-30": -66, "2008-06-30": 10, "2008-03-31": "20.00000", "2007-12-31": -64, "2007-09-30": 5, "2007-06-30": 6, "2007-03-31": "49.00000", "2006-12-31": -3, "2006-09-30": 0, "2006-06-30": -2, "2006-03-31": "73.00000", "2005-12-31": 94, "2005-09-30": -64, "2005-06-30": 28, "2005-03-31": "55.00000"}, "Change In Assets/Liabilities": {"2020-12-31": 408, "2020-09-30": 376, "2020-06-30": 71, "2020-03-31": "-457.00000", "2019-12-31": 171, "2019-09-30": -383, "2019-06-30": 154, "2019-03-31": "-53.00000", "2018-12-31": -160, "2018-09-30": 367, "2018-06-30": 315, "2018-03-31": "-402.00000", "2017-12-31": 208, "2017-09-30": 65, "2017-06-30": 341, "2017-03-31": "-358.00000", "2016-12-31": 140, "2016-09-30": 104, "2016-06-30": 251, "2016-03-31": "-419.00000", "2015-12-31": 307, "2015-09-30": -82, "2015-06-30": 263, "2015-03-31": "-313.00000", "2014-12-31": 103, "2014-09-30": 65, "2014-06-30": 277, "2014-03-31": "-268.00000", "2013-12-31": -26, "2013-09-30": 68, "2013-06-30": 242, "2013-03-31": "-410.00000", "2012-12-31": -53, "2012-09-30": 230, "2012-06-30": 248, "2012-03-31": "-400.00000", "2011-12-31": 35, "2011-09-30": 76, "2011-06-30": 164, "2011-03-31": "-405.00000", "2010-12-31": 142, "2010-09-30": 137, "2010-06-30": 257, "2010-03-31": "-208.00000", "2009-12-31": -344, "2009-09-30": 178, "2009-06-30": 275, "2009-03-31": "-374.00000", "2008-12-31": -83, "2008-09-30": 128, "2008-06-30": 215, "2008-03-31": "-37.00000", "2007-12-31": -212, "2007-09-30": 30, "2007-06-30": 183, "2007-03-31": "-32.00000", "2006-12-31": 350, "2006-09-30": 127, "2006-06-30": -20, "2006-03-31": "-147.00000", "2005-12-31": 156, "2005-09-30": 75, "2005-06-30": 73, "2005-03-31": "16.00000"}, "Total Change In Assets/Liabilities": {"2020-12-31": 612, "2020-09-30": 583, "2020-06-30": 388, "2020-03-31": "-727.00000", "2019-12-31": 1008, "2019-09-30": 102, "2019-06-30": -106, "2019-03-31": "-312.00000", "2018-12-31": 456, "2018-09-30": 200, "2018-06-30": -61, "2018-03-31": "-747.00000", "2017-12-31": 1374, "2017-09-30": -180, "2017-06-30": 64, "2017-03-31": "-643.00000", "2016-12-31": 569, "2016-09-30": 288, "2016-06-30": -305, "2016-03-31": "-483.00000", "2015-12-31": 834, "2015-09-30": -229, "2015-06-30": -636, "2015-03-31": "-584.00000", "2014-12-31": 731, "2014-09-30": -10, "2014-06-30": -117, "2014-03-31": "-527.00000", "2013-12-31": 572, "2013-09-30": -301, "2013-06-30": 91, "2013-03-31": "-689.00000", "2012-12-31": 493, "2012-09-30": -93, "2012-06-30": -9, "2012-03-31": "-588.00000", "2011-12-31": 245, "2011-09-30": 71, "2011-06-30": -138, "2011-03-31": "-837.00000", "2010-12-31": 667, "2010-09-30": 83, "2010-06-30": -322, "2010-03-31": "-292.00000", "2009-12-31": -297, "2009-09-30": 253, "2009-06-30": 403, "2009-03-31": "-154.00000", "2008-12-31": 302, "2008-09-30": 34, "2008-06-30": -113, "2008-03-31": "-297.00000", "2007-12-31": 280, "2007-09-30": -77, "2007-06-30": -88, "2007-03-31": "-56.00000", "2006-12-31": 970, "2006-09-30": 95, "2006-06-30": -387, "2006-03-31": "-574.00000", "2005-12-31": 291, "2005-09-30": -174, "2005-06-30": 179, "2005-03-31": "-71.00000"}, "Cash Flow From Operating Activities": {"2020-12-31": 2515, "2020-09-30": 2480, "2020-06-30": 1905, "2020-03-31": "1213.00000", "2019-12-31": 2338, "2019-09-30": 2022, "2019-06-30": 1662, "2019-03-31": "1048.00000", "2018-12-31": 2258, "2018-09-30": 2139, "2018-06-30": 1899, "2018-03-31": "143.00000", "2017-12-31": 1860, "2017-09-30": 1750, "2017-06-30": 1642, "2017-03-31": "988.00000", "2016-12-31": 2209, "2016-09-30": 1908, "2016-06-30": 1285, "2016-03-31": "1260.00000", "2015-12-31": 2338, "2015-09-30": 1664, "2015-06-30": 1338, "2015-03-31": "1080.00000", "2014-12-31": 2183, "2014-09-30": 1711, "2014-06-30": 1640, "2014-03-31": "1092.00000", "2013-12-31": 1993, "2013-09-30": 1151, "2013-06-30": 1679, "2013-03-31": "994.00000", "2012-12-31": 1738, "2012-09-30": 1345, "2012-06-30": 1389, "2012-03-31": "828.00000", "2011-12-31": 1738, "2011-09-30": 1362, "2011-06-30": 1451, "2011-03-31": "733.00000", "2010-12-31": 1631, "2010-09-30": 1323, "2010-06-30": 1138, "2010-03-31": "1082.00000", "2009-12-31": 1044, "2009-09-30": 1736, "2009-06-30": 1466, "2009-03-31": "695.00000", "2008-12-31": 1125, "2008-09-30": 1168, "2008-06-30": 1243, "2008-03-31": "997.00000", "2007-12-31": 1527, "2007-09-30": 1035, "2007-06-30": 1104, "2007-03-31": "580.00000", "2006-12-31": 1322, "2006-09-30": 1099, "2006-06-30": 800, "2006-03-31": "618.00000", "2005-12-31": 1166, "2005-09-30": 913, "2005-06-30": 1154, "2005-03-31": "971.00000"}, "Net Change In Property, Plant, And Equipment": {"2020-12-31": -323, "2020-09-30": -355, "2020-06-30": -370, "2020-03-31": "-325.00000", "2019-12-31": -506, "2019-09-30": -261, "2019-06-30": -419, "2019-03-31": "-390.00000", "2018-12-31": -412, "2018-09-30": -330, "2018-06-30": -352, "2018-03-31": "-221.00000", "2017-12-31": -428, "2017-09-30": -320, "2017-06-30": -290, "2017-03-31": "-286.00000", "2016-12-31": -396, "2016-09-30": -347, "2016-06-30": -323, "2016-03-31": "-296.00000", "2015-12-31": -430, "2015-09-30": -351, "2015-06-30": -360, "2015-03-31": "-287.00000", "2014-12-31": -471, "2014-09-30": -291, "2014-06-30": -306, "2014-03-31": "-290.00000", "2013-12-31": -501, "2013-09-30": -336, "2013-06-30": -386, "2013-03-31": "-314.00000", "2012-12-31": -481, "2012-09-30": -351, "2012-06-30": -354, "2012-03-31": "-257.00000", "2011-12-31": -474, "2011-09-30": -329, "2011-06-30": -292, "2011-03-31": "-229.00000", "2010-12-31": -508, "2010-09-30": -225, "2010-06-30": -179, "2010-03-31": "-154.00000", "2009-12-31": -262, "2009-09-30": -170, "2009-06-30": -168, "2009-03-31": "-229.00000", "2008-12-31": -456, "2008-09-30": -302, "2008-06-30": -332, "2008-03-31": "-294.00000", "2007-12-31": -378, "2007-09-30": -316, "2007-06-30": -325, "2007-03-31": "-300.00000", "2006-12-31": -409, "2006-09-30": -284, "2006-06-30": -252, "2006-03-31": "-174.00000", "2005-12-31": -274, "2005-09-30": -204, "2005-06-30": -209, "2005-03-31": "-215.00000"}, "Net Change In Intangible Assets": {"2020-12-31": 0, "2020-09-30": 0, "2020-06-30": 0, "2020-03-31": "", "2019-12-31": 0, "2019-09-30": 0, "2019-06-30": 0, "2019-03-31": "", "2018-12-31": 0, "2018-09-30": 0, "2018-06-30": 0, "2018-03-31": "", "2017-12-31": 0, "2017-09-30": 0, "2017-06-30": 0, "2017-03-31": "", "2016-12-31": 0, "2016-09-30": 0, "2016-06-30": 0, "2016-03-31": "", "2015-12-31": 0, "2015-09-30": 0, "2015-06-30": 0, "2015-03-31": "", "2014-12-31": 0, "2014-09-30": 0, "2014-06-30": 0, "2014-03-31": "", "2013-12-31": 0, "2013-09-30": 0, "2013-06-30": 0, "2013-03-31": "", "2012-12-31": 0, "2012-09-30": 0, "2012-06-30": 0, "2012-03-31": "", "2011-12-31": 0, "2011-09-30": 0, "2011-06-30": 0, "2011-03-31": "", "2010-12-31": 0, "2010-09-30": 0, "2010-06-30": 0, "2010-03-31": "", "2009-12-31": 0, "2009-09-30": 0, "2009-06-30": 0, "2009-03-31": "", "2008-12-31": 0, "2008-09-30": 0, "2008-06-30": 0, "2008-03-31": "", "2007-12-31": 0, "2007-09-30": 0, "2007-06-30": 0, "2007-03-31": "", "2006-12-31": 0, "2006-09-30": 0, "2006-06-30": 0, "2006-03-31": "", "2005-12-31": 0, "2005-09-30": 0, "2005-06-30": 0, "2005-03-31": ""}, "Net Acquisitions/Divestitures": {"2020-12-31": 0, "2020-09-30": 576, "2020-06-30": -86, "2020-03-31": "61.00000", "2019-12-31": -4280, "2019-09-30": 236, "2019-06-30": -6, "2019-03-31": "-698.00000", "2018-12-31": 40, "2018-09-30": 0, "2018-06-30": 779, "2018-03-31": "40.00000", "2017-12-31": -1808, "2017-09-30": -12, "2017-06-30": 809, "2017-03-31": "53.00000", "2016-12-31": 87, "2016-09-30": -13, "2016-06-30": 0, "2016-03-31": "52.00000", "2015-12-31": 100, "2015-09-30": -2757, "2015-06-30": -3, "2015-03-31": "-131.00000", "2014-12-31": 0, "2014-09-30": 0, "2014-06-30": -94, "2014-03-31": "", "2013-12-31": 0, "2013-09-30": 0, "2013-06-30": 8, "2013-03-31": "", "2012-12-31": -798, "2012-09-30": -104, "2012-06-30": -144, "2012-03-31": "", "2011-12-31": -118, "2011-09-30": -44, "2011-06-30": -16, "2011-03-31": "-471.00000", "2010-12-31": -1782, "2010-09-30": -18, "2010-06-30": -13, "2010-03-31": "-17.00000", "2009-12-31": -9, "2009-09-30": -48, "2009-06-30": -3, "2009-03-31": "-9.00000", "2008-12-31": -560, "2008-09-30": -282, "2008-06-30": -448, "2008-03-31": "-16.00000", "2007-12-31": -284, "2007-09-30": -61, "2007-06-30": -59, "2007-03-31": "762.00000", "2006-12-31": 789, "2006-09-30": -380, "2006-06-30": -66, "2006-03-31": "-22.00000", "2005-12-31": -29, "2005-09-30": -1264, "2005-06-30": 0, "2005-03-31": ""}, "Net Change In Short-term Investments": {"2020-12-31": 0, "2020-09-30": 0, "2020-06-30": 0, "2020-03-31": "", "2019-12-31": 0, "2019-09-30": 0, "2019-06-30": 0, "2019-03-31": "", "2018-12-31": 0, "2018-09-30": 0, "2018-06-30": 0, "2018-03-31": "", "2017-12-31": 0, "2017-09-30": 0, "2017-06-30": 0, "2017-03-31": "", "2016-12-31": 0, "2016-09-30": 0, "2016-06-30": 0, "2016-03-31": "", "2015-12-31": 0, "2015-09-30": 0, "2015-06-30": 0, "2015-03-31": "", "2014-12-31": 0, "2014-09-30": 0, "2014-06-30": 0, "2014-03-31": "", "2013-12-31": 0, "2013-09-30": 0, "2013-06-30": 0, "2013-03-31": "", "2012-12-31": 0, "2012-09-30": 0, "2012-06-30": 0, "2012-03-31": "", "2011-12-31": 0, "2011-09-30": 0, "2011-06-30": 0, "2011-03-31": "", "2010-12-31": 0, "2010-09-30": 0, "2010-06-30": 0, "2010-03-31": "", "2009-12-31": 0, "2009-09-30": 0, "2009-06-30": 0, "2009-03-31": "", "2008-12-31": 0, "2008-09-30": 0, "2008-06-30": 0, "2008-03-31": "", "2007-12-31": 0, "2007-09-30": 0, "2007-06-30": 0, "2007-03-31": "", "2006-12-31": 0, "2006-09-30": 0, "2006-06-30": 0, "2006-03-31": "", "2005-12-31": 0, "2005-09-30": 0, "2005-06-30": 0, "2005-03-31": ""}, "Net Change In Long-Term Investments": {"2020-12-31": 62, "2020-09-30": -745, "2020-06-30": 1026, "2020-03-31": "-111.00000", "2019-12-31": -540, "2019-09-30": 88, "2019-06-30": 402, "2019-03-31": "-142.00000", "2018-12-31": -45, "2018-09-30": 42, "2018-06-30": 199, "2018-03-31": "473.00000", "2017-12-31": -488, "2017-09-30": -446, "2017-06-30": -2, "2017-03-31": "138.00000", "2016-12-31": 79, "2016-09-30": -181, "2016-06-30": 0, "2016-03-31": "-61.00000", "2015-12-31": 44, "2015-09-30": 328, "2015-06-30": 514, "2015-03-31": "414.00000", "2014-12-31": 371, "2014-09-30": 250, "2014-06-30": 135, "2014-03-31": "-2.00000", "2013-12-31": 314, "2013-09-30": 365, "2013-06-30": 44, "2013-03-31": "-96.00000", "2012-12-31": 727, "2012-09-30": -835, "2012-06-30": -316, "2012-03-31": "213.00000", "2011-12-31": -548, "2011-09-30": -402, "2011-06-30": 223, "2011-03-31": "-18.00000", "2010-12-31": 541, "2010-09-30": 744, "2010-06-30": -259, "2010-03-31": "-753.00000", "2009-12-31": -396, "2009-09-30": -483, "2009-06-30": -180, "2009-03-31": "220.00000", "2008-12-31": 626, "2008-09-30": -15, "2008-06-30": -166, "2008-03-31": "-154.00000", "2007-12-31": 473, "2007-09-30": -450, "2007-06-30": 20, "2007-03-31": "-449.00000", "2006-12-31": -411, "2006-09-30": 74, "2006-06-30": 67, "2006-03-31": "-392.00000", "2005-12-31": 26, "2005-09-30": -13, "2005-06-30": 28, "2005-03-31": "-87.00000"}, "Net Change In Investments - Total": {"2020-12-31": 62, "2020-09-30": -745, "2020-06-30": 1026, "2020-03-31": "-111.00000", "2019-12-31": -540, "2019-09-30": 88, "2019-06-30": 402, "2019-03-31": "-142.00000", "2018-12-31": -45, "2018-09-30": 42, "2018-06-30": 199, "2018-03-31": "473.00000", "2017-12-31": -488, "2017-09-30": -446, "2017-06-30": -2, "2017-03-31": "138.00000", "2016-12-31": 79, "2016-09-30": -181, "2016-06-30": 0, "2016-03-31": "-61.00000", "2015-12-31": 44, "2015-09-30": 328, "2015-06-30": 514, "2015-03-31": "414.00000", "2014-12-31": 371, "2014-09-30": 250, "2014-06-30": 135, "2014-03-31": "-2.00000", "2013-12-31": 314, "2013-09-30": 365, "2013-06-30": 44, "2013-03-31": "-96.00000", "2012-12-31": 727, "2012-09-30": -835, "2012-06-30": -316, "2012-03-31": "213.00000", "2011-12-31": -548, "2011-09-30": -402, "2011-06-30": 223, "2011-03-31": "-18.00000", "2010-12-31": 541, "2010-09-30": 744, "2010-06-30": -259, "2010-03-31": "-753.00000", "2009-12-31": -396, "2009-09-30": -483, "2009-06-30": -180, "2009-03-31": "220.00000", "2008-12-31": 626, "2008-09-30": -15, "2008-06-30": -166, "2008-03-31": "-154.00000", "2007-12-31": 473, "2007-09-30": -450, "2007-06-30": 20, "2007-03-31": "-449.00000", "2006-12-31": -411, "2006-09-30": 74, "2006-06-30": 67, "2006-03-31": "-392.00000", "2005-12-31": 26, "2005-09-30": -13, "2005-06-30": 28, "2005-03-31": "-87.00000"}, "Investing Activities - Other": {"2020-12-31": 2, "2020-09-30": 1, "2020-06-30": 7, "2020-03-31": "", "2019-12-31": 27, "2019-09-30": 27, "2019-06-30": 13, "2019-03-31": "5.00000", "2018-12-31": 1, "2018-09-30": 19, "2018-06-30": 0, "2018-03-31": "-11.00000", "2017-12-31": -8, "2017-09-30": -3, "2017-06-30": 0, "2017-03-31": "5.00000", "2016-12-31": 0, "2016-09-30": -2, "2016-06-30": -27, "2016-03-31": "25.00000", "2015-12-31": 80, "2015-09-30": 3, "2015-06-30": 15, "2015-03-31": "4.00000", "2014-12-31": 82, "2014-09-30": 42, "2014-06-30": -27, "2014-03-31": "5.00000", "2013-12-31": 33, "2013-09-30": 9, "2013-06-30": -1, "2013-03-31": "5.00000", "2012-12-31": 0, "2012-09-30": 10, "2012-06-30": 3, "2012-03-31": "1.00000", "2011-12-31": 6, "2011-09-30": 0, "2011-06-30": 0, "2011-03-31": "-6.00000", "2010-12-31": 0, "2010-09-30": -3, "2010-06-30": 63, "2010-03-31": "-63.00000", "2009-12-31": 11, "2009-09-30": 0, "2009-06-30": -6, "2009-03-31": "", "2008-12-31": 0, "2008-09-30": 57, "2008-06-30": -57, "2008-03-31": "", "2007-12-31": 0, "2007-09-30": 0, "2007-06-30": 0, "2007-03-31": "", "2006-12-31": 0, "2006-09-30": 0, "2006-06-30": 0, "2006-03-31": "", "2005-12-31": 0, "2005-09-30": 0, "2005-06-30": 0, "2005-03-31": ""}, "Cash Flow From Investing Activities": {"2020-12-31": -259, "2020-09-30": -523, "2020-06-30": 577, "2020-03-31": "-375.00000", "2019-12-31": -5299, "2019-09-30": 90, "2019-06-30": -10, "2019-03-31": "-1225.00000", "2018-12-31": -416, "2018-09-30": -269, "2018-06-30": 626, "2018-03-31": "281.00000", "2017-12-31": -2732, "2017-09-30": -781, "2017-06-30": 517, "2017-03-31": "-90.00000", "2016-12-31": -230, "2016-09-30": -543, "2016-06-30": -350, "2016-03-31": "-280.00000", "2015-12-31": -206, "2015-09-30": -2777, "2015-06-30": 166, "2015-03-31": "", "2014-12-31": -18, "2014-09-30": 1, "2014-06-30": -292, "2014-03-31": "-287.00000", "2013-12-31": -154, "2013-09-30": 38, "2013-06-30": -335, "2013-03-31": "-405.00000", "2012-12-31": -552, "2012-09-30": -1280, "2012-06-30": -811, "2012-03-31": "-43.00000", "2011-12-31": -1134, "2011-09-30": -775, "2011-06-30": -85, "2011-03-31": "-724.00000", "2010-12-31": -1749, "2010-09-30": 498, "2010-06-30": -388, "2010-03-31": "-987.00000", "2009-12-31": -656, "2009-09-30": -701, "2009-06-30": -357, "2009-03-31": "-18.00000", "2008-12-31": -390, "2008-09-30": -542, "2008-06-30": -1003, "2008-03-31": "-464.00000", "2007-12-31": -189, "2007-09-30": -827, "2007-06-30": -364, "2007-03-31": "13.00000", "2006-12-31": -31, "2006-09-30": -590, "2006-06-30": -251, "2006-03-31": "-588.00000", "2005-12-31": -277, "2005-09-30": -1481, "2005-06-30": -181, "2005-03-31": "-302.00000"}, "Net Long-Term Debt": {"2020-12-31": -1000, "2020-09-30": -1331, "2020-06-30": -1146, "2020-03-31": "1745.00000", "2019-12-31": -1680, "2019-09-30": 3851, "2019-06-30": -625, "2019-03-31": "2019.00000", "2018-12-31": -574, "2018-09-30": 1791, "2018-06-30": 0, "2018-03-31": "", "2017-12-31": 1675, "2017-09-30": 0, "2017-06-30": -650, "2017-03-31": "", "2016-12-31": 0, "2016-09-30": 1840, "2016-06-30": 0, "2016-03-31": "", "2015-12-31": -5, "2015-09-30": 712, "2015-06-30": 1915, "2015-03-31": "", "2014-12-31": 1470, "2014-09-30": -1446, "2014-06-30": 851, "2014-03-31": "108.00000", "2013-12-31": 806, "2013-09-30": -840, "2013-06-30": -5, "2013-03-31": "4.00000", "2012-12-31": -475, "2012-09-30": 7, "2012-06-30": 1235, "2012-03-31": "-9.00000", "2011-12-31": -952, "2011-09-30": 668, "2011-06-30": -37, "2011-03-31": "3.00000", "2010-12-31": -322, "2010-09-30": -90, "2010-06-30": -25, "2010-03-31": "-11.00000", "2009-12-31": -389, "2009-09-30": -1, "2009-06-30": -2, "2009-03-31": "-86.00000", "2008-12-31": 744, "2008-09-30": 739, "2008-06-30": -718, "2008-03-31": "-89.00000", "2007-12-31": 701, "2007-09-30": 831, "2007-06-30": -568, "2007-03-31": "1509.00000", "2006-12-31": 127, "2006-09-30": 274, "2006-06-30": 0, "2006-03-31": "-148.00000", "2005-12-31": 26, "2005-09-30": 158, "2005-06-30": -470, "2005-03-31": "59.00000"}, "Net Current Debt": {"2020-12-31": -5, "2020-09-30": -6, "2020-06-30": -594, "2020-03-31": "462.00000", "2019-12-31": 150, "2019-09-30": -25, "2019-06-30": -13, "2019-03-31": "-428.00000", "2018-12-31": 414, "2018-09-30": -1472, "2018-06-30": -807, "2018-03-31": "1581.00000", "2017-12-31": 518, "2017-09-30": 173, "2017-06-30": -45, "2017-03-31": "-68.00000", "2016-12-31": -299, "2016-09-30": -1273, "2016-06-30": 637, "2016-03-31": "138.00000", "2015-12-31": -300, "2015-09-30": 1199, "2015-06-30": -35, "2015-03-31": "-4.00000", "2014-12-31": -1908, "2014-09-30": 1873, "2014-06-30": -404, "2014-03-31": "466.00000", "2013-12-31": -609, "2013-09-30": 619, "2013-06-30": 1, "2013-03-31": "-13.00000", "2012-12-31": 0, "2012-09-30": -2, "2012-06-30": -16, "2012-03-31": "-18.00000", "2011-12-31": 24, "2011-09-30": 0, "2011-06-30": -25, "2011-03-31": "12.00000", "2010-12-31": 7, "2010-09-30": 1, "2010-06-30": -5, "2010-03-31": "-27.00000", "2009-12-31": 9, "2009-09-30": 7, "2009-06-30": -40, "2009-03-31": "-512.00000", "2008-12-31": -1201, "2008-09-30": 442, "2008-06-30": -91, "2008-03-31": "1211.00000", "2007-12-31": -1078, "2007-09-30": -91, "2007-06-30": 395, "2007-03-31": "-448.00000", "2006-12-31": -411, "2006-09-30": 804, "2006-06-30": 72, "2006-03-31": "417.00000", "2005-12-31": -919, "2005-09-30": 1241, "2005-06-30": -628, "2005-03-31": "48.00000"}, "Debt Issuance/Retirement Net - Total": {"2020-12-31": -1005, "2020-09-30": -1337, "2020-06-30": -1740, "2020-03-31": "2207.00000", "2019-12-31": -1530, "2019-09-30": 3826, "2019-06-30": -638, "2019-03-31": "1591.00000", "2018-12-31": -160, "2018-09-30": 319, "2018-06-30": -807, "2018-03-31": "1581.00000", "2017-12-31": 2193, "2017-09-30": 173, "2017-06-30": -695, "2017-03-31": "-68.00000", "2016-12-31": -299, "2016-09-30": 567, "2016-06-30": 637, "2016-03-31": "138.00000", "2015-12-31": -305, "2015-09-30": 1911, "2015-06-30": 1880, "2015-03-31": "-4.00000", "2014-12-31": -438, "2014-09-30": 427, "2014-06-30": 447, "2014-03-31": "574.00000", "2013-12-31": 197, "2013-09-30": -221, "2013-06-30": -4, "2013-03-31": "-9.00000", "2012-12-31": -475, "2012-09-30": 5, "2012-06-30": 1219, "2012-03-31": "-27.00000", "2011-12-31": -928, "2011-09-30": 668, "2011-06-30": -62, "2011-03-31": "15.00000", "2010-12-31": -315, "2010-09-30": -89, "2010-06-30": -30, "2010-03-31": "-38.00000", "2009-12-31": -380, "2009-09-30": 6, "2009-06-30": -42, "2009-03-31": "-598.00000", "2008-12-31": -457, "2008-09-30": 1181, "2008-06-30": -809, "2008-03-31": "1122.00000", "2007-12-31": -377, "2007-09-30": 740, "2007-06-30": -173, "2007-03-31": "1061.00000", "2006-12-31": -284, "2006-09-30": 1078, "2006-06-30": 72, "2006-03-31": "269.00000", "2005-12-31": -893, "2005-09-30": 1399, "2005-06-30": -1098, "2005-03-31": "107.00000"}, "Net Common Equity Issued/Repurchased": {"2020-12-31": 102, "2020-09-30": 89, "2020-06-30": 86, "2020-03-31": "-216.00000", "2019-12-31": -54, "2019-09-30": -70, "2019-06-30": -250, "2019-03-31": "-486.00000", "2018-12-31": -1185, "2018-09-30": -968, "2018-06-30": -1514, "2018-03-31": "-718.00000", "2017-12-31": -352, "2017-09-30": -294, "2017-06-30": -313, "2017-03-31": "-375.00000", "2016-12-31": -861, "2016-09-30": -645, "2016-06-30": -573, "2016-03-31": "-870.00000", "2015-12-31": -1017, "2015-09-30": -1455, "2015-06-30": -1554, "2015-03-31": "-577.00000", "2014-12-31": -1050, "2014-09-30": -1085, "2014-06-30": -1108, "2014-03-31": "-1441.00000", "2013-12-31": -1437, "2013-09-30": -1274, "2013-06-30": -825, "2013-03-31": "-67.00000", "2012-12-31": -474, "2012-09-30": -34, "2012-06-30": -373, "2012-03-31": "-311.00000", "2011-12-31": -457, "2011-09-30": -737, "2011-06-30": -303, "2011-03-31": "-302.00000", "2010-12-31": -278, "2010-09-30": 97, "2010-06-30": -138, "2010-03-31": "131.00000", "2009-12-31": 133, "2009-09-30": 62, "2009-06-30": 185, "2009-03-31": "34.00000", "2008-12-31": -2, "2008-09-30": -475, "2008-06-30": -434, "2008-03-31": "-431.00000", "2007-12-31": -376, "2007-09-30": -351, "2007-06-30": -650, "2007-03-31": "-1066.00000", "2006-12-31": -233, "2006-09-30": -1192, "2006-06-30": -252, "2006-03-31": "-151.00000", "2005-12-31": -490, "2005-09-30": -444, "2005-06-30": -422, "2005-03-31": "-476.00000"}, "Net Total Equity Issued/Repurchased": {"2020-12-31": 102, "2020-09-30": 89, "2020-06-30": 86, "2020-03-31": "-216.00000", "2019-12-31": -54, "2019-09-30": -70, "2019-06-30": -250, "2019-03-31": "-486.00000", "2018-12-31": -1185, "2018-09-30": -968, "2018-06-30": -1514, "2018-03-31": "-718.00000", "2017-12-31": -352, "2017-09-30": -294, "2017-06-30": -313, "2017-03-31": "-375.00000", "2016-12-31": -861, "2016-09-30": -645, "2016-06-30": -573, "2016-03-31": "-870.00000", "2015-12-31": -1017, "2015-09-30": -1455, "2015-06-30": -1554, "2015-03-31": "-577.00000", "2014-12-31": -1050, "2014-09-30": -1085, "2014-06-30": -1108, "2014-03-31": "-1441.00000", "2013-12-31": -1437, "2013-09-30": -1274, "2013-06-30": -825, "2013-03-31": "-67.00000", "2012-12-31": -474, "2012-09-30": -34, "2012-06-30": -373, "2012-03-31": "-311.00000", "2011-12-31": -457, "2011-09-30": -737, "2011-06-30": -303, "2011-03-31": "-302.00000", "2010-12-31": -278, "2010-09-30": 97, "2010-06-30": -138, "2010-03-31": "131.00000", "2009-12-31": 133, "2009-09-30": 62, "2009-06-30": 185, "2009-03-31": "34.00000", "2008-12-31": -2, "2008-09-30": -475, "2008-06-30": -434, "2008-03-31": "-431.00000", "2007-12-31": -376, "2007-09-30": -351, "2007-06-30": -650, "2007-03-31": "-1066.00000", "2006-12-31": -233, "2006-09-30": -1192, "2006-06-30": -252, "2006-03-31": "-151.00000", "2005-12-31": -490, "2005-09-30": -444, "2005-06-30": -422, "2005-03-31": "-476.00000"}, "Total Common And Preferred Stock Dividends Paid": {"2020-12-31": -848, "2020-09-30": -847, "2020-06-30": -846, "2020-03-31": "-847.00000", "2019-12-31": -828, "2019-09-30": -828, "2019-06-30": -830, "2019-03-31": "-830.00000", "2018-12-31": -787, "2018-09-30": -794, "2018-06-30": -802, "2018-03-31": "-810.00000", "2017-12-31": -699, "2017-09-30": -701, "2017-06-30": -701, "2017-03-31": "-702.00000", "2016-12-31": -664, "2016-09-30": -670, "2016-06-30": -672, "2016-03-31": "-672.00000", "2015-12-31": -628, "2015-09-30": -635, "2015-06-30": -646, "2015-03-31": "-652.00000", "2014-12-31": -544, "2014-09-30": -550, "2014-06-30": -556, "2014-03-31": "-566.00000", "2013-12-31": -423, "2013-09-30": -431, "2013-06-30": -436, "2013-03-31": "-440.00000", "2012-12-31": -407, "2012-09-30": -408, "2012-06-30": -410, "2012-03-31": "-410.00000", "2011-12-31": -384, "2011-09-30": -388, "2011-06-30": -391, "2011-03-31": "-392.00000", "2010-12-31": -376, "2010-09-30": -375, "2010-06-30": -375, "2010-03-31": "-374.00000", "2009-12-31": -361, "2009-09-30": -361, "2009-06-30": -355, "2009-03-31": "-354.00000", "2008-12-31": -346, "2008-09-30": -348, "2008-06-30": -351, "2008-03-31": "-353.00000", "2007-12-31": -341, "2007-09-30": -343, "2007-06-30": -346, "2007-03-31": "-350.00000", "2006-12-31": -339, "2006-09-30": -342, "2006-06-30": -348, "2006-03-31": "-347.00000", "2005-12-31": -318, "2005-09-30": -321, "2005-06-30": -323, "2005-03-31": "-324.00000"}, "Financial Activities - Other": {"2020-12-31": -51, "2020-09-30": -2, "2020-06-30": -9, "2020-03-31": "-36.00000", "2019-12-31": -39, "2019-09-30": -124, "2019-06-30": -17, "2019-03-31": "-17.00000", "2018-12-31": -20, "2018-09-30": -10, "2018-06-30": -19, "2018-03-31": "-7.00000", "2017-12-31": -98, "2017-09-30": -21, "2017-06-30": 4, "2017-03-31": "-6.00000", "2016-12-31": -22, "2016-09-30": -4, "2016-06-30": 6, "2016-03-31": "-22.00000", "2015-12-31": -4, "2015-09-30": -41, "2015-06-30": 0, "2015-03-31": "79.00000", "2014-12-31": -98, "2014-09-30": -681, "2014-06-30": 32, "2014-03-31": "34.00000", "2013-12-31": 60, "2013-09-30": 10, "2013-06-30": 24, "2013-03-31": "30.00000", "2012-12-31": 12, "2012-09-30": -6, "2012-06-30": 15, "2012-03-31": "26.00000", "2011-12-31": -8, "2011-09-30": -4, "2011-06-30": 16, "2011-03-31": "-18.00000", "2010-12-31": 10, "2010-09-30": -97, "2010-06-30": 57, "2010-03-31": "6.00000", "2009-12-31": 11, "2009-09-30": 3, "2009-06-30": -8, "2009-03-31": "11.00000", "2008-12-31": -58, "2008-09-30": -144, "2008-06-30": 162, "2008-03-31": "-23.00000", "2007-12-31": 13, "2007-09-30": 6, "2007-06-30": 44, "2007-03-31": "-9.00000", "2006-12-31": 33, "2006-09-30": -31, "2006-06-30": 5, "2006-03-31": "1.00000", "2005-12-31": -54, "2005-09-30": 22, "2005-06-30": 35, "2005-03-31": "-25.00000"}, "Cash Flow From Financial Activities": {"2020-12-31": -1802, "2020-09-30": -2097, "2020-06-30": -2509, "2020-03-31": "1108.00000", "2019-12-31": -2451, "2019-09-30": 2804, "2019-06-30": -1735, "2019-03-31": "258.00000", "2018-12-31": -2152, "2018-09-30": -1453, "2018-06-30": -3142, "2018-03-31": "46.00000", "2017-12-31": 1044, "2017-09-30": -843, "2017-06-30": -1705, "2017-03-31": "-1151.00000", "2016-12-31": -1846, "2016-09-30": -752, "2016-06-30": -602, "2016-03-31": "-1426.00000", "2015-12-31": -1954, "2015-09-30": -220, "2015-06-30": -320, "2015-03-31": "-1154.00000", "2014-12-31": -2130, "2014-09-30": -1889, "2014-06-30": -1185, "2014-03-31": "-1399.00000", "2013-12-31": -1603, "2013-09-30": -1916, "2013-06-30": -1241, "2013-03-31": "-486.00000", "2012-12-31": -1344, "2012-09-30": -443, "2012-06-30": 451, "2012-03-31": "-722.00000", "2011-12-31": -1777, "2011-09-30": -461, "2011-06-30": -740, "2011-03-31": "-697.00000", "2010-12-31": -959, "2010-09-30": -464, "2010-06-30": -486, "2010-03-31": "-275.00000", "2009-12-31": -597, "2009-09-30": -290, "2009-06-30": -220, "2009-03-31": "-907.00000", "2008-12-31": -863, "2008-09-30": 214, "2008-06-30": -1432, "2008-03-31": "315.00000", "2007-12-31": -1081, "2007-09-30": 52, "2007-06-30": -1125, "2007-03-31": "-364.00000", "2006-12-31": -823, "2006-09-30": -487, "2006-06-30": -523, "2006-03-31": "-228.00000", "2005-12-31": -1755, "2005-09-30": 656, "2005-06-30": -1808, "2005-03-31": "-718.00000"}, "Net Cash Flow": {"2020-12-31": 513, "2020-09-30": -98, "2020-06-30": -34, "2020-03-31": "1900.00000", "2019-12-31": -5378, "2019-09-30": 4882, "2019-06-30": -89, "2019-03-31": "85.00000", "2018-12-31": -332, "2018-09-30": 384, "2018-06-30": -690, "2018-03-31": "438.00000", "2017-12-31": 222, "2017-09-30": 177, "2017-06-30": 481, "2017-03-31": "-225.00000", "2016-12-31": 90, "2016-09-30": 620, "2016-06-30": 351, "2016-03-31": "-461.00000", "2015-12-31": 193, "2015-09-30": -1378, "2015-06-30": 1192, "2015-03-31": "-106.00000", "2014-12-31": -32, "2014-09-30": -196, "2014-06-30": 171, "2014-03-31": "-627.00000", "2013-12-31": 241, "2013-09-30": -602, "2013-06-30": 14, "2013-03-31": "45.00000", "2012-12-31": -146, "2012-09-30": -279, "2012-06-30": 976, "2012-03-31": "113.00000", "2011-12-31": -1157, "2011-09-30": 0, "2011-06-30": 629, "2011-03-31": "-630.00000", "2010-12-31": -1089, "2010-09-30": 1444, "2010-06-30": 174, "2010-03-31": "-192.00000", "2009-12-31": -199, "2009-09-30": 643, "2009-06-30": 964, "2009-03-31": "-217.00000", "2008-12-31": -391, "2008-09-30": 693, "2008-06-30": -1180, "2008-03-31": "831.00000", "2007-12-31": 221, "2007-09-30": 327, "2007-06-30": -349, "2007-03-31": "250.00000", "2006-12-31": 448, "2006-09-30": 12, "2006-06-30": 75, "2006-03-31": "-160.00000", "2005-12-31": -776, "2005-09-30": 83, "2005-06-30": -904, "2005-03-31": "-88.00000"}, "Stock-Based Compensation": {"2020-12-31": 46, "2020-09-30": 44, "2020-06-30": 52, "2020-03-31": "120.00000", "2019-12-31": 48, "2019-09-30": 48, "2019-06-30": 52, "2019-03-31": "130.00000", "2018-12-31": 44, "2018-09-30": 50, "2018-06-30": 49, "2018-03-31": "159.00000", "2017-12-31": 58, "2017-09-30": 60, "2017-06-30": 59, "2017-03-31": "147.00000", "2016-12-31": 54, "2016-09-30": 51, "2016-06-30": 49, "2016-03-31": "144.00000", "2015-12-31": 43, "2015-09-30": 46, "2015-06-30": 49, "2015-03-31": "138.00000", "2014-12-31": 59, "2014-09-30": 47, "2014-06-30": 52, "2014-03-31": "122.00000", "2013-12-31": 43, "2013-09-30": 47, "2013-06-30": 47, "2013-03-31": "103.00000", "2012-12-31": 42, "2012-09-30": 36, "2012-06-30": 42, "2012-03-31": "103.00000", "2011-12-31": 43, "2011-09-30": 38, "2011-06-30": 56, "2011-03-31": "116.00000", "2010-12-31": 46, "2010-09-30": 57, "2010-06-30": 59, "2010-03-31": "112.00000", "2009-12-31": 41, "2009-09-30": 44, "2009-06-30": 49, "2009-03-31": "83.00000", "2008-12-31": 38, "2008-09-30": 42, "2008-06-30": 79, "2008-03-31": "43.00000", "2007-12-31": 46, "2007-09-30": 53, "2007-06-30": 96, "2007-03-31": "33.00000", "2006-12-31": 38, "2006-09-30": 44, "2006-06-30": 93, "2006-03-31": "25.00000", "2005-12-31": 22, "2005-09-30": 133, "2005-06-30": 0, "2005-03-31": ""}, "Common Stock Dividends Paid": {"2020-12-31": -848, "2020-09-30": -847, "2020-06-30": -846, "2020-03-31": "-847.00000", "2019-12-31": -828, "2019-09-30": -828, "2019-06-30": -830, "2019-03-31": "-830.00000", "2018-12-31": -787, "2018-09-30": -794, "2018-06-30": -802, "2018-03-31": "-810.00000", "2017-12-31": -699, "2017-09-30": -701, "2017-06-30": -701, "2017-03-31": "-702.00000", "2016-12-31": -664, "2016-09-30": -670, "2016-06-30": -672, "2016-03-31": "-672.00000", "2015-12-31": -628, "2015-09-30": -635, "2015-06-30": -646, "2015-03-31": "-652.00000", "2014-12-31": -544, "2014-09-30": -550, "2014-06-30": -556, "2014-03-31": "-566.00000", "2013-12-31": -423, "2013-09-30": -431, "2013-06-30": -436, "2013-03-31": "-440.00000", "2012-12-31": -407, "2012-09-30": -408, "2012-06-30": -410, "2012-03-31": "-410.00000", "2011-12-31": -384, "2011-09-30": -388, "2011-06-30": -391, "2011-03-31": "-392.00000", "2010-12-31": -376, "2010-09-30": -375, "2010-06-30": -375, "2010-03-31": "-374.00000", "2009-12-31": -361, "2009-09-30": -361, "2009-06-30": -355, "2009-03-31": "-354.00000", "2008-12-31": -346, "2008-09-30": -348, "2008-06-30": -351, "2008-03-31": "-353.00000", "2007-12-31": -341, "2007-09-30": -343, "2007-06-30": -346, "2007-03-31": "-350.00000", "2006-12-31": -339, "2006-09-30": -342, "2006-06-30": -348, "2006-03-31": "-347.00000", "2005-12-31": -318, "2005-09-30": -321, "2005-06-30": -323, "2005-03-31": "-324.00000"}}, "financial ratios": {"Current Ratio": {"2020-12-31": "1.88500", "2019-12-31": "1.40650", "2018-12-31": "1.89250", "2017-12-31": "1.85730", "2016-12-31": "1.88550", "2015-12-31": "1.54340", "2014-12-31": "2.06290", "2013-12-31": "1.69820", "2012-12-31": "2.19840", "2011-12-31": "2.24960", "2010-12-31": "2.00610", "2009-12-31": "2.20440", "2008-12-31": "1.64380", "2007-12-31": "1.83480", "2006-12-31": "1.22160", "2005-12-31": "1.35830"}, "Long-term Debt / Capital": {"2020-12-31": "0.58180", "2019-12-31": "0.63370", "2018-12-31": "0.57660", "2017-12-31": "0.51000", "2016-12-31": "0.50800", "2015-12-31": "0.43290", "2014-12-31": "0.33780", "2013-12-31": "0.19420", "2012-12-31": "0.21410", "2011-12-31": "0.22040", "2010-12-31": "0.20710", "2009-12-31": "0.27700", "2008-12-31": "0.33390", "2007-12-31": "0.25490", "2006-12-31": "0.09510", "2005-12-31": "0.11180"}, "Debt/Equity Ratio": {"2020-12-31": "1.45350", "2019-12-31": "2.00600", "2018-12-31": "1.48480", "2017-12-31": "1.20020", "2016-12-31": "1.12640", "2015-12-31": "0.94150", "2014-12-31": "0.51830", "2013-12-31": "0.33480", "2012-12-31": "0.33260", "2011-12-31": "0.32570", "2010-12-31": "0.34040", "2009-12-31": "0.42930", "2008-12-31": "0.65200", "2007-12-31": "0.41880", "2006-12-31": "0.35680", "2005-12-31": "0.22910"}, "Gross Margin": {"2020-12-31": "48.40600", "2019-12-31": "46.67660", "2018-12-31": "49.08590", "2017-12-31": "49.28450", "2016-12-31": "49.78910", "2015-12-31": "49.18740", "2014-12-31": "48.31400", "2013-12-31": "47.82810", "2012-12-31": "47.54880", "2011-12-31": "47.00280", "2010-12-31": "48.12470", "2009-12-31": "47.63220", "2008-12-31": "47.05370", "2007-12-31": "47.93970", "2006-12-31": "48.90290", "2005-12-31": "50.82910"}, "Operating Margin": {"2020-12-31": "22.25020", "2019-12-31": "19.21210", "2018-12-31": "21.99600", "2017-12-31": "24.29790", "2016-12-31": "23.33850", "2015-12-31": "22.94380", "2014-12-31": "22.42230", "2013-12-31": "21.59310", "2012-12-31": "21.67940", "2011-12-31": "20.86390", "2010-12-31": "22.19640", "2009-12-31": "20.81910", "2008-12-31": "20.64980", "2007-12-31": "25.31680", "2006-12-31": "24.84840", "2005-12-31": "22.93190"}, "EBIT Margin": {"2020-12-31": "22.25020", "2019-12-31": "19.21210", "2018-12-31": "21.99600", "2017-12-31": "24.29790", "2016-12-31": "23.33850", "2015-12-31": "22.94380", "2014-12-31": "22.42230", "2013-12-31": "21.59310", "2012-12-31": "21.67940", "2011-12-31": "20.86390", "2010-12-31": "22.19640", "2009-12-31": "20.81910", "2008-12-31": "20.64980", "2007-12-31": "25.31680", "2006-12-31": "24.84840", "2005-12-31": "22.93190"}, "EBITDA Margin": {"2020-12-31": "28.18790", "2019-12-31": "24.16920", "2018-12-31": "26.53750", "2017-12-31": "29.17520", "2016-12-31": "28.23410", "2015-12-31": "27.68380", "2014-12-31": "26.84710", "2013-12-31": "26.03410", "2012-12-31": "25.98650", "2011-12-31": "25.03800", "2010-12-31": "26.39710", "2009-12-31": "25.82280", "2008-12-31": "25.21270", "2007-12-31": "29.69910", "2006-12-31": "29.55550", "2005-12-31": "27.59010"}, "Pre-Tax Profit Margin": {"2020-12-31": "20.85200", "2019-12-31": "17.77450", "2018-12-31": "21.36430", "2017-12-31": "23.84310", "2016-12-31": "23.42490", "2015-12-31": "22.53750", "2014-12-31": "22.07980", "2013-12-31": "21.25620", "2012-12-31": "21.23800", "2011-12-31": "20.36740", "2010-12-31": "21.58500", "2009-12-31": "20.03200", "2008-12-31": "20.21450", "2007-12-31": "24.99800", "2006-12-31": "24.53870", "2005-12-31": "22.80910"}, "Net Profit Margin": {"2020-12-31": "16.72880", "2019-12-31": "14.22080", "2018-12-31": "16.32540", "2017-12-31": "15.34570", "2016-12-31": "16.77240", "2015-12-31": "15.96420", "2014-12-31": "15.57460", "2013-12-31": "15.09180", "2012-12-31": "14.86090", "2011-12-31": "14.46420", "2010-12-31": "15.32140", "2009-12-31": "13.80880", "2008-12-31": "13.69270", "2007-12-31": "16.74430", "2006-12-31": "16.79970", "2005-12-31": "14.69740"}, "Asset Turnover": {"2020-12-31": "0.67980", "2019-12-31": "0.71960", "2018-12-31": "0.89770", "2017-12-31": "0.83340", "2016-12-31": "0.91500", "2015-12-31": "0.92070", "2014-12-31": "1.01960", "2013-12-31": "0.92010", "2012-12-31": "0.88270", "2011-12-31": "0.93660", "2010-12-31": "0.88410", "2009-12-31": "0.84860", "2008-12-31": "0.97970", "2007-12-31": "0.99060", "2006-12-31": "1.07650", "2005-12-31": "1.03050"}, "Inventory Turnover Ratio": {"2020-12-31": "3.91720", "2019-12-31": "4.14510", "2018-12-31": "3.82090", "2017-12-31": "3.97990", "2016-12-31": "4.46620", "2015-12-31": "4.37270", "2014-12-31": "4.43790", "2013-12-31": "4.16820", "2012-12-31": "4.08780", "2011-12-31": "4.59400", "2010-12-31": "4.38380", "2009-12-31": "4.58850", "2008-12-31": "4.44040", "2007-12-31": "4.46530", "2006-12-31": "4.50330", "2005-12-31": "4.81410"}, "Receiveable Turnover": {"2020-12-31": "6.84040", "2019-12-31": "6.70760", "2018-12-31": "6.52690", "2017-12-31": "6.44610", "2016-12-31": "6.85540", "2015-12-31": "7.28790", "2014-12-31": "7.50850", "2013-12-31": "7.25860", "2012-12-31": "7.36370", "2011-12-31": "7.65740", "2010-12-31": "7.37540", "2009-12-31": "7.11480", "2008-12-31": "7.90890", "2007-12-31": "7.27600", "2006-12-31": "7.38970", "2005-12-31": "7.45840"}, "Days Sales In Receivables": {"2020-12-31": "53.35960", "2019-12-31": "54.41610", "2018-12-31": "55.92250", "2017-12-31": "56.62300", "2016-12-31": "53.24260", "2015-12-31": "50.08290", "2014-12-31": "48.61160", "2013-12-31": "50.28490", "2012-12-31": "49.56750", "2011-12-31": "47.66660", "2010-12-31": "49.48900", "2009-12-31": "51.30170", "2008-12-31": "46.15040", "2007-12-31": "50.16480", "2006-12-31": "49.39280", "2005-12-31": "48.93800"}, "ROE - Return On Equity": {"2020-12-31": "41.66730", "2019-12-31": "45.24990", "2018-12-31": "54.45780", "2017-12-31": "41.89470", "2016-12-31": "48.90260", "2015-12-31": "42.21310", "2014-12-31": "38.03070", "2013-12-31": "26.30380", "2012-12-31": "25.00550", "2011-12-31": "27.46820", "2010-12-31": "25.99110", "2009-12-31": "24.38730", "2008-12-31": "34.16150", "2007-12-31": "35.33670", "2006-12-31": "38.66850", "2005-12-31": "30.26460"}, "Return On Tangible Equity": {"2020-12-31": "-80.34600", "2019-12-31": "-47.25170", "2018-12-31": "-187.51750", "2017-12-31": "-266.50240", "2016-12-31": "-442.51970", "2015-12-31": "-1267.27800", "2014-12-31": "107.32230", "2013-12-31": "52.95570", "2012-12-31": "51.67240", "2011-12-31": "63.15410", "2010-12-31": "56.43220", "2009-12-31": "52.93730", "2008-12-31": "111.63970", "2007-12-31": "65.29810", "2006-12-31": "74.50180", "2005-12-31": "49.31810"}, "ROA - Return On Assets": {"2020-12-31": "11.38050", "2019-12-31": "10.26000", "2018-12-31": "14.69320", "2017-12-31": "12.81750", "2016-12-31": "15.37110", "2015-12-31": "14.72190", "2014-12-31": "16.01460", "2013-12-31": "14.07150", "2012-12-31": "13.31620", "2011-12-31": "13.78100", "2010-12-31": "13.80490", "2009-12-31": "11.90460", "2008-12-31": "13.64710", "2007-12-31": "16.80980", "2006-12-31": "18.08490", "2005-12-31": "15.31570"}, "ROI - Return On Investment": {"2020-12-31": "17.42560", "2019-12-31": "16.57500", "2018-12-31": "23.05770", "2017-12-31": "20.52870", "2016-12-31": "24.06170", "2015-12-31": "23.94050", "2014-12-31": "25.18270", "2013-12-31": "21.19510", "2012-12-31": "19.65060", "2011-12-31": "21.41450", "2010-12-31": "20.60890", "2009-12-31": "17.63140", "2008-12-31": "22.75370", "2007-12-31": "26.32880", "2006-12-31": "34.99000", "2005-12-31": "26.87970"}, "Book Value Per Share": {"2020-12-31": "22.38170", "2019-12-31": "17.60480", "2018-12-31": "17.08020", "2017-12-31": "19.53660", "2016-12-31": "17.33290", "2015-12-31": "18.82070", "2014-12-31": "20.69170", "2013-12-31": "27.05880", "2012-12-31": "26.25560", "2011-12-31": "22.82400", "2010-12-31": "22.49650", "2009-12-31": "18.71940", "2008-12-31": "14.85710", "2007-12-31": "16.56480", "2006-12-31": "13.56140", "2005-12-31": "13.77660"}, "Operating Cash Flow Per Share": {"2020-12-31": 1.8517, "2019-12-31": 1.3874, "2018-12-31": 0.5116, "2017-12-31": -0.5833, "2016-12-31": 0.6924, "2015-12-31": 0.0662, "2014-12-31": 1.6224, "2013-12-31": 0.8508, "2012-12-31": 0.1868, "2011-12-31": 0.2175, "2010-12-31": 0.1399, "2009-12-31": 0.5819, "2008-12-31": 0.6093, "2007-12-31": 0.7558, "2006-12-31": -0.3361, "2005-12-31": 5.3808}, "Free Cash Flow Per Share": {"2020-12-31": 2.187, "2019-12-31": 0.8782, "2018-12-31": 0.4881, "2017-12-31": -0.5428, "2016-12-31": 0.732, "2015-12-31": -0.1234, "2014-12-31": 1.787, "2013-12-31": 0.6866, "2012-12-31": -0.0235, "2011-12-31": -0.1547, "2010-12-31": -0.1563, "2009-12-31": 1.3658, "2008-12-31": 0.4542, "2007-12-31": 0.4244, "2006-12-31": -0.6521, "2005-12-31": 4.2263}}, "financial ratios, quarterly": {"Current Ratio": {"2020-12-31": "1.88500", "2020-09-30": "1.90420", "2020-06-30": "1.93710", "2020-03-31": "1.65210", "2019-12-31": "1.40650", "2019-09-30": "2.30410", "2019-06-30": "1.93410", "2019-03-31": "2.01740", "2018-12-31": "1.89250", "2018-09-30": "1.96550", "2018-06-30": "1.56030", "2018-03-31": "1.65400", "2017-12-31": "1.85730", "2017-09-30": "2.06970", "2017-06-30": "2.21890", "2017-03-31": "1.98520", "2016-12-31": "1.88550", "2016-09-30": "1.90300", "2016-06-30": "1.57650", "2016-03-31": "1.51490", "2015-12-31": "1.54340", "2015-09-30": "1.65070", "2015-06-30": "2.63610", "2015-03-31": "2.46320", "2014-12-31": "2.06290", "2014-09-30": "1.64580", "2014-06-30": "1.87400", "2014-03-31": "1.71300", "2013-12-31": "1.69820", "2013-09-30": "1.78550", "2013-06-30": "2.20730", "2013-03-31": "2.33370", "2012-12-31": "2.19840", "2012-09-30": "2.19770", "2012-06-30": "2.46850", "2012-03-31": "2.37670", "2011-12-31": "2.24960", "2011-09-30": "2.21720", "2011-06-30": "2.18230", "2011-03-31": "2.14320", "2010-12-31": "2.00610", "2010-09-30": "2.60390", "2010-06-30": "2.37100", "2010-03-31": "2.35160", "2009-12-31": "2.20440", "2009-09-30": "1.94170", "2009-06-30": "1.86120", "2009-03-31": "1.82890", "2008-12-31": "1.64380", "2008-09-30": "1.53940", "2008-06-30": "1.50840", "2008-03-31": "1.69030", "2007-12-31": "1.83480", "2007-09-30": "1.45640", "2007-06-30": "1.28190", "2007-03-31": "1.29610", "2006-12-31": "1.22160", "2006-09-30": "1.21070", "2006-06-30": "1.49300", "2006-03-31": "1.45150", "2005-12-31": "1.35830", "2005-09-30": "1.18720", "2005-06-30": "1.49790", "2005-03-31": "1.43050"}, "Long-term Debt / Capital": {"2020-12-31": "0.58180", "2020-09-30": "0.60680", "2020-06-30": "0.63850", "2020-03-31": "0.65340", "2019-12-31": "0.63370", "2019-09-30": "0.61890", "2019-06-30": "0.59520", "2019-03-31": "0.61490", "2018-12-31": "0.57660", "2018-09-30": "0.56770", "2018-06-30": "0.51990", "2018-03-31": "0.52520", "2017-12-31": "0.51000", "2017-09-30": "0.47020", "2017-06-30": "0.48780", "2017-03-31": "0.49460", "2016-12-31": "0.50800", "2016-09-30": "0.47910", "2016-06-30": "0.43790", "2016-03-31": "0.43120", "2015-12-31": "0.43290", "2015-09-30": "0.42330", "2015-06-30": "0.39100", "2015-03-31": "0.31640", "2014-12-31": "0.33780", "2014-09-30": "0.24380", "2014-06-30": "0.22970", "2014-03-31": "0.19710", "2013-12-31": "0.19420", "2013-09-30": "0.16220", "2013-06-30": "0.21050", "2013-03-31": "0.20790", "2012-12-31": "0.21410", "2012-09-30": "0.21100", "2012-06-30": "0.25110", "2012-03-31": "0.21350", "2011-12-31": "0.22040", "2011-09-30": "0.22150", "2011-06-30": "0.20170", "2011-03-31": "0.20990", "2010-12-31": "0.20710", "2010-09-30": "0.24380", "2010-06-30": "0.25760", "2010-03-31": "0.26830", "2009-12-31": "0.27700", "2009-09-30": "0.28710", "2009-06-30": "0.31550", "2009-03-31": "0.33410", "2008-12-31": "0.33390", "2008-09-30": "0.28140", "2008-06-30": "0.24620", "2008-03-31": "0.24980", "2007-12-31": "0.25490", "2007-09-30": "0.20470", "2007-06-30": "0.14670", "2007-03-31": "0.14980", "2006-12-31": "0.09510", "2006-09-30": "0.10070", "2006-06-30": "0.09810", "2006-03-31": "0.10510", "2005-12-31": "0.11180", "2005-09-30": "0.06290", "2005-06-30": "0.06530", "2005-03-31": "0.06430"}, "Debt/Equity Ratio": {"2020-12-31": "1.45350", "2020-09-30": "1.64100", "2020-06-30": "1.90220", "2020-03-31": "2.20340", "2019-12-31": "2.00600", "2019-09-30": "1.80590", "2019-06-30": "1.55850", "2019-03-31": "1.67780", "2018-12-31": "1.48480", "2018-09-30": "1.43980", "2018-06-30": "1.39230", "2018-03-31": "1.41860", "2017-12-31": "1.20020", "2017-09-30": "0.95580", "2017-06-30": "0.97050", "2017-03-31": "1.06080", "2016-12-31": "1.12640", "2016-09-30": "1.02600", "2016-06-30": "0.98430", "2016-03-31": "0.94610", "2015-12-31": "0.94150", "2015-09-30": "0.92060", "2015-06-30": "0.64870", "2015-03-31": "0.47240", "2014-12-31": "0.51830", "2014-09-30": "0.45320", "2014-06-30": "0.39070", "2014-03-31": "0.36690", "2013-12-31": "0.33480", "2013-09-30": "0.31650", "2013-06-30": "0.32460", "2013-03-31": "0.32040", "2012-12-31": "0.33260", "2012-09-30": "0.35050", "2012-06-30": "0.37380", "2012-03-31": "0.31130", "2011-12-31": "0.32570", "2011-09-30": "0.35370", "2011-06-30": "0.31560", "2011-03-31": "0.33270", "2010-12-31": "0.34040", "2010-09-30": "0.36370", "2010-06-30": "0.39800", "2010-03-31": "0.41720", "2009-12-31": "0.42930", "2009-09-30": "0.47410", "2009-06-30": "0.54180", "2009-03-31": "0.59500", "2008-12-31": "0.65200", "2008-09-30": "0.57670", "2008-06-30": "0.47930", "2008-03-31": "0.49710", "2007-12-31": "0.41880", "2007-09-30": "0.47670", "2007-06-30": "0.43180", "2007-03-31": "0.45770", "2006-12-31": "0.35680", "2006-09-30": "0.34600", "2006-06-30": "0.23530", "2006-03-31": "0.23970", "2005-12-31": "0.22910", "2005-09-30": "0.31910", "2005-06-30": "0.17910", "2005-03-31": "0.28260"}, "Gross Margin": {"2020-12-31": "48.87570", "2020-09-30": "48.46710", "2020-06-30": "46.97600", "2020-03-31": "49.11460", "2019-12-31": "46.67740", "2019-09-30": "47.59100", "2019-06-30": "47.21580", "2019-03-31": "45.18630", "2018-12-31": "48.89870", "2018-09-30": "48.98190", "2018-06-30": "49.61860", "2018-03-31": "48.82820", "2017-12-31": "48.76100", "2017-09-30": "50.33040", "2017-06-30": "48.52750", "2017-03-31": "49.48600", "2016-12-31": "48.23310", "2016-09-30": "50.09730", "2016-06-30": "50.41760", "2016-03-31": "50.35770", "2015-12-31": "47.56100", "2015-09-30": "49.72770", "2015-06-30": "49.80480", "2015-03-31": "49.57770", "2014-12-31": "47.83000", "2014-09-30": "48.32250", "2014-06-30": "48.56160", "2014-03-31": "48.52510", "2013-12-31": "47.46990", "2013-09-30": "47.59980", "2013-06-30": "48.23270", "2013-03-31": "48.00890", "2012-12-31": "45.97270", "2012-09-30": "47.51230", "2012-06-30": "48.63290", "2012-03-31": "48.04970", "2011-12-31": "46.05730", "2011-09-30": "46.52770", "2011-06-30": "47.39580", "2011-03-31": "47.99620", "2010-12-31": "46.71340", "2010-09-30": "47.87610", "2010-06-30": "48.96750", "2010-03-31": "48.99180", "2009-12-31": "47.90920", "2009-09-30": "48.79700", "2009-06-30": "47.94550", "2009-03-31": "45.52960", "2008-12-31": "43.71030", "2008-09-30": "47.66700", "2008-06-30": "47.91510", "2008-03-31": "48.38310", "2007-12-31": "46.85790", "2007-09-30": "47.54740", "2007-06-30": "48.30670", "2007-03-31": "49.09890", "2006-12-31": "45.31300", "2006-09-30": "48.95870", "2006-06-30": "50.07030", "2006-03-31": "51.36730", "2005-12-31": "50.76060", "2005-09-30": "51.04050", "2005-06-30": "50.85000", "2005-03-31": "50.65820"}, "Operating Margin": {"2020-12-31": "21.54260", "2020-09-30": "22.86230", "2020-06-30": "24.24750", "2020-03-31": "20.59440", "2019-12-31": "16.33580", "2019-09-30": "25.16580", "2019-06-30": "20.82980", "2019-03-31": "14.44740", "2018-12-31": "22.44180", "2018-09-30": "24.73010", "2018-06-30": "28.61740", "2018-03-31": "12.16480", "2017-12-31": "22.39050", "2017-09-30": "24.57170", "2017-06-30": "27.56720", "2017-03-31": "22.66750", "2016-12-31": "20.04370", "2016-09-30": "24.69840", "2016-06-30": "24.35400", "2016-03-31": "24.13280", "2015-12-31": "20.55360", "2015-09-30": "24.32570", "2015-06-30": "23.93960", "2015-03-31": "22.82920", "2014-12-31": "21.53130", "2014-09-30": "23.36240", "2014-06-30": "22.81780", "2014-03-31": "21.91290", "2013-12-31": "20.86140", "2013-09-30": "21.96820", "2013-06-30": "21.95560", "2013-03-31": "21.56140", "2012-12-31": "19.53430", "2012-09-30": "22.38230", "2012-06-30": "22.93600", "2012-03-31": "21.82740", "2011-12-31": "19.24110", "2011-09-30": "20.99320", "2011-06-30": "21.54950", "2011-03-31": "21.58390", "2010-12-31": "19.39190", "2010-09-30": "22.92700", "2010-06-30": "23.71120", "2010-03-31": "22.76310", "2009-12-31": "21.92090", "2009-09-30": "23.86570", "2009-06-30": "20.82530", "2009-03-31": "15.77910", "2008-12-31": "13.70490", "2008-09-30": "23.07110", "2008-06-30": "21.50170", "2008-03-31": "23.22450", "2007-12-31": "20.46410", "2007-09-30": "23.06950", "2007-06-30": "22.74500", "2007-03-31": "35.38820", "2006-12-31": "31.30410", "2006-09-30": "22.90880", "2006-06-30": "20.65750", "2006-03-31": "24.46830", "2005-12-31": "22.34740", "2005-09-30": "23.54140", "2005-06-30": "23.49830", "2005-03-31": "22.31900"}, "EBIT Margin": {"2020-12-31": "21.54260", "2020-09-30": "22.86230", "2020-06-30": "24.24750", "2020-03-31": "20.59440", "2019-12-31": "16.33580", "2019-09-30": "25.16580", "2019-06-30": "20.82980", "2019-03-31": "14.44740", "2018-12-31": "22.44180", "2018-09-30": "24.73010", "2018-06-30": "28.61740", "2018-03-31": "12.16480", "2017-12-31": "22.39050", "2017-09-30": "24.57170", "2017-06-30": "27.56720", "2017-03-31": "22.66750", "2016-12-31": "20.04370", "2016-09-30": "24.69840", "2016-06-30": "24.35400", "2016-03-31": "24.13280", "2015-12-31": "20.55360", "2015-09-30": "24.32570", "2015-06-30": "23.93960", "2015-03-31": "22.82920", "2014-12-31": "21.53130", "2014-09-30": "23.36240", "2014-06-30": "22.81780", "2014-03-31": "21.91290", "2013-12-31": "20.86140", "2013-09-30": "21.96820", "2013-06-30": "21.95560", "2013-03-31": "21.56140", "2012-12-31": "19.53430", "2012-09-30": "22.38230", "2012-06-30": "22.93600", "2012-03-31": "21.82740", "2011-12-31": "19.24110", "2011-09-30": "20.99320", "2011-06-30": "21.54950", "2011-03-31": "21.58390", "2010-12-31": "19.39190", "2010-09-30": "22.92700", "2010-06-30": "23.71120", "2010-03-31": "22.76310", "2009-12-31": "21.92090", "2009-09-30": "23.86570", "2009-06-30": "20.82530", "2009-03-31": "15.77910", "2008-12-31": "13.70490", "2008-09-30": "23.07110", "2008-06-30": "21.50170", "2008-03-31": "23.22450", "2007-12-31": "20.46410", "2007-09-30": "23.06950", "2007-06-30": "22.74500", "2007-03-31": "35.38820", "2006-12-31": "31.30410", "2006-09-30": "22.90880", "2006-06-30": "20.65750", "2006-03-31": "24.46830", "2005-12-31": "22.34740", "2005-09-30": "23.54140", "2005-06-30": "23.49830", "2005-03-31": "22.31900"}, "EBITDA Margin": {"2020-12-31": "", "2020-09-30": "", "2020-06-30": "", "2020-03-31": "", "2019-12-31": "", "2019-09-30": "", "2019-06-30": "", "2019-03-31": "", "2018-12-31": "", "2018-09-30": "", "2018-06-30": "", "2018-03-31": "", "2017-12-31": "", "2017-09-30": "", "2017-06-30": "", "2017-03-31": "", "2016-12-31": "", "2016-09-30": "", "2016-06-30": "", "2016-03-31": "", "2015-12-31": "", "2015-09-30": "", "2015-06-30": "", "2015-03-31": "", "2014-12-31": "", "2014-09-30": "", "2014-06-30": "", "2014-03-31": "", "2013-12-31": "", "2013-09-30": "", "2013-06-30": "", "2013-03-31": "", "2012-12-31": "", "2012-09-30": "", "2012-06-30": "", "2012-03-31": "", "2011-12-31": "", "2011-09-30": "", "2011-06-30": "", "2011-03-31": "", "2010-12-31": "", "2010-09-30": "", "2010-06-30": "", "2010-03-31": "", "2009-12-31": "", "2009-09-30": "", "2009-06-30": "", "2009-03-31": "", "2008-12-31": "", "2008-09-30": "", "2008-06-30": "", "2008-03-31": "", "2007-12-31": "", "2007-09-30": "", "2007-06-30": "", "2007-03-31": "", "2006-12-31": "", "2006-09-30": "", "2006-06-30": "", "2006-03-31": "", "2005-12-31": "", "2005-09-30": "", "2005-06-30": "", "2005-03-31": ""}, "Pre-Tax Profit Margin": {"2020-12-31": "19.92310", "2020-09-30": "21.61680", "2020-06-30": "22.70070", "2020-03-31": "19.40560", "2019-12-31": "14.94270", "2019-09-30": "24.60270", "2019-06-30": "17.69670", "2019-03-31": "13.83700", "2018-12-31": "21.64880", "2018-09-30": "24.10450", "2018-06-30": "28.00950", "2018-03-31": "11.65740", "2017-12-31": "20.92620", "2017-09-30": "24.43710", "2017-06-30": "27.42640", "2017-03-31": "22.60250", "2016-12-31": "21.96750", "2016-09-30": "24.15360", "2016-06-30": "23.94940", "2016-03-31": "23.56590", "2015-12-31": "20.04660", "2015-09-30": "23.92380", "2015-06-30": "23.57530", "2015-03-31": "22.47300", "2014-12-31": "21.22040", "2014-09-30": "23.10430", "2014-06-30": "22.37520", "2014-03-31": "21.55540", "2013-12-31": "20.58400", "2013-09-30": "21.67760", "2013-06-30": "21.55570", "2013-03-31": "21.18160", "2012-12-31": "19.07410", "2012-09-30": "21.92880", "2012-06-30": "22.49800", "2012-03-31": "21.41330", "2011-12-31": "18.74740", "2011-09-30": "20.48870", "2011-06-30": "21.01560", "2011-03-31": "21.13250", "2010-12-31": "18.81060", "2010-09-30": "22.34510", "2010-06-30": "23.08720", "2010-03-31": "22.10150", "2009-12-31": "21.21860", "2009-09-30": "23.10670", "2009-06-30": "19.98600", "2009-03-31": "14.91450", "2008-12-31": "13.19660", "2008-09-30": "22.70510", "2008-06-30": "21.01200", "2008-03-31": "22.83770", "2007-12-31": "19.93230", "2007-09-30": "22.81040", "2007-06-30": "22.43570", "2007-03-31": "35.21980", "2006-12-31": "30.92360", "2006-09-30": "22.49920", "2006-06-30": "20.46410", "2006-03-31": "24.21810", "2005-12-31": "22.12210", "2005-09-30": "23.41140", "2005-06-30": "23.44160", "2005-03-31": "22.24160"}, "Net Profit Margin": {"2020-12-31": "16.18320", "2020-09-30": "16.92220", "2020-06-30": "17.97660", "2020-03-31": "16.00000", "2019-12-31": "11.94670", "2019-09-30": "19.80980", "2019-06-30": "13.79270", "2019-03-31": "11.33160", "2018-12-31": "16.95410", "2018-09-30": "18.92790", "2018-06-30": "22.13350", "2018-03-31": "7.27230", "2017-12-31": "6.54570", "2017-09-30": "17.48650", "2017-06-30": "20.26890", "2017-03-31": "17.21540", "2016-12-31": "15.75930", "2016-09-30": "17.23960", "2016-06-30": "16.84940", "2016-03-31": "17.20880", "2015-12-31": "14.22310", "2015-09-30": "16.80500", "2015-06-30": "16.91390", "2015-03-31": "15.82210", "2014-12-31": "15.27400", "2014-09-30": "16.01330", "2014-06-30": "15.57660", "2014-03-31": "15.41310", "2013-12-31": "14.57260", "2013-09-30": "15.53820", "2013-06-30": "15.44120", "2013-03-31": "14.78910", "2012-12-31": "13.41550", "2012-09-30": "15.48620", "2012-06-30": "15.48980", "2012-03-31": "15.02810", "2011-12-31": "13.45750", "2011-09-30": "14.44700", "2011-06-30": "15.10420", "2011-03-31": "14.78590", "2010-12-31": "13.83220", "2010-09-30": "16.08960", "2010-06-30": "16.65430", "2010-03-31": "14.65030", "2009-12-31": "15.27280", "2009-09-30": "15.45290", "2009-06-30": "13.69120", "2009-03-31": "10.17880", "2008-12-31": "9.72950", "2008-09-30": "15.11130", "2008-06-30": "14.02290", "2008-03-31": "15.28700", "2007-12-31": "13.71250", "2007-09-30": "15.54150", "2007-06-30": "14.93000", "2007-03-31": "23.04190", "2006-12-31": "20.33900", "2006-09-30": "15.26120", "2006-06-30": "15.50630", "2006-03-31": "16.06790", "2005-12-31": "14.00940", "2005-09-30": "15.60760", "2005-06-30": "14.24250", "2005-03-31": "14.92450"}, "Asset Turnover": {"2020-12-31": "0.18130", "2020-09-30": "0.18400", "2020-06-30": "0.15920", "2020-03-31": "0.17470", "2019-12-31": "0.18160", "2019-09-30": "0.18780", "2019-06-30": "0.20970", "2019-03-31": "0.20090", "2018-12-31": "0.21770", "2018-09-30": "0.21870", "2018-06-30": "0.22810", "2018-03-31": "0.21460", "2017-12-31": "0.21030", "2017-09-30": "0.23190", "2017-06-30": "0.23000", "2017-03-31": "0.23080", "2016-12-31": "0.22270", "2016-09-30": "0.22640", "2016-06-30": "0.23050", "2016-03-31": "0.22460", "2015-12-31": "0.22190", "2015-09-30": "0.23190", "2015-06-30": "0.24490", "2015-03-31": "0.24730", "2014-12-31": "0.24730", "2014-09-30": "0.24830", "2014-06-30": "0.23940", "2014-03-31": "0.23340", "2013-12-31": "0.22560", "2013-09-30": "0.23560", "2013-06-30": "0.22710", "2013-03-31": "0.22430", "2012-12-31": "0.21810", "2012-09-30": "0.21740", "2012-06-30": "0.22600", "2012-03-31": "0.23380", "2011-12-31": "0.22420", "2011-09-30": "0.23450", "2011-06-30": "0.23790", "2011-03-31": "0.23490", "2010-12-31": "0.22250", "2010-09-30": "0.22860", "2010-06-30": "0.23620", "2010-03-31": "0.22650", "2009-12-31": "0.22470", "2009-09-30": "0.22410", "2009-06-30": "0.21920", "2009-03-31": "0.20910", "2008-12-31": "0.21360", "2008-09-30": "0.23750", "2008-06-30": "0.24630", "2008-03-31": "0.24140", "2007-12-31": "0.25130", "2007-09-30": "0.25360", "2007-06-30": "0.26920", "2007-03-31": "0.26110", "2006-12-31": "0.27150", "2006-09-30": "0.25830", "2006-06-30": "0.25820", "2006-03-31": "0.25890", "2005-12-31": "0.25920", "2005-09-30": "0.25190", "2005-06-30": "0.27070", "2005-03-31": "0.24890"}, "Inventory Turnover Ratio": {"2020-12-31": "1.03520", "2020-09-30": "1.08010", "2020-06-30": "0.91290", "2020-03-31": "0.97440", "2019-12-31": "1.04620", "2019-09-30": "1.04520", "2019-06-30": "1.00300", "2019-03-31": "0.94980", "2018-12-31": "0.92990", "2018-09-30": "0.93730", "2018-06-30": "0.99740", "2018-03-31": "0.98630", "2017-12-31": "1.01490", "2017-09-30": "1.02110", "2017-06-30": "1.04740", "2017-03-31": "1.07480", "2016-12-31": "1.12080", "2016-09-30": "1.06540", "2016-06-30": "1.05150", "2016-03-31": "1.01410", "2015-12-31": "1.08780", "2015-09-30": "1.04530", "2015-06-30": "1.00290", "2015-03-31": "1.03160", "2014-12-31": "1.08660", "2014-09-30": "1.06590", "2014-06-30": "1.02220", "2014-03-31": "1.01490", "2013-12-31": "1.02900", "2013-09-30": "1.05070", "2013-06-30": "1.02400", "2013-03-31": "1.03930", "2012-12-31": "1.04010", "2012-09-30": "1.02420", "2012-06-30": "1.05850", "2012-03-31": "1.09210", "2011-12-31": "1.11940", "2011-09-30": "1.11740", "2011-06-30": "1.08690", "2011-03-31": "1.08970", "2010-12-31": "1.13310", "2010-09-30": "1.11450", "2010-06-30": "1.15270", "2010-03-31": "1.15730", "2009-12-31": "1.20840", "2009-09-30": "1.20340", "2009-06-30": "1.14460", "2009-03-31": "1.04210", "2008-12-31": "1.02920", "2008-09-30": "1.11500", "2008-06-30": "1.10550", "2008-03-31": "1.10430", "2007-12-31": "1.15640", "2007-09-30": "1.15960", "2007-06-30": "1.14250", "2007-03-31": "1.11350", "2006-12-31": "1.21570", "2006-09-30": "1.13600", "2006-06-30": "1.11070", "2006-03-31": "1.14380", "2005-12-31": "1.21280", "2005-09-30": "1.25600", "2005-06-30": "1.28810", "2005-03-31": "1.28740"}, "Receiveable Turnover": {"2020-12-31": "1.82420", "2020-09-30": "1.80620", "2020-06-30": "1.60930", "2020-03-31": "1.67500", "2019-12-31": "1.69300", "2019-09-30": "1.59180", "2019-06-30": "1.52050", "2019-03-31": "1.52000", "2018-12-31": "1.58270", "2018-09-30": "1.52970", "2018-06-30": "1.55860", "2018-03-31": "1.57620", "2017-12-31": "1.62700", "2017-09-30": "1.58500", "2017-06-30": "1.58770", "2017-03-31": "1.62750", "2016-12-31": "1.66870", "2016-09-30": "1.62530", "2016-06-30": "1.64170", "2016-03-31": "1.65200", "2015-12-31": "1.75690", "2015-09-30": "1.67290", "2015-06-30": "1.67890", "2015-03-31": "1.71910", "2014-12-31": "1.82140", "2014-09-30": "1.72720", "2014-06-30": "1.70920", "2014-03-31": "1.70310", "2013-12-31": "1.77970", "2013-09-30": "1.72310", "2013-06-30": "1.70670", "2013-03-31": "1.72790", "2012-12-31": "1.81900", "2012-09-30": "1.70040", "2012-06-30": "1.72640", "2012-03-31": "1.73170", "2011-12-31": "1.83320", "2011-09-30": "1.76830", "2011-06-30": "1.75140", "2011-03-31": "1.73700", "2010-12-31": "1.85590", "2010-09-30": "1.77670", "2010-06-30": "1.79730", "2010-03-31": "1.77860", "2009-12-31": "1.88370", "2009-09-30": "1.70230", "2009-06-30": "1.65480", "2009-03-31": "1.64210", "2008-12-31": "1.72430", "2008-09-30": "1.74280", "2008-06-30": "1.70910", "2008-03-31": "1.71160", "2007-12-31": "1.84590", "2007-09-30": "1.66810", "2007-06-30": "1.69670", "2007-03-31": "1.72390", "2006-12-31": "1.86400", "2006-09-30": "1.75810", "2006-06-30": "1.79380", "2006-03-31": "1.80190", "2005-12-31": "1.87630", "2005-09-30": "1.75820", "2005-06-30": "1.79400", "2005-03-31": "1.78200"}, "Days Sales In Receivables": {"2020-12-31": "49.33590", "2020-09-30": "49.82870", "2020-06-30": "55.92390", "2020-03-31": "53.73250", "2019-12-31": "53.16110", "2019-09-30": "56.53860", "2019-06-30": "59.19230", "2019-03-31": "59.21020", "2018-12-31": "56.86600", "2018-09-30": "58.83340", "2018-06-30": "57.74370", "2018-03-31": "57.10080", "2017-12-31": "55.31790", "2017-09-30": "56.78410", "2017-06-30": "56.68500", "2017-03-31": "55.29990", "2016-12-31": "53.93370", "2016-09-30": "55.37290", "2016-06-30": "54.81990", "2016-03-31": "54.48100", "2015-12-31": "51.22770", "2015-09-30": "53.79930", "2015-06-30": "53.60660", "2015-03-31": "52.35150", "2014-12-31": "49.41310", "2014-09-30": "52.10640", "2014-06-30": "52.65680", "2014-03-31": "52.84380", "2013-12-31": "50.57080", "2013-09-30": "52.23090", "2013-06-30": "52.73220", "2013-03-31": "52.08540", "2012-12-31": "49.47750", "2012-09-30": "52.92920", "2012-06-30": "52.13170", "2012-03-31": "51.97300", "2011-12-31": "49.09440", "2011-09-30": "50.89760", "2011-06-30": "51.38670", "2011-03-31": "51.81370", "2010-12-31": "48.49460", "2010-09-30": "50.65610", "2010-06-30": "50.07430", "2010-03-31": "50.60020", "2009-12-31": "47.77850", "2009-09-30": "52.86940", "2009-06-30": "54.38710", "2009-03-31": "54.80650", "2008-12-31": "52.19640", "2008-09-30": "51.64230", "2008-06-30": "52.65920", "2008-03-31": "52.58240", "2007-12-31": "48.75600", "2007-09-30": "53.95340", "2007-06-30": "53.04460", "2007-03-31": "52.20820", "2006-12-31": "48.28430", "2006-09-30": "51.19150", "2006-06-30": "50.17410", "2006-03-31": "49.94640", "2005-12-31": "47.96620", "2005-09-30": "51.18730", "2005-06-30": "50.16810", "2005-03-31": "50.50520"}, "ROE - Return On Equity": {"2020-12-31": "10.74940", "2020-09-30": "11.86470", "2020-06-30": "11.79110", "2020-03-31": "12.67510", "2019-12-31": "9.57930", "2019-09-30": "14.75290", "2019-06-30": "11.15170", "2019-03-31": "9.15240", "2018-12-31": "13.69820", "2018-09-30": "14.99370", "2018-06-30": "17.85580", "2018-03-31": "5.48960", "2017-12-31": "4.51730", "2017-09-30": "11.74400", "2017-06-30": "13.61220", "2017-03-31": "12.01090", "2016-12-31": "11.17660", "2016-09-30": "11.04750", "2016-06-30": "10.83190", "2016-03-31": "10.85440", "2015-12-31": "9.06000", "2015-09-30": "10.61850", "2015-06-30": "9.92380", "2015-03-31": "8.60810", "2014-12-31": "8.97120", "2014-09-30": "8.08960", "2014-06-30": "7.18930", "2014-03-31": "6.83440", "2013-12-31": "6.21800", "2013-09-30": "6.82120", "2013-06-30": "6.62150", "2013-03-31": "6.19060", "2012-12-31": "5.56540", "2012-09-30": "6.50460", "2012-06-30": "7.02900", "2012-03-31": "6.86560", "2011-12-31": "6.14050", "2011-09-30": "6.33470", "2011-06-30": "6.63400", "2011-03-31": "6.53170", "2010-12-31": "5.88750", "2010-09-30": "7.10540", "2010-06-30": "7.99270", "2010-03-31": "6.89480", "2009-12-31": "7.14930", "2009-09-30": "7.51610", "2009-06-30": "7.05820", "2009-03-31": "5.22630", "2008-12-31": "5.25040", "2008-09-30": "8.27800", "2008-06-30": "7.68250", "2008-03-31": "8.09010", "2007-12-31": "7.71260", "2007-09-30": "8.75110", "2007-06-30": "8.92720", "2007-03-31": "13.60650", "2006-12-31": "11.80840", "2006-09-30": "8.13990", "2006-06-30": "7.65490", "2006-03-31": "8.18090", "2005-12-31": "7.51320", "2005-09-30": "8.19750", "2005-06-30": "7.46530", "2005-03-31": "7.49270"}, "Return On Tangible Equity": {"2020-12-31": "-20.72770", "2020-09-30": "-18.84810", "2020-06-30": "-15.18050", "2020-03-31": "-13.92300", "2019-12-31": "-10.00310", "2019-09-30": "-63.69840", "2019-06-30": "-33.30390", "2019-03-31": "-22.89160", "2018-12-31": "-47.16780", "2018-09-30": "-60.91410", "2018-06-30": "-75.50690", "2018-03-31": "-25.08280", "2017-12-31": "-28.73560", "2017-09-30": "177.79160", "2017-06-30": "468.93490", "2017-03-31": "-272.27930", "2016-12-31": "-101.13740", "2016-09-30": "679.08160", "2016-06-30": "1243.26900", "2016-03-31": "-840.78950", "2015-12-31": "-271.98950", "2015-09-30": "545.37820", "2015-06-30": "27.20250", "2015-03-31": "21.36250", "2014-12-31": "25.31670", "2014-09-30": "17.53380", "2014-06-30": "14.54480", "2014-03-31": "13.70860", "2013-12-31": "12.51820", "2013-09-30": "13.58430", "2013-06-30": "13.04020", "2013-03-31": "12.14910", "2012-12-31": "11.50060", "2012-09-30": "12.99850", "2012-06-30": "14.89580", "2012-03-31": "14.88780", "2011-12-31": "14.11800", "2011-09-30": "13.25720", "2011-06-30": "13.87320", "2011-03-31": "14.21030", "2010-12-31": "12.78300", "2010-09-30": "12.99830", "2010-06-30": "15.45760", "2010-03-31": "13.98240", "2009-12-31": "15.51890", "2009-09-30": "17.13730", "2009-06-30": "19.31240", "2009-03-31": "16.53150", "2008-12-31": "17.15830", "2008-09-30": "18.82570", "2008-06-30": "16.69850", "2008-03-31": "14.61570", "2007-12-31": "14.25200", "2007-09-30": "16.45240", "2007-06-30": "17.35100", "2007-03-31": "26.29250", "2006-12-31": "22.75100", "2006-09-30": "13.77290", "2006-06-30": "11.84050", "2006-03-31": "12.81540", "2005-12-31": "12.24330", "2005-09-30": "13.40350", "2005-06-30": "10.26130", "2005-03-31": "10.36290"}, "ROA - Return On Assets": {"2020-12-31": "2.93600", "2020-09-30": "3.12180", "2020-06-30": "2.85500", "2020-03-31": "2.80010", "2019-12-31": "2.17200", "2019-09-30": "3.73210", "2019-06-30": "2.90230", "2019-03-31": "2.28160", "2018-12-31": "3.69590", "2018-09-30": "4.14760", "2018-06-30": "5.06280", "2018-03-31": "1.57100", "2017-12-31": "1.38210", "2017-09-30": "4.06670", "2017-06-30": "4.66770", "2017-03-31": "3.98290", "2016-12-31": "3.51300", "2016-09-30": "3.90880", "2016-06-30": "3.89050", "2016-03-31": "3.87480", "2015-12-31": "3.15970", "2015-09-30": "3.90280", "2015-06-30": "4.15130", "2015-03-31": "3.91930", "2014-12-31": "3.77780", "2014-09-30": "3.99990", "2014-06-30": "3.77690", "2014-03-31": "3.65160", "2013-12-31": "3.32640", "2013-09-30": "3.70490", "2013-06-30": "3.55410", "2013-03-31": "3.37070", "2012-12-31": "2.96380", "2012-09-30": "3.42240", "2012-06-30": "3.55740", "2012-03-31": "3.56400", "2011-12-31": "3.08070", "2011-09-30": "3.43450", "2011-06-30": "3.64600", "2011-03-31": "3.54330", "2010-12-31": "3.12710", "2010-09-30": "3.74190", "2010-06-30": "4.00060", "2010-03-31": "3.40800", "2009-12-31": "3.48990", "2009-09-30": "3.51390", "2009-06-30": "3.03510", "2009-03-31": "2.17770", "2008-12-31": "2.09750", "2008-09-30": "3.65820", "2008-06-30": "3.52000", "2008-03-31": "3.75810", "2007-12-31": "3.66890", "2007-09-30": "3.94170", "2007-06-30": "4.01910", "2007-03-31": "6.01610", "2006-12-31": "5.52270", "2006-09-30": "3.94130", "2006-06-30": "4.00310", "2006-03-31": "4.15950", "2005-12-31": "3.80220", "2005-09-30": "3.93150", "2005-06-30": "3.85540", "2005-03-31": "3.71480"}, "ROI - Return On Investment": {"2020-12-31": "4.49550", "2020-09-30": "4.66550", "2020-06-30": "4.26290", "2020-03-31": "4.39300", "2019-12-31": "3.50890", "2019-09-30": "5.62260", "2019-06-30": "4.51390", "2019-03-31": "3.52450", "2018-12-31": "5.79990", "2018-09-30": "6.48220", "2018-06-30": "8.57200", "2018-03-31": "2.60650", "2017-12-31": "2.21350", "2017-09-30": "6.22230", "2017-06-30": "6.97260", "2017-03-31": "6.07090", "2016-12-31": "5.49930", "2016-09-30": "5.75520", "2016-06-30": "6.08870", "2016-03-31": "6.17360", "2015-12-31": "5.13820", "2015-09-30": "6.12320", "2015-06-30": "6.04330", "2015-03-31": "5.88410", "2014-12-31": "5.94040", "2014-09-30": "6.11730", "2014-06-30": "5.53760", "2014-03-31": "5.48710", "2013-12-31": "5.01030", "2013-09-30": "5.71490", "2013-06-30": "5.22780", "2013-03-31": "4.90340", "2012-12-31": "4.37360", "2012-09-30": "5.13200", "2012-06-30": "5.26410", "2012-03-31": "5.40020", "2011-12-31": "4.78720", "2011-09-30": "4.93140", "2011-06-30": "5.29560", "2011-03-31": "5.16070", "2010-12-31": "4.66830", "2010-09-30": "5.37300", "2010-06-30": "5.93380", "2010-03-31": "5.04460", "2009-12-31": "5.16880", "2009-09-30": "5.35780", "2009-06-30": "4.83130", "2009-03-31": "3.48020", "2008-12-31": "3.49710", "2008-09-30": "5.94820", "2008-06-30": "5.79070", "2008-03-31": "6.06940", "2007-12-31": "5.74650", "2007-09-30": "6.95950", "2007-06-30": "7.61750", "2007-03-31": "11.56870", "2006-12-31": "10.68510", "2006-09-30": "7.32010", "2006-06-30": "6.90410", "2006-03-31": "7.32080", "2005-12-31": "6.67290", "2005-09-30": "7.68180", "2005-06-30": "6.97760", "2005-03-31": "7.01100"}, "Book Value Per Share": {"2020-12-31": "22.38170", "2020-09-30": "20.70480", "2020-06-30": "18.94900", "2020-03-31": "17.74870", "2019-12-31": "17.60480", "2019-09-30": "18.71830", "2019-06-30": "17.62970", "2019-03-31": "16.92670", "2018-12-31": "17.08020", "2018-09-30": "17.70780", "2018-06-30": "17.77660", "2018-03-31": "18.59380", "2017-12-31": "19.53660", "2017-09-30": "20.48660", "2017-06-30": "19.51180", "2017-03-31": "18.48500", "2016-12-31": "17.33290", "2016-09-30": "20.03110", "2016-06-30": "19.75020", "2016-03-31": "19.41250", "2015-12-31": "18.82070", "2015-09-30": "19.85340", "2015-06-30": "21.01660", "2015-03-31": "21.99450", "2014-12-31": "20.69170", "2014-09-30": "25.28950", "2014-06-30": "27.54140", "2014-03-31": "27.39510", "2013-12-31": "27.05880", "2013-09-30": "27.10950", "2013-06-30": "26.80300", "2013-03-31": "26.84460", "2012-12-31": "26.25560", "2012-09-30": "26.21790", "2012-06-30": "24.40700", "2012-03-31": "23.95110", "2011-12-31": "22.82400", "2011-09-30": "24.84430", "2011-06-30": "25.00510", "2011-03-31": "23.76520", "2010-12-31": "22.49650", "2010-09-30": "22.14840", "2010-06-30": "20.07180", "2010-03-31": "19.42450", "2009-12-31": "18.71940", "2009-09-30": "18.24830", "2009-06-30": "16.06850", "2009-03-31": "14.60430", "2008-12-31": "14.85710", "2008-09-30": "17.60720", "2008-06-30": "17.93300", "2008-03-31": "17.65610", "2007-12-31": "16.56480", "2007-09-30": "15.38080", "2007-06-30": "14.35010", "2007-03-31": "13.95990", "2006-12-31": "13.56140", "2006-09-30": "14.91510", "2006-06-30": "15.29670", "2006-03-31": "14.57560", "2005-12-31": "13.77660", "2005-09-30": "13.48410", "2005-06-30": "13.20140", "2005-03-31": "13.37110"}, "Operating Cash Flow Per Share": {"2020-12-31": 4.3231, "2020-09-30": 4.2435, "2020-06-30": 3.2825, "2020-03-31": "2.08600", "2019-12-31": 3.9668, "2019-09-30": 3.4928, "2019-06-30": 2.843, "2019-03-31": "1.78080", "2018-12-31": 3.709, "2018-09-30": 3.6073, "2018-06-30": 3.1463, "2018-03-31": "0.23340", "2017-12-31": 3.0357, "2017-09-30": 2.8569, "2017-06-30": 2.6774, "2017-03-31": "1.61440", "2016-12-31": 3.5715, "2016-09-30": 3.0973, "2016-06-30": 2.0709, "2016-03-31": "2.02800", "2015-12-31": 3.6083, "2015-09-30": 2.7065, "2015-06-30": 2.0969, "2015-03-31": "1.66360", "2014-12-31": 3.2558, "2014-09-30": 2.6426, "2014-06-30": 2.4917, "2014-03-31": "1.61900", "2013-12-31": 2.8591, "2013-09-30": 1.7041, "2013-06-30": 2.4077, "2013-03-31": "1.41580", "2012-12-31": 2.4698, "2012-09-30": 1.9107, "2012-06-30": 1.9828, "2012-03-31": "1.17260", "2011-12-31": 2.3931, "2011-09-30": 1.9498, "2011-06-30": 1.9971, "2011-03-31": "1.00910", "2010-12-31": 2.2461, "2010-09-30": 1.8264, "2010-06-30": 1.5636, "2010-03-31": "1.49550", "2009-12-31": 1.5091, "2009-09-30": 2.3968, "2009-06-30": 2.0871, "2009-03-31": "0.99870", "2008-12-31": 1.5627, "2008-09-30": 1.701, "2008-06-30": 1.756, "2008-03-31": "1.39010", "2007-12-31": 2.0753, "2007-09-30": 1.4237, "2007-06-30": 1.5191, "2007-03-31": "0.78240", "2006-12-31": 1.7162, "2006-09-30": 1.4879, "2006-06-30": 1.0365, "2006-03-31": "0.80410", "2005-12-31": 1.4714, "2005-09-30": 1.2024, "2005-06-30": 1.4801, "2005-03-31": "1.22690"}, "Free Cash Flow Per Share": {"2020-12-31": 3.7677, "2020-09-30": 3.6373, "2020-06-30": 2.6447, "2020-03-31": "1.52710", "2019-12-31": 3.1085, "2019-09-30": 3.0378, "2019-06-30": 2.1254, "2019-03-31": "1.11810", "2018-12-31": 3.0337, "2018-09-30": 3.0466, "2018-06-30": 2.5586, "2018-03-31": "-0.12730", "2017-12-31": 2.3372, "2017-09-30": 2.3345, "2017-06-30": 2.2047, "2017-03-31": "1.14710", "2016-12-31": 2.9312, "2016-09-30": 2.5332, "2016-06-30": 1.5503, "2016-03-31": "1.55160", "2015-12-31": 2.9484, "2015-09-30": 2.1316, "2015-06-30": 1.5328, "2015-03-31": "1.22150", "2014-12-31": 2.5526, "2014-09-30": 2.1911, "2014-06-30": 2.025, "2014-03-31": "1.18900", "2013-12-31": 2.1406, "2013-09-30": 1.2079, "2013-06-30": 1.8537, "2013-03-31": "0.96850", "2012-12-31": 1.7862, "2012-09-30": 1.4121, "2012-06-30": 1.4771, "2012-03-31": "0.80870", "2011-12-31": 1.7396, "2011-09-30": 1.4789, "2011-06-30": 1.5953, "2011-03-31": "0.69380", "2010-12-31": 1.5462, "2010-09-30": 1.5159, "2010-06-30": 1.3175, "2010-03-31": "1.28270", "2009-12-31": 1.1337, "2009-09-30": 2.166, "2009-06-30": 1.8493, "2009-03-31": "0.66960", "2008-12-31": 0.9256, "2008-09-30": 1.2603, "2008-06-30": 1.2867, "2008-03-31": "0.98020", "2007-12-31": 1.5626, "2007-09-30": 0.9887, "2007-06-30": 1.0696, "2007-03-31": "0.37770", "2006-12-31": 1.1846, "2006-09-30": 1.102, "2006-06-30": 0.7099, "2006-03-31": "0.57770", "2005-12-31": 1.125, "2005-09-30": 0.9344, "2005-06-30": 1.2116, "2005-03-31": "0.95530"}}, "revenue": {"3M Annual Revenue (Millions of US $)": {"2020": "$32,184", "2019": "$32,136", "2018": "$32,765", "2017": "$31,657", "2016": "$30,109", "2015": "$30,274", "2014": "$31,821", "2013": "$30,871", "2012": "$29,904", "2011": "$29,611", "2010": "$26,662", "2009": "$23,123", "2008": "$25,269", "2007": "$24,462", "2006": "$22,923", "2005": "$21,167"}, "3M Quarterly Revenue (Millions of US $)": {"2020-12-31": "$8,583", "2020-09-30": "$8,350", "2020-06-30": "$7,176", "2020-03-31": "$8,075", "2019-12-31": "$8,111", "2019-09-30": "$7,991", "2019-06-30": "$8,171", "2019-03-31": "$7,863", "2018-12-31": "$7,945", "2018-09-30": "$8,152", "2018-06-30": "$8,390", "2018-03-31": "$8,278", "2017-12-31": "$7,990", "2017-09-30": "$8,172", "2017-06-30": "$7,810", "2017-03-31": "$7,685", "2016-12-31": "$7,329", "2016-09-30": "$7,709", "2016-06-30": "$7,662", "2016-03-31": "$7,409", "2015-12-31": "$7,298", "2015-09-30": "$7,712", "2015-06-30": "$7,686", "2015-03-31": "$7,578", "2014-12-31": "$7,719", "2014-09-30": "$8,137", "2014-06-30": "$8,134", "2014-03-31": "$7,831", "2013-12-31": "$7,569", "2013-09-30": "$7,916", "2013-06-30": "$7,752", "2013-03-31": "$7,634", "2012-12-31": "$7,387", "2012-09-30": "$7,497", "2012-06-30": "$7,534", "2012-03-31": "$7,486", "2011-12-31": "$7,089", "2011-09-30": "$7,531", "2011-06-30": "$7,680", "2011-03-31": "$7,311", "2010-12-31": "$6,709", "2010-09-30": "$6,874", "2010-06-30": "$6,731", "2010-03-31": "$6,348", "2009-12-31": "$6,122", "2009-09-30": "$6,193", "2009-06-30": "$5,719", "2009-03-31": "$5,089", "2008-12-31": "$5,509", "2008-09-30": "$6,558", "2008-06-30": "$6,739", "2008-03-31": "$6,463", "2007-12-31": "$6,206", "2007-09-30": "$6,177", "2007-06-30": "$6,142", "2007-03-31": "$5,937", "2006-12-31": "$5,782", "2006-09-30": "$5,858", "2006-06-30": "$5,688", "2006-03-31": "$5,595", "2005-12-31": "$5,325", "2005-09-30": "$5,382", "2005-06-30": "$5,294", "2005-03-31": "$5,166"}}, "gross-profit": {"3M Annual Gross Profit (Millions of US $)": {"2020": "$15,579", "2019": "$15,000", "2018": "$16,083", "2017": "$15,602", "2016": "$14,991", "2015": "$14,891", "2014": "$15,374", "2013": "$14,765", "2012": "$14,219", "2011": "$13,918", "2010": "$12,831", "2009": "$11,014", "2008": "$11,890", "2007": "$11,727", "2006": "$11,210", "2005": "$10,759"}, "3M Quarterly Gross Profit (Millions of US $)": {"2020-12-31": "$4,195", "2020-09-30": "$4,047", "2020-06-30": "$3,371", "2020-03-31": "$3,966", "2019-12-31": "$3,786", "2019-09-30": "$3,803", "2019-06-30": "$3,858", "2019-03-31": "$3,553", "2018-12-31": "$3,885", "2018-09-30": "$3,993", "2018-06-30": "$4,163", "2018-03-31": "$4,042", "2017-12-31": "$3,896", "2017-09-30": "$4,113", "2017-06-30": "$3,790", "2017-03-31": "$3,803", "2016-12-31": "$3,535", "2016-09-30": "$3,862", "2016-06-30": "$3,863", "2016-03-31": "$3,731", "2015-12-31": "$3,471", "2015-09-30": "$3,835", "2015-06-30": "$3,828", "2015-03-31": "$3,757", "2014-12-31": "$3,692", "2014-09-30": "$3,932", "2014-06-30": "$3,950", "2014-03-31": "$3,800", "2013-12-31": "$3,593", "2013-09-30": "$3,768", "2013-06-30": "$3,739", "2013-03-31": "$3,665", "2012-12-31": "$3,396", "2012-09-30": "$3,562", "2012-06-30": "$3,664", "2012-03-31": "$3,597", "2011-12-31": "$3,265", "2011-09-30": "$3,504", "2011-06-30": "$3,640", "2011-03-31": "$3,509", "2010-12-31": "$3,134", "2010-09-30": "$3,291", "2010-06-30": "$3,296", "2010-03-31": "$3,110", "2009-12-31": "$2,933", "2009-09-30": "$3,022", "2009-06-30": "$2,742", "2009-03-31": "$2,317", "2008-12-31": "$2,408", "2008-09-30": "$3,126", "2008-06-30": "$3,229", "2008-03-31": "$3,127", "2007-12-31": "$2,908", "2007-09-30": "$2,937", "2007-06-30": "$2,967", "2007-03-31": "$2,915", "2006-12-31": "$2,620", "2006-09-30": "$2,868", "2006-06-30": "$2,848", "2006-03-31": "$2,874", "2005-12-31": "$2,703", "2005-09-30": "$2,747", "2005-06-30": "$2,692", "2005-03-31": "$2,617"}}, "operating-income": {"3M Annual Operating Income (Millions of US $)": {"2020": "$7,161", "2019": "$6,174", "2018": "$7,207", "2017": "$7,692", "2016": "$7,027", "2015": "$6,946", "2014": "$7,135", "2013": "$6,666", "2012": "$6,483", "2011": "$6,178", "2010": "$5,918", "2009": "$4,814", "2008": "$5,218", "2007": "$6,193", "2006": "$5,696", "2005": "$4,854"}, "3M Quarterly Operating Income (Millions of US $)": {"2020-12-31": "$1,849", "2020-09-30": "$1,909", "2020-06-30": "$1,740", "2020-03-31": "$1,663", "2019-12-31": "$1,325", "2019-09-30": "$2,011", "2019-06-30": "$1,702", "2019-03-31": "$1,136", "2018-12-31": "$1,783", "2018-09-30": "$2,016", "2018-06-30": "$2,401", "2018-03-31": "$1,007", "2017-12-31": "$1,789", "2017-09-30": "$2,008", "2017-06-30": "$2,153", "2017-03-31": "$1,742", "2016-12-31": "$1,469", "2016-09-30": "$1,904", "2016-06-30": "$1,866", "2016-03-31": "$1,788", "2015-12-31": "$1,500", "2015-09-30": "$1,876", "2015-06-30": "$1,840", "2015-03-31": "$1,730", "2014-12-31": "$1,662", "2014-09-30": "$1,901", "2014-06-30": "$1,856", "2014-03-31": "$1,716", "2013-12-31": "$1,579", "2013-09-30": "$1,739", "2013-06-30": "$1,702", "2013-03-31": "$1,646", "2012-12-31": "$1,443", "2012-09-30": "$1,678", "2012-06-30": "$1,728", "2012-03-31": "$1,634", "2011-12-31": "$1,364", "2011-09-30": "$1,581", "2011-06-30": "$1,655", "2011-03-31": "$1,578", "2010-12-31": "$1,301", "2010-09-30": "$1,576", "2010-06-30": "$1,596", "2010-03-31": "$1,445", "2009-12-31": "$1,342", "2009-09-30": "$1,478", "2009-06-30": "$1,191", "2009-03-31": "$803", "2008-12-31": "$755", "2008-09-30": "$1,513", "2008-06-30": "$1,449", "2008-03-31": "$1,501", "2007-12-31": "$1,270", "2007-09-30": "$1,425", "2007-06-30": "$1,397", "2007-03-31": "$2,101", "2006-12-31": "$1,810", "2006-09-30": "$1,342", "2006-06-30": "$1,175", "2006-03-31": "$1,369", "2005-12-31": "$1,190", "2005-09-30": "$1,267", "2005-06-30": "$1,244", "2005-03-31": "$1,153"}}, "ebitda": {"3M Annual EBITDA (Millions of US $)": {"2020": "$9,072", "2019": "$7,767", "2018": "$8,695", "2017": "$9,236", "2016": "$8,501", "2015": "$8,381", "2014": "$8,543", "2013": "$8,037", "2012": "$7,771", "2011": "$7,414", "2010": "$7,038", "2009": "$5,971", "2008": "$6,371", "2007": "$7,265", "2006": "$6,775", "2005": "$5,840"}, "3M Quarterly EBITDA (Millions of US $)": {"2020-12-31": "$2,347", "2020-09-30": "$2,390", "2020-06-30": "$2,232", "2020-03-31": "$2,103", "2019-12-31": "$1,788", "2019-09-30": "$2,390", "2019-06-30": "$2,078", "2019-03-31": "$1,511", "2018-12-31": "$2,154", "2018-09-30": "$2,371", "2018-06-30": "$2,781", "2018-03-31": "$1,389", "2017-12-31": "$2,138", "2017-09-30": "$2,385", "2017-06-30": "$2,533", "2017-03-31": "$2,180", "2016-12-31": "$1,853", "2016-09-30": "$2,272", "2016-06-30": "$2,232", "2016-03-31": "$2,144", "2015-12-31": "$1,897", "2015-09-30": "$2,231", "2015-06-30": "$2,184", "2015-03-31": "$2,069", "2014-12-31": "$2,012", "2014-09-30": "$2,251", "2014-06-30": "$2,214", "2014-03-31": "$2,066", "2013-12-31": "$1,936", "2013-09-30": "$2,082", "2013-06-30": "$2,037", "2013-03-31": "$1,982", "2012-12-31": "$1,775", "2012-09-30": "$2,000", "2012-06-30": "$2,049", "2012-03-31": "$1,947", "2011-12-31": "$1,681", "2011-09-30": "$1,892", "2011-06-30": "$1,974", "2011-03-31": "$1,867", "2010-12-31": "$1,584", "2010-09-30": "$1,854", "2010-06-30": "$1,868", "2010-03-31": "$1,732", "2009-12-31": "$1,640", "2009-09-30": "$1,768", "2009-06-30": "$1,489", "2009-03-31": "$1,074", "2008-12-31": "$1,062", "2008-09-30": "$1,806", "2008-06-30": "$1,734", "2008-03-31": "$1,769", "2007-12-31": "$1,546", "2007-09-30": "$1,688", "2007-06-30": "$1,676", "2007-03-31": "$2,355", "2006-12-31": "$2,161", "2006-09-30": "$1,591", "2006-06-30": "$1,408", "2006-03-31": "$1,615", "2005-12-31": "$1,442", "2005-09-30": "$1,522", "2005-06-30": "$1,481", "2005-03-31": "$1,395"}}, "net-income": {"3M Annual Net Income (Millions of US $)": {"2020": "$5,384", "2019": "$4,570", "2018": "$5,349", "2017": "$4,858", "2016": "$5,050", "2015": "$4,833", "2014": "$4,956", "2013": "$4,659", "2012": "$4,444", "2011": "$4,283", "2010": "$4,085", "2009": "$3,193", "2008": "$3,460", "2007": "$4,096", "2006": "$3,851", "2005": "$3,111"}, "3M Quarterly Net Income (Millions of US $)": {"2020-12-31": "$1,389", "2020-09-30": "$1,413", "2020-06-30": "$1,290", "2020-03-31": "$1,292", "2019-12-31": "$969", "2019-09-30": "$1,583", "2019-06-30": "$1,127", "2019-03-31": "$891", "2018-12-31": "$1,347", "2018-09-30": "$1,543", "2018-06-30": "$1,857", "2018-03-31": "$602", "2017-12-31": "$523", "2017-09-30": "$1,429", "2017-06-30": "$1,583", "2017-03-31": "$1,323", "2016-12-31": "$1,155", "2016-09-30": "$1,329", "2016-06-30": "$1,291", "2016-03-31": "$1,275", "2015-12-31": "$1,038", "2015-09-30": "$1,296", "2015-06-30": "$1,300", "2015-03-31": "$1,199", "2014-12-31": "$1,179", "2014-09-30": "$1,303", "2014-06-30": "$1,267", "2014-03-31": "$1,207", "2013-12-31": "$1,103", "2013-09-30": "$1,230", "2013-06-30": "$1,197", "2013-03-31": "$1,129", "2012-12-31": "$991", "2012-09-30": "$1,161", "2012-06-30": "$1,167", "2012-03-31": "$1,125", "2011-12-31": "$954", "2011-09-30": "$1,088", "2011-06-30": "$1,160", "2011-03-31": "$1,081", "2010-12-31": "$928", "2010-09-30": "$1,106", "2010-06-30": "$1,121", "2010-03-31": "$930", "2009-12-31": "$935", "2009-09-30": "$957", "2009-06-30": "$783", "2009-03-31": "$518", "2008-12-31": "$536", "2008-09-30": "$991", "2008-06-30": "$945", "2008-03-31": "$988", "2007-12-31": "$851", "2007-09-30": "$960", "2007-06-30": "$917", "2007-03-31": "$1,368", "2006-12-31": "$1,176", "2006-09-30": "$894", "2006-06-30": "$882", "2006-03-31": "$899", "2005-12-31": "$746", "2005-09-30": "$840", "2005-06-30": "$754", "2005-03-31": "$771"}}, "eps-earnings-per-share-diluted": {"3M Annual EPS": {"2020": "$9.25", "2019": "$7.81", "2018": "$8.89", "2017": "$7.93", "2016": "$8.16", "2015": "$7.58", "2014": "$7.49", "2013": "$6.72", "2012": "$6.32", "2011": "$5.96", "2010": "$5.63", "2009": "$4.52", "2008": "$4.89", "2007": "$5.60", "2006": "$5.06", "2005": "$3.98"}, "3M Quarterly EPS": {"2020-12-31": "$2.38", "2020-09-30": "$2.43", "2020-06-30": "$2.22", "2020-03-31": "$2.22", "2019-12-31": "$1.66", "2019-09-30": "$2.72", "2019-06-30": "$1.92", "2019-03-31": "$1.51", "2018-12-31": "$2.26", "2018-09-30": "$2.58", "2018-06-30": "$3.07", "2018-03-31": "$0.98", "2017-12-31": "$0.86", "2017-09-30": "$2.33", "2017-06-30": "$2.58", "2017-03-31": "$2.16", "2016-12-31": "$1.88", "2016-09-30": "$2.15", "2016-06-30": "$2.08", "2016-03-31": "$2.05", "2015-12-31": "$1.66", "2015-09-30": "$2.05", "2015-06-30": "$2.02", "2015-03-31": "$1.85", "2014-12-31": "$1.81", "2014-09-30": "$1.98", "2014-06-30": "$1.91", "2014-03-31": "$1.79", "2013-12-31": "$1.62", "2013-09-30": "$1.78", "2013-06-30": "$1.71", "2013-03-31": "$1.61", "2012-12-31": "$1.42", "2012-09-30": "$1.65", "2012-06-30": "$1.66", "2012-03-31": "$1.59", "2011-12-31": "$1.35", "2011-09-30": "$1.52", "2011-06-30": "$1.60", "2011-03-31": "$1.49", "2010-12-31": "$1.27", "2010-09-30": "$1.53", "2010-06-30": "$1.54", "2010-03-31": "$1.29", "2009-12-31": "$1.31", "2009-09-30": "$1.35", "2009-06-30": "$1.12", "2009-03-31": "$0.74", "2008-12-31": "$0.77", "2008-09-30": "$1.41", "2008-06-30": "$1.33", "2008-03-31": "$1.38", "2007-12-31": "$1.18", "2007-09-30": "$1.32", "2007-06-30": "$1.25", "2007-03-31": "$1.85", "2006-12-31": "$1.56", "2006-09-30": "$1.18", "2006-06-30": "$1.15", "2006-03-31": "$1.17", "2005-12-31": "$0.97", "2005-09-30": "$1.08", "2005-06-30": "$0.96", "2005-03-31": "$0.97"}}, "shares-outstanding": {"3M Annual Shares Outstanding (Millions of Shares)": {"2020": "582", "2019": "585", "2018": "602", "2017": "613", "2016": "619", "2015": "637", "2014": "662", "2013": "694", "2012": "703", "2011": "719", "2010": "726", "2009": "707", "2008": "707", "2007": "732", "2006": "761", "2005": "781"}, "3M Quarterly Shares Outstanding (Millions of Shares)": {"2020-12-31": "582", "2020-09-30": "582", "2020-06-30": "581", "2020-03-31": "582", "2019-12-31": "585", "2019-09-30": "583", "2019-06-30": "586", "2019-03-31": "589", "2018-12-31": "602", "2018-09-30": "598", "2018-06-30": "604", "2018-03-31": "613", "2017-12-31": "613", "2017-09-30": "613", "2017-06-30": "613", "2017-03-31": "612", "2016-12-31": "619", "2016-09-30": "619", "2016-06-30": "621", "2016-03-31": "621", "2015-12-31": "637", "2015-09-30": "631", "2015-06-30": "643", "2015-03-31": "649", "2014-12-31": "662", "2014-09-30": "658", "2014-06-30": "665", "2014-03-31": "675", "2013-12-31": "694", "2013-09-30": "692", "2013-06-30": "699", "2013-03-31": "702", "2012-12-31": "703", "2012-09-30": "703", "2012-06-30": "703", "2012-03-31": "706", "2011-12-31": "719", "2011-09-30": "716", "2011-06-30": "727", "2011-03-31": "726", "2010-12-31": "726", "2010-09-30": "725", "2010-06-30": "726", "2010-03-31": "724", "2009-12-31": "707", "2009-09-30": "711", "2009-06-30": "700", "2009-03-31": "696", "2008-12-31": "707", "2008-09-30": "703", "2008-06-30": "712", "2008-03-31": "717", "2007-12-31": "732", "2007-09-30": "730", "2007-06-30": "732", "2007-03-31": "741", "2006-12-31": "761", "2006-09-30": "756", "2006-06-30": "770", "2006-03-31": "769", "2005-12-31": "781", "2005-09-30": "777", "2005-06-30": "785", "2005-03-31": "791"}}, "total-assets": {"3M Annual Total Assets (Millions of US $)": {"2020": "$47,344", "2019": "$44,659", "2018": "$36,500", "2017": "$37,987", "2016": "$32,906", "2015": "$32,883", "2014": "$31,209", "2013": "$33,550", "2012": "$33,876", "2011": "$31,616", "2010": "$30,156", "2009": "$27,250", "2008": "$25,793", "2007": "$24,694", "2006": "$21,294", "2005": "$20,541"}, "3M Quarterly Total Assets (Millions of US $)": {"2020-12-31": "$47,344", "2020-09-30": "$45,390", "2020-06-30": "$45,079", "2020-03-31": "$46,212", "2019-12-31": "$44,659", "2019-09-30": "$42,550", "2019-06-30": "$38,969", "2019-03-31": "$39,140", "2018-12-31": "$36,500", "2018-09-30": "$37,275", "2018-06-30": "$36,778", "2018-03-31": "$38,575", "2017-12-31": "$37,987", "2017-09-30": "$35,237", "2017-06-30": "$33,957", "2017-03-31": "$33,292", "2016-12-31": "$32,906", "2016-09-30": "$34,051", "2016-06-30": "$33,235", "2016-03-31": "$32,982", "2015-12-31": "$32,883", "2015-09-30": "$33,258", "2015-06-30": "$31,388", "2015-03-31": "$30,643", "2014-12-31": "$31,209", "2014-09-30": "$32,776", "2014-06-30": "$33,970", "2014-03-31": "$33,547", "2013-12-31": "$33,550", "2013-09-30": "$33,604", "2013-06-30": "$34,130", "2013-03-31": "$34,029", "2012-12-31": "$33,876", "2012-09-30": "$34,479", "2012-06-30": "$33,339", "2012-03-31": "$32,015", "2011-12-31": "$31,616", "2011-09-30": "$32,115", "2011-06-30": "$32,282", "2011-03-31": "$31,129", "2010-12-31": "$30,156", "2010-09-30": "$30,065", "2010-06-30": "$28,496", "2010-03-31": "$28,022", "2009-12-31": "$27,250", "2009-09-30": "$27,633", "2009-06-30": "$26,095", "2009-03-31": "$24,338", "2008-12-31": "$25,793", "2008-09-30": "$27,609", "2008-06-30": "$27,358", "2008-03-31": "$26,769", "2007-12-31": "$24,694", "2007-09-30": "$24,355", "2007-06-30": "$22,816", "2007-03-31": "$22,739", "2006-12-31": "$21,294", "2006-09-30": "$22,683", "2006-06-30": "$22,033", "2006-03-31": "$21,613", "2005-12-31": "$20,541", "2005-09-30": "$21,366", "2005-06-30": "$19,557", "2005-03-31": "$20,755"}}, "cash-on-hand": {"3M Annual Cash on Hand (Millions of US $)": {"2020": "$5,038", "2019": "$2,451", "2018": "$3,233", "2017": "$4,129", "2016": "$2,678", "2015": "$1,916", "2014": "$3,336", "2013": "$3,337", "2012": "$4,531", "2011": "$3,680", "2010": "$4,478", "2009": "$3,784", "2008": "$2,222", "2007": "$2,475", "2006": "$1,918", "2005": "$1,072"}, "3M Quarterly Cash on Hand (Millions of US $)": {"2020-12-31": "$5,038", "2020-09-30": "$4,561", "2020-06-30": "$4,466", "2020-03-31": "$4,477", "2019-12-31": "$2,451", "2019-09-30": "$7,761", "2019-06-30": "$2,988", "2019-03-31": "$3,477", "2018-12-31": "$3,233", "2018-09-30": "$3,523", "2018-06-30": "$3,186", "2018-03-31": "$4,095", "2017-12-31": "$4,129", "2017-09-30": "$3,417", "2017-06-30": "$2,794", "2017-03-31": "$2,314", "2016-12-31": "$2,678", "2016-09-30": "$2,666", "2016-06-30": "$1,865", "2016-03-31": "$1,513", "2015-12-31": "$1,916", "2015-09-30": "$1,758", "2015-06-30": "$3,485", "2015-03-31": "$2,809", "2014-12-31": "$3,336", "2014-09-30": "$2,696", "2014-06-30": "$3,009", "2014-03-31": "$2,814", "2013-12-31": "$3,337", "2013-09-30": "$3,311", "2013-06-30": "$4,252", "2013-03-31": "$4,376", "2012-12-31": "$4,531", "2012-09-30": "$5,018", "2012-06-30": "$4,903", "2012-03-31": "$3,731", "2011-12-31": "$3,680", "2011-09-30": "$4,862", "2011-06-30": "$4,524", "2011-03-31": "$4,032", "2010-12-31": "$4,478", "2010-09-30": "$5,853", "2010-06-30": "$4,931", "2010-03-31": "$4,607", "2009-12-31": "$3,784", "2009-09-30": "$3,936", "2009-06-30": "$2,974", "2009-03-31": "$1,879", "2008-12-31": "$2,222", "2008-09-30": "$2,967", "2008-06-30": "$2,002", "2008-03-31": "$3,294", "2007-12-31": "$2,475", "2007-09-30": "$2,699", "2007-06-30": "$1,879", "2007-03-31": "$2,286", "2006-12-31": "$1,918", "2006-09-30": "$1,129", "2006-06-30": "$1,246", "2006-03-31": "$1,296", "2005-12-31": "$1,072", "2005-09-30": "$1,848", "2005-06-30": "$1,765", "2005-03-31": "$2,669"}}, "long-term-debt": {"3M Annual Long Term Debt (Millions of US $)": {"2020": "$17,989", "2019": "$17,518", "2018": "$13,411", "2017": "$12,096", "2016": "$10,678", "2015": "$8,753", "2014": "$6,705", "2013": "$4,326", "2012": "$4,916", "2011": "$4,484", "2010": "$4,183", "2009": "$5,097", "2008": "$5,166", "2007": "$4,019", "2006": "$1,047", "2005": "$1,309"}, "3M Quarterly Long Term Debt (Millions of US $)": {"2020-12-31": "$17,989", "2020-09-30": "$18,429", "2020-06-30": "$19,276", "2020-03-31": "$19,247", "2019-12-31": "$17,518", "2019-09-30": "$17,479", "2019-06-30": "$14,914", "2019-03-31": "$15,580", "2018-12-31": "$13,411", "2018-09-30": "$13,539", "2018-06-30": "$11,294", "2018-03-31": "$12,211", "2017-12-31": "$12,096", "2017-09-30": "$10,828", "2017-06-30": "$11,088", "2017-03-31": "$10,802", "2016-12-31": "$10,678", "2016-09-30": "$11,079", "2016-06-30": "$9,299", "2016-03-31": "$8,927", "2015-12-31": "$8,753", "2015-09-30": "$8,974", "2015-06-30": "$8,431", "2015-03-31": "$6,459", "2014-12-31": "$6,705", "2014-09-30": "$5,225", "2014-06-30": "$5,323", "2014-03-31": "$4,401", "2013-12-31": "$4,326", "2013-09-30": "$3,533", "2013-06-30": "$4,884", "2013-03-31": "$4,864", "2012-12-31": "$4,916", "2012-09-30": "$4,852", "2012-06-30": "$5,657", "2012-03-31": "$4,510", "2011-12-31": "$4,484", "2011-09-30": "$4,955", "2011-06-30": "$4,484", "2011-03-31": "$4,486", "2010-12-31": "$4,183", "2010-09-30": "$5,105", "2010-06-30": "$4,949", "2010-03-31": "$5,080", "2009-12-31": "$5,097", "2009-09-30": "$5,204", "2009-06-30": "$5,172", "2009-03-31": "$5,088", "2008-12-31": "$5,166", "2008-09-30": "$4,779", "2008-06-30": "$4,095", "2008-03-31": "$4,140", "2007-12-31": "$4,019", "2007-09-30": "$2,824", "2007-06-30": "$1,766", "2007-03-31": "$1,771", "2006-12-31": "$1,047", "2006-09-30": "$1,230", "2006-06-30": "$1,253", "2006-03-31": "$1,291", "2005-12-31": "$1,309", "2005-09-30": "$688", "2005-06-30": "$706", "2005-03-31": "$707"}}, "total-liabilities": {"3M Annual Total Liabilities (Millions of US $)": {"2020": "$34,413", "2019": "$34,533", "2018": "$26,652", "2017": "$26,365", "2016": "$22,563", "2015": "$21,415", "2014": "$18,067", "2013": "$15,602", "2012": "$15,836", "2011": "$15,754", "2010": "$14,139", "2009": "$13,948", "2008": "$15,489", "2007": "$12,947", "2006": "$11,335", "2005": "$10,146"}, "3M Quarterly Total Liabilities (Millions of US $)": {"2020-12-31": "$34,413", "2020-09-30": "$33,447", "2020-06-30": "$34,164", "2020-03-31": "$36,003", "2019-12-31": "$34,533", "2019-09-30": "$31,786", "2019-06-30": "$28,827", "2019-03-31": "$29,383", "2018-12-31": "$26,652", "2018-09-30": "$26,964", "2018-06-30": "$26,350", "2018-03-31": "$27,536", "2017-12-31": "$26,365", "2017-09-30": "$23,035", "2017-06-30": "$22,313", "2017-03-31": "$22,252", "2016-12-31": "$22,563", "2016-09-30": "$22,003", "2016-06-30": "$21,298", "2016-03-31": "$21,208", "2015-12-31": "$21,415", "2015-09-30": "$21,034", "2015-06-30": "$18,258", "2015-03-31": "$16,691", "2014-12-31": "$18,067", "2014-09-30": "$16,570", "2014-06-30": "$16,124", "2014-03-31": "$15,623", "2013-12-31": "$15,602", "2013-09-30": "$15,352", "2013-06-30": "$15,811", "2013-03-31": "$15,501", "2012-12-31": "$15,836", "2012-09-30": "$16,338", "2012-06-30": "$16,466", "2012-03-31": "$15,396", "2011-12-31": "$15,754", "2011-09-30": "$14,703", "2011-06-30": "$14,540", "2011-03-31": "$14,242", "2010-12-31": "$14,139", "2010-09-30": "$14,232", "2010-06-30": "$14,233", "2010-03-31": "$14,171", "2009-12-31": "$13,948", "2009-09-30": "$14,714", "2009-06-30": "$14,874", "2009-03-31": "$14,197", "2008-12-31": "$15,489", "2008-09-30": "$15,408", "2008-06-30": "$14,823", "2008-03-31": "$14,334", "2007-12-31": "$12,947", "2007-09-30": "$13,385", "2007-06-30": "$12,544", "2007-03-31": "$12,685", "2006-12-31": "$11,335", "2006-09-30": "$11,700", "2006-06-30": "$10,511", "2006-03-31": "$10,624", "2005-12-31": "$10,146", "2005-09-30": "$11,119", "2005-06-30": "$9,457", "2005-03-31": "$10,465"}}, "total-share-holder-equity": {"3M Annual Share Holder Equity (Millions of US $)": {"2020": "$12,931", "2019": "$10,126", "2018": "$9,848", "2017": "$11,622", "2016": "$10,343", "2015": "$11,468", "2014": "$13,142", "2013": "$17,948", "2012": "$18,040", "2011": "$15,862", "2010": "$16,017", "2009": "$13,302", "2008": "$10,304", "2007": "$11,747", "2006": "$9,959", "2005": "$10,395"}, "3M Quarterly Share Holder Equity (Millions of US $)": {"2020-12-31": "$12,931", "2020-09-30": "$11,943", "2020-06-30": "$10,915", "2020-03-31": "$10,209", "2019-12-31": "$10,126", "2019-09-30": "$10,764", "2019-06-30": "$10,142", "2019-03-31": "$9,757", "2018-12-31": "$9,848", "2018-09-30": "$10,311", "2018-06-30": "$10,428", "2018-03-31": "$11,039", "2017-12-31": "$11,622", "2017-09-30": "$12,202", "2017-06-30": "$11,644", "2017-03-31": "$11,040", "2016-12-31": "$10,343", "2016-09-30": "$12,048", "2016-06-30": "$11,937", "2016-03-31": "$11,774", "2015-12-31": "$11,468", "2015-09-30": "$12,224", "2015-06-30": "$13,130", "2015-03-31": "$13,952", "2014-12-31": "$13,142", "2014-09-30": "$16,206", "2014-06-30": "$17,846", "2014-03-31": "$17,924", "2013-12-31": "$17,948", "2013-09-30": "$18,252", "2013-06-30": "$18,319", "2013-03-31": "$18,528", "2012-12-31": "$18,040", "2012-09-30": "$18,141", "2012-06-30": "$16,873", "2012-03-31": "$16,619", "2011-12-31": "$15,862", "2011-09-30": "$17,412", "2011-06-30": "$17,742", "2011-03-31": "$16,887", "2010-12-31": "$16,017", "2010-09-30": "$15,833", "2010-06-30": "$14,263", "2010-03-31": "$13,851", "2009-12-31": "$13,302", "2009-09-30": "$12,919", "2009-06-30": "$11,221", "2009-03-31": "$10,141", "2008-12-31": "$10,304", "2008-09-30": "$12,201", "2008-06-30": "$12,535", "2008-03-31": "$12,435", "2007-12-31": "$11,747", "2007-09-30": "$10,970", "2007-06-30": "$10,272", "2007-03-31": "$10,054", "2006-12-31": "$9,959", "2006-09-30": "$10,983", "2006-06-30": "$11,522", "2006-03-31": "$10,989", "2005-12-31": "$10,395", "2005-09-30": "$10,247", "2005-06-30": "$10,100", "2005-03-31": "$10,290"}}, "profit-margins": {"current": "16.73%"}, "gross margin": {"2020-12-31": "48.41%", "2020-09-30": "47.84%", "2020-06-30": "47.61%", "2020-03-31": "47.65%", "2019-12-31": "46.68%", "2019-09-30": "47.23%", "2019-06-30": "47.58%", "2019-03-31": "48.20%", "2018-12-31": "49.09%", "2018-09-30": "49.05%", "2018-06-30": "49.39%", "2018-03-31": "49.12%", "2017-12-31": "49.28%", "2017-09-30": "49.17%", "2017-06-30": "49.09%", "2017-03-31": "49.57%", "2016-12-31": "49.79%", "2016-09-30": "49.63%", "2016-06-30": "49.53%", "2016-03-31": "49.38%", "2015-12-31": "49.19%", "2015-09-30": "49.23%", "2015-06-30": "48.87%", "2015-03-31": "48.57%", "2014-12-31": "48.31%", "2014-09-30": "48.23%", "2014-06-30": "48.05%", "2014-03-31": "47.96%", "2013-12-31": "47.83%", "2013-09-30": "47.47%", "2013-06-30": "47.45%", "2013-03-31": "47.54%", "2012-12-31": "47.55%", "2012-09-30": "47.58%", "2012-06-30": "47.33%", "2012-03-31": "47.02%", "2011-12-31": "47.00%", "2011-09-30": "47.17%", "2011-06-30": "47.50%", "2011-03-31": "47.89%", "2010-12-31": "48.12%", "2010-09-30": "48.44%", "2010-06-30": "48.68%", "2010-03-31": "48.43%", "2009-12-31": "47.63%", "2009-09-30": "46.60%", "2009-06-30": "46.31%", "2009-03-31": "46.37%", "2008-12-31": "47.05%", "2008-09-30": "47.72%", "2008-06-30": "47.69%", "2008-03-31": "47.78%", "2007-12-31": "47.94%", "2007-09-30": "47.59%", "2007-06-30": "47.94%", "2007-03-31": "48.36%", "2006-12-31": "48.90%", "2006-09-30": "50.27%", "2006-06-30": "50.80%", "2006-03-31": "51.01%", "2005-12-31": "50.83%"}, "operating margin": {"2020-12-31": "22.25%", "2020-09-30": "20.93%", "2020-06-30": "21.49%", "2020-03-31": "20.72%", "2019-12-31": "19.21%", "2019-09-30": "20.74%", "2019-06-30": "20.66%", "2019-03-31": "22.68%", "2018-12-31": "22.00%", "2018-09-30": "21.98%", "2018-06-30": "21.95%", "2018-03-31": "21.57%", "2017-12-31": "24.30%", "2017-09-30": "23.78%", "2017-06-30": "23.80%", "2017-03-31": "22.98%", "2016-12-31": "23.34%", "2016-09-30": "23.47%", "2016-06-30": "23.37%", "2016-03-31": "23.27%", "2015-12-31": "22.94%", "2015-09-30": "23.16%", "2015-06-30": "22.92%", "2015-03-31": "22.65%", "2014-12-31": "22.42%", "2014-09-30": "22.27%", "2014-06-30": "21.91%", "2014-03-31": "21.68%", "2013-12-31": "21.59%", "2013-09-30": "21.28%", "2013-06-30": "21.37%", "2013-03-31": "21.61%", "2012-12-31": "21.68%", "2012-09-30": "21.63%", "2012-06-30": "21.28%", "2012-03-31": "20.93%", "2011-12-31": "20.86%", "2011-09-30": "20.92%", "2011-06-30": "21.38%", "2011-03-31": "21.90%", "2010-12-31": "22.20%", "2010-09-30": "22.85%", "2010-06-30": "23.08%", "2010-03-31": "22.38%", "2009-12-31": "20.82%", "2009-09-30": "18.78%", "2009-06-30": "18.63%", "2009-03-31": "18.92%", "2008-12-31": "20.65%", "2008-09-30": "22.08%", "2008-06-30": "22.06%", "2008-03-31": "22.38%", "2007-12-31": "25.32%", "2007-09-30": "28.01%", "2007-06-30": "28.04%", "2007-03-31": "27.63%", "2006-12-31": "24.85%", "2006-09-30": "22.59%", "2006-06-30": "22.74%", "2006-03-31": "23.48%", "2005-12-31": "22.93%"}, "ebitda margin": {"2020-12-31": "28.19%", "2020-09-30": "26.84%", "2020-06-30": "27.15%", "2020-03-31": "25.84%", "2019-12-31": "24.17%", "2019-09-30": "25.44%", "2019-06-30": "25.25%", "2019-03-31": "27.26%", "2018-12-31": "26.54%", "2018-09-30": "26.45%", "2018-06-30": "26.48%", "2018-03-31": "26.19%", "2017-12-31": "29.18%", "2017-09-30": "28.88%", "2017-06-30": "28.95%", "2017-03-31": "28.10%", "2016-12-31": "28.23%", "2016-09-30": "28.41%", "2016-06-30": "28.27%", "2016-03-31": "28.09%", "2015-12-31": "27.68%", "2015-09-30": "27.68%", "2015-06-30": "27.37%", "2015-03-31": "27.07%", "2014-12-31": "26.85%", "2014-09-30": "26.73%", "2014-06-30": "26.38%", "2014-03-31": "26.14%", "2013-12-31": "26.03%", "2013-09-30": "25.66%", "2013-06-30": "25.75%", "2013-03-31": "25.97%", "2012-12-31": "25.99%", "2012-09-30": "25.93%", "2012-06-30": "25.54%", "2012-03-31": "25.16%", "2011-12-31": "25.04%", "2011-09-30": "25.03%", "2011-06-30": "25.47%", "2011-03-31": "25.97%", "2010-12-31": "26.40%", "2010-09-30": "27.21%", "2010-06-30": "27.60%", "2010-03-31": "27.19%", "2009-12-31": "25.82%", "2009-09-30": "23.96%", "2009-06-30": "23.74%", "2009-03-31": "23.75%", "2008-12-31": "25.21%", "2008-09-30": "26.40%", "2008-06-30": "26.33%", "2008-03-31": "26.73%", "2007-12-31": "29.70%", "2007-09-30": "32.78%", "2007-06-30": "32.81%", "2007-03-31": "32.30%", "2006-12-31": "29.56%", "2006-09-30": "26.96%", "2006-06-30": "27.23%", "2006-03-31": "28.06%", "2005-12-31": "27.59%"}, "pre tax profit margin": {"2020-12-31": "20.85%", "2020-09-30": "19.59%", "2020-06-30": "20.33%", "2020-03-31": "19.14%", "2019-12-31": "17.77%", "2019-09-30": "19.46%", "2019-06-30": "19.36%", "2019-03-31": "22.02%", "2018-12-31": "21.36%", "2018-09-30": "21.19%", "2018-06-30": "21.27%", "2018-03-31": "21.01%", "2017-12-31": "23.84%", "2017-09-30": "24.15%", "2017-06-30": "24.08%", "2017-03-31": "23.18%", "2016-12-31": "23.42%", "2016-09-30": "22.96%", "2016-06-30": "22.90%", "2016-03-31": "22.81%", "2015-12-31": "22.54%", "2015-09-30": "22.80%", "2015-06-30": "22.60%", "2015-03-31": "22.30%", "2014-12-31": "22.08%", "2014-09-30": "21.93%", "2014-06-30": "21.56%", "2014-03-31": "21.35%", "2013-12-31": "21.26%", "2013-09-30": "20.90%", "2013-06-30": "20.95%", "2013-03-31": "21.18%", "2012-12-31": "21.24%", "2012-09-30": "21.18%", "2012-06-30": "20.82%", "2012-03-31": "20.44%", "2011-12-31": "20.37%", "2011-09-30": "20.40%", "2011-06-30": "20.85%", "2011-03-31": "21.35%", "2010-12-31": "21.59%", "2010-09-30": "22.21%", "2010-06-30": "22.40%", "2010-03-31": "21.64%", "2009-12-31": "20.03%", "2009-09-30": "18.04%", "2009-06-30": "18.00%", "2009-03-31": "18.38%", "2008-12-31": "20.21%", "2008-09-30": "21.64%", "2008-06-30": "21.65%", "2008-03-31": "22.01%", "2007-12-31": "25.00%", "2007-09-30": "27.73%", "2007-06-30": "27.72%", "2007-03-31": "27.34%", "2006-12-31": "24.54%", "2006-09-30": "22.32%", "2006-06-30": "22.54%", "2006-03-31": "23.31%", "2005-12-31": "22.81%"}, "net profit margin": {"2020-12-31": "16.73%", "2020-09-30": "15.65%", "2020-06-30": "16.37%", "2020-03-31": "15.37%", "2019-12-31": "14.22%", "2019-09-30": "15.48%", "2019-06-30": "15.27%", "2019-03-31": "17.43%", "2018-12-31": "16.33%", "2018-09-30": "13.79%", "2018-06-30": "13.44%", "2018-03-31": "12.83%", "2017-12-31": "15.35%", "2017-09-30": "17.71%", "2017-06-30": "17.65%", "2017-03-31": "16.78%", "2016-12-31": "16.77%", "2016-09-30": "16.40%", "2016-06-30": "16.29%", "2016-03-31": "16.31%", "2015-12-31": "15.96%", "2015-09-30": "16.20%", "2015-06-30": "16.01%", "2015-03-31": "15.67%", "2014-12-31": "15.57%", "2014-09-30": "15.41%", "2014-06-30": "15.28%", "2014-03-31": "15.25%", "2013-12-31": "15.09%", "2013-09-30": "14.82%", "2013-06-30": "14.79%", "2013-03-31": "14.80%", "2012-12-31": "14.86%", "2012-09-30": "14.89%", "2012-06-30": "14.62%", "2012-03-31": "14.53%", "2011-12-31": "14.46%", "2011-09-30": "14.56%", "2011-06-30": "14.96%", "2011-03-31": "15.33%", "2010-12-31": "15.32%", "2010-09-30": "15.69%", "2010-06-30": "15.53%", "2010-03-31": "14.79%", "2009-12-31": "13.81%", "2009-09-30": "12.41%", "2009-06-30": "12.36%", "2009-03-31": "12.51%", "2008-12-31": "13.69%", "2008-09-30": "14.54%", "2008-06-30": "14.63%", "2008-03-31": "14.87%", "2007-12-31": "16.74%", "2007-09-30": "18.39%", "2007-06-30": "18.36%", "2007-03-31": "18.57%", "2006-12-31": "16.80%", "2006-09-30": "15.23%", "2006-06-30": "15.31%", "2006-03-31": "15.00%", "2005-12-31": "14.70%"}, "pe ratio": {"current": "20.68", "2021-02-10": "19.58", "2020-12-31": "18.90", "2020-09-30": "18.62", "2020-06-30": "17.38", "2020-03-31": "15.59", "2019-12-31": "21.77", "2019-09-30": "18.66", "2019-06-30": "19.82", "2019-03-31": "20.68", "2018-12-31": "19.96", "2018-09-30": "26.08", "2018-06-30": "25.02", "2018-03-31": "29.75", "2017-12-31": "26.99", "2017-09-30": "21.19", "2017-06-30": "21.33", "2017-03-31": "20.66", "2016-12-31": "19.42", "2016-09-30": "19.57", "2016-06-30": "19.57", "2016-03-31": "18.64", "2015-12-31": "17.17", "2015-09-30": "15.75", "2015-06-30": "17.17", "2015-03-31": "18.51", "2014-12-31": "18.47", "2014-09-30": "16.25", "2014-06-30": "16.80", "2014-03-31": "16.27", "2013-12-31": "17.16", "2013-09-30": "15.01", "2013-06-30": "13.94", "2013-03-31": "13.58", "2012-12-31": "11.83", "2012-09-30": "11.81", "2012-06-30": "11.62", "2012-03-31": "11.60", "2011-12-31": "10.73", "2011-09-30": "9.49", "2011-06-30": "12.43", "2011-03-31": "12.31", "2010-12-31": "11.70", "2010-09-30": "11.62", "2010-06-30": "10.86", "2010-03-31": "12.37", "2009-12-31": "13.64", "2009-09-30": "13.70", "2009-06-30": "10.92", "2009-03-31": "8.51", "2008-12-31": "8.47", "2008-09-30": "9.21", "2008-06-30": "9.48", "2008-03-31": "10.88", "2007-12-31": "10.55", "2007-09-30": "10.87", "2007-06-30": "10.26", "2007-03-31": "9.14", "2006-12-31": "10.51"}, "price sales": {"2021-02-11": "3.20", "2020-12-31": "3.13", "2020-09-30": "2.89", "2020-06-30": "2.82", "2020-03-31": "2.38", "2019-12-31": "3.07", "2019-09-30": "2.87", "2019-06-30": "3.01", "2019-03-31": "3.58", "2018-12-31": "3.25", "2018-09-30": "3.58", "2018-06-30": "3.34", "2018-03-31": "3.78", "2017-12-31": "4.10", "2017-09-30": "3.73", "2017-06-30": "3.74", "2017-03-31": "3.44", "2016-12-31": "3.24", "2016-09-30": "3.20", "2016-06-30": "3.17", "2016-03-31": "3.02", "2015-12-31": "2.73", "2015-09-30": "2.54", "2015-06-30": "2.74", "2015-03-31": "2.89", "2014-12-31": "2.87", "2014-09-30": "2.50", "2014-06-30": "2.56", "2014-03-31": "2.47", "2013-12-31": "2.58", "2013-09-30": "2.21", "2013-06-30": "2.05", "2013-03-31": "1.99", "2012-12-31": "1.74", "2012-09-30": "1.75", "2012-06-30": "1.69", "2012-03-31": "1.68", "2011-12-31": "1.55", "2011-09-30": "1.37", "2011-06-30": "1.84", "2011-03-31": "1.87", "2010-12-31": "1.78", "2010-09-30": "1.80", "2010-06-30": "1.67", "2010-03-31": "1.81", "2009-12-31": "1.86", "2009-09-30": "1.69", "2009-06-30": "1.34", "2009-03-31": "1.06", "2008-12-31": "1.15", "2008-09-30": "1.33", "2008-06-30": "1.38", "2008-03-31": "1.61", "2007-12-31": "1.75", "2007-09-30": "1.99", "2007-06-30": "1.88", "2007-03-31": "1.70", "2006-12-31": "1.76"}, "price book": {"current": "8.07", "2021-02-10": "8.09", "2020-12-31": "7.81", "2020-09-30": "7.67", "2020-06-30": "8.09", "2020-03-31": "7.48", "2019-12-31": "9.66", "2019-09-30": "8.39", "2019-06-30": "9.31", "2019-03-31": "11.52", "2018-12-31": "10.40", "2018-09-30": "11.02", "2018-06-30": "10.18", "2018-03-31": "10.78", "2017-12-31": "10.94", "2017-09-30": "9.26", "2017-06-30": "9.59", "2017-03-31": "9.24", "2016-12-31": "9.14", "2016-09-30": "7.76", "2016-06-30": "7.77", "2016-03-31": "7.47", "2015-12-31": "6.92", "2015-09-30": "6.13", "2015-06-30": "6.26", "2015-03-31": "6.35", "2014-12-31": "6.69", "2014-09-30": "4.69", "2014-06-30": "4.33", "2014-03-31": "4.10", "2013-12-31": "4.26", "2013-09-30": "3.60", "2013-06-30": "3.32", "2013-03-31": "3.20", "2012-12-31": "2.84", "2012-09-30": "2.82", "2012-06-30": "2.91", "2012-03-31": "2.94", "2011-12-31": "2.80", "2011-09-30": "2.25", "2011-06-30": "2.93", "2011-03-31": "3.02", "2010-12-31": "2.93", "2010-09-30": "2.97", "2010-06-30": "2.97", "2010-03-31": "3.22", "2009-12-31": "3.29", "2009-09-30": "2.99", "2009-06-30": "2.74", "2009-03-31": "2.48", "2008-12-31": "2.79", "2008-09-30": "2.77", "2008-06-30": "2.75", "2008-03-31": "3.16", "2007-12-31": "3.56", "2007-09-30": "4.23", "2007-06-30": "4.18", "2007-03-31": "3.77", "2006-12-31": "3.93", "2006-09-30": "3.39", "2006-06-30": "3.57", "2006-03-31": "3.49"}, "price fcf": {"2021-02-10": "", "2020-12-31": "$11.58", "2020-09-30": "$10.92", "2020-06-30": "$10.32", "2020-03-31": "$9.80", "2019-12-31": "$9.39", "2019-09-30": "$9.32", "2019-06-30": "$9.32", "2019-03-31": "$9.76", "2018-12-31": "$8.51", "2018-09-30": "$7.82", "2018-06-30": "$7.10", "2018-03-31": "$6.75", "2017-12-31": "$8.02", "2017-09-30": "$8.62", "2017-06-30": "$8.82", "2017-03-31": "$8.16", "2016-12-31": "$8.57", "2016-09-30": "$8.58", "2016-06-30": "$8.18", "2016-03-31": "$8.16", "2015-12-31": "$7.83", "2015-09-30": "$7.44", "2015-06-30": "$7.50", "2015-03-31": "$7.99", "2014-12-31": "$7.96", "2014-09-30": "$7.55", "2014-06-30": "$6.56", "2014-03-31": "$6.39", "2013-12-31": "$6.17", "2013-09-30": "$5.82", "2013-06-30": "$6.02", "2013-03-31": "$5.64", "2012-12-31": "$5.48", "2012-09-30": "$5.44", "2012-06-30": "$5.50", "2012-03-31": "$5.62", "2011-12-31": "$5.51", "2011-09-30": "$5.31", "2011-06-30": "$5.35", "2011-03-31": "$5.07", "2010-12-31": "$5.66", "2010-09-30": "$5.25", "2010-06-30": "$5.90", "2010-03-31": "$6.43", "2009-12-31": "$5.82", "2009-09-30": "$5.61", "2009-06-30": "$4.70", "2009-03-31": "$4.14", "2008-12-31": "$4.45", "2008-09-30": "$5.09", "2008-06-30": "$4.82", "2008-03-31": "$4.60", "2007-12-31": "$4.00", "2007-09-30": "$3.62", "2007-06-30": "$3.73", "2007-03-31": "$3.37", "2006-12-31": "$3.57"}, "net worth": {"value": "$104.78B"}, "current ratio": {"current": "1.89", "2020-12-31": "1.89", "2020-09-30": "1.90", "2020-06-30": "1.94", "2020-03-31": "1.65", "2019-12-31": "1.41", "2019-09-30": "2.30", "2019-06-30": "1.93", "2019-03-31": "2.02", "2018-12-31": "1.89", "2018-09-30": "1.97", "2018-06-30": "1.56", "2018-03-31": "1.65", "2017-12-31": "1.86", "2017-09-30": "2.07", "2017-06-30": "2.22", "2017-03-31": "1.99", "2016-12-31": "1.89", "2016-09-30": "1.90", "2016-06-30": "1.58", "2016-03-31": "1.52", "2015-12-31": "1.54", "2015-09-30": "1.65", "2015-06-30": "2.64", "2015-03-31": "2.46", "2014-12-31": "2.06", "2014-09-30": "1.65", "2014-06-30": "1.87", "2014-03-31": "1.71", "2013-12-31": "1.70", "2013-09-30": "1.79", "2013-06-30": "2.21", "2013-03-31": "2.33", "2012-12-31": "2.20", "2012-09-30": "2.20", "2012-06-30": "2.47", "2012-03-31": "2.38", "2011-12-31": "2.25", "2011-09-30": "2.22", "2011-06-30": "2.18", "2011-03-31": "2.14", "2010-12-31": "2.01", "2010-09-30": "2.60", "2010-06-30": "2.37", "2010-03-31": "2.35", "2009-12-31": "2.20", "2009-09-30": "1.94", "2009-06-30": "1.86", "2009-03-31": "1.83", "2008-12-31": "1.64", "2008-09-30": "1.54", "2008-06-30": "1.51", "2008-03-31": "1.69", "2007-12-31": "1.84", "2007-09-30": "1.46", "2007-06-30": "1.28", "2007-03-31": "1.30", "2006-12-31": "1.22", "2006-09-30": "1.21", "2006-06-30": "1.49", "2006-03-31": "1.45", "2005-12-31": "1.36", "2005-09-30": "1.19", "2005-06-30": "1.50", "2005-03-31": "1.43"}, "quick ratio": {"2020-12-31": "1.35", "2020-09-30": "1.37", "2020-06-30": "1.37", "2020-03-31": "1.19", "2019-12-31": "0.96", "2019-09-30": "1.79", "2019-06-30": "1.34", "2019-03-31": "1.38", "2018-12-31": "1.29", "2018-09-30": "1.36", "2018-06-30": "1.08", "2018-03-31": "1.18", "2017-12-31": "1.33", "2017-09-30": "1.47", "2017-06-30": "1.55", "2017-03-31": "1.38", "2016-12-31": "1.34", "2016-09-30": "1.34", "2016-06-30": "1.08", "2016-03-31": "1.01", "2015-12-31": "1.05", "2015-09-30": "1.12", "2015-06-30": "1.88", "2015-03-31": "1.73", "2014-12-31": "1.44", "2014-09-30": "1.13", "2014-06-30": "1.29", "2014-03-31": "1.18", "2013-12-31": "1.18", "2013-09-30": "1.26", "2013-06-30": "1.59", "2013-03-31": "1.69", "2012-12-31": "1.58", "2012-09-30": "1.62", "2012-06-30": "1.83", "2012-03-31": "1.72", "2011-12-31": "1.62", "2011-09-30": "1.63", "2011-06-30": "1.58", "2011-03-31": "1.55", "2010-12-31": "1.49", "2010-09-30": "2.01", "2010-06-30": "1.82", "2010-03-31": "1.81", "2009-12-31": "1.67", "2009-09-30": "1.49", "2009-06-30": "1.37", "2009-03-31": "1.27", "2008-12-31": "1.13", "2008-09-30": "1.10", "2008-06-30": "1.05", "2008-03-31": "1.24", "2007-12-31": "1.30", "2007-09-30": "1.07", "2007-06-30": "0.91", "2007-03-31": "0.93", "2006-12-31": "0.87", "2006-09-30": "0.83", "2006-06-30": "1.02", "2006-03-31": "1.02", "2005-12-31": "0.95", "2005-09-30": "0.88", "2005-06-30": "1.12", "2005-03-31": "1.11"}, "debt equity ratio": {"current": "1.39", "2020-12-31": "2.66", "2020-09-30": "2.80", "2020-06-30": "3.13", "2020-03-31": "3.53", "2019-12-31": "3.41", "2019-09-30": "2.95", "2019-06-30": "2.84", "2019-03-31": "3.01", "2018-12-31": "2.71", "2018-09-30": "2.62", "2018-06-30": "2.53", "2018-03-31": "2.49", "2017-12-31": "2.27", "2017-09-30": "1.89", "2017-06-30": "1.92", "2017-03-31": "2.02", "2016-12-31": "2.18", "2016-09-30": "1.83", "2016-06-30": "1.78", "2016-03-31": "1.80", "2015-12-31": "1.87", "2015-09-30": "1.72", "2015-06-30": "1.39", "2015-03-31": "1.20", "2014-12-31": "1.38", "2014-09-30": "1.02", "2014-06-30": "0.90", "2014-03-31": "0.87", "2013-12-31": "0.87", "2013-09-30": "0.84", "2013-06-30": "0.86", "2013-03-31": "0.84", "2012-12-31": "0.88", "2012-09-30": "0.90", "2012-06-30": "0.98", "2012-03-31": "0.93", "2011-12-31": "0.99", "2011-09-30": "0.84", "2011-06-30": "0.82", "2011-03-31": "0.84", "2010-12-31": "0.88", "2010-09-30": "0.90", "2010-06-30": "1.00", "2010-03-31": "1.02", "2009-12-31": "1.05", "2009-09-30": "1.14", "2009-06-30": "1.33", "2009-03-31": "1.40", "2008-12-31": "1.50", "2008-09-30": "1.26", "2008-06-30": "1.18", "2008-03-31": "1.15", "2007-12-31": "1.10", "2007-09-30": "1.22", "2007-06-30": "1.22", "2007-03-31": "1.26", "2006-12-31": "1.14", "2006-09-30": "1.07", "2006-06-30": "0.91", "2006-03-31": "0.97", "2005-12-31": "0.98", "2005-09-30": "1.09", "2005-06-30": "0.94", "2005-03-31": "1.02"}, "return on equity": {"2020-12-31": "46.82%", "2020-09-30": "45.97%", "2020-06-30": "48.88%", "2020-03-31": "48.21%", "2019-12-31": "44.82%", "2019-09-30": "48.86%", "2019-06-30": "49.01%", "2019-03-31": "55.90%", "2018-12-31": "51.40%", "2018-09-30": "41.71%", "2018-06-30": "38.96%", "2018-03-31": "35.58%", "2017-12-31": "41.78%", "2017-09-30": "48.55%", "2017-06-30": "47.83%", "2017-03-31": "44.95%", "2016-12-31": "43.82%", "2016-09-30": "41.78%", "2016-06-30": "41.35%", "2016-03-31": "40.41%", "2015-12-31": "38.07%", "2015-09-30": "37.93%", "2015-06-30": "35.31%", "2015-03-31": "32.37%", "2014-12-31": "30.44%", "2014-09-30": "27.92%", "2014-06-30": "26.72%", "2014-03-31": "26.16%", "2013-12-31": "25.51%", "2013-09-30": "24.87%", "2013-06-30": "24.53%", "2013-03-31": "24.86%", "2012-12-31": "25.51%", "2012-09-30": "26.12%", "2012-06-30": "25.97%", "2012-03-31": "25.59%", "2011-12-31": "25.23%", "2011-09-30": "25.02%", "2011-06-30": "25.72%", "2011-03-31": "26.90%", "2010-12-31": "27.25%", "2010-09-30": "28.59%", "2010-06-30": "29.03%", "2010-03-31": "28.11%", "2009-12-31": "26.84%", "2009-09-30": "25.07%", "2009-06-30": "25.79%", "2009-03-31": "26.47%", "2008-12-31": "29.15%", "2008-09-30": "30.87%", "2008-06-30": "31.40%", "2008-03-31": "32.72%", "2007-12-31": "38.06%", "2007-09-30": "42.87%", "2007-06-30": "42.21%", "2007-03-31": "40.64%", "2006-12-31": "35.45%", "2006-09-30": "31.18%", "2006-06-30": "31.21%", "2006-03-31": "31.05%", "2005-12-31": "30.33%"}, "return on assets": {"2020-12-31": "11.70%", "2020-09-30": "10.95%", "2020-06-30": "11.50%", "2020-03-31": "11.53%", "2019-12-31": "11.06%", "2019-09-30": "12.59%", "2019-06-30": "12.93%", "2019-03-31": "15.07%", "2018-12-31": "14.35%", "2018-09-30": "12.02%", "2018-06-30": "11.88%", "2018-03-31": "11.35%", "2017-12-31": "13.83%", "2017-09-30": "16.22%", "2017-06-30": "16.06%", "2017-03-31": "15.28%", "2016-12-31": "15.17%", "2016-09-30": "14.82%", "2016-06-30": "14.81%", "2016-03-31": "15.05%", "2015-12-31": "15.08%", "2015-09-30": "15.73%", "2015-06-30": "15.81%", "2015-03-31": "15.39%", "2014-12-31": "15.08%", "2014-09-30": "14.58%", "2014-06-30": "14.28%", "2014-03-31": "14.05%", "2013-12-31": "13.77%", "2013-09-30": "13.41%", "2013-06-30": "13.12%", "2013-03-31": "13.11%", "2012-12-31": "13.29%", "2012-09-30": "13.41%", "2012-06-30": "13.43%", "2012-03-31": "13.52%", "2011-12-31": "13.47%", "2011-09-30": "13.55%", "2011-06-30": "13.83%", "2011-03-31": "14.14%", "2010-12-31": "14.00%", "2010-09-30": "14.38%", "2010-06-30": "14.16%", "2010-03-31": "13.23%", "2009-12-31": "12.13%", "2009-09-30": "10.76%", "2009-06-30": "10.89%", "2009-03-31": "11.38%", "2008-12-31": "12.87%", "2008-09-30": "14.19%", "2008-06-30": "14.52%", "2008-03-31": "15.07%", "2007-12-31": "17.32%", "2007-09-30": "19.39%", "2007-06-30": "19.46%", "2007-03-31": "19.47%", "2006-12-31": "17.58%", "2006-09-30": "15.75%", "2006-06-30": "15.74%", "2006-03-31": "15.60%", "2005-12-31": "15.14%"}, "return on investments": {"2020-12-31": "23.68%", "2020-09-30": "22.56%", "2020-06-30": "23.33%", "2020-03-31": "24.28%", "2019-12-31": "23.24%", "2019-09-30": "26.03%", "2019-06-30": "27.23%", "2019-03-31": "31.16%", "2018-12-31": "31.31%", "2018-09-30": "31.18%", "2018-06-30": "31.42%", "2018-03-31": "30.01%", "2017-12-31": "33.69%", "2017-09-30": "33.27%", "2017-06-30": "32.77%", "2017-03-31": "32.01%", "2016-12-31": "32.65%", "2016-09-30": "33.10%", "2016-06-30": "33.73%", "2016-03-31": "33.48%", "2015-12-31": "33.32%", "2015-09-30": "34.25%", "2015-06-30": "34.27%", "2015-03-31": "33.70%", "2014-12-31": "32.89%", "2014-09-30": "31.62%", "2014-06-30": "30.78%", "2014-03-31": "30.08%", "2013-12-31": "29.41%", "2013-09-30": "28.60%", "2013-06-30": "27.96%", "2013-03-31": "28.28%", "2012-12-31": "28.94%", "2012-09-30": "29.44%", "2012-06-30": "29.21%", "2012-03-31": "28.97%", "2011-12-31": "28.63%", "2011-09-30": "28.39%", "2011-06-30": "28.84%", "2011-03-31": "29.62%", "2010-12-31": "29.86%", "2010-09-30": "30.76%", "2010-06-30": "31.40%", "2010-03-31": "30.38%", "2009-12-31": "28.26%", "2009-09-30": "25.93%", "2009-06-30": "26.61%", "2009-03-31": "28.11%", "2008-12-31": "31.79%", "2008-09-30": "34.77%", "2008-06-30": "35.98%", "2008-03-31": "38.46%", "2007-12-31": "46.37%", "2007-09-30": "55.34%", "2007-06-30": "56.50%", "2007-03-31": "53.77%", "2006-12-31": "47.20%", "2006-09-30": "41.46%", "2006-06-30": "41.94%", "2006-03-31": "44.35%", "2005-12-31": "43.69%"}, "return on tangible equity": {"2020-12-31": "-67.31%", "2020-09-30": "-56.75%", "2020-06-30": "-68.54%", "2020-03-31": "-79.92%", "2019-12-31": "-93.81%", "2019-09-30": "-156.46%", "2019-06-30": "-154.64%", "2019-03-31": "-191.69%", "2018-12-31": "-208.13%", "2018-09-30": "-195.74%", "2018-06-30": "-298.90%", "2018-03-31": "-533.98%", "2017-12-31": "-1660.85%", "2017-09-30": "-4518.52%", "2017-06-30": "-1967.15%", "2017-03-31": "-1533.23%", "2016-12-31": "-2030.15%", "2016-09-30": "-8432.48%", "2016-06-30": "-10208.33%", "2016-03-31": "436.94%", "2015-12-31": "188.27%", "2015-09-30": "129.98%", "2015-06-30": "88.37%", "2015-03-31": "74.47%", "2014-12-31": "66.32%", "2014-09-30": "57.16%", "2014-06-30": "53.65%", "2014-03-31": "52.17%", "2013-12-31": "50.61%", "2013-09-30": "49.64%", "2013-06-30": "49.01%", "2013-03-31": "50.53%", "2012-12-31": "53.17%", "2012-09-30": "55.78%", "2012-06-30": "56.20%", "2012-03-31": "55.18%", "2011-12-31": "54.45%", "2011-09-30": "53.31%", "2011-06-30": "52.98%", "2011-03-31": "54.36%", "2010-12-31": "54.04%", "2010-09-30": "56.46%", "2010-06-30": "60.66%", "2010-03-31": "63.45%", "2009-12-31": "66.87%", "2009-09-30": "69.30%", "2009-06-30": "71.48%", "2009-03-31": "68.38%", "2008-12-31": "65.38%", "2008-09-30": "61.96%", "2008-06-30": "60.29%", "2008-03-31": "61.02%", "2007-12-31": "72.24%", "2007-09-30": "82.28%", "2007-06-30": "78.65%", "2007-03-31": "71.08%", "2006-12-31": "58.96%", "2006-09-30": "50.06%", "2006-06-30": "49.68%", "2006-03-31": "47.97%", "2005-12-31": "45.36%"}, "dividend yield history": {"last payout": "$5.88", "last yield": "3.25%"}}