{"ticker": "MNST", "price": {"title": "Monster Beverage Historical Annual Stock Price Data", "value": 89.94, "historical": {"2021": {"Average Stock Price": "90.4396", "Year Open": "90.6000", "Year High": "94.9900", "Year Low": "85.9300", "Year Close": "89.9400", "Annual % Change": "-2.75%"}, "2020": {"Average Stock Price": "73.2524", "Year Open": "63.7000", "Year High": "92.4800", "Year Low": "50.9700", "Year Close": "92.4800", "Annual % Change": "45.52%"}, "2019": {"Average Stock Price": "59.1713", "Year Open": "48.7600", "Year High": "66.0000", "Year Low": "48.0000", "Year Close": "63.5500", "Annual % Change": "29.11%"}, "2018": {"Average Stock Price": "57.6694", "Year Open": "62.7100", "Year High": "68.9100", "Year Low": "47.9500", "Year Close": "49.2200", "Annual % Change": "-22.23%"}, "2017": {"Average Stock Price": "51.6949", "Year Open": "45.5400", "Year High": "64.2300", "Year Low": "41.4400", "Year Close": "63.2900", "Annual % Change": "42.74%"}, "2016": {"Average Stock Price": "47.6633", "Year Open": "48.1133", "Year High": "54.1733", "Year Low": "38.9400", "Year Close": "44.3400", "Annual % Change": "-10.70%"}, "2015": {"Average Stock Price": "45.4620", "Year Open": "36.0533", "Year High": "52.4067", "Year Low": "36.0533", "Year Close": "49.6533", "Annual % Change": "37.48%"}, "2014": {"Average Stock Price": "26.7873", "Year Open": "22.2600", "Year High": "37.5200", "Year Low": "21.0900", "Year Close": "36.1167", "Annual % Change": "59.88%"}, "2013": {"Average Stock Price": "18.6568", "Year Open": "18.0767", "Year High": "22.6000", "Year Low": "15.3967", "Year Close": "22.5900", "Annual % Change": "28.26%"}, "2012": {"Average Stock Price": "19.7726", "Year Open": "15.4167", "Year High": "26.2400", "Year Low": "13.6933", "Year Close": "17.6133", "Annual % Change": "14.69%"}, "2011": {"Average Stock Price": "12.4367", "Year Open": "8.9250", "Year High": "16.1900", "Year Low": "8.6600", "Year Close": "15.3567", "Annual % Change": "76.24%"}, "2010": {"Average Stock Price": "7.3556", "Year Open": "6.5467", "Year High": "9.0650", "Year Low": "6.2250", "Year Close": "8.7133", "Annual % Change": "36.15%"}, "2009": {"Average Stock Price": "5.8186", "Year Open": "5.8017", "Year High": "7.2683", "Year Low": "4.7117", "Year Close": "6.4000", "Annual % Change": "14.52%"}, "2008": {"Average Stock Price": "5.2726", "Year Open": "7.1967", "Year High": "7.5317", "Year Low": "3.5000", "Year Close": "5.5883", "Annual % Change": "-24.30%"}, "2007": {"Average Stock Price": "7.3036", "Year Open": "5.6533", "Year High": "11.3517", "Year Low": "5.4917", "Year Close": "7.3817", "Annual % Change": "31.50%"}, "2006": {"Average Stock Price": "5.4906", "Year Open": "3.4550", "Year High": "8.5563", "Year Low": "3.3579", "Year Close": "5.6133", "Annual % Change": "70.94%"}, "2005": {"Average Stock Price": "1.7545", "Year Open": "0.7654", "Year High": "3.6129", "Year Low": "0.6981", "Year Close": "3.2838", "Annual % Change": "332.93%"}, "2004": {"Average Stock Price": "0.4351", "Year Open": "0.1725", "Year High": "0.7585", "Year Low": "0.1650", "Year Close": "0.7585", "Annual % Change": "332.44%"}, "2003": {"Average Stock Price": "0.1113", "Year Open": "0.0885", "Year High": "0.1867", "Year Low": "0.0721", "Year Close": "0.1754", "Annual % Change": "99.54%"}, "2002": {"Average Stock Price": "0.0857", "Year Open": "0.0854", "Year High": "0.0963", "Year Low": "0.0688", "Year Close": "0.0879", "Annual % Change": "0.46%"}, "2001": {"Average Stock Price": "0.0760", "Year Open": "0.0794", "Year High": "0.0899", "Year Low": "0.0610", "Year Close": "0.0875", "Annual % Change": "8.43%"}, "2000": {"Average Stock Price": "0.0928", "Year Open": "0.0899", "Year High": "0.1230", "Year Low": "0.0677", "Year Close": "0.0807", "Annual % Change": "-10.23%"}, "1999": {"Average Stock Price": "0.0963", "Year Open": "0.1107", "Year High": "0.1146", "Year Low": "0.0768", "Year Close": "0.0899", "Annual % Change": "-19.73%"}, "1998": {"Average Stock Price": "0.0804", "Year Open": "0.0377", "Year High": "0.1406", "Year Low": "0.0306", "Year Close": "0.1120", "Annual % Change": "196.30%"}, "1997": {"Average Stock Price": "0.0295", "Year Open": "0.0221", "Year High": "0.0462", "Year Low": "0.0202", "Year Close": "0.0378", "Annual % Change": "71.04%"}, "1996": {"Average Stock Price": "0.0282", "Year Open": "0.0144", "Year High": "0.0508", "Year Low": "0.0129", "Year Close": "0.0221", "Annual % Change": "54.55%"}}}, "market cap": {"value": "$47.78B"}, "income statement": {"Revenue": {"2019-12-31": "4200.81900", "2018-12-31": "3807.18300", "2017-12-31": "3369.04500", "2016-12-31": "3049.39300", "2015-12-31": "2722.56400", "2014-12-31": "2464.86700", "2013-12-31": "2246.42800", "2012-12-31": "2060.70200", "2011-12-31": "1703.23000", "2010-12-31": "1303.94200", "2009-12-31": "1143.29900", "2008-12-31": "1033.78000", "2007-12-31": "904.46500", "2006-12-31": "605.77400", "2005-12-31": "348.88600"}, "Cost Of Goods Sold": {"2019-12-31": "1682.23400", "2018-12-31": "1511.80800", "2017-12-31": "1231.35500", "2016-12-31": "1107.39300", "2015-12-31": "1090.26300", "2014-12-31": "1125.05700", "2013-12-31": "1073.49700", "2012-12-31": "995.04600", "2011-12-31": "808.92100", "2010-12-31": "623.70200", "2009-12-31": "530.98300", "2008-12-31": "494.98600", "2007-12-31": "436.45200", "2006-12-31": "289.18000", "2005-12-31": "166.34300"}, "Gross Profit": {"2019-12-31": "2518.58500", "2018-12-31": "2295.37500", "2017-12-31": "2137.69000", "2016-12-31": "1942.00000", "2015-12-31": "1632.30100", "2014-12-31": "1339.81000", "2013-12-31": "1172.93100", "2012-12-31": "1065.65600", "2011-12-31": "894.30900", "2010-12-31": "680.24000", "2009-12-31": "612.31600", "2008-12-31": "538.79410", "2007-12-31": "468.01300", "2006-12-31": "316.59400", "2005-12-31": "182.54300"}, "Research And Development Expenses": {"2019-12-31": "", "2018-12-31": "", "2017-12-31": "", "2016-12-31": "", "2015-12-31": "", "2014-12-31": "", "2013-12-31": "", "2012-12-31": "", "2011-12-31": "", "2010-12-31": "", "2009-12-31": "", "2008-12-31": "", "2007-12-31": "", "2006-12-31": "", "2005-12-31": ""}, "SG&A Expenses": {"2019-12-31": "1115.64600", "2018-12-31": "1011.75600", "2017-12-31": "938.90300", "2016-12-31": "856.66200", "2015-12-31": "900.11800", "2014-12-31": "592.30500", "2013-12-31": "600.01500", "2012-12-31": "515.03300", "2011-12-31": "437.88600", "2010-12-31": "332.42600", "2009-12-31": "275.00700", "2008-12-31": "375.20300", "2007-12-31": "237.02700", "2006-12-31": "158.01500", "2005-12-31": "79.10000"}, "Other Operating Income Or Expenses": {"2019-12-31": "", "2018-12-31": "", "2017-12-31": "", "2016-12-31": "", "2015-12-31": "161.47000", "2014-12-31": "", "2013-12-31": "", "2012-12-31": "", "2011-12-31": "", "2010-12-31": "", "2009-12-31": "", "2008-12-31": "", "2007-12-31": "", "2006-12-31": "", "2005-12-31": ""}, "Operating Expenses": {"2019-12-31": "2797.88000", "2018-12-31": "2523.56400", "2017-12-31": "2170.25800", "2016-12-31": "1964.05500", "2015-12-31": "1828.91100", "2014-12-31": "1717.36200", "2013-12-31": "1673.51200", "2012-12-31": "1510.07900", "2011-12-31": "1246.80700", "2010-12-31": "956.12810", "2009-12-31": "805.99000", "2008-12-31": "870.18900", "2007-12-31": "673.47900", "2006-12-31": "447.19500", "2005-12-31": "245.44300"}, "Operating Income": {"2019-12-31": "1402.93900", "2018-12-31": "1283.61900", "2017-12-31": "1198.78700", "2016-12-31": "1085.33800", "2015-12-31": "893.65310", "2014-12-31": "747.50490", "2013-12-31": "572.91600", "2012-12-31": "550.62280", "2011-12-31": "456.42300", "2010-12-31": "347.81400", "2009-12-31": "337.30900", "2008-12-31": "163.59110", "2007-12-31": "230.98600", "2006-12-31": "158.57900", "2005-12-31": "103.44300"}, "Total Non-Operating Income/Expense": {"2019-12-31": "13.02300", "2018-12-31": "9.65300", "2017-12-31": "2.83600", "2016-12-31": "-5.65300", "2015-12-31": "-2.10500", "2014-12-31": "-1.71700", "2013-12-31": "-9.02200", "2012-12-31": "-1.46900", "2011-12-31": "0.84700", "2010-12-31": "1.48800", "2009-12-31": "-1.61400", "2008-12-31": "9.88600", "2007-12-31": "8.77000", "2006-12-31": "3.66000", "2005-12-31": "1.35100"}, "Pre-Tax Income": {"2019-12-31": "1415.96200", "2018-12-31": "1293.27200", "2017-12-31": "1201.62300", "2016-12-31": "1079.68500", "2015-12-31": "891.54800", "2014-12-31": "745.78800", "2013-12-31": "563.89400", "2012-12-31": "549.15400", "2011-12-31": "457.27000", "2010-12-31": "349.30200", "2009-12-31": "335.69500", "2008-12-31": "173.47700", "2007-12-31": "239.75600", "2006-12-31": "162.23900", "2005-12-31": "104.79400"}, "Income Taxes": {"2019-12-31": "308.12700", "2018-12-31": "300.26800", "2017-12-31": "380.94500", "2016-12-31": "367.00000", "2015-12-31": "344.81500", "2014-12-31": "262.60300", "2013-12-31": "225.23300", "2012-12-31": "209.13400", "2011-12-31": "171.05100", "2010-12-31": "137.27300", "2009-12-31": "126.97900", "2008-12-31": "65.44500", "2007-12-31": "90.35000", "2006-12-31": "64.29000", "2005-12-31": "42.01900"}, "Income After Taxes": {"2019-12-31": "1107.83500", "2018-12-31": "993.00400", "2017-12-31": "820.67800", "2016-12-31": "712.68510", "2015-12-31": "546.73300", "2014-12-31": "483.18500", "2013-12-31": "338.66100", "2012-12-31": "340.02000", "2011-12-31": "286.21900", "2010-12-31": "212.02900", "2009-12-31": "208.71600", "2008-12-31": "108.03200", "2007-12-31": "149.40600", "2006-12-31": "97.94900", "2005-12-31": "62.77500"}, "Other Income": {"2019-12-31": "", "2018-12-31": "", "2017-12-31": "", "2016-12-31": "", "2015-12-31": "", "2014-12-31": "", "2013-12-31": "", "2012-12-31": "", "2011-12-31": "", "2010-12-31": "", "2009-12-31": "", "2008-12-31": "", "2007-12-31": "", "2006-12-31": "", "2005-12-31": ""}, "Income From Continuous Operations": {"2019-12-31": "1107.83500", "2018-12-31": "993.00400", "2017-12-31": "820.67800", "2016-12-31": "712.68510", "2015-12-31": "546.73300", "2014-12-31": "483.18500", "2013-12-31": "338.66100", "2012-12-31": "340.02000", "2011-12-31": "286.21900", "2010-12-31": "212.02900", "2009-12-31": "208.71600", "2008-12-31": "108.03200", "2007-12-31": "149.40600", "2006-12-31": "97.94900", "2005-12-31": "62.77500"}, "Income From Discontinued Operations": {"2019-12-31": "", "2018-12-31": "", "2017-12-31": "", "2016-12-31": "", "2015-12-31": "", "2014-12-31": "", "2013-12-31": "", "2012-12-31": "", "2011-12-31": "", "2010-12-31": "", "2009-12-31": "", "2008-12-31": "", "2007-12-31": "", "2006-12-31": "", "2005-12-31": ""}, "Net Income": {"2019-12-31": "1107.83500", "2018-12-31": "993.00400", "2017-12-31": "820.67800", "2016-12-31": "712.68500", "2015-12-31": "546.73300", "2014-12-31": "483.18500", "2013-12-31": "338.66100", "2012-12-31": "340.02000", "2011-12-31": "286.21900", "2010-12-31": "212.02900", "2009-12-31": "208.71600", "2008-12-31": "108.03200", "2007-12-31": "149.40600", "2006-12-31": "97.94900", "2005-12-31": "62.77500"}, "EBITDA": {"2019-12-31": "1467.75300", "2018-12-31": "1340.59800", "2017-12-31": "1247.67400", "2016-12-31": "1126.18300", "2015-12-31": "924.51310", "2014-12-31": "773.15590", "2013-12-31": "595.67800", "2012-12-31": "571.18480", "2011-12-31": "473.50700", "2010-12-31": "359.59000", "2009-12-31": "343.21600", "2008-12-31": "167.06310", "2007-12-31": "233.17000", "2006-12-31": "160.17300", "2005-12-31": "104.52200"}, "EBIT": {"2019-12-31": "1402.93900", "2018-12-31": "1283.61900", "2017-12-31": "1198.78700", "2016-12-31": "1085.33800", "2015-12-31": "893.65310", "2014-12-31": "747.50490", "2013-12-31": "572.91600", "2012-12-31": "550.62280", "2011-12-31": "456.42300", "2010-12-31": "347.81400", "2009-12-31": "337.30900", "2008-12-31": "163.59110", "2007-12-31": "230.98600", "2006-12-31": "158.57900", "2005-12-31": "103.44300"}, "Basic Shares Outstanding": {"2019-12-31": "542.19100", "2018-12-31": "557.16600", "2017-12-31": "566.78200", "2016-12-31": "587.87400", "2015-12-31": "566.44800", "2014-12-31": "501.77100", "2013-12-31": "500.03700", "2012-12-31": "521.13600", "2011-12-31": "528.63600", "2010-12-31": "531.08400", "2009-12-31": "539.80200", "2008-12-31": "555.09000", "2007-12-31": "547.06800", "2006-12-31": "539.61600", "2005-12-31": "529.34400"}, "Shares Outstanding": {"2019-12-31": "546.60800", "2018-12-31": "564.25400", "2017-12-31": "577.14100", "2016-12-31": "599.81900", "2015-12-31": "577.75800", "2014-12-31": "522.85500", "2013-12-31": "520.16100", "2012-12-31": "549.24900", "2011-12-31": "560.02200", "2010-12-31": "558.12600", "2009-12-31": "567.85800", "2008-12-31": "585.18000", "2007-12-31": "593.24400", "2006-12-31": "591.51600", "2005-12-31": "582.53400"}, "Basic EPS": {"2019-12-31": "2.04000", "2018-12-31": "1.78000", "2017-12-31": "1.45000", "2016-12-31": "1.21000", "2015-12-31": "0.97000", "2014-12-31": "0.96000", "2013-12-31": "0.67670", "2012-12-31": "0.65330", "2011-12-31": "0.54000", "2010-12-31": "0.40000", "2009-12-31": "0.38670", "2008-12-31": "0.19500", "2007-12-31": "0.27330", "2006-12-31": "0.18170", "2005-12-31": "0.11830"}, "EPS - Earnings Per Share": {"2019-12-31": "2.03000", "2018-12-31": "1.76000", "2017-12-31": "1.42000", "2016-12-31": "1.19000", "2015-12-31": "0.95000", "2014-12-31": "0.92000", "2013-12-31": "0.65000", "2012-12-31": "0.62000", "2011-12-31": "0.51000", "2010-12-31": "0.38000", "2009-12-31": "0.36670", "2008-12-31": "0.18500", "2007-12-31": "0.25170", "2006-12-31": "0.16500", "2005-12-31": "0.10830"}}, "income statement, quarterly": {"Revenue": {"2020-09-30": "1246.36200", "2020-06-30": "1093.89600", "2020-03-31": "1062.09700", "2019-12-31": "1017.20600", "2019-09-30": "1133.57700", "2019-06-30": "1104.04500", "2019-03-31": "945.99100", "2018-12-31": "924.22910", "2018-09-30": "1016.16000", "2018-06-30": "1015.87300", "2018-03-31": "850.92100", "2017-12-31": "810.35490", "2017-09-30": "909.47600", "2017-06-30": "907.06800", "2017-03-31": "742.14600", "2016-12-31": "753.76500", "2016-09-30": "787.95400", "2016-06-30": "827.48800", "2016-03-31": "680.18600", "2015-12-31": "645.43190", "2015-09-30": "756.61900", "2015-06-30": "693.72200", "2015-03-31": "626.79100", "2014-12-31": "605.56700", "2014-09-30": "635.97200", "2014-06-30": "687.19900", "2014-03-31": "536.12900", "2013-12-31": "540.84900", "2013-09-30": "590.42200", "2013-06-30": "630.93400", "2013-03-31": "484.22300", "2012-12-31": "471.51690", "2012-09-30": "541.94000", "2012-06-30": "592.64000", "2012-03-31": "454.60500", "2011-12-31": "409.95700", "2011-09-30": "474.70900", "2011-06-30": "462.14500", "2011-03-31": "356.41900", "2010-12-31": "318.66500", "2010-09-30": "381.46600", "2010-06-30": "365.70100", "2010-03-31": "238.11000", "2009-12-31": "290.91400", "2009-09-30": "307.92900", "2009-06-30": "300.25000", "2009-03-31": "244.20600", "2008-12-31": "254.37210", "2008-09-30": "284.98600", "2008-06-30": "282.24400", "2008-03-31": "212.17800", "2007-12-31": "246.63800", "2007-09-30": "247.21100", "2007-06-30": "244.76300", "2007-03-31": "165.85300", "2006-12-31": "151.34400", "2006-09-30": "178.64700", "2006-06-30": "156.03700", "2006-03-31": "119.74600", "2005-12-31": "98.00970", "2005-09-30": "105.42100", "2005-06-30": "85.44100", "2005-03-31": "60.01430"}, "Cost Of Goods Sold": {"2020-09-30": "509.83100", "2020-06-30": "434.42700", "2020-03-31": "424.90100", "2019-12-31": "406.43800", "2019-09-30": "460.57500", "2019-06-30": "442.76200", "2019-03-31": "372.45900", "2018-12-31": "372.02800", "2018-09-30": "408.50100", "2018-06-30": "395.61500", "2018-03-31": "335.66400", "2017-12-31": "306.74500", "2017-09-30": "339.76700", "2017-06-30": "323.57100", "2017-03-31": "261.27200", "2016-12-31": "255.65190", "2016-09-30": "284.97900", "2016-06-30": "309.67400", "2016-03-31": "257.08800", "2015-12-31": "242.07190", "2015-09-30": "291.14300", "2015-06-30": "299.21400", "2015-03-31": "257.83400", "2014-12-31": "273.78300", "2014-09-30": "294.05200", "2014-06-30": "307.91100", "2014-03-31": "249.31100", "2013-12-31": "263.68890", "2013-09-30": "282.95200", "2013-06-30": "294.67200", "2013-03-31": "232.18400", "2012-12-31": "227.63000", "2012-09-30": "268.34800", "2012-06-30": "285.63200", "2012-03-31": "213.43600", "2011-12-31": "195.71300", "2011-09-30": "224.40200", "2011-06-30": "217.92400", "2011-03-31": "170.88200", "2010-12-31": "154.25500", "2010-09-30": "183.54000", "2010-06-30": "172.35100", "2010-03-31": "113.55600", "2009-12-31": "135.63800", "2009-09-30": "142.89700", "2009-06-30": "138.42100", "2009-03-31": "114.02700", "2008-12-31": "115.94600", "2008-09-30": "135.55000", "2008-06-30": "136.03100", "2008-03-31": "107.45900", "2007-12-31": "120.89700", "2007-09-30": "118.82900", "2007-06-30": "116.51000", "2007-03-31": "80.21600", "2006-12-31": "70.92200", "2006-09-30": "86.46300", "2006-06-30": "75.04700", "2006-03-31": "56.74800", "2005-12-31": "46.06610", "2005-09-30": "50.07800", "2005-06-30": "40.51400", "2005-03-31": "29.68500"}, "Gross Profit": {"2020-09-30": "736.53110", "2020-06-30": "659.46900", "2020-03-31": "637.19600", "2019-12-31": "610.76770", "2019-09-30": "673.00200", "2019-06-30": "661.28310", "2019-03-31": "573.53200", "2018-12-31": "552.20110", "2018-09-30": "607.65890", "2018-06-30": "620.25800", "2018-03-31": "515.25700", "2017-12-31": "503.60990", "2017-09-30": "569.70900", "2017-06-30": "583.49690", "2017-03-31": "480.87400", "2016-12-31": "498.11300", "2016-09-30": "502.97500", "2016-06-30": "517.81400", "2016-03-31": "423.09800", "2015-12-31": "403.36000", "2015-09-30": "465.47600", "2015-06-30": "394.50800", "2015-03-31": "368.95700", "2014-12-31": "331.78400", "2014-09-30": "341.92000", "2014-06-30": "379.28800", "2014-03-31": "286.81800", "2013-12-31": "277.16010", "2013-09-30": "307.47000", "2013-06-30": "336.26200", "2013-03-31": "252.03900", "2012-12-31": "243.88690", "2012-09-30": "273.59200", "2012-06-30": "307.00800", "2012-03-31": "241.16900", "2011-12-31": "214.24390", "2011-09-30": "250.30700", "2011-06-30": "244.22100", "2011-03-31": "185.53700", "2010-12-31": "164.41000", "2010-09-30": "197.92600", "2010-06-30": "193.35000", "2010-03-31": "124.55400", "2009-12-31": "155.27600", "2009-09-30": "165.03200", "2009-06-30": "161.82900", "2009-03-31": "130.17900", "2008-12-31": "138.42610", "2008-09-30": "149.43600", "2008-06-30": "146.21300", "2008-03-31": "104.71900", "2007-12-31": "125.74110", "2007-09-30": "128.38200", "2007-06-30": "128.25300", "2007-03-31": "85.63700", "2006-12-31": "80.42200", "2006-09-30": "92.18400", "2006-06-30": "80.99000", "2006-03-31": "62.99800", "2005-12-31": "51.94370", "2005-09-30": "55.34300", "2005-06-30": "44.92700", "2005-03-31": "30.32930"}, "Research And Development Expenses": {"2020-09-30": "", "2020-06-30": "", "2020-03-31": "", "2019-12-31": "", "2019-09-30": "", "2019-06-30": "", "2019-03-31": "", "2018-12-31": "", "2018-09-30": "", "2018-06-30": "", "2018-03-31": "", "2017-12-31": "", "2017-09-30": "", "2017-06-30": "", "2017-03-31": "", "2016-12-31": "", "2016-09-30": "", "2016-06-30": "", "2016-03-31": "", "2015-12-31": "", "2015-09-30": "", "2015-06-30": "", "2015-03-31": "", "2014-12-31": "", "2014-09-30": "", "2014-06-30": "", "2014-03-31": "", "2013-12-31": "", "2013-09-30": "", "2013-06-30": "", "2013-03-31": "", "2012-12-31": "", "2012-09-30": "", "2012-06-30": "", "2012-03-31": "", "2011-12-31": "", "2011-09-30": "", "2011-06-30": "", "2011-03-31": "", "2010-12-31": "", "2010-09-30": "", "2010-06-30": "", "2010-03-31": "", "2009-12-31": "", "2009-09-30": "", "2009-06-30": "", "2009-03-31": "", "2008-12-31": "", "2008-09-30": "", "2008-06-30": "", "2008-03-31": "", "2007-12-31": "", "2007-09-30": "", "2007-06-30": "", "2007-03-31": "", "2006-12-31": "", "2006-09-30": "", "2006-06-30": "", "2006-03-31": "", "2005-12-31": "", "2005-09-30": "", "2005-06-30": "", "2005-03-31": ""}, "SG&A Expenses": {"2020-09-30": "277.93000", "2020-06-30": "252.20500", "2020-03-31": "272.20800", "2019-12-31": "293.72310", "2019-09-30": "277.55900", "2019-06-30": "282.29300", "2019-03-31": "262.07100", "2018-12-31": "245.69100", "2018-09-30": "268.08600", "2018-06-30": "262.63700", "2018-03-31": "235.34200", "2017-12-31": "236.49800", "2017-09-30": "252.33700", "2017-06-30": "233.45600", "2017-03-31": "216.61200", "2016-12-31": "246.38600", "2016-09-30": "212.60000", "2016-06-30": "229.29100", "2016-03-31": "168.38500", "2015-12-31": "174.91300", "2015-09-30": "174.03800", "2015-06-30": "189.83900", "2015-03-31": "361.32800", "2014-12-31": "138.86200", "2014-09-30": "152.01300", "2014-06-30": "163.47500", "2014-03-31": "137.95500", "2013-12-31": "142.40600", "2013-09-30": "156.04100", "2013-06-30": "156.83500", "2013-03-31": "144.73300", "2012-12-31": "130.00700", "2012-09-30": "132.90700", "2012-06-30": "137.23500", "2012-03-31": "114.88400", "2011-12-31": "110.84800", "2011-09-30": "118.21700", "2011-06-30": "111.73900", "2011-03-31": "97.08200", "2010-12-31": "84.61200", "2010-09-30": "90.37100", "2010-06-30": "83.67400", "2010-03-31": "73.76900", "2009-12-31": "69.44200", "2009-09-30": "72.11700", "2009-06-30": "69.04600", "2009-03-31": "64.40200", "2008-12-31": "177.64500", "2008-09-30": "67.64400", "2008-06-30": "68.02300", "2008-03-31": "61.89100", "2007-12-31": "61.46800", "2007-09-30": "55.00200", "2007-06-30": "66.83000", "2007-03-31": "53.72700", "2006-12-31": "44.76600", "2006-09-30": "49.84200", "2006-06-30": "35.23800", "2006-03-31": "28.16900", "2005-12-31": "22.15420", "2005-09-30": "21.76800", "2005-06-30": "19.57200", "2005-03-31": "15.60580"}, "Other Operating Income Or Expenses": {"2020-09-30": "", "2020-06-30": "", "2020-03-31": "", "2019-12-31": "", "2019-09-30": "", "2019-06-30": "", "2019-03-31": "", "2018-12-31": "", "2018-09-30": "", "2018-06-30": "", "2018-03-31": "", "2017-12-31": "", "2017-09-30": "", "2017-06-30": "", "2017-03-31": "", "2016-12-31": "", "2016-09-30": "", "2016-06-30": "", "2016-03-31": "", "2015-12-31": "", "2015-09-30": "", "2015-06-30": "161.47000", "2015-03-31": "", "2014-12-31": "", "2014-09-30": "", "2014-06-30": "", "2014-03-31": "", "2013-12-31": "", "2013-09-30": "", "2013-06-30": "", "2013-03-31": "", "2012-12-31": "", "2012-09-30": "", "2012-06-30": "", "2012-03-31": "", "2011-12-31": "", "2011-09-30": "", "2011-06-30": "", "2011-03-31": "", "2010-12-31": "", "2010-09-30": "", "2010-06-30": "", "2010-03-31": "", "2009-12-31": "", "2009-09-30": "", "2009-06-30": "", "2009-03-31": "", "2008-12-31": "", "2008-09-30": "", "2008-06-30": "", "2008-03-31": "", "2007-12-31": "", "2007-09-30": "", "2007-06-30": "", "2007-03-31": "", "2006-12-31": "", "2006-09-30": "", "2006-06-30": "", "2006-03-31": "", "2005-12-31": "", "2005-09-30": "", "2005-06-30": "", "2005-03-31": ""}, "Operating Expenses": {"2020-09-30": "787.76100", "2020-06-30": "686.63200", "2020-03-31": "697.10900", "2019-12-31": "700.16090", "2019-09-30": "738.13400", "2019-06-30": "725.05500", "2019-03-31": "634.53000", "2018-12-31": "617.71900", "2018-09-30": "676.58700", "2018-06-30": "658.25200", "2018-03-31": "571.00600", "2017-12-31": "543.24300", "2017-09-30": "592.10400", "2017-06-30": "557.02700", "2017-03-31": "477.88400", "2016-12-31": "502.03790", "2016-09-30": "497.57900", "2016-06-30": "538.96500", "2016-03-31": "425.47300", "2015-12-31": "416.98490", "2015-09-30": "465.18100", "2015-06-30": "327.58300", "2015-03-31": "619.16200", "2014-12-31": "412.64510", "2014-09-30": "446.06500", "2014-06-30": "471.38600", "2014-03-31": "387.26600", "2013-12-31": "406.09500", "2013-09-30": "438.99300", "2013-06-30": "451.50700", "2013-03-31": "376.91700", "2012-12-31": "357.63710", "2012-09-30": "401.25500", "2012-06-30": "422.86700", "2012-03-31": "328.32000", "2011-12-31": "306.56100", "2011-09-30": "342.61900", "2011-06-30": "329.66300", "2011-03-31": "267.96400", "2010-12-31": "238.86710", "2010-09-30": "273.91100", "2010-06-30": "256.02500", "2010-03-31": "187.32500", "2009-12-31": "205.07990", "2009-09-30": "215.01400", "2009-06-30": "207.46700", "2009-03-31": "178.42900", "2008-12-31": "293.59100", "2008-09-30": "203.19400", "2008-06-30": "204.05400", "2008-03-31": "169.35000", "2007-12-31": "182.36500", "2007-09-30": "173.83100", "2007-06-30": "183.34000", "2007-03-31": "133.94300", "2006-12-31": "115.68800", "2006-09-30": "136.30500", "2006-06-30": "110.28500", "2006-03-31": "84.91700", "2005-12-31": "68.22020", "2005-09-30": "71.84600", "2005-06-30": "60.08600", "2005-03-31": "45.29080"}, "Operating Income": {"2020-09-30": "458.60110", "2020-06-30": "407.26400", "2020-03-31": "364.98800", "2019-12-31": "317.04470", "2019-09-30": "395.44300", "2019-06-30": "378.99010", "2019-03-31": "311.46100", "2018-12-31": "306.51010", "2018-09-30": "339.57290", "2018-06-30": "357.62100", "2018-03-31": "279.91500", "2017-12-31": "267.11180", "2017-09-30": "317.37200", "2017-06-30": "350.04100", "2017-03-31": "264.26200", "2016-12-31": "251.72710", "2016-09-30": "290.37500", "2016-06-30": "288.52290", "2016-03-31": "254.71300", "2015-12-31": "228.44700", "2015-09-30": "291.43800", "2015-06-30": "366.13900", "2015-03-31": "7.62900", "2014-12-31": "192.92190", "2014-09-30": "189.90700", "2014-06-30": "215.81300", "2014-03-31": "148.86300", "2013-12-31": "134.75400", "2013-09-30": "151.42900", "2013-06-30": "179.42700", "2013-03-31": "107.30600", "2012-12-31": "113.87990", "2012-09-30": "140.68500", "2012-06-30": "169.77300", "2012-03-31": "126.28500", "2011-12-31": "103.39590", "2011-09-30": "132.09000", "2011-06-30": "132.48200", "2011-03-31": "88.45500", "2010-12-31": "79.79800", "2010-09-30": "107.55500", "2010-06-30": "109.67600", "2010-03-31": "50.78500", "2009-12-31": "85.83410", "2009-09-30": "92.91500", "2009-06-30": "92.78300", "2009-03-31": "65.77700", "2008-12-31": "-39.21890", "2008-09-30": "81.79200", "2008-06-30": "78.19000", "2008-03-31": "42.82800", "2007-12-31": "64.27300", "2007-09-30": "73.38000", "2007-06-30": "61.42300", "2007-03-31": "31.91000", "2006-12-31": "35.65600", "2006-09-30": "42.34200", "2006-06-30": "45.75200", "2006-03-31": "34.82900", "2005-12-31": "29.78950", "2005-09-30": "33.57500", "2005-06-30": "25.35500", "2005-03-31": "14.72350"}, "Total Non-Operating Income/Expense": {"2020-09-30": "-4.56800", "2020-06-30": "-1.79600", "2020-03-31": "0.87200", "2019-12-31": "4.18700", "2019-09-30": "3.12100", "2019-06-30": "2.97300", "2019-03-31": "2.74200", "2018-12-31": "4.38400", "2018-09-30": "2.98800", "2018-06-30": "0.47600", "2018-03-31": "1.80500", "2017-12-31": "0.73300", "2017-09-30": "3.99600", "2017-06-30": "-2.55100", "2017-03-31": "0.65800", "2016-12-31": "-5.00200", "2016-09-30": "-1.03700", "2016-06-30": "-0.22200", "2016-03-31": "0.60800", "2015-12-31": "1.03900", "2015-09-30": "-3.36200", "2015-06-30": "-1.01500", "2015-03-31": "1.23300", "2014-12-31": "-1.01100", "2014-09-30": "-1.03800", "2014-06-30": "0.17800", "2014-03-31": "0.15400", "2013-12-31": "-3.01200", "2013-09-30": "-0.70600", "2013-06-30": "-3.40200", "2013-03-31": "-1.90200", "2012-12-31": "-2.30800", "2012-09-30": "0.55300", "2012-06-30": "-0.06000", "2012-03-31": "0.34600", "2011-12-31": "1.13400", "2011-09-30": "-0.86200", "2011-06-30": "0.27400", "2011-03-31": "0.30100", "2010-12-31": "0.36700", "2010-09-30": "-0.18600", "2010-06-30": "0.32100", "2010-03-31": "0.98600", "2009-12-31": "0.66700", "2009-09-30": "-0.15900", "2009-06-30": "0.40100", "2009-03-31": "-2.52300", "2008-12-31": "1.38000", "2008-09-30": "2.11100", "2008-06-30": "2.76900", "2008-03-31": "3.62600", "2007-12-31": "3.33100", "2007-09-30": "2.16100", "2007-06-30": "1.75200", "2007-03-31": "1.52600", "2006-12-31": "1.03900", "2006-09-30": "1.04700", "2006-06-30": "0.87200", "2006-03-31": "0.70200", "2005-12-31": "0.65650", "2005-09-30": "0.32300", "2005-06-30": "0.25400", "2005-03-31": "0.11750"}, "Pre-Tax Income": {"2020-09-30": "454.03300", "2020-06-30": "405.46800", "2020-03-31": "365.86000", "2019-12-31": "321.23210", "2019-09-30": "398.56400", "2019-06-30": "381.96300", "2019-03-31": "314.20300", "2018-12-31": "310.89400", "2018-09-30": "342.56100", "2018-06-30": "358.09700", "2018-03-31": "281.72000", "2017-12-31": "267.84500", "2017-09-30": "321.36800", "2017-06-30": "347.49000", "2017-03-31": "264.92000", "2016-12-31": "246.72510", "2016-09-30": "289.33800", "2016-06-30": "288.30100", "2016-03-31": "255.32100", "2015-12-31": "229.48600", "2015-09-30": "288.07600", "2015-06-30": "365.12400", "2015-03-31": "8.86200", "2014-12-31": "191.91100", "2014-09-30": "188.86900", "2014-06-30": "215.99100", "2014-03-31": "149.01700", "2013-12-31": "131.74200", "2013-09-30": "150.72300", "2013-06-30": "176.02500", "2013-03-31": "105.40400", "2012-12-31": "111.57200", "2012-09-30": "141.23800", "2012-06-30": "169.71300", "2012-03-31": "126.63100", "2011-12-31": "104.53000", "2011-09-30": "131.22800", "2011-06-30": "132.75600", "2011-03-31": "88.75600", "2010-12-31": "80.16500", "2010-09-30": "107.36900", "2010-06-30": "109.99700", "2010-03-31": "51.77100", "2009-12-31": "86.50100", "2009-09-30": "92.75600", "2009-06-30": "93.18400", "2009-03-31": "63.25400", "2008-12-31": "-37.83900", "2008-09-30": "83.90300", "2008-06-30": "80.95900", "2008-03-31": "46.45400", "2007-12-31": "67.60400", "2007-09-30": "75.54100", "2007-06-30": "63.17500", "2007-03-31": "33.43600", "2006-12-31": "36.69500", "2006-09-30": "43.38900", "2006-06-30": "46.62400", "2006-03-31": "35.53100", "2005-12-31": "30.44600", "2005-09-30": "33.89800", "2005-06-30": "25.60900", "2005-03-31": "14.84100"}, "Income Taxes": {"2020-09-30": "106.37900", "2020-06-30": "94.09900", "2020-03-31": "87.02500", "2019-12-31": "66.27800", "2019-09-30": "99.64100", "2019-06-30": "89.49000", "2019-03-31": "52.71800", "2018-12-31": "71.78900", "2018-09-30": "74.82800", "2018-06-30": "87.98100", "2018-03-31": "65.67000", "2017-12-31": "66.52400", "2017-09-30": "102.62400", "2017-06-30": "124.85700", "2017-03-31": "86.94000", "2016-12-31": "73.77900", "2016-09-30": "97.69500", "2016-06-30": "104.08200", "2016-03-31": "91.44400", "2015-12-31": "90.74500", "2015-09-30": "113.50200", "2015-06-30": "136.12000", "2015-03-31": "4.44800", "2014-12-31": "66.57900", "2014-09-30": "67.26900", "2014-06-30": "74.98800", "2014-03-31": "53.76700", "2013-12-31": "55.63700", "2013-09-30": "58.53600", "2013-06-30": "69.15200", "2013-03-31": "41.90800", "2012-12-31": "43.58800", "2012-09-30": "55.09600", "2012-06-30": "59.91800", "2012-03-31": "50.53200", "2011-12-31": "39.99400", "2011-09-30": "48.83600", "2011-06-30": "48.50800", "2011-03-31": "33.71300", "2010-12-31": "31.03300", "2010-09-30": "40.87300", "2010-06-30": "46.15900", "2010-03-31": "19.20800", "2009-12-31": "33.14400", "2009-09-30": "36.25100", "2009-06-30": "35.89500", "2009-03-31": "21.68900", "2008-12-31": "-14.39100", "2008-09-30": "31.46600", "2008-06-30": "30.72700", "2008-03-31": "17.64300", "2007-12-31": "22.50400", "2007-09-30": "29.74400", "2007-06-30": "24.86400", "2007-03-31": "13.23800", "2006-12-31": "14.49400", "2006-09-30": "16.93200", "2006-06-30": "18.42400", "2006-03-31": "14.44000", "2005-12-31": "12.00670", "2005-09-30": "13.65300", "2005-06-30": "10.36300", "2005-03-31": "5.99630"}, "Income After Taxes": {"2020-09-30": "347.65400", "2020-06-30": "311.36900", "2020-03-31": "278.83500", "2019-12-31": "254.95390", "2019-09-30": "298.92300", "2019-06-30": "292.47300", "2019-03-31": "261.48500", "2018-12-31": "239.10500", "2018-09-30": "267.73300", "2018-06-30": "270.11600", "2018-03-31": "216.05000", "2017-12-31": "201.32100", "2017-09-30": "218.74400", "2017-06-30": "222.63300", "2017-03-31": "177.98000", "2016-12-31": "172.94610", "2016-09-30": "191.64300", "2016-06-30": "184.21900", "2016-03-31": "163.87700", "2015-12-31": "138.74100", "2015-09-30": "174.57400", "2015-06-30": "229.00400", "2015-03-31": "4.41400", "2014-12-31": "125.33200", "2014-09-30": "121.60000", "2014-06-30": "141.00300", "2014-03-31": "95.25000", "2013-12-31": "76.10500", "2013-09-30": "92.18700", "2013-06-30": "106.87300", "2013-03-31": "63.49600", "2012-12-31": "67.98400", "2012-09-30": "86.14200", "2012-06-30": "109.79500", "2012-03-31": "76.09900", "2011-12-31": "64.53600", "2011-09-30": "82.39200", "2011-06-30": "84.24800", "2011-03-31": "55.04300", "2010-12-31": "49.13200", "2010-09-30": "66.49600", "2010-06-30": "63.83800", "2010-03-31": "32.56300", "2009-12-31": "53.35700", "2009-09-30": "56.50500", "2009-06-30": "57.28900", "2009-03-31": "41.56500", "2008-12-31": "-23.44800", "2008-09-30": "52.43700", "2008-06-30": "50.23200", "2008-03-31": "28.81100", "2007-12-31": "45.10000", "2007-09-30": "45.79700", "2007-06-30": "38.31100", "2007-03-31": "20.19800", "2006-12-31": "22.20100", "2006-09-30": "26.45700", "2006-06-30": "28.20000", "2006-03-31": "21.09100", "2005-12-31": "18.43930", "2005-09-30": "20.24500", "2005-06-30": "15.24600", "2005-03-31": "8.84470"}, "Other Income": {"2020-09-30": "", "2020-06-30": "", "2020-03-31": "", "2019-12-31": "", "2019-09-30": "", "2019-06-30": "", "2019-03-31": "", "2018-12-31": "", "2018-09-30": "", "2018-06-30": "", "2018-03-31": "", "2017-12-31": "", "2017-09-30": "", "2017-06-30": "", "2017-03-31": "", "2016-12-31": "", "2016-09-30": "", "2016-06-30": "", "2016-03-31": "", "2015-12-31": "", "2015-09-30": "", "2015-06-30": "", "2015-03-31": "", "2014-12-31": "", "2014-09-30": "", "2014-06-30": "", "2014-03-31": "", "2013-12-31": "", "2013-09-30": "", "2013-06-30": "", "2013-03-31": "", "2012-12-31": "", "2012-09-30": "", "2012-06-30": "", "2012-03-31": "", "2011-12-31": "", "2011-09-30": "", "2011-06-30": "", "2011-03-31": "", "2010-12-31": "", "2010-09-30": "", "2010-06-30": "", "2010-03-31": "", "2009-12-31": "", "2009-09-30": "", "2009-06-30": "", "2009-03-31": "", "2008-12-31": "", "2008-09-30": "", "2008-06-30": "", "2008-03-31": "", "2007-12-31": "", "2007-09-30": "", "2007-06-30": "", "2007-03-31": "", "2006-12-31": "", "2006-09-30": "", "2006-06-30": "", "2006-03-31": "", "2005-12-31": "", "2005-09-30": "", "2005-06-30": "", "2005-03-31": ""}, "Income From Continuous Operations": {"2020-09-30": "347.65400", "2020-06-30": "311.36900", "2020-03-31": "278.83500", "2019-12-31": "254.95390", "2019-09-30": "298.92300", "2019-06-30": "292.47300", "2019-03-31": "261.48500", "2018-12-31": "239.10500", "2018-09-30": "267.73300", "2018-06-30": "270.11600", "2018-03-31": "216.05000", "2017-12-31": "201.32100", "2017-09-30": "218.74400", "2017-06-30": "222.63300", "2017-03-31": "177.98000", "2016-12-31": "172.94610", "2016-09-30": "191.64300", "2016-06-30": "184.21900", "2016-03-31": "163.87700", "2015-12-31": "138.74100", "2015-09-30": "174.57400", "2015-06-30": "229.00400", "2015-03-31": "4.41400", "2014-12-31": "125.33200", "2014-09-30": "121.60000", "2014-06-30": "141.00300", "2014-03-31": "95.25000", "2013-12-31": "76.10500", "2013-09-30": "92.18700", "2013-06-30": "106.87300", "2013-03-31": "63.49600", "2012-12-31": "67.98400", "2012-09-30": "86.14200", "2012-06-30": "109.79500", "2012-03-31": "76.09900", "2011-12-31": "64.53600", "2011-09-30": "82.39200", "2011-06-30": "84.24800", "2011-03-31": "55.04300", "2010-12-31": "49.13200", "2010-09-30": "66.49600", "2010-06-30": "63.83800", "2010-03-31": "32.56300", "2009-12-31": "53.35700", "2009-09-30": "56.50500", "2009-06-30": "57.28900", "2009-03-31": "41.56500", "2008-12-31": "-23.44800", "2008-09-30": "52.43700", "2008-06-30": "50.23200", "2008-03-31": "28.81100", "2007-12-31": "45.10000", "2007-09-30": "45.79700", "2007-06-30": "38.31100", "2007-03-31": "20.19800", "2006-12-31": "22.20100", "2006-09-30": "26.45700", "2006-06-30": "28.20000", "2006-03-31": "21.09100", "2005-12-31": "18.43930", "2005-09-30": "20.24500", "2005-06-30": "15.24600", "2005-03-31": "8.84470"}, "Income From Discontinued Operations": {"2020-09-30": "", "2020-06-30": "", "2020-03-31": "", "2019-12-31": "", "2019-09-30": "", "2019-06-30": "", "2019-03-31": "", "2018-12-31": "", "2018-09-30": "", "2018-06-30": "", "2018-03-31": "", "2017-12-31": "", "2017-09-30": "", "2017-06-30": "", "2017-03-31": "", "2016-12-31": "", "2016-09-30": "", "2016-06-30": "", "2016-03-31": "", "2015-12-31": "", "2015-09-30": "", "2015-06-30": "", "2015-03-31": "", "2014-12-31": "", "2014-09-30": "", "2014-06-30": "", "2014-03-31": "", "2013-12-31": "", "2013-09-30": "", "2013-06-30": "", "2013-03-31": "", "2012-12-31": "", "2012-09-30": "", "2012-06-30": "", "2012-03-31": "", "2011-12-31": "", "2011-09-30": "", "2011-06-30": "", "2011-03-31": "", "2010-12-31": "", "2010-09-30": "", "2010-06-30": "", "2010-03-31": "", "2009-12-31": "", "2009-09-30": "", "2009-06-30": "", "2009-03-31": "", "2008-12-31": "", "2008-09-30": "", "2008-06-30": "", "2008-03-31": "", "2007-12-31": "", "2007-09-30": "", "2007-06-30": "", "2007-03-31": "", "2006-12-31": "", "2006-09-30": "", "2006-06-30": "", "2006-03-31": "", "2005-12-31": "", "2005-09-30": "", "2005-06-30": "", "2005-03-31": ""}, "Net Income": {"2020-09-30": "347.65400", "2020-06-30": "311.36900", "2020-03-31": "278.83500", "2019-12-31": "254.95400", "2019-09-30": "298.92300", "2019-06-30": "292.47300", "2019-03-31": "261.48500", "2018-12-31": "239.10500", "2018-09-30": "267.73300", "2018-06-30": "270.11600", "2018-03-31": "216.05000", "2017-12-31": "201.32100", "2017-09-30": "218.74400", "2017-06-30": "222.63300", "2017-03-31": "177.98000", "2016-12-31": "172.94600", "2016-09-30": "191.64300", "2016-06-30": "184.21900", "2016-03-31": "163.87700", "2015-12-31": "138.74100", "2015-09-30": "174.57400", "2015-06-30": "229.00400", "2015-03-31": "4.41400", "2014-12-31": "125.33200", "2014-09-30": "121.60000", "2014-06-30": "141.00300", "2014-03-31": "95.25000", "2013-12-31": "76.10500", "2013-09-30": "92.18700", "2013-06-30": "106.87300", "2013-03-31": "63.49600", "2012-12-31": "67.98400", "2012-09-30": "86.14200", "2012-06-30": "109.79500", "2012-03-31": "76.09900", "2011-12-31": "64.53600", "2011-09-30": "82.39200", "2011-06-30": "84.24800", "2011-03-31": "55.04300", "2010-12-31": "49.13200", "2010-09-30": "66.49600", "2010-06-30": "63.83800", "2010-03-31": "32.56300", "2009-12-31": "53.35700", "2009-09-30": "56.50500", "2009-06-30": "57.28900", "2009-03-31": "41.56500", "2008-12-31": "-23.44800", "2008-09-30": "52.43700", "2008-06-30": "50.23200", "2008-03-31": "28.81100", "2007-12-31": "45.10000", "2007-09-30": "45.79700", "2007-06-30": "38.31100", "2007-03-31": "20.19800", "2006-12-31": "22.20100", "2006-09-30": "26.45700", "2006-06-30": "28.20000", "2006-03-31": "21.09100", "2005-12-31": "18.43930", "2005-09-30": "20.24500", "2005-06-30": "15.24600", "2005-03-31": "8.84470"}, "EBITDA": {"2020-09-30": "472.42310", "2020-06-30": "422.77500", "2020-03-31": "381.53400", "2019-12-31": "334.01570", "2019-09-30": "410.84200", "2019-06-30": "396.56410", "2019-03-31": "326.33100", "2018-12-31": "321.02010", "2018-09-30": "353.85690", "2018-06-30": "371.81500", "2018-03-31": "293.90600", "2017-12-31": "280.89480", "2017-09-30": "329.70100", "2017-06-30": "361.63300", "2017-03-31": "275.44500", "2016-12-31": "262.69810", "2016-09-30": "300.92000", "2016-06-30": "298.82790", "2016-03-31": "263.73690", "2015-12-31": "237.55000", "2015-09-30": "299.94600", "2015-06-30": "372.91800", "2015-03-31": "14.09900", "2014-12-31": "199.44890", "2014-09-30": "196.03600", "2014-06-30": "222.35490", "2014-03-31": "155.31600", "2013-12-31": "141.07200", "2013-09-30": "157.53600", "2013-06-30": "184.70400", "2013-03-31": "112.36600", "2012-12-31": "119.17790", "2012-09-30": "145.85600", "2012-06-30": "174.89800", "2012-03-31": "131.25300", "2011-12-31": "108.28890", "2011-09-30": "136.58600", "2011-06-30": "136.58400", "2011-03-31": "92.04800", "2010-12-31": "83.08800", "2010-09-30": "110.56700", "2010-06-30": "112.49600", "2010-03-31": "53.43900", "2009-12-31": "87.75610", "2009-09-30": "94.60900", "2009-06-30": "93.97300", "2009-03-31": "66.87800", "2008-12-31": "-38.34790", "2008-09-30": "82.82700", "2008-06-30": "79.01200", "2008-03-31": "43.57200", "2007-12-31": "64.92700", "2007-09-30": "73.96300", "2007-06-30": "61.92600", "2007-03-31": "32.35400", "2006-12-31": "36.09400", "2006-09-30": "42.78800", "2006-06-30": "46.13400", "2006-03-31": "35.15700", "2005-12-31": "30.12050", "2005-09-30": "33.86400", "2005-06-30": "25.61620", "2005-03-31": "14.92130"}, "EBIT": {"2020-09-30": "458.60110", "2020-06-30": "407.26400", "2020-03-31": "364.98800", "2019-12-31": "317.04490", "2019-09-30": "395.44300", "2019-06-30": "378.99010", "2019-03-31": "311.46100", "2018-12-31": "306.51010", "2018-09-30": "339.57290", "2018-06-30": "357.62100", "2018-03-31": "279.91500", "2017-12-31": "267.11180", "2017-09-30": "317.37200", "2017-06-30": "350.04100", "2017-03-31": "264.26200", "2016-12-31": "251.72720", "2016-09-30": "290.37500", "2016-06-30": "288.52290", "2016-03-31": "254.71300", "2015-12-31": "228.44710", "2015-09-30": "291.43800", "2015-06-30": "366.13900", "2015-03-31": "7.62900", "2014-12-31": "192.92190", "2014-09-30": "189.90700", "2014-06-30": "215.81300", "2014-03-31": "148.86300", "2013-12-31": "134.75400", "2013-09-30": "151.42900", "2013-06-30": "179.42700", "2013-03-31": "107.30600", "2012-12-31": "113.87980", "2012-09-30": "140.68500", "2012-06-30": "169.77300", "2012-03-31": "126.28500", "2011-12-31": "103.39590", "2011-09-30": "132.09000", "2011-06-30": "132.48200", "2011-03-31": "88.45500", "2010-12-31": "79.79800", "2010-09-30": "107.55500", "2010-06-30": "109.67600", "2010-03-31": "50.78500", "2009-12-31": "85.83400", "2009-09-30": "92.91500", "2009-06-30": "92.78300", "2009-03-31": "65.77700", "2008-12-31": "-39.21890", "2008-09-30": "81.79200", "2008-06-30": "78.19000", "2008-03-31": "42.82800", "2007-12-31": "64.27300", "2007-09-30": "73.38000", "2007-06-30": "61.42300", "2007-03-31": "31.91000", "2006-12-31": "35.65600", "2006-09-30": "42.34200", "2006-06-30": "45.75200", "2006-03-31": "34.82900", "2005-12-31": "29.78950", "2005-09-30": "33.57500", "2005-06-30": "25.35500", "2005-03-31": "14.72350"}, "Basic Shares Outstanding": {"2020-09-30": "527.63700", "2020-06-30": "526.91100", "2020-03-31": "536.06100", "2019-12-31": "542.19100", "2019-09-30": "544.46900", "2019-06-30": "544.15600", "2019-03-31": "542.76800", "2018-12-31": "557.16600", "2018-09-30": "552.69400", "2018-06-30": "559.86700", "2018-03-31": "566.00000", "2017-12-31": "566.78200", "2017-09-30": "567.87800", "2017-06-30": "567.91000", "2017-03-31": "571.57800", "2016-12-31": "587.87400", "2016-09-30": "571.13700", "2016-06-30": "602.93700", "2016-03-31": "608.83800", "2015-12-31": "566.44800", "2015-09-30": "615.15300", "2015-06-30": "530.95500", "2015-03-31": "509.61300", "2014-12-31": "501.77100", "2014-09-30": "502.03800", "2014-06-30": "501.29400", "2014-03-31": "500.73900", "2013-12-31": "500.03700", "2013-09-30": "502.37100", "2013-06-30": "499.34100", "2013-03-31": "496.57500", "2012-12-31": "521.13600", "2012-09-30": "525.07800", "2012-06-30": "528.55800", "2012-03-31": "524.49600", "2011-12-31": "528.63600", "2011-09-30": "527.85600", "2011-06-30": "530.85000", "2011-03-31": "533.57400", "2010-12-31": "531.08400", "2010-09-30": "530.21400", "2010-06-30": "531.52200", "2010-03-31": "530.08200", "2009-12-31": "539.80200", "2009-09-30": "540.92400", "2009-06-30": "543.62400", "2009-03-31": "542.59800", "2008-12-31": "555.09000", "2008-09-30": "554.02200", "2008-06-30": "557.46600", "2008-03-31": "559.88400", "2007-12-31": "547.06800", "2007-09-30": "549.43200", "2007-06-30": "540.70800", "2007-03-31": "543.05400", "2006-12-31": "539.61600", "2006-09-30": "543.05400", "2006-06-30": "539.47200", "2006-03-31": "544.70400", "2005-12-31": "529.34400", "2005-09-30": "530.88000", "2005-06-30": "526.83600", "2005-03-31": "524.90400"}, "Shares Outstanding": {"2020-09-30": "533.26300", "2020-06-30": "531.19100", "2020-03-31": "540.51800", "2019-12-31": "546.60800", "2019-09-30": "548.42200", "2019-06-30": "548.21800", "2019-03-31": "548.27300", "2018-12-31": "564.25400", "2018-09-30": "559.95500", "2018-06-30": "566.35200", "2018-03-31": "574.12900", "2017-12-31": "577.14100", "2017-09-30": "578.36800", "2017-06-30": "578.02000", "2017-03-31": "582.03200", "2016-12-31": "599.81900", "2016-09-30": "583.29300", "2016-06-30": "614.90400", "2016-03-31": "620.72400", "2015-12-31": "577.75800", "2015-09-30": "624.28200", "2015-06-30": "544.25100", "2015-03-31": "521.33400", "2014-12-31": "522.85500", "2014-09-30": "522.81000", "2014-06-30": "521.89200", "2014-03-31": "521.22300", "2013-12-31": "520.16100", "2013-09-30": "521.84400", "2013-06-30": "520.05000", "2013-03-31": "517.67700", "2012-12-31": "549.24900", "2012-09-30": "551.69700", "2012-06-30": "558.85200", "2012-03-31": "555.78600", "2011-12-31": "560.02200", "2011-09-30": "559.92000", "2011-06-30": "561.62400", "2011-03-31": "561.74400", "2010-12-31": "558.12600", "2010-09-30": "557.19000", "2010-06-30": "557.81400", "2010-03-31": "558.18600", "2009-12-31": "567.85800", "2009-09-30": "568.09800", "2009-06-30": "571.69200", "2009-03-31": "571.89600", "2008-12-31": "585.18000", "2008-09-30": "581.49600", "2008-06-30": "587.97600", "2008-03-31": "594.04200", "2007-12-31": "593.24400", "2007-09-30": "593.37000", "2007-06-30": "590.73000", "2007-03-31": "589.80600", "2006-12-31": "591.51600", "2006-09-30": "593.03400", "2006-06-30": "595.73400", "2006-03-31": "603.71400", "2005-12-31": "582.53400", "2005-09-30": "584.02200", "2005-06-30": "585.24600", "2005-03-31": "578.92800"}, "Basic EPS": {"2020-09-30": "0.66000", "2020-06-30": "0.59000", "2020-03-31": "0.52000", "2019-12-31": "0.47000", "2019-09-30": "0.55000", "2019-06-30": "0.54000", "2019-03-31": "0.48000", "2018-12-31": "0.44000", "2018-09-30": "0.48000", "2018-06-30": "0.48000", "2018-03-31": "0.38000", "2017-12-31": "0.36000", "2017-09-30": "0.39000", "2017-06-30": "0.39000", "2017-03-31": "0.31000", "2016-12-31": "0.29000", "2016-09-30": "0.34000", "2016-06-30": "0.31000", "2016-03-31": "0.27000", "2015-12-31": "0.24670", "2015-09-30": "0.28330", "2015-06-30": "0.43000", "2015-03-31": "0.01000", "2014-12-31": "0.24670", "2014-09-30": "0.24330", "2014-06-30": "0.28000", "2014-03-31": "0.19000", "2013-12-31": "0.15330", "2013-09-30": "0.18330", "2013-06-30": "0.21330", "2013-03-31": "0.12670", "2012-12-31": "0.13670", "2012-09-30": "0.16330", "2012-06-30": "0.20670", "2012-03-31": "0.14670", "2011-12-31": "0.12000", "2011-09-30": "0.15670", "2011-06-30": "0.16000", "2011-03-31": "0.10330", "2010-12-31": "0.09330", "2010-09-30": "0.12500", "2010-06-30": "0.12000", "2010-03-31": "0.06170", "2009-12-31": "0.10000", "2009-09-30": "0.10500", "2009-06-30": "0.10500", "2009-03-31": "0.07670", "2008-12-31": "-0.04170", "2008-09-30": "0.09500", "2008-06-30": "0.09000", "2008-03-31": "0.05170", "2007-12-31": "0.08170", "2007-09-30": "0.08330", "2007-06-30": "0.07170", "2007-03-31": "0.03670", "2006-12-31": "0.04330", "2006-09-30": "0.04830", "2006-06-30": "0.05170", "2006-03-31": "0.03830", "2005-12-31": "0.03500", "2005-09-30": "0.03830", "2005-06-30": "0.02830", "2005-03-31": "0.01670"}, "EPS - Earnings Per Share": {"2020-09-30": "0.65000", "2020-06-30": "0.59000", "2020-03-31": "0.52000", "2019-12-31": "0.47000", "2019-09-30": "0.55000", "2019-06-30": "0.53000", "2019-03-31": "0.48000", "2018-12-31": "0.42000", "2018-09-30": "0.48000", "2018-06-30": "0.48000", "2018-03-31": "0.38000", "2017-12-31": "0.34000", "2017-09-30": "0.38000", "2017-06-30": "0.39000", "2017-03-31": "0.31000", "2016-12-31": "0.30000", "2016-09-30": "0.33000", "2016-06-30": "0.30000", "2016-03-31": "0.26000", "2015-12-31": "0.24000", "2015-09-30": "0.28000", "2015-06-30": "0.42000", "2015-03-31": "0.01000", "2014-12-31": "0.23330", "2014-09-30": "0.23330", "2014-06-30": "0.27000", "2014-03-31": "0.18330", "2013-12-31": "0.14330", "2013-09-30": "0.17670", "2013-06-30": "0.20670", "2013-03-31": "0.12330", "2012-12-31": "0.13000", "2012-09-30": "0.15670", "2012-06-30": "0.19670", "2012-03-31": "0.13670", "2011-12-31": "0.11670", "2011-09-30": "0.14670", "2011-06-30": "0.15000", "2011-03-31": "0.09670", "2010-12-31": "0.08670", "2010-09-30": "0.12000", "2010-06-30": "0.11500", "2010-03-31": "0.05830", "2009-12-31": "0.09330", "2009-09-30": "0.10000", "2009-06-30": "0.10000", "2009-03-31": "0.07330", "2008-12-31": "-0.03830", "2008-09-30": "0.09000", "2008-06-30": "0.08500", "2008-03-31": "0.04830", "2007-12-31": "0.07500", "2007-09-30": "0.07670", "2007-06-30": "0.06500", "2007-03-31": "0.03500", "2006-12-31": "0.03830", "2006-09-30": "0.04500", "2006-06-30": "0.04670", "2006-03-31": "0.03500", "2005-12-31": "0.03120", "2005-09-30": "0.03500", "2005-06-30": "0.02670", "2005-03-31": "0.01540"}}, "balance sheet": {"Cash On Hand": {"2019-12-31": "1331.02000", "2018-12-31": "958.16300", "2017-12-31": "1201.55500", "2016-12-31": "598.13600", "2015-12-31": "2920.02700", "2014-12-31": "1151.45700", "2013-12-31": "613.59600", "2012-12-31": "319.55600", "2011-12-31": "770.61300", "2010-12-31": "599.49100", "2009-12-31": "346.83600", "2008-12-31": "285.94600", "2007-12-31": "75.56500", "2006-12-31": "136.79600", "2005-12-31": "73.51500"}, "Receivables": {"2019-12-31": "540.33000", "2018-12-31": "484.56200", "2017-12-31": "449.47600", "2016-12-31": "573.05100", "2015-12-31": "477.95500", "2014-12-31": "280.75500", "2013-12-31": "296.18000", "2012-12-31": "236.71000", "2011-12-31": "218.74100", "2010-12-31": "166.45400", "2009-12-31": "108.90500", "2008-12-31": "135.95500", "2007-12-31": "81.49700", "2006-12-31": "54.62400", "2005-12-31": "28.75200"}, "Inventory": {"2019-12-31": "360.73100", "2018-12-31": "277.70500", "2017-12-31": "255.74500", "2016-12-31": "161.97100", "2015-12-31": "156.12100", "2014-12-31": "174.57300", "2013-12-31": "221.44900", "2012-12-31": "203.10600", "2011-12-31": "155.61300", "2010-12-31": "153.24100", "2009-12-31": "108.14300", "2008-12-31": "116.32600", "2007-12-31": "98.14000", "2006-12-31": "77.01300", "2005-12-31": "31.40000"}, "Pre-Paid Expenses": {"2019-12-31": "54.86800", "2018-12-31": "44.90900", "2017-12-31": "40.87700", "2016-12-31": "32.56200", "2015-12-31": "26.96700", "2014-12-31": "19.67300", "2013-12-31": "21.37600", "2012-12-31": "24.98300", "2011-12-31": "20.91200", "2010-12-31": "17.02200", "2009-12-31": "11.27000", "2008-12-31": "8.37900", "2007-12-31": "3.75500", "2006-12-31": "0.77100", "2005-12-31": "0.47700"}, "Other Current Assets": {"2019-12-31": "", "2018-12-31": "", "2017-12-31": "", "2016-12-31": "", "2015-12-31": "", "2014-12-31": "18.07900", "2013-12-31": "", "2012-12-31": "", "2011-12-31": "", "2010-12-31": "", "2009-12-31": "", "2008-12-31": "", "2007-12-31": "", "2006-12-31": "", "2005-12-31": ""}, "Total Current Assets": {"2019-12-31": "2316.30900", "2018-12-31": "1804.17000", "2017-12-31": "2086.37700", "2016-12-31": "1432.27000", "2015-12-31": "3599.53200", "2014-12-31": "1653.15400", "2013-12-31": "1183.04300", "2012-12-31": "835.06800", "2011-12-31": "1182.67700", "2010-12-31": "962.97200", "2009-12-31": "585.50400", "2008-12-31": "561.32400", "2007-12-31": "270.14900", "2006-12-31": "275.15700", "2005-12-31": "140.28700"}, "Property, Plant, And Equipment": {"2019-12-31": "298.64000", "2018-12-31": "243.05100", "2017-12-31": "230.27600", "2016-12-31": "173.34300", "2015-12-31": "97.35400", "2014-12-31": "90.15600", "2013-12-31": "88.14300", "2012-12-31": "69.13700", "2011-12-31": "45.15100", "2010-12-31": "34.55100", "2009-12-31": "33.31400", "2008-12-31": "14.38900", "2007-12-31": "8.56700", "2006-12-31": "5.56500", "2005-12-31": "3.74300"}, "Long-Term Investments": {"2019-12-31": "12.90500", "2018-12-31": "", "2017-12-31": "2.36600", "2016-12-31": "2.39400", "2015-12-31": "15.34800", "2014-12-31": "42.94000", "2013-12-31": "9.79200", "2012-12-31": "21.39300", "2011-12-31": "23.19400", "2010-12-31": "44.18900", "2009-12-31": "80.83600", "2008-12-31": "89.56700", "2007-12-31": "227.08500", "2006-12-31": "", "2005-12-31": ""}, "Goodwill And Intangible Assets": {"2019-12-31": "2383.74800", "2018-12-31": "2377.52100", "2017-12-31": "2365.72800", "2016-12-31": "2364.27800", "2015-12-31": "1707.70100", "2014-12-31": "50.74800", "2013-12-31": "65.77400", "2012-12-31": "54.64800", "2011-12-31": "48.39600", "2010-12-31": "43.31600", "2009-12-31": "33.51200", "2008-12-31": "28.36500", "2007-12-31": "24.06600", "2006-12-31": "21.20200", "2005-12-31": "19.10300"}, "Other Long-Term Assets": {"2019-12-31": "53.97300", "2018-12-31": "16.46200", "2017-12-31": "13.93200", "2016-12-31": "21.63000", "2015-12-31": "10.87400", "2014-12-31": "7.49600", "2013-12-31": "10.14600", "2012-12-31": "3.57600", "2011-12-31": "4.40500", "2010-12-31": "3.44700", "2009-12-31": "1.22600", "2008-12-31": "2.44400", "2007-12-31": "0.73000", "2006-12-31": "1.44700", "2005-12-31": "0.75700"}, "Total Long-Term Assets": {"2019-12-31": "2834.04300", "2018-12-31": "2722.72100", "2017-12-31": "2704.63500", "2016-12-31": "2721.20100", "2015-12-31": "1971.74500", "2014-12-31": "285.72100", "2013-12-31": "237.46600", "2012-12-31": "208.25700", "2011-12-31": "179.72200", "2010-12-31": "183.97800", "2009-12-31": "214.56600", "2008-12-31": "200.51300", "2007-12-31": "274.45400", "2006-12-31": "33.21500", "2005-12-31": "23.60300"}, "Total Assets": {"2019-12-31": "5150.35200", "2018-12-31": "4526.89100", "2017-12-31": "4791.01200", "2016-12-31": "4153.47100", "2015-12-31": "5571.27700", "2014-12-31": "1938.87500", "2013-12-31": "1420.50900", "2012-12-31": "1043.32500", "2011-12-31": "1362.39900", "2010-12-31": "1146.95000", "2009-12-31": "800.07000", "2008-12-31": "761.83700", "2007-12-31": "544.60300", "2006-12-31": "308.37200", "2005-12-31": "163.89000"}, "Total Current Liabilities": {"2019-12-31": "661.09700", "2018-12-31": "601.14500", "2017-12-31": "560.35100", "2016-12-31": "470.58900", "2015-12-31": "410.27700", "2014-12-31": "355.71600", "2013-12-31": "316.01400", "2012-12-31": "288.54500", "2011-12-31": "266.09000", "2010-12-31": "193.65300", "2009-12-31": "83.72900", "2008-12-31": "187.33400", "2007-12-31": "82.88100", "2006-12-31": "62.84300", "2005-12-31": "32.95700"}, "Long Term Debt": {"2019-12-31": "", "2018-12-31": "", "2017-12-31": "", "2016-12-31": "", "2015-12-31": "", "2014-12-31": "", "2013-12-31": "", "2012-12-31": "", "2011-12-31": "", "2010-12-31": "", "2009-12-31": "", "2008-12-31": "", "2007-12-31": "", "2006-12-31": "0.00400", "2005-12-31": "0.01000"}, "Other Non-Current Liabilities": {"2019-12-31": "30.50500", "2018-12-31": "2.62100", "2017-12-31": "1.09500", "2016-12-31": "", "2015-12-31": "", "2014-12-31": "", "2013-12-31": "", "2012-12-31": "", "2011-12-31": "", "2010-12-31": "", "2009-12-31": "", "2008-12-31": "", "2007-12-31": "", "2006-12-31": "", "2005-12-31": ""}, "Total Long Term Liabilities": {"2019-12-31": "317.97400", "2018-12-31": "314.84500", "2017-12-31": "335.44900", "2016-12-31": "353.17300", "2015-12-31": "351.59000", "2014-12-31": "68.00900", "2013-12-31": "112.21600", "2012-12-31": "110.38300", "2011-12-31": "117.15100", "2010-12-31": "124.89900", "2009-12-31": "131.38800", "2008-12-31": "138.18700", "2007-12-31": "39.55500", "2006-12-31": "20.44500", "2005-12-31": "5.42400"}, "Total Liabilities": {"2019-12-31": "979.07100", "2018-12-31": "915.99000", "2017-12-31": "895.80000", "2016-12-31": "823.76200", "2015-12-31": "761.86700", "2014-12-31": "423.72500", "2013-12-31": "428.23000", "2012-12-31": "398.92800", "2011-12-31": "383.24100", "2010-12-31": "318.55200", "2009-12-31": "215.11700", "2008-12-31": "325.52100", "2007-12-31": "122.43600", "2006-12-31": "83.28800", "2005-12-31": "38.38100"}, "Common Stock Net": {"2019-12-31": "3.18200", "2018-12-31": "3.15500", "2017-12-31": "3.14600", "2016-12-31": "3.11600", "2015-12-31": "3.10500", "2014-12-31": "1.03500", "2013-12-31": "1.03000", "2012-12-31": "1.01900", "2011-12-31": "0.99400", "2010-12-31": "0.98800", "2009-12-31": "0.48600", "2008-12-31": "0.48400", "2007-12-31": "0.47900", "2006-12-31": "0.46400", "2005-12-31": "0.45200"}, "Retained Earnings (Accumulated Deficit)": {"2019-12-31": "5022.48000", "2018-12-31": "3914.64500", "2017-12-31": "2928.22600", "2016-12-31": "2107.54800", "2015-12-31": "1394.86300", "2014-12-31": "2330.51000", "2013-12-31": "1847.32500", "2012-12-31": "1508.66400", "2011-12-31": "1168.64400", "2010-12-31": "882.42500", "2009-12-31": "670.39600", "2008-12-31": "461.68000", "2007-12-31": "353.64800", "2006-12-31": "204.24200", "2005-12-31": "106.29300"}, "Comprehensive Income": {"2019-12-31": "-32.38700", "2018-12-31": "-32.86400", "2017-12-31": "-16.65900", "2016-12-31": "-23.24900", "2015-12-31": "-21.87800", "2014-12-31": "-11.45300", "2013-12-31": "-1.23300", "2012-12-31": "2.07400", "2011-12-31": "-1.54700", "2010-12-31": "0.28100", "2009-12-31": "-4.66700", "2008-12-31": "-10.82500", "2007-12-31": "-0.04700", "2006-12-31": "", "2005-12-31": ""}, "Other Share Holders Equity": {"2019-12-31": "", "2018-12-31": "", "2017-12-31": "", "2016-12-31": "", "2015-12-31": "", "2014-12-31": "", "2013-12-31": "", "2012-12-31": "", "2011-12-31": "", "2010-12-31": "", "2009-12-31": "", "2008-12-31": "", "2007-12-31": "", "2006-12-31": "", "2005-12-31": ""}, "Share Holder Equity": {"2019-12-31": "4171.28100", "2018-12-31": "3610.90100", "2017-12-31": "3895.21200", "2016-12-31": "3329.70900", "2015-12-31": "4809.41000", "2014-12-31": "1515.15000", "2013-12-31": "992.27900", "2012-12-31": "644.39700", "2011-12-31": "979.15800", "2010-12-31": "828.39800", "2009-12-31": "584.95300", "2008-12-31": "436.31600", "2007-12-31": "422.16700", "2006-12-31": "225.08400", "2005-12-31": "125.50900"}, "Total Liabilities And Share Holders Equity": {"2019-12-31": "5150.35200", "2018-12-31": "4526.89100", "2017-12-31": "4791.01200", "2016-12-31": "4153.47100", "2015-12-31": "5571.27700", "2014-12-31": "1938.87500", "2013-12-31": "1420.50900", "2012-12-31": "1043.32500", "2011-12-31": "1362.39900", "2010-12-31": "1146.95000", "2009-12-31": "800.07000", "2008-12-31": "761.83700", "2007-12-31": "544.60300", "2006-12-31": "308.37200", "2005-12-31": "163.89000"}}, "balance sheet, quarterly": {"Cash On Hand": {"2020-09-30": "1674.05600", "2020-06-30": "1172.07900", "2020-03-31": "935.34900", "2019-12-31": "1331.02000", "2019-09-30": "1304.97300", "2019-06-30": "1246.23500", "2019-03-31": "882.04100", "2018-12-31": "958.16300", "2018-09-30": "1171.61200", "2018-06-30": "870.78000", "2018-03-31": "1096.58200", "2017-12-31": "1201.55500", "2017-09-30": "1095.90700", "2017-06-30": "1101.50600", "2017-03-31": "785.70300", "2016-12-31": "598.13600", "2016-09-30": "599.17900", "2016-06-30": "479.08800", "2016-03-31": "3036.35200", "2015-12-31": "2920.02700", "2015-09-30": "2785.42700", "2015-06-30": "2931.15300", "2015-03-31": "1010.07100", "2014-12-31": "1151.45700", "2014-09-30": "996.36400", "2014-06-30": "827.02000", "2014-03-31": "750.95200", "2013-12-31": "613.59600", "2013-09-30": "602.59100", "2013-06-30": "432.03600", "2013-03-31": "344.67200", "2012-12-31": "319.55600", "2012-09-30": "590.70800", "2012-06-30": "870.23000", "2012-03-31": "811.02600", "2011-12-31": "770.61300", "2011-09-30": "699.41200", "2011-06-30": "699.41500", "2011-03-31": "594.49000", "2010-12-31": "599.49100", "2010-09-30": "533.83200", "2010-06-30": "471.57300", "2010-03-31": "437.22400", "2009-12-31": "346.83600", "2009-09-30": "347.84400", "2009-06-30": "313.57300", "2009-03-31": "284.09800", "2008-12-31": "285.94600", "2008-09-30": "271.27400", "2008-06-30": "205.01900", "2008-03-31": "159.10800", "2007-12-31": "75.56500", "2007-09-30": "255.44500", "2007-06-30": "198.09500", "2007-03-31": "183.20200", "2006-12-31": "136.79600", "2006-09-30": "126.63300", "2006-06-30": "115.00100", "2006-03-31": "97.72010", "2005-12-31": "73.51500", "2005-09-30": "49.93370", "2005-06-30": "33.42810", "2005-03-31": "30.57450"}, "Receivables": {"2020-09-30": "740.81300", "2020-06-30": "760.43300", "2020-03-31": "670.57000", "2019-12-31": "540.33000", "2019-09-30": "647.98300", "2019-06-30": "688.19700", "2019-03-31": "596.66100", "2018-12-31": "484.56200", "2018-09-30": "620.16200", "2018-06-30": "592.56800", "2018-03-31": "525.46300", "2017-12-31": "449.47600", "2017-09-30": "535.33600", "2017-06-30": "537.08200", "2017-03-31": "571.97700", "2016-12-31": "573.05100", "2016-09-30": "592.34800", "2016-06-30": "590.70800", "2016-03-31": "541.70400", "2015-12-31": "477.95500", "2015-09-30": "533.48500", "2015-06-30": "498.33500", "2015-03-31": "344.05500", "2014-12-31": "280.75500", "2014-09-30": "333.16500", "2014-06-30": "398.79200", "2014-03-31": "345.78600", "2013-12-31": "296.18000", "2013-09-30": "343.20500", "2013-06-30": "348.19700", "2013-03-31": "317.65500", "2012-12-31": "236.71000", "2012-09-30": "289.25300", "2012-06-30": "306.39300", "2012-03-31": "256.42400", "2011-12-31": "218.74100", "2011-09-30": "139.54500", "2011-06-30": "162.29900", "2011-03-31": "149.00400", "2010-12-31": "166.45400", "2010-09-30": "131.77800", "2010-06-30": "131.48000", "2010-03-31": "117.70500", "2009-12-31": "108.90500", "2009-09-30": "97.28900", "2009-06-30": "125.90700", "2009-03-31": "120.10400", "2008-12-31": "135.95500", "2008-09-30": "72.97200", "2008-06-30": "83.40400", "2008-03-31": "81.75800", "2007-12-31": "81.49700", "2007-09-30": "90.04600", "2007-06-30": "111.92800", "2007-03-31": "75.49600", "2006-12-31": "54.62400", "2006-09-30": "68.91700", "2006-06-30": "60.93900", "2006-03-31": "46.30260", "2005-12-31": "28.75200", "2005-09-30": "34.41800", "2005-06-30": "31.70450", "2005-03-31": "20.16790"}, "Inventory": {"2020-09-30": "318.95600", "2020-06-30": "340.53600", "2020-03-31": "352.30500", "2019-12-31": "360.73100", "2019-09-30": "317.74500", "2019-06-30": "299.52900", "2019-03-31": "300.78000", "2018-12-31": "277.70500", "2018-09-30": "262.08400", "2018-06-30": "275.56600", "2018-03-31": "268.60700", "2017-12-31": "255.74500", "2017-09-30": "213.34100", "2017-06-30": "190.60000", "2017-03-31": "171.29000", "2016-12-31": "161.97100", "2016-09-30": "167.84000", "2016-06-30": "174.40100", "2016-03-31": "165.92900", "2015-12-31": "156.12100", "2015-09-30": "159.69100", "2015-06-30": "180.89200", "2015-03-31": "197.91400", "2014-12-31": "174.57300", "2014-09-30": "205.44900", "2014-06-30": "207.90800", "2014-03-31": "204.06100", "2013-12-31": "221.44900", "2013-09-30": "247.36800", "2013-06-30": "233.54900", "2013-03-31": "215.33700", "2012-12-31": "203.10600", "2012-09-30": "193.93400", "2012-06-30": "199.05300", "2012-03-31": "179.12700", "2011-12-31": "155.61300", "2011-09-30": "164.48100", "2011-06-30": "156.77800", "2011-03-31": "173.72500", "2010-12-31": "153.24100", "2010-09-30": "148.93800", "2010-06-30": "139.23300", "2010-03-31": "119.14500", "2009-12-31": "108.14300", "2009-09-30": "123.94200", "2009-06-30": "117.34400", "2009-03-31": "110.10100", "2008-12-31": "116.32600", "2008-09-30": "110.46600", "2008-06-30": "123.21800", "2008-03-31": "109.78400", "2007-12-31": "98.14000", "2007-09-30": "94.02500", "2007-06-30": "87.49800", "2007-03-31": "61.58100", "2006-12-31": "77.01300", "2006-09-30": "80.68300", "2006-06-30": "50.29700", "2006-03-31": "29.38960", "2005-12-31": "31.40000", "2005-09-30": "28.85610", "2005-06-30": "27.80130", "2005-03-31": "23.45140"}, "Pre-Paid Expenses": {"2020-09-30": "75.95800", "2020-06-30": "78.42500", "2020-03-31": "71.86500", "2019-12-31": "54.86800", "2019-09-30": "58.39000", "2019-06-30": "58.47700", "2019-03-31": "63.68500", "2018-12-31": "44.90900", "2018-09-30": "57.59900", "2018-06-30": "57.32000", "2018-03-31": "61.63900", "2017-12-31": "40.87700", "2017-09-30": "46.09500", "2017-06-30": "44.39900", "2017-03-31": "46.70300", "2016-12-31": "32.56200", "2016-09-30": "35.01600", "2016-06-30": "28.08100", "2016-03-31": "36.45800", "2015-12-31": "26.96700", "2015-09-30": "25.74200", "2015-06-30": "22.62800", "2015-03-31": "25.17400", "2014-12-31": "19.67300", "2014-09-30": "25.47200", "2014-06-30": "25.59400", "2014-03-31": "28.48200", "2013-12-31": "21.37600", "2013-09-30": "29.79900", "2013-06-30": "25.35300", "2013-03-31": "35.62800", "2012-12-31": "24.98300", "2012-09-30": "20.19000", "2012-06-30": "19.41400", "2012-03-31": "19.65400", "2011-12-31": "20.91200", "2011-09-30": "18.29000", "2011-06-30": "18.62300", "2011-03-31": "21.63500", "2010-12-31": "17.02200", "2010-09-30": "14.97400", "2010-06-30": "16.57700", "2010-03-31": "14.61200", "2009-12-31": "11.27000", "2009-09-30": "9.70500", "2009-06-30": "13.14900", "2009-03-31": "8.99000", "2008-12-31": "8.37900", "2008-09-30": "9.18100", "2008-06-30": "10.61400", "2008-03-31": "7.50700", "2007-12-31": "3.75500", "2007-09-30": "5.42500", "2007-06-30": "6.38200", "2007-03-31": "4.53600", "2006-12-31": "0.77100", "2006-09-30": "1.29600", "2006-06-30": "2.24300", "2006-03-31": "1.29790", "2005-12-31": "0.47700", "2005-09-30": "0.64530", "2005-06-30": "0.50110", "2005-03-31": "0.52710"}, "Other Current Assets": {"2020-09-30": "", "2020-06-30": "", "2020-03-31": "", "2019-12-31": "", "2019-09-30": "", "2019-06-30": "", "2019-03-31": "", "2018-12-31": "", "2018-09-30": "", "2018-06-30": "", "2018-03-31": "", "2017-12-31": "", "2017-09-30": "", "2017-06-30": "", "2017-03-31": "", "2016-12-31": "", "2016-09-30": "", "2016-06-30": "", "2016-03-31": "", "2015-12-31": "", "2015-09-30": "", "2015-06-30": "", "2015-03-31": "18.07900", "2014-12-31": "18.07900", "2014-09-30": "18.07900", "2014-06-30": "", "2014-03-31": "", "2013-12-31": "", "2013-09-30": "", "2013-06-30": "", "2013-03-31": "", "2012-12-31": "", "2012-09-30": "", "2012-06-30": "", "2012-03-31": "", "2011-12-31": "", "2011-09-30": "", "2011-06-30": "", "2011-03-31": "", "2010-12-31": "", "2010-09-30": "", "2010-06-30": "", "2010-03-31": "", "2009-12-31": "", "2009-09-30": "", "2009-06-30": "", "2009-03-31": "", "2008-12-31": "", "2008-09-30": "", "2008-06-30": "", "2008-03-31": "", "2007-12-31": "", "2007-09-30": "", "2007-06-30": "", "2007-03-31": "", "2006-12-31": "", "2006-09-30": "", "2006-06-30": "", "2006-03-31": "", "2005-12-31": "", "2005-09-30": "", "2005-06-30": "", "2005-03-31": ""}, "Total Current Assets": {"2020-09-30": "2825.84700", "2020-06-30": "2371.45000", "2020-03-31": "2048.72200", "2019-12-31": "2316.30900", "2019-09-30": "2360.76000", "2019-06-30": "2326.76800", "2019-03-31": "1907.30000", "2018-12-31": "1804.17000", "2018-09-30": "2152.67100", "2018-06-30": "1828.67900", "2018-03-31": "2038.54800", "2017-12-31": "2086.37700", "2017-09-30": "1934.29700", "2017-06-30": "1880.07900", "2017-03-31": "1616.81600", "2016-12-31": "1432.27000", "2016-09-30": "1550.02400", "2016-06-30": "1292.82500", "2016-03-31": "3792.87200", "2015-12-31": "3599.53200", "2015-09-30": "3750.64700", "2015-06-30": "3922.37900", "2015-03-31": "1841.89500", "2014-12-31": "1653.15400", "2014-09-30": "1617.47900", "2014-06-30": "1487.35300", "2014-03-31": "1355.21300", "2013-12-31": "1183.04300", "2013-09-30": "1278.45700", "2013-06-30": "1093.82200", "2013-03-31": "936.69900", "2012-12-31": "835.06800", "2012-09-30": "1128.93700", "2012-06-30": "1414.25700", "2012-03-31": "1284.46300", "2011-12-31": "1182.67700", "2011-09-30": "1038.73200", "2011-06-30": "1054.13500", "2011-03-31": "955.81900", "2010-12-31": "962.97200", "2010-09-30": "842.53300", "2010-06-30": "769.21300", "2010-03-31": "699.03600", "2009-12-31": "585.50400", "2009-09-30": "588.52100", "2009-06-30": "579.71400", "2009-03-31": "533.03400", "2008-12-31": "561.32400", "2008-09-30": "477.24500", "2008-06-30": "434.15700", "2008-03-31": "369.40400", "2007-12-31": "270.14900", "2007-09-30": "461.20000", "2007-06-30": "409.07300", "2007-03-31": "327.96300", "2006-12-31": "275.15700", "2006-09-30": "283.84000", "2006-06-30": "240.50600", "2006-03-31": "179.33600", "2005-12-31": "140.28700", "2005-09-30": "122.47450", "2005-06-30": "98.61270", "2005-03-31": "77.95490"}, "Property, Plant, And Equipment": {"2020-09-30": "304.68700", "2020-06-30": "301.94600", "2020-03-31": "295.57000", "2019-12-31": "298.64000", "2019-09-30": "251.76000", "2019-06-30": "240.16500", "2019-03-31": "241.23200", "2018-12-31": "243.05100", "2018-09-30": "242.85400", "2018-06-30": "240.65800", "2018-03-31": "231.19900", "2017-12-31": "230.27600", "2017-09-30": "225.42100", "2017-06-30": "211.55500", "2017-03-31": "189.63100", "2016-12-31": "173.34300", "2016-09-30": "144.62500", "2016-06-30": "102.56200", "2016-03-31": "99.25700", "2015-12-31": "97.35400", "2015-09-30": "94.72700", "2015-06-30": "92.53800", "2015-03-31": "88.29600", "2014-12-31": "90.15600", "2014-09-30": "88.48700", "2014-06-30": "91.21800", "2014-03-31": "91.73300", "2013-12-31": "88.14300", "2013-09-30": "88.49500", "2013-06-30": "83.52900", "2013-03-31": "74.59600", "2012-12-31": "69.13700", "2012-09-30": "57.57400", "2012-06-30": "55.94400", "2012-03-31": "55.68900", "2011-12-31": "45.15100", "2011-09-30": "44.07000", "2011-06-30": "40.93100", "2011-03-31": "39.03700", "2010-12-31": "34.55100", "2010-09-30": "33.17300", "2010-06-30": "32.03800", "2010-03-31": "32.26700", "2009-12-31": "33.31400", "2009-09-30": "28.07500", "2009-06-30": "23.83500", "2009-03-31": "17.67700", "2008-12-31": "14.38900", "2008-09-30": "11.06700", "2008-06-30": "9.23800", "2008-03-31": "8.83300", "2007-12-31": "8.56700", "2007-09-30": "8.40400", "2007-06-30": "6.77800", "2007-03-31": "5.51100", "2006-12-31": "5.56500", "2006-09-30": "5.97500", "2006-06-30": "5.76100", "2006-03-31": "4.55880", "2005-12-31": "3.74300", "2005-09-30": "3.71920", "2005-06-30": "3.31090", "2005-03-31": "2.79850"}, "Long-Term Investments": {"2020-09-30": "20.57100", "2020-06-30": "2.07700", "2020-03-31": "13.92200", "2019-12-31": "12.90500", "2019-09-30": "14.37000", "2019-06-30": "7.00600", "2019-03-31": "", "2018-12-31": "", "2018-09-30": "1.61000", "2018-06-30": "", "2018-03-31": "3.49700", "2017-12-31": "2.36600", "2017-09-30": "7.00300", "2017-06-30": "48.63900", "2017-03-31": "0.47700", "2016-12-31": "2.39400", "2016-09-30": "9.51900", "2016-06-30": "", "2016-03-31": "7.41900", "2015-12-31": "15.34800", "2015-09-30": "34.35500", "2015-06-30": "52.36400", "2015-03-31": "41.24000", "2014-12-31": "42.94000", "2014-09-30": "28.41900", "2014-06-30": "51.68200", "2014-03-31": "8.13100", "2013-12-31": "9.79200", "2013-09-30": "9.72500", "2013-06-30": "11.95300", "2013-03-31": "13.63100", "2012-12-31": "21.39300", "2012-09-30": "19.88200", "2012-06-30": "20.87300", "2012-03-31": "21.86400", "2011-12-31": "23.19400", "2011-09-30": "26.68900", "2011-06-30": "30.20200", "2011-03-31": "30.46200", "2010-12-31": "44.18900", "2010-09-30": "46.00200", "2010-06-30": "59.48400", "2010-03-31": "64.44200", "2009-12-31": "80.83600", "2009-09-30": "87.96900", "2009-06-30": "87.90200", "2009-03-31": "86.53900", "2008-12-31": "89.56700", "2008-09-30": "109.53000", "2008-06-30": "115.18100", "2008-03-31": "164.41900", "2007-12-31": "227.08500", "2007-09-30": "", "2007-06-30": "", "2007-03-31": "", "2006-12-31": "", "2006-09-30": "", "2006-06-30": "", "2006-03-31": "", "2005-12-31": "", "2005-09-30": "", "2005-06-30": "", "2005-03-31": ""}, "Goodwill And Intangible Assets": {"2020-09-30": "2391.18000", "2020-06-30": "2387.18700", "2020-03-31": "2384.75000", "2019-12-31": "2383.74800", "2019-09-30": "2379.11600", "2019-06-30": "2377.45300", "2019-03-31": "2374.48200", "2018-12-31": "2377.52100", "2018-09-30": "2373.89100", "2018-06-30": "2371.04400", "2018-03-31": "2368.30400", "2017-12-31": "2365.72800", "2017-09-30": "2365.12400", "2017-06-30": "2364.51700", "2017-03-31": "2364.52900", "2016-12-31": "2364.27800", "2016-09-30": "2364.45600", "2016-06-30": "2365.79400", "2016-03-31": "1708.29300", "2015-12-31": "1707.70100", "2015-09-30": "1715.97800", "2015-06-30": "1715.94300", "2015-03-31": "52.30000", "2014-12-31": "50.74800", "2014-09-30": "49.10000", "2014-06-30": "66.35100", "2014-03-31": "65.52500", "2013-12-31": "65.77400", "2013-09-30": "63.61300", "2013-06-30": "59.72500", "2013-03-31": "57.99900", "2012-12-31": "54.64800", "2012-09-30": "52.85100", "2012-06-30": "50.87500", "2012-03-31": "49.13200", "2011-12-31": "48.39600", "2011-09-30": "47.46600", "2011-06-30": "46.67700", "2011-03-31": "45.30000", "2010-12-31": "43.31600", "2010-09-30": "42.23000", "2010-06-30": "39.75200", "2010-03-31": "36.93000", "2009-12-31": "33.51200", "2009-09-30": "31.67400", "2009-06-30": "29.81900", "2009-03-31": "28.99300", "2008-12-31": "28.36500", "2008-09-30": "25.51200", "2008-06-30": "24.72300", "2008-03-31": "24.37500", "2007-12-31": "24.06600", "2007-09-30": "23.92200", "2007-06-30": "23.55500", "2007-03-31": "22.41200", "2006-12-31": "21.20200", "2006-09-30": "20.20800", "2006-06-30": "19.07800", "2006-03-31": "19.09200", "2005-12-31": "19.10300", "2005-09-30": "18.41110", "2005-06-30": "18.32370", "2005-03-31": "18.33760"}, "Other Long-Term Assets": {"2020-09-30": "70.62100", "2020-06-30": "46.37600", "2020-03-31": "53.75600", "2019-12-31": "53.97300", "2019-09-30": "46.21200", "2019-06-30": "47.79200", "2019-03-31": "47.62200", "2018-12-31": "16.46200", "2018-09-30": "15.08000", "2018-06-30": "16.43600", "2018-03-31": "12.83600", "2017-12-31": "13.93200", "2017-09-30": "18.32200", "2017-06-30": "20.60200", "2017-03-31": "19.55500", "2016-12-31": "21.63000", "2016-09-30": "25.69100", "2016-06-30": "15.55600", "2016-03-31": "14.34600", "2015-12-31": "10.87400", "2015-09-30": "8.03100", "2015-06-30": "8.35700", "2015-03-31": "7.10900", "2014-12-31": "7.49600", "2014-09-30": "7.86300", "2014-06-30": "8.97200", "2014-03-31": "9.53800", "2013-12-31": "10.14600", "2013-09-30": "10.17000", "2013-06-30": "7.40700", "2013-03-31": "3.59100", "2012-12-31": "3.57600", "2012-09-30": "3.67300", "2012-06-30": "3.56600", "2012-03-31": "3.59400", "2011-12-31": "4.40500", "2011-09-30": "3.92600", "2011-06-30": "4.08000", "2011-03-31": "2.96200", "2010-12-31": "3.44700", "2010-09-30": "1.79400", "2010-06-30": "3.34300", "2010-03-31": "4.39500", "2009-12-31": "1.22600", "2009-09-30": "1.88500", "2009-06-30": "1.89900", "2009-03-31": "1.86400", "2008-12-31": "2.44400", "2008-09-30": "0.58400", "2008-06-30": "0.77400", "2008-03-31": "0.72500", "2007-12-31": "0.73000", "2007-09-30": "1.22700", "2007-06-30": "1.28000", "2007-03-31": "1.39100", "2006-12-31": "1.44700", "2006-09-30": "0.78400", "2006-06-30": "0.83200", "2006-03-31": "0.86480", "2005-12-31": "0.75700", "2005-09-30": "0.73650", "2005-06-30": "0.76950", "2005-03-31": "0.73700"}, "Total Long-Term Assets": {"2020-09-30": "2871.83600", "2020-06-30": "2822.36300", "2020-03-31": "2832.77500", "2019-12-31": "2834.04300", "2019-09-30": "2776.60600", "2019-06-30": "2757.56400", "2019-03-31": "2748.55100", "2018-12-31": "2722.72100", "2018-09-30": "2718.68800", "2018-06-30": "2713.39100", "2018-03-31": "2701.58400", "2017-12-31": "2704.63500", "2017-09-30": "2774.60900", "2017-06-30": "2804.05200", "2017-03-31": "2732.93100", "2016-12-31": "2721.20100", "2016-09-30": "2686.40700", "2016-06-30": "2745.23100", "2016-03-31": "2090.61200", "2015-12-31": "1971.74500", "2015-09-30": "1853.09100", "2015-06-30": "1869.20200", "2015-03-31": "243.05100", "2014-12-31": "285.72100", "2014-09-30": "245.39900", "2014-06-30": "281.66600", "2014-03-31": "238.37000", "2013-12-31": "237.46600", "2013-09-30": "233.41000", "2013-06-30": "224.02000", "2013-03-31": "210.67300", "2012-12-31": "208.25700", "2012-09-30": "189.98500", "2012-06-30": "187.26000", "2012-03-31": "186.28200", "2011-12-31": "179.72200", "2011-09-30": "179.69600", "2011-06-30": "179.43500", "2011-03-31": "176.17300", "2010-12-31": "183.97800", "2010-09-30": "184.14700", "2010-06-30": "195.68200", "2010-03-31": "201.90000", "2009-12-31": "214.56600", "2009-09-30": "212.77300", "2009-06-30": "206.78300", "2009-03-31": "199.65600", "2008-12-31": "200.51300", "2008-09-30": "162.90100", "2008-06-30": "166.31500", "2008-03-31": "214.49500", "2007-12-31": "274.45400", "2007-09-30": "47.09000", "2007-06-30": "45.42600", "2007-03-31": "40.24300", "2006-12-31": "33.21500", "2006-09-30": "26.96700", "2006-06-30": "25.67100", "2006-03-31": "24.51560", "2005-12-31": "23.60300", "2005-09-30": "22.86670", "2005-06-30": "22.40400", "2005-03-31": "21.87310"}, "Total Assets": {"2020-09-30": "5697.68300", "2020-06-30": "5193.81300", "2020-03-31": "4881.49700", "2019-12-31": "5150.35200", "2019-09-30": "5137.36600", "2019-06-30": "5084.33200", "2019-03-31": "4655.85100", "2018-12-31": "4526.89100", "2018-09-30": "4871.35900", "2018-06-30": "4542.07000", "2018-03-31": "4740.13200", "2017-12-31": "4791.01200", "2017-09-30": "4708.90600", "2017-06-30": "4684.13100", "2017-03-31": "4349.74700", "2016-12-31": "4153.47100", "2016-09-30": "4236.43100", "2016-06-30": "4038.05600", "2016-03-31": "5883.48400", "2015-12-31": "5571.27700", "2015-09-30": "5603.73800", "2015-06-30": "5791.58100", "2015-03-31": "2084.94600", "2014-12-31": "1938.87500", "2014-09-30": "1862.87800", "2014-06-30": "1769.01900", "2014-03-31": "1593.58300", "2013-12-31": "1420.50900", "2013-09-30": "1511.86700", "2013-06-30": "1317.84200", "2013-03-31": "1147.37200", "2012-12-31": "1043.32500", "2012-09-30": "1318.92200", "2012-06-30": "1601.51700", "2012-03-31": "1470.74500", "2011-12-31": "1362.39900", "2011-09-30": "1218.42800", "2011-06-30": "1233.57000", "2011-03-31": "1131.99200", "2010-12-31": "1146.95000", "2010-09-30": "1026.68000", "2010-06-30": "964.89500", "2010-03-31": "900.93600", "2009-12-31": "800.07000", "2009-09-30": "801.29400", "2009-06-30": "786.49700", "2009-03-31": "732.69000", "2008-12-31": "761.83700", "2008-09-30": "640.14600", "2008-06-30": "600.47200", "2008-03-31": "583.89900", "2007-12-31": "544.60300", "2007-09-30": "508.29000", "2007-06-30": "454.49900", "2007-03-31": "368.20600", "2006-12-31": "308.37200", "2006-09-30": "310.80700", "2006-06-30": "266.17700", "2006-03-31": "203.85160", "2005-12-31": "163.89000", "2005-09-30": "145.34120", "2005-06-30": "121.01670", "2005-03-31": "99.82800"}, "Total Current Liabilities": {"2020-09-30": "773.76300", "2020-06-30": "674.86500", "2020-03-31": "701.54100", "2019-12-31": "661.09700", "2019-09-30": "714.21600", "2019-06-30": "705.50000", "2019-03-31": "630.97200", "2018-12-31": "601.14500", "2018-09-30": "656.36200", "2018-06-30": "614.21200", "2018-03-31": "534.02200", "2017-12-31": "560.35100", "2017-09-30": "597.68400", "2017-06-30": "561.17100", "2017-03-31": "469.82400", "2016-12-31": "470.58900", "2016-09-30": "472.64200", "2016-06-30": "497.35600", "2016-03-31": "540.65500", "2015-12-31": "410.27700", "2015-09-30": "504.60600", "2015-06-30": "491.92700", "2015-03-31": "549.28700", "2014-12-31": "355.71600", "2014-09-30": "370.61100", "2014-06-30": "404.84100", "2014-03-31": "380.36600", "2013-12-31": "316.01400", "2013-09-30": "438.27200", "2013-06-30": "346.17400", "2013-03-31": "329.76600", "2012-12-31": "288.54500", "2012-09-30": "317.03800", "2012-06-30": "299.83200", "2012-03-31": "288.11700", "2011-12-31": "266.09000", "2011-09-30": "165.92900", "2011-06-30": "161.85000", "2011-03-31": "155.24700", "2010-12-31": "193.65300", "2010-09-30": "139.77700", "2010-06-30": "158.91800", "2010-03-31": "135.64200", "2009-12-31": "83.72900", "2009-09-30": "107.73100", "2009-06-30": "102.08800", "2009-03-31": "108.97000", "2008-12-31": "187.33400", "2008-09-30": "88.35500", "2008-06-30": "105.26200", "2008-03-31": "93.14000", "2007-12-31": "82.88100", "2007-09-30": "97.81900", "2007-06-30": "114.14800", "2007-03-31": "87.41800", "2006-12-31": "62.84300", "2006-09-30": "97.72800", "2006-06-30": "63.63100", "2006-03-31": "48.09140", "2005-12-31": "32.95700", "2005-09-30": "34.80800", "2005-06-30": "31.81170", "2005-03-31": "26.99510"}, "Long Term Debt": {"2020-09-30": "", "2020-06-30": "", "2020-03-31": "", "2019-12-31": "", "2019-09-30": "", "2019-06-30": "", "2019-03-31": "", "2018-12-31": "", "2018-09-30": "", "2018-06-30": "", "2018-03-31": "", "2017-12-31": "", "2017-09-30": "", "2017-06-30": "", "2017-03-31": "", "2016-12-31": "", "2016-09-30": "", "2016-06-30": "", "2016-03-31": "", "2015-12-31": "", "2015-09-30": "", "2015-06-30": "", "2015-03-31": "", "2014-12-31": "", "2014-09-30": "", "2014-06-30": "", "2014-03-31": "", "2013-12-31": "", "2013-09-30": "", "2013-06-30": "", "2013-03-31": "", "2012-12-31": "", "2012-09-30": "", "2012-06-30": "", "2012-03-31": "", "2011-12-31": "", "2011-09-30": "", "2011-06-30": "", "2011-03-31": "", "2010-12-31": "", "2010-09-30": "", "2010-06-30": "", "2010-03-31": "", "2009-12-31": "", "2009-09-30": "", "2009-06-30": "", "2009-03-31": "", "2008-12-31": "", "2008-09-30": "", "2008-06-30": "", "2008-03-31": "", "2007-12-31": "", "2007-09-30": "", "2007-06-30": "", "2007-03-31": "0.00300", "2006-12-31": "0.00400", "2006-09-30": "0.00500", "2006-06-30": "0.00600", "2006-03-31": "0.00750", "2005-12-31": "0.01000", "2005-09-30": "0.01310", "2005-06-30": "0.16530", "2005-03-31": "0.16810"}, "Other Non-Current Liabilities": {"2020-09-30": "26.31800", "2020-06-30": "24.48200", "2020-03-31": "30.61700", "2019-12-31": "30.50500", "2019-09-30": "23.07100", "2019-06-30": "22.87100", "2019-03-31": "22.81800", "2018-12-31": "2.62100", "2018-09-30": "2.72300", "2018-06-30": "2.43900", "2018-03-31": "2.20300", "2017-12-31": "1.09500", "2017-09-30": "0.81900", "2017-06-30": "", "2017-03-31": "", "2016-12-31": "", "2016-09-30": "", "2016-06-30": "", "2016-03-31": "", "2015-12-31": "", "2015-09-30": "", "2015-06-30": "", "2015-03-31": "", "2014-12-31": "", "2014-09-30": "", "2014-06-30": "", "2014-03-31": "", "2013-12-31": "", "2013-09-30": "", "2013-06-30": "", "2013-03-31": "", "2012-12-31": "", "2012-09-30": "", "2012-06-30": "", "2012-03-31": "", "2011-12-31": "", "2011-09-30": "", "2011-06-30": "", "2011-03-31": "", "2010-12-31": "", "2010-09-30": "", "2010-06-30": "", "2010-03-31": "", "2009-12-31": "", "2009-09-30": "", "2009-06-30": "", "2009-03-31": "", "2008-12-31": "", "2008-09-30": "", "2008-06-30": "", "2008-03-31": "", "2007-12-31": "", "2007-09-30": "", "2007-06-30": "", "2007-03-31": "", "2006-12-31": "", "2006-09-30": "", "2006-06-30": "", "2006-03-31": "", "2005-12-31": "", "2005-09-30": "", "2005-06-30": "", "2005-03-31": ""}, "Total Long Term Liabilities": {"2020-09-30": "294.59900", "2020-06-30": "297.40800", "2020-03-31": "309.01000", "2019-12-31": "317.97400", "2019-09-30": "315.17200", "2019-06-30": "321.24600", "2019-03-31": "326.05900", "2018-12-31": "314.84500", "2018-09-30": "321.73000", "2018-06-30": "322.69800", "2018-03-31": "330.50300", "2017-12-31": "335.44900", "2017-09-30": "343.06800", "2017-06-30": "346.94300", "2017-03-31": "349.69700", "2016-12-31": "353.17300", "2016-09-30": "365.38900", "2016-06-30": "348.28900", "2016-03-31": "350.98300", "2015-12-31": "351.59000", "2015-09-30": "444.57500", "2015-06-30": "444.83400", "2015-03-31": "67.30500", "2014-12-31": "68.00900", "2014-09-30": "105.82700", "2014-06-30": "108.54700", "2014-03-31": "110.49100", "2013-12-31": "112.21600", "2013-09-30": "113.20400", "2013-06-30": "115.64700", "2013-03-31": "116.23500", "2012-12-31": "110.38300", "2012-09-30": "112.20900", "2012-06-30": "113.75600", "2012-03-31": "115.30000", "2011-12-31": "117.15100", "2011-09-30": "119.95300", "2011-06-30": "121.37600", "2011-03-31": "123.19200", "2010-12-31": "124.89900", "2010-09-30": "124.92900", "2010-06-30": "127.51300", "2010-03-31": "129.32400", "2009-12-31": "131.38800", "2009-09-30": "132.60400", "2009-06-30": "134.13400", "2009-03-31": "138.37300", "2008-12-31": "138.18700", "2008-09-30": "37.65600", "2008-06-30": "38.17400", "2008-03-31": "39.08000", "2007-12-31": "39.55500", "2007-09-30": "40.18800", "2007-06-30": "39.35200", "2007-03-31": "33.36600", "2006-12-31": "20.44500", "2006-09-30": "12.18100", "2006-06-30": "4.68400", "2006-03-31": "5.85880", "2005-12-31": "5.42400", "2005-09-30": "5.27780", "2005-06-30": "5.13910", "2005-03-31": "4.92260"}, "Total Liabilities": {"2020-09-30": "1068.36200", "2020-06-30": "972.27300", "2020-03-31": "1010.55100", "2019-12-31": "979.07100", "2019-09-30": "1029.38800", "2019-06-30": "1026.74600", "2019-03-31": "957.03100", "2018-12-31": "915.99000", "2018-09-30": "978.09200", "2018-06-30": "936.91000", "2018-03-31": "864.52500", "2017-12-31": "895.80000", "2017-09-30": "940.75200", "2017-06-30": "908.11400", "2017-03-31": "819.52100", "2016-12-31": "823.76200", "2016-09-30": "838.03100", "2016-06-30": "845.64500", "2016-03-31": "891.63800", "2015-12-31": "761.86700", "2015-09-30": "949.18100", "2015-06-30": "936.76100", "2015-03-31": "616.59200", "2014-12-31": "423.72500", "2014-09-30": "476.43800", "2014-06-30": "513.38800", "2014-03-31": "490.85700", "2013-12-31": "428.23000", "2013-09-30": "551.47600", "2013-06-30": "461.82100", "2013-03-31": "446.00100", "2012-12-31": "398.92800", "2012-09-30": "429.24700", "2012-06-30": "413.58800", "2012-03-31": "403.41700", "2011-12-31": "383.24100", "2011-09-30": "285.88200", "2011-06-30": "283.22600", "2011-03-31": "278.43900", "2010-12-31": "318.55200", "2010-09-30": "264.70600", "2010-06-30": "286.43100", "2010-03-31": "264.96600", "2009-12-31": "215.11700", "2009-09-30": "240.33500", "2009-06-30": "236.22200", "2009-03-31": "247.34300", "2008-12-31": "325.52100", "2008-09-30": "126.01100", "2008-06-30": "143.43600", "2008-03-31": "132.22000", "2007-12-31": "122.43600", "2007-09-30": "138.00700", "2007-06-30": "153.50000", "2007-03-31": "120.78400", "2006-12-31": "83.28800", "2006-09-30": "109.90900", "2006-06-30": "68.31500", "2006-03-31": "53.95020", "2005-12-31": "38.38100", "2005-09-30": "40.08580", "2005-06-30": "36.95080", "2005-03-31": "31.91770"}, "Common Stock Net": {"2020-09-30": "3.19200", "2020-06-30": "3.19000", "2020-03-31": "3.18600", "2019-12-31": "3.18200", "2019-09-30": "3.18100", "2019-06-30": "3.18000", "2019-03-31": "3.17400", "2018-12-31": "3.15500", "2018-09-30": "3.15400", "2018-06-30": "3.15200", "2018-03-31": "3.15000", "2017-12-31": "3.14600", "2017-09-30": "3.12600", "2017-06-30": "3.12400", "2017-03-31": "3.12200", "2016-12-31": "3.11600", "2016-09-30": "1.03700", "2016-06-30": "1.03600", "2016-03-31": "1.03600", "2015-12-31": "3.10500", "2015-09-30": "1.03400", "2015-06-30": "1.03300", "2015-03-31": "1.05800", "2014-12-31": "1.03500", "2014-09-30": "1.03500", "2014-06-30": "1.03200", "2014-03-31": "1.03100", "2013-12-31": "1.03000", "2013-09-30": "1.02900", "2013-06-30": "1.02800", "2013-03-31": "1.01900", "2012-12-31": "1.01900", "2012-09-30": "1.01300", "2012-06-30": "1.00400", "2012-03-31": "1.00300", "2011-12-31": "0.99400", "2011-09-30": "0.49600", "2011-06-30": "0.49500", "2011-03-31": "0.49400", "2010-12-31": "0.98800", "2010-09-30": "0.49200", "2010-06-30": "0.49000", "2010-03-31": "0.48900", "2009-12-31": "0.48600", "2009-09-30": "0.48600", "2009-06-30": "0.48600", "2009-03-31": "0.48500", "2008-12-31": "0.48400", "2008-09-30": "0.48400", "2008-06-30": "0.48300", "2008-03-31": "0.48000", "2007-12-31": "0.47900", "2007-09-30": "0.47700", "2007-06-30": "0.46800", "2007-03-31": "0.46400", "2006-12-31": "0.46400", "2006-09-30": "0.46300", "2006-06-30": "0.11500", "2006-03-31": "0.11380", "2005-12-31": "0.45200", "2005-09-30": "0.11290", "2005-06-30": "0.05620", "2005-03-31": "0.05600"}, "Retained Earnings (Accumulated Deficit)": {"2020-09-30": "5960.33800", "2020-06-30": "5612.68400", "2020-03-31": "5301.31500", "2019-12-31": "5022.48000", "2019-09-30": "4767.52600", "2019-06-30": "4468.60300", "2019-03-31": "4176.13000", "2018-12-31": "3914.64500", "2018-09-30": "3675.53800", "2018-06-30": "3407.80600", "2018-03-31": "3137.69100", "2017-12-31": "2928.22600", "2017-09-30": "2726.90400", "2017-06-30": "2508.16100", "2017-03-31": "2285.52800", "2016-12-31": "2107.54800", "2016-09-30": "1934.60100", "2016-06-30": "1742.96000", "2016-03-31": "1558.74000", "2015-12-31": "1394.86300", "2015-09-30": "1256.12100", "2015-06-30": "1081.54700", "2015-03-31": "2334.92400", "2014-12-31": "2330.51000", "2014-09-30": "2205.17900", "2014-06-30": "2083.57900", "2014-03-31": "1942.57500", "2013-12-31": "1847.32500", "2013-09-30": "1771.21900", "2013-06-30": "1679.03300", "2013-03-31": "1572.16000", "2012-12-31": "1508.66400", "2012-09-30": "1440.68100", "2012-06-30": "1354.53900", "2012-03-31": "1244.74300", "2011-12-31": "1168.64400", "2011-09-30": "1104.10800", "2011-06-30": "1021.71600", "2011-03-31": "937.46800", "2010-12-31": "882.42500", "2010-09-30": "833.29300", "2010-06-30": "766.79700", "2010-03-31": "702.95900", "2009-12-31": "670.39600", "2009-09-30": "617.03900", "2009-06-30": "560.53500", "2009-03-31": "503.24500", "2008-12-31": "461.68000", "2008-09-30": "485.12800", "2008-06-30": "432.69100", "2008-03-31": "382.45900", "2007-12-31": "353.64800", "2007-09-30": "308.54800", "2007-06-30": "262.75100", "2007-03-31": "224.44000", "2006-12-31": "204.24200", "2006-09-30": "182.04100", "2006-06-30": "155.58400", "2006-03-31": "127.38390", "2005-12-31": "106.29300", "2005-09-30": "87.79620", "2005-06-30": "67.60710", "2005-03-31": "52.36140"}, "Comprehensive Income": {"2020-09-30": "-32.52900", "2020-06-30": "-53.43800", "2020-03-31": "-62.68200", "2019-12-31": "-32.38700", "2019-09-30": "-43.08300", "2019-06-30": "-28.75600", "2019-03-31": "-34.12500", "2018-12-31": "-32.86400", "2018-09-30": "-29.77700", "2018-06-30": "-25.19600", "2018-03-31": "-13.72100", "2017-12-31": "-16.65900", "2017-09-30": "-15.53300", "2017-06-30": "-16.83300", "2017-03-31": "-21.91700", "2016-12-31": "-23.24900", "2016-09-30": "-14.53400", "2016-06-30": "-14.47700", "2016-03-31": "-15.44300", "2015-12-31": "-21.87800", "2015-09-30": "-20.85100", "2015-06-30": "-19.07300", "2015-03-31": "-21.43300", "2014-12-31": "-11.45300", "2014-09-30": "-6.33700", "2014-06-30": "-0.62100", "2014-03-31": "-1.13100", "2013-12-31": "-1.23300", "2013-09-30": "-1.13400", "2013-06-30": "-2.98400", "2013-03-31": "-0.54300", "2012-12-31": "2.07400", "2012-09-30": "0.90500", "2012-06-30": "-1.82000", "2012-03-31": "0.90800", "2011-12-31": "-1.54700", "2011-09-30": "-1.50400", "2011-06-30": "2.00400", "2011-03-31": "1.11000", "2010-12-31": "0.28100", "2010-09-30": "-0.88500", "2010-06-30": "-4.18500", "2010-03-31": "-2.16400", "2009-12-31": "-4.66700", "2009-09-30": "-4.52500", "2009-06-30": "-5.80200", "2009-03-31": "-8.31400", "2008-12-31": "-10.82500", "2008-09-30": "-3.20100", "2008-06-30": "-3.42900", "2008-03-31": "-3.27400", "2007-12-31": "-0.04700", "2007-09-30": "", "2007-06-30": "", "2007-03-31": "", "2006-12-31": "", "2006-09-30": "", "2006-06-30": "", "2006-03-31": "", "2005-12-31": "", "2005-09-30": "", "2005-06-30": "", "2005-03-31": ""}, "Other Share Holders Equity": {"2020-09-30": "", "2020-06-30": "", "2020-03-31": "", "2019-12-31": "", "2019-09-30": "", "2019-06-30": "", "2019-03-31": "", "2018-12-31": "", "2018-09-30": "", "2018-06-30": "", "2018-03-31": "", "2017-12-31": "", "2017-09-30": "", "2017-06-30": "", "2017-03-31": "", "2016-12-31": "", "2016-09-30": "", "2016-06-30": "", "2016-03-31": "", "2015-12-31": "", "2015-09-30": "", "2015-06-30": "", "2015-03-31": "", "2014-12-31": "", "2014-09-30": "", "2014-06-30": "", "2014-03-31": "", "2013-12-31": "", "2013-09-30": "", "2013-06-30": "", "2013-03-31": "", "2012-12-31": "", "2012-09-30": "", "2012-06-30": "", "2012-03-31": "", "2011-12-31": "", "2011-09-30": "", "2011-06-30": "", "2011-03-31": "", "2010-12-31": "", "2010-09-30": "", "2010-06-30": "", "2010-03-31": "", "2009-12-31": "", "2009-09-30": "", "2009-06-30": "", "2009-03-31": "", "2008-12-31": "", "2008-09-30": "", "2008-06-30": "", "2008-03-31": "", "2007-12-31": "", "2007-09-30": "", "2007-06-30": "", "2007-03-31": "", "2006-12-31": "", "2006-09-30": "", "2006-06-30": "", "2006-03-31": "", "2005-12-31": "", "2005-09-30": "", "2005-06-30": "", "2005-03-31": ""}, "Share Holder Equity": {"2020-09-30": "4629.32100", "2020-06-30": "4221.54000", "2020-03-31": "3870.94600", "2019-12-31": "4171.28100", "2019-09-30": "4107.97800", "2019-06-30": "4057.58600", "2019-03-31": "3698.82000", "2018-12-31": "3610.90100", "2018-09-30": "3893.26700", "2018-06-30": "3605.16000", "2018-03-31": "3875.60700", "2017-12-31": "3895.21200", "2017-09-30": "3768.15400", "2017-06-30": "3776.01700", "2017-03-31": "3530.22600", "2016-12-31": "3329.70900", "2016-09-30": "3398.40000", "2016-06-30": "3192.41100", "2016-03-31": "4991.84600", "2015-12-31": "4809.41000", "2015-09-30": "4654.55700", "2015-06-30": "4854.82000", "2015-03-31": "1468.35400", "2014-12-31": "1515.15000", "2014-09-30": "1386.44000", "2014-06-30": "1255.63100", "2014-03-31": "1102.72600", "2013-12-31": "992.27900", "2013-09-30": "960.39100", "2013-06-30": "856.02100", "2013-03-31": "701.37100", "2012-12-31": "644.39700", "2012-09-30": "889.67500", "2012-06-30": "1187.92900", "2012-03-31": "1067.32800", "2011-12-31": "979.15800", "2011-09-30": "932.54600", "2011-06-30": "950.34400", "2011-03-31": "853.55300", "2010-12-31": "828.39800", "2010-09-30": "761.97400", "2010-06-30": "678.46400", "2010-03-31": "635.97000", "2009-12-31": "584.95300", "2009-09-30": "560.95900", "2009-06-30": "550.27500", "2009-03-31": "485.34700", "2008-12-31": "436.31600", "2008-09-30": "514.13500", "2008-06-30": "457.03600", "2008-03-31": "451.67900", "2007-12-31": "422.16700", "2007-09-30": "370.28300", "2007-06-30": "300.99900", "2007-03-31": "247.42200", "2006-12-31": "225.08400", "2006-09-30": "200.89800", "2006-06-30": "197.86200", "2006-03-31": "149.90140", "2005-12-31": "125.50900", "2005-09-30": "105.25540", "2005-06-30": "84.06590", "2005-03-31": "67.91030"}, "Total Liabilities And Share Holders Equity": {"2020-09-30": "5697.68300", "2020-06-30": "5193.81300", "2020-03-31": "4881.49700", "2019-12-31": "5150.35200", "2019-09-30": "5137.36600", "2019-06-30": "5084.33200", "2019-03-31": "4655.85100", "2018-12-31": "4526.89100", "2018-09-30": "4871.35900", "2018-06-30": "4542.07000", "2018-03-31": "4740.13200", "2017-12-31": "4791.01200", "2017-09-30": "4708.90600", "2017-06-30": "4684.13100", "2017-03-31": "4349.74700", "2016-12-31": "4153.47100", "2016-09-30": "4236.43100", "2016-06-30": "4038.05600", "2016-03-31": "5883.48400", "2015-12-31": "5571.27700", "2015-09-30": "5603.73800", "2015-06-30": "5791.58100", "2015-03-31": "2084.94600", "2014-12-31": "1938.87500", "2014-09-30": "1862.87800", "2014-06-30": "1769.01900", "2014-03-31": "1593.58300", "2013-12-31": "1420.50900", "2013-09-30": "1511.86700", "2013-06-30": "1317.84200", "2013-03-31": "1147.37200", "2012-12-31": "1043.32500", "2012-09-30": "1318.92200", "2012-06-30": "1601.51700", "2012-03-31": "1470.74500", "2011-12-31": "1362.39900", "2011-09-30": "1218.42800", "2011-06-30": "1233.57000", "2011-03-31": "1131.99200", "2010-12-31": "1146.95000", "2010-09-30": "1026.68000", "2010-06-30": "964.89500", "2010-03-31": "900.93600", "2009-12-31": "800.07000", "2009-09-30": "801.29400", "2009-06-30": "786.49700", "2009-03-31": "732.69000", "2008-12-31": "761.83700", "2008-09-30": "640.14600", "2008-06-30": "600.47200", "2008-03-31": "583.89900", "2007-12-31": "544.60300", "2007-09-30": "508.29000", "2007-06-30": "454.49900", "2007-03-31": "368.20600", "2006-12-31": "308.37200", "2006-09-30": "310.80700", "2006-06-30": "266.17700", "2006-03-31": "203.85160", "2005-12-31": "163.89000", "2005-09-30": "145.34120", "2005-06-30": "121.01670", "2005-03-31": "99.82800"}}, "cash flow statement": {"Net Income/Loss": {"2019-12-31": "1107.83500", "2018-12-31": "993.00400", "2017-12-31": "820.67800", "2016-12-31": "712.68500", "2015-12-31": "546.73300", "2014-12-31": "483.18500", "2013-12-31": "338.66100", "2012-12-31": "340.02000", "2011-12-31": "286.21900", "2010-12-31": "212.02900", "2009-12-31": "208.71600", "2008-12-31": "108.03200", "2007-12-31": "149.40600", "2006-12-31": "97.94900", "2005-12-31": "62.77500"}, "Total Depreciation And Amortization - Cash Flow": {"2019-12-31": "64.81400", "2018-12-31": "56.97900", "2017-12-31": "48.88700", "2016-12-31": "40.84500", "2015-12-31": "30.86000", "2014-12-31": "25.65100", "2013-12-31": "22.76200", "2012-12-31": "20.56200", "2011-12-31": "17.08400", "2010-12-31": "11.77600", "2009-12-31": "5.90700", "2008-12-31": "3.47200", "2007-12-31": "2.18400", "2006-12-31": "1.59400", "2005-12-31": "1.07900"}, "Other Non-Cash Items": {"2019-12-31": "64.36700", "2018-12-31": "55.81800", "2017-12-31": "119.05600", "2016-12-31": "26.55200", "2015-12-31": "-310.14000", "2014-12-31": "18.33900", "2013-12-31": "-10.86700", "2012-12-31": "5.53600", "2011-12-31": "15.71700", "2010-12-31": "5.73800", "2009-12-31": "12.16000", "2008-12-31": "-34.43400", "2007-12-31": "-33.45200", "2006-12-31": "-19.55400", "2005-12-31": "-0.67900"}, "Total Non-Cash Items": {"2019-12-31": "129.18100", "2018-12-31": "112.79700", "2017-12-31": "167.94300", "2016-12-31": "67.39700", "2015-12-31": "-279.28000", "2014-12-31": "43.99000", "2013-12-31": "11.89500", "2012-12-31": "26.09800", "2011-12-31": "32.80100", "2010-12-31": "17.51400", "2009-12-31": "18.06700", "2008-12-31": "-30.96200", "2007-12-31": "-31.26800", "2006-12-31": "-17.96000", "2005-12-31": "0.40000"}, "Change In Accounts Receivable": {"2019-12-31": "-59.94100", "2018-12-31": "-38.41200", "2017-12-31": "16.53800", "2016-12-31": "-106.36300", "2015-12-31": "-76.73100", "2014-12-31": "-9.71000", "2013-12-31": "-50.28300", "2012-12-31": "-17.77900", "2011-12-31": "-57.00800", "2010-12-31": "-8.38300", "2009-12-31": "8.46100", "2008-12-31": "-54.73900", "2007-12-31": "-25.87900", "2006-12-31": "-21.44500", "2005-12-31": "-16.18800"}, "Change In Inventories": {"2019-12-31": "-85.22200", "2018-12-31": "-26.14600", "2017-12-31": "-88.86700", "2016-12-31": "20.87500", "2015-12-31": "-7.06800", "2014-12-31": "42.76300", "2013-12-31": "-21.55200", "2012-12-31": "-47.56800", "2011-12-31": "-4.46500", "2010-12-31": "-44.97300", "2009-12-31": "8.54500", "2008-12-31": "-19.67100", "2007-12-31": "-21.12700", "2006-12-31": "-45.61300", "2005-12-31": "-8.99400"}, "Change In Accounts Payable": {"2019-12-31": "28.83200", "2018-12-31": "9.85200", "2017-12-31": "29.57900", "2016-12-31": "45.34000", "2015-12-31": "20.86400", "2014-12-31": "11.28200", "2013-12-31": "-8.20400", "2012-12-31": "3.65900", "2011-12-31": "26.25000", "2010-12-31": "33.35200", "2009-12-31": "-2.18500", "2008-12-31": "7.51700", "2007-12-31": "22.40400", "2006-12-31": "7.74800", "2005-12-31": "12.07100"}, "Change In Assets/Liabilities": {"2019-12-31": "-39.66200", "2018-12-31": "-25.12300", "2017-12-31": "103.82700", "2016-12-31": "7.13700", "2015-12-31": "-48.34400", "2014-12-31": "-7.21900", "2013-12-31": "-1.51900", "2012-12-31": "-10.18200", "2011-12-31": "-12.49200", "2010-12-31": "-8.24800", "2009-12-31": "-9.67100", "2008-12-31": "93.94600", "2007-12-31": "15.19100", "2006-12-31": "15.64700", "2005-12-31": "0.16200"}, "Total Change In Assets/Liabilities": {"2019-12-31": "-123.25400", "2018-12-31": "56.08000", "2017-12-31": "-0.89000", "2016-12-31": "-78.72700", "2015-12-31": "255.27000", "2014-12-31": "70.31600", "2013-12-31": "-8.52300", "2012-12-31": "-78.44200", "2011-12-31": "14.80700", "2010-12-31": "-0.49900", "2009-12-31": "-70.59100", "2008-12-31": "122.42600", "2007-12-31": "17.31300", "2006-12-31": "-3.57500", "2005-12-31": "-8.52600"}, "Cash Flow From Operating Activities": {"2019-12-31": "1113.76200", "2018-12-31": "1161.88100", "2017-12-31": "987.73100", "2016-12-31": "701.35500", "2015-12-31": "522.72300", "2014-12-31": "597.49100", "2013-12-31": "342.03300", "2012-12-31": "287.67600", "2011-12-31": "333.82700", "2010-12-31": "229.04400", "2009-12-31": "156.19200", "2008-12-31": "199.49600", "2007-12-31": "135.45100", "2006-12-31": "76.41400", "2005-12-31": "54.64900"}, "Net Change In Property, Plant, And Equipment": {"2019-12-31": "-100.42200", "2018-12-31": "-57.64600", "2017-12-31": "-82.01900", "2016-12-31": "-787.49700", "2015-12-31": "-34.67900", "2014-12-31": "-26.98900", "2013-12-31": "-31.74000", "2012-12-31": "-42.64700", "2011-12-31": "-25.03300", "2010-12-31": "-12.43000", "2009-12-31": "-22.67700", "2008-12-31": "-6.55900", "2007-12-31": "-3.84700", "2006-12-31": "-2.39200", "2005-12-31": "-1.34100"}, "Net Change In Intangible Assets": {"2019-12-31": "-8.73700", "2018-12-31": "-12.98400", "2017-12-31": "-9.69300", "2016-12-31": "-5.51800", "2015-12-31": "172.77000", "2014-12-31": "-3.41100", "2013-12-31": "-11.17500", "2012-12-31": "-6.30100", "2011-12-31": "-5.13200", "2010-12-31": "-9.85200", "2009-12-31": "-5.21500", "2008-12-31": "-4.35400", "2007-12-31": "-2.92000", "2006-12-31": "-2.15500", "2005-12-31": "-0.82100"}, "Net Acquisitions/Divestitures": {"2019-12-31": "", "2018-12-31": "", "2017-12-31": "", "2016-12-31": "", "2015-12-31": "198.00800", "2014-12-31": "", "2013-12-31": "", "2012-12-31": "", "2011-12-31": "", "2010-12-31": "", "2009-12-31": "", "2008-12-31": "", "2007-12-31": "", "2006-12-31": "", "2005-12-31": ""}, "Net Change In Short-term Investments": {"2019-12-31": "", "2018-12-31": "", "2017-12-31": "", "2016-12-31": "-152.05000", "2015-12-31": "-2033.58400", "2014-12-31": "-1130.60100", "2013-12-31": "-557.41900", "2012-12-31": "-597.15500", "2011-12-31": "-583.13800", "2010-12-31": "-257.47400", "2009-12-31": "-74.97600", "2008-12-31": "-24.93800", "2007-12-31": "", "2006-12-31": "-24.85700", "2005-12-31": "-9.64300"}, "Net Change In Long-Term Investments": {"2019-12-31": "-216.30000", "2018-12-31": "355.40000", "2017-12-31": "-438.63000", "2016-12-31": "688.86500", "2015-12-31": "2097.94900", "2014-12-31": "719.36800", "2013-12-31": "264.88600", "2012-12-31": "917.57500", "2011-12-31": "439.86600", "2010-12-31": "68.68600", "2009-12-31": "97.17300", "2008-12-31": "181.55300", "2007-12-31": "-188.54300", "2006-12-31": "-64.94900", "2005-12-31": "15.08200"}, "Net Change In Investments - Total": {"2019-12-31": "-216.30000", "2018-12-31": "355.40000", "2017-12-31": "-438.63000", "2016-12-31": "536.81500", "2015-12-31": "64.36500", "2014-12-31": "-411.23290", "2013-12-31": "-292.53300", "2012-12-31": "320.41990", "2011-12-31": "-143.27200", "2010-12-31": "-188.78800", "2009-12-31": "22.19700", "2008-12-31": "156.61500", "2007-12-31": "-188.54300", "2006-12-31": "-89.80600", "2005-12-31": "5.43900"}, "Investing Activities - Other": {"2019-12-31": "-1.26500", "2018-12-31": "-11.81400", "2017-12-31": "-1.19900", "2016-12-31": "0.00700", "2015-12-31": "-0.39800", "2014-12-31": "1.23000", "2013-12-31": "-4.36000", "2012-12-31": "0.37700", "2011-12-31": "0.41000", "2010-12-31": "-1.44000", "2009-12-31": "1.22600", "2008-12-31": "-1.72000", "2007-12-31": "0.58300", "2006-12-31": "-0.87800", "2005-12-31": "-0.06100"}, "Cash Flow From Investing Activities": {"2019-12-31": "-326.72400", "2018-12-31": "272.95600", "2017-12-31": "-531.54100", "2016-12-31": "-256.19300", "2015-12-31": "400.06600", "2014-12-31": "-440.40300", "2013-12-31": "-339.80800", "2012-12-31": "271.84900", "2011-12-31": "-173.02700", "2010-12-31": "-212.51000", "2009-12-31": "-4.46900", "2008-12-31": "143.98200", "2007-12-31": "-194.72700", "2006-12-31": "-95.23100", "2005-12-31": "3.21600"}, "Net Long-Term Debt": {"2019-12-31": "-13.56900", "2018-12-31": "-1.88600", "2017-12-31": "-2.58300", "2016-12-31": "-2.35900", "2015-12-31": "-1.08300", "2014-12-31": "-1.61900", "2013-12-31": "-1.88700", "2012-12-31": "-2.07600", "2011-12-31": "-1.94200", "2010-12-31": "-0.42000", "2009-12-31": "-1.53900", "2008-12-31": "-1.17000", "2007-12-31": "-0.91000", "2006-12-31": "-1.17600", "2005-12-31": "-1.05500"}, "Net Current Debt": {"2019-12-31": "", "2018-12-31": "", "2017-12-31": "", "2016-12-31": "", "2015-12-31": "", "2014-12-31": "", "2013-12-31": "", "2012-12-31": "", "2011-12-31": "", "2010-12-31": "", "2009-12-31": "", "2008-12-31": "", "2007-12-31": "", "2006-12-31": "", "2005-12-31": ""}, "Debt Issuance/Retirement Net - Total": {"2019-12-31": "-13.56900", "2018-12-31": "-1.88600", "2017-12-31": "-2.58300", "2016-12-31": "-2.35900", "2015-12-31": "-1.08300", "2014-12-31": "-1.61900", "2013-12-31": "-1.88700", "2012-12-31": "-2.07600", "2011-12-31": "-1.94200", "2010-12-31": "-0.42000", "2009-12-31": "-1.53900", "2008-12-31": "-1.17000", "2007-12-31": "-0.91000", "2006-12-31": "-1.17600", "2005-12-31": "-1.05500"}, "Net Common Equity Issued/Repurchased": {"2019-12-31": "-614.93700", "2018-12-31": "-1314.22500", "2017-12-31": "-308.55200", "2016-12-31": "-2236.03200", "2015-12-31": "888.69400", "2014-12-31": "8.99300", "2013-12-31": "-46.34700", "2012-12-31": "-716.65500", "2011-12-31": "-156.07400", "2010-12-31": "-2.71600", "2009-12-31": "-83.67100", "2008-12-31": "-101.21000", "2007-12-31": "8.04300", "2006-12-31": "-23.81600", "2005-12-31": "1.16800"}, "Net Total Equity Issued/Repurchased": {"2019-12-31": "-614.93700", "2018-12-31": "-1314.22500", "2017-12-31": "-308.55200", "2016-12-31": "-2236.03200", "2015-12-31": "888.69400", "2014-12-31": "8.99300", "2013-12-31": "-46.34700", "2012-12-31": "-716.65500", "2011-12-31": "-156.07400", "2010-12-31": "-2.71600", "2009-12-31": "-83.67100", "2008-12-31": "-101.21000", "2007-12-31": "8.04300", "2006-12-31": "-23.81600", "2005-12-31": "1.16800"}, "Total Common And Preferred Stock Dividends Paid": {"2019-12-31": "", "2018-12-31": "", "2017-12-31": "", "2016-12-31": "", "2015-12-31": "", "2014-12-31": "", "2013-12-31": "", "2012-12-31": "", "2011-12-31": "", "2010-12-31": "", "2009-12-31": "", "2008-12-31": "", "2007-12-31": "", "2006-12-31": "", "2005-12-31": ""}, "Financial Activities - Other": {"2019-12-31": "", "2018-12-31": "", "2017-12-31": "", "2016-12-31": "", "2015-12-31": "", "2014-12-31": "", "2013-12-31": "30.34800", "2012-12-31": "19.65600", "2011-12-31": "3.82400", "2010-12-31": "12.37400", "2009-12-31": "3.13100", "2008-12-31": "4.33400", "2007-12-31": "29.45400", "2006-12-31": "17.28400", "2005-12-31": ""}, "Cash Flow From Financial Activities": {"2019-12-31": "-628.50600", "2018-12-31": "-1316.11100", "2017-12-31": "-311.13500", "2016-12-31": "-2238.39100", "2015-12-31": "887.61100", "2014-12-31": "7.37400", "2013-12-31": "-17.88600", "2012-12-31": "-699.07500", "2011-12-31": "-154.19200", "2010-12-31": "9.23800", "2009-12-31": "-82.07900", "2008-12-31": "-98.04600", "2007-12-31": "36.58700", "2006-12-31": "-7.70800", "2005-12-31": "0.11300"}, "Net Cash Flow": {"2019-12-31": "160.44400", "2018-12-31": "108.89100", "2017-12-31": "151.04000", "2016-12-31": "-1797.83500", "2015-12-31": "1805.09400", "2014-12-31": "158.97400", "2013-12-31": "-11.16500", "2012-12-31": "-136.81700", "2011-12-31": "4.48900", "2010-12-31": "26.49300", "2009-12-31": "71.54800", "2008-12-31": "244.36100", "2007-12-31": "-22.68900", "2006-12-31": "-26.52500", "2005-12-31": "57.97800"}, "Stock-Based Compensation": {"2019-12-31": "63.35600", "2018-12-31": "57.11100", "2017-12-31": "52.28200", "2016-12-31": "45.84800", "2015-12-31": "32.71900", "2014-12-31": "28.55200", "2013-12-31": "28.76400", "2012-12-31": "28.41300", "2011-12-31": "19.42400", "2010-12-31": "16.86200", "2009-12-31": "14.04000", "2008-12-31": "13.89900", "2007-12-31": "10.24600", "2006-12-31": "8.34600", "2005-12-31": ""}, "Common Stock Dividends Paid": {"2019-12-31": "", "2018-12-31": "", "2017-12-31": "", "2016-12-31": "", "2015-12-31": "", "2014-12-31": "", "2013-12-31": "", "2012-12-31": "", "2011-12-31": "", "2010-12-31": "", "2009-12-31": "", "2008-12-31": "", "2007-12-31": "", "2006-12-31": "", "2005-12-31": ""}}, "cash flow statement, quarterly": {"Net Income/Loss": {"2020-09-30": 347.654, "2020-06-30": 311.369, "2020-03-31": "278.83500", "2019-12-31": 254.954, "2019-09-30": 298.923, "2019-06-30": 292.473, "2019-03-31": "261.48500", "2018-12-31": 239.107, "2018-09-30": 267.732, "2018-06-30": 270.115, "2018-03-31": "216.05000", "2017-12-31": 201.322, "2017-09-30": 218.743, "2017-06-30": 222.633, "2017-03-31": "177.98000", "2016-12-31": 172.947, "2016-09-30": 191.641, "2016-06-30": 184.22, "2016-03-31": "163.87700", "2015-12-31": 138.742, "2015-09-30": 174.574, "2015-06-30": 229.003, "2015-03-31": "4.41400", "2014-12-31": 125.331, "2014-09-30": 121.6, "2014-06-30": 141.004, "2014-03-31": "95.25000", "2013-12-31": 76.106, "2013-09-30": 92.186, "2013-06-30": 106.873, "2013-03-31": "63.49600", "2012-12-31": 67.983, "2012-09-30": 86.142, "2012-06-30": 109.796, "2012-03-31": "76.09900", "2011-12-31": 64.536, "2011-09-30": 82.392, "2011-06-30": 84.248, "2011-03-31": "55.04300", "2010-12-31": 49.132, "2010-09-30": 66.496, "2010-06-30": 63.838, "2010-03-31": "32.56300", "2009-12-31": 53.357, "2009-09-30": 56.504, "2009-06-30": 57.29, "2009-03-31": "41.56500", "2008-12-31": -23.448, "2008-09-30": 52.437, "2008-06-30": 50.232, "2008-03-31": "28.81100", "2007-12-31": 45.1, "2007-09-30": 45.797, "2007-06-30": 38.311, "2007-03-31": "20.19800", "2006-12-31": 22.201, "2006-09-30": 26.457, "2006-06-30": 28.2, "2006-03-31": "21.09100", "2005-12-31": 18.439, "2005-09-30": 20.246, "2005-06-30": 15.2453, "2005-03-31": "8.84470"}, "Total Depreciation And Amortization - Cash Flow": {"2020-09-30": 13.822, "2020-06-30": 15.511, "2020-03-31": "16.54600", "2019-12-31": 16.971, "2019-09-30": 15.399, "2019-06-30": 17.574, "2019-03-31": "14.87000", "2018-12-31": 14.51, "2018-09-30": 14.284, "2018-06-30": 14.194, "2018-03-31": "13.99100", "2017-12-31": 13.783, "2017-09-30": 12.329, "2017-06-30": 11.592, "2017-03-31": "11.18300", "2016-12-31": 10.971, "2016-09-30": 10.545, "2016-06-30": 10.305, "2016-03-31": "9.02400", "2015-12-31": 9.103, "2015-09-30": 8.508, "2015-06-30": 6.779, "2015-03-31": "6.47000", "2014-12-31": 6.527, "2014-09-30": 6.129, "2014-06-30": 6.542, "2014-03-31": "6.45300", "2013-12-31": 6.318, "2013-09-30": 6.107, "2013-06-30": 5.277, "2013-03-31": "5.06000", "2012-12-31": 5.298, "2012-09-30": 5.171, "2012-06-30": 5.125, "2012-03-31": "4.96800", "2011-12-31": 4.893, "2011-09-30": 4.496, "2011-06-30": 4.102, "2011-03-31": "3.59300", "2010-12-31": 3.29, "2010-09-30": 3.012, "2010-06-30": 2.82, "2010-03-31": "2.65400", "2009-12-31": 1.922, "2009-09-30": 1.694, "2009-06-30": 1.19, "2009-03-31": "1.10100", "2008-12-31": 0.871, "2008-09-30": 1.035, "2008-06-30": 0.822, "2008-03-31": "0.74400", "2007-12-31": 0.654, "2007-09-30": 0.583, "2007-06-30": 0.503, "2007-03-31": "0.44400", "2006-12-31": 0.438, "2006-09-30": 0.446, "2006-06-30": 0.382, "2006-03-31": "0.32800", "2005-12-31": 0.331, "2005-09-30": 0.289, "2005-06-30": 0.2612, "2005-03-31": "0.19780"}, "Other Non-Cash Items": {"2020-09-30": 22.977, "2020-06-30": 16.815, "2020-03-31": "20.04000", "2019-12-31": 16.944, "2019-09-30": 14.716, "2019-06-30": 17.026, "2019-03-31": "15.68100", "2018-12-31": 14.092, "2018-09-30": 13.765, "2018-06-30": 14.709, "2018-03-31": "13.25200", "2017-12-31": 78.443, "2017-09-30": 13.204, "2017-06-30": 12.673, "2017-03-31": "14.73600", "2016-12-31": -5.36, "2016-09-30": 10.455, "2016-06-30": 11.34, "2016-03-31": "10.11700", "2015-12-31": -57.049, "2015-09-30": -263.06, "2015-06-30": 3.661, "2015-03-31": "6.30800", "2014-12-31": 15.63, "2014-09-30": -9.073, "2014-06-30": 7.329, "2014-03-31": "4.45300", "2013-12-31": 1.45, "2013-09-30": 5.954, "2013-06-30": -22.082, "2013-03-31": "3.81100", "2012-12-31": -13.684, "2012-09-30": 6.348, "2012-06-30": 4.654, "2012-03-31": "8.21800", "2011-12-31": 9.863, "2011-09-30": -0.839, "2011-06-30": 3.476, "2011-03-31": "3.21700", "2010-12-31": -1.797, "2010-09-30": 1.524, "2010-06-30": 8.075, "2010-03-31": "-2.06400", "2009-12-31": 0.645, "2009-09-30": 3.414, "2009-06-30": 2.97, "2009-03-31": "5.13100", "2008-12-31": -39.94, "2008-09-30": 2.599, "2008-06-30": 1.913, "2008-03-31": "0.99400", "2007-12-31": -3.02, "2007-09-30": -17.447, "2007-06-30": -12.064, "2007-03-31": "-0.92100", "2006-12-31": -2.768, "2006-09-30": -4.628, "2006-06-30": -14.793, "2006-03-31": "2.63500", "2005-12-31": -0.346, "2005-09-30": -0.158, "2005-06-30": -0.8874, "2005-03-31": "0.71240"}, "Total Non-Cash Items": {"2020-09-30": 36.799, "2020-06-30": 32.326, "2020-03-31": "36.58600", "2019-12-31": 33.915, "2019-09-30": 30.115, "2019-06-30": 34.6, "2019-03-31": "30.55100", "2018-12-31": 28.602, "2018-09-30": 28.049, "2018-06-30": 28.903, "2018-03-31": "27.24300", "2017-12-31": 92.226, "2017-09-30": 25.533, "2017-06-30": 24.265, "2017-03-31": "25.91900", "2016-12-31": 5.611, "2016-09-30": 21, "2016-06-30": 21.645, "2016-03-31": "19.14100", "2015-12-31": -47.946, "2015-09-30": -254.552, "2015-06-30": 10.44, "2015-03-31": "12.77800", "2014-12-31": 22.157, "2014-09-30": -2.944, "2014-06-30": 13.871, "2014-03-31": "10.90600", "2013-12-31": 7.768, "2013-09-30": 12.061, "2013-06-30": -16.805, "2013-03-31": "8.87100", "2012-12-31": -8.386, "2012-09-30": 11.519, "2012-06-30": 9.779, "2012-03-31": "13.18600", "2011-12-31": 14.756, "2011-09-30": 3.657, "2011-06-30": 7.578, "2011-03-31": "6.81000", "2010-12-31": 1.493, "2010-09-30": 4.536, "2010-06-30": 10.895, "2010-03-31": "0.59000", "2009-12-31": 2.567, "2009-09-30": 5.108, "2009-06-30": 4.16, "2009-03-31": "6.23200", "2008-12-31": -39.069, "2008-09-30": 3.634, "2008-06-30": 2.735, "2008-03-31": "1.73800", "2007-12-31": -2.366, "2007-09-30": -16.864, "2007-06-30": -11.561, "2007-03-31": "-0.47700", "2006-12-31": -2.33, "2006-09-30": -4.182, "2006-06-30": -14.411, "2006-03-31": "2.96300", "2005-12-31": -0.015, "2005-09-30": 0.131, "2005-06-30": -0.6262, "2005-03-31": "0.91020"}, "Change In Accounts Receivable": {"2020-09-30": 30.258, "2020-06-30": -84.11, "2020-03-31": "-147.48400", "2019-12-31": 114.084, "2019-09-30": 25.841, "2019-06-30": -86.363, "2019-03-31": "-113.50300", "2018-12-31": 135.468, "2018-09-30": -25.337, "2018-06-30": -79.123, "2018-03-31": "-69.42000", "2017-12-31": 85.798, "2017-09-30": 7.37, "2017-06-30": -83.12, "2017-03-31": "6.49000", "2016-12-31": 14.904, "2016-09-30": -16.248, "2016-06-30": -44.813, "2016-03-31": "-60.20600", "2015-12-31": 55.49, "2015-09-30": -37.177, "2015-06-30": -26.972, "2015-03-31": "-68.07200", "2014-12-31": 34.002, "2014-09-30": 54.757, "2014-06-30": -56.872, "2014-03-31": "-41.59700", "2013-12-31": 57.767, "2013-09-30": 2.253, "2013-06-30": -32.276, "2013-03-31": "-78.02700", "2012-12-31": 52.754, "2012-09-30": 17.317, "2012-06-30": -53.94, "2012-03-31": "-33.91000", "2011-12-31": 12.721, "2011-09-30": 17.484, "2011-06-30": -35.888, "2011-03-31": "-51.32500", "2010-12-31": 15.683, "2010-09-30": 0.487, "2010-06-30": -15.089, "2010-03-31": "-9.46400", "2009-12-31": -30.691, "2009-09-30": 29.069, "2009-06-30": -5.716, "2009-03-31": "15.79900", "2008-12-31": -63.263, "2008-09-30": 10.448, "2008-06-30": -1.678, "2008-03-31": "-0.24600", "2007-12-31": 9.702, "2007-09-30": 21.877, "2007-06-30": -36.517, "2007-03-31": "-20.94100", "2006-12-31": 18.726, "2006-09-30": -7.928, "2006-06-30": -14.637, "2006-03-31": "-17.60600", "2005-12-31": 5.792, "2005-09-30": -2.803, "2005-06-30": -11.6134, "2005-03-31": "-7.56360"}, "Change In Inventories": {"2020-09-30": 25.309, "2020-06-30": 13.144, "2020-03-31": "1.03700", "2019-12-31": -40.275, "2019-09-30": -23.442, "2019-06-30": 2.499, "2019-03-31": "-24.00400", "2018-12-31": -15.808, "2018-09-30": 12.415, "2018-06-30": -11.479, "2018-03-31": "-11.27400", "2017-12-31": -42.167, "2017-09-30": -21.841, "2017-06-30": -17.066, "2017-03-31": "-7.79300", "2016-12-31": 2.52, "2016-09-30": 6.742, "2016-06-30": 19.252, "2016-03-31": "-7.63900", "2015-12-31": 2.008, "2015-09-30": 19.843, "2015-06-30": -2.372, "2015-03-31": "-26.54700", "2014-12-31": 29.463, "2014-09-30": -0.236, "2014-06-30": -3.874, "2014-03-31": "17.41000", "2013-12-31": 25.135, "2013-09-30": -12.715, "2013-06-30": -19.892, "2013-03-31": "-14.08000", "2012-12-31": -8.922, "2012-09-30": 5.643, "2012-06-30": -10.161, "2012-03-31": "-34.12800", "2011-12-31": 7.368, "2011-09-30": -9.381, "2011-06-30": 17.096, "2011-03-31": "-19.54800", "2010-12-31": -4.362, "2010-09-30": -7.854, "2010-06-30": -21.379, "2010-03-31": "-11.37800", "2009-12-31": 15.661, "2009-09-30": -6.166, "2009-06-30": -6.86, "2009-03-31": "5.91000", "2008-12-31": -7.345, "2008-09-30": 12.752, "2008-06-30": -13.434, "2008-03-31": "-11.64400", "2007-12-31": -4.115, "2007-09-30": -6.527, "2007-06-30": -25.917, "2007-03-31": "15.43200", "2006-12-31": 3.67, "2006-09-30": -30.386, "2006-06-30": -20.907, "2006-03-31": "2.01000", "2005-12-31": -2.544, "2005-09-30": -1.055, "2005-06-30": -4.3496, "2005-03-31": "-1.04540"}, "Change In Accounts Payable": {"2020-09-30": -2.952, "2020-06-30": -26.1, "2020-03-31": "19.32800", "2019-12-31": -40.648, "2019-09-30": 32.63, "2019-06-30": 18.285, "2019-03-31": "18.56500", "2018-12-31": -29.789, "2018-09-30": 14.957, "2018-06-30": 47.3, "2018-03-31": "-22.61600", "2017-12-31": 4.926, "2017-09-30": 15.869, "2017-06-30": 28.101, "2017-03-31": "-19.31700", "2016-12-31": 23.545, "2016-09-30": -13.21, "2016-06-30": -1.081, "2016-03-31": "36.08600", "2015-12-31": -54.278, "2015-09-30": 3.018, "2015-06-30": 29.382, "2015-03-31": "42.74200", "2014-12-31": -18.75, "2014-09-30": -6.081, "2014-06-30": 30.045, "2014-03-31": "6.06800", "2013-12-31": -41.935, "2013-09-30": 16.854, "2013-06-30": 9.398, "2013-03-31": "7.47900", "2012-12-31": -24.155, "2012-09-30": -17.244, "2012-06-30": 28.857, "2012-03-31": "16.20100", "2011-12-31": -29.056, "2011-09-30": 11.926, "2011-06-30": 21.962, "2011-03-31": "21.41800", "2010-12-31": -9.17, "2010-09-30": 2.291, "2010-06-30": 4.981, "2010-03-31": "35.25000", "2009-12-31": -4.785, "2009-09-30": 9.92, "2009-06-30": 0.826, "2009-03-31": "-8.14600", "2008-12-31": 3.559, "2008-09-30": -10.548, "2008-06-30": 10.605, "2008-03-31": "3.90100", "2007-12-31": -23.906, "2007-09-30": -11.15, "2007-06-30": 40.005, "2007-03-31": "17.45500", "2006-12-31": -29.188, "2006-09-30": 5.784, "2006-06-30": 26.163, "2006-03-31": "4.98900", "2005-12-31": -2.423, "2005-09-30": 2.502, "2005-06-30": 7.8472, "2005-03-31": "4.14480"}, "Change In Assets/Liabilities": {"2020-09-30": -2.55, "2020-06-30": -11.148, "2020-03-31": "-22.54600", "2019-12-31": -3.279, "2019-09-30": -4.992, "2019-06-30": -1.761, "2019-03-31": "-29.63000", "2018-12-31": 3.655, "2018-09-30": -1.803, "2018-06-30": -1.845, "2018-03-31": "-25.13000", "2017-12-31": -0.321, "2017-09-30": -5.652, "2017-06-30": 125.622, "2017-03-31": "-15.82200", "2016-12-31": -0.815, "2016-09-30": 13.22, "2016-06-30": 4.481, "2016-03-31": "-9.74900", "2015-12-31": -5.49, "2015-09-30": 1.26, "2015-06-30": 1.822, "2015-03-31": "-45.93600", "2014-12-31": 3.228, "2014-09-30": -3.078, "2014-06-30": 1.258, "2014-03-31": "-8.62700", "2013-12-31": 6.669, "2013-09-30": -6.453, "2013-06-30": 2.611, "2013-03-31": "-4.34600", "2012-12-31": -6.148, "2012-09-30": -1.732, "2012-06-30": -0.944, "2012-03-31": "-1.35800", "2011-12-31": -9.576, "2011-09-30": 2.546, "2011-06-30": -0.33, "2011-03-31": "-5.13200", "2010-12-31": -1.766, "2010-09-30": 1.198, "2010-06-30": -4.048, "2010-03-31": "-3.63200", "2009-12-31": -2.801, "2009-09-30": 1.864, "2009-06-30": -8.307, "2009-03-31": "-0.42700", "2008-12-31": 101.169, "2008-09-30": 1.073, "2008-06-30": -4.034, "2008-03-31": "-4.26200", "2007-12-31": 0.098, "2007-09-30": 1.793, "2007-06-30": 2.973, "2007-03-31": "10.32700", "2006-12-31": -1.934, "2006-09-30": 19.347, "2006-06-30": -0.945, "2006-03-31": "-0.82100", "2005-12-31": 0.168, "2005-09-30": -0.144, "2005-06-30": 0.0261, "2005-03-31": "0.11190"}, "Total Change In Assets/Liabilities": {"2020-09-30": 124.325, "2020-06-30": -94.369, "2020-03-31": "-124.28900", "2019-12-31": 3.824, "2019-09-30": 37.246, "2019-06-30": 4.316, "2019-03-31": "-168.64000", "2018-12-31": 72.812, "2018-09-30": 24.279, "2018-06-30": 53.371, "2018-03-31": "-94.38200", "2017-12-31": -95.874, "2017-09-30": 12.559, "2017-06-30": 93.36, "2017-03-31": "-10.93500", "2016-12-31": 102.095, "2016-09-30": -39.494, "2016-06-30": -67.869, "2016-03-31": "-73.45900", "2015-12-31": 80.193, "2015-09-30": 270.916, "2015-06-30": -181.571, "2015-03-31": "85.73200", "2014-12-31": 42.954, "2014-09-30": 29.416, "2014-06-30": -32.3, "2014-03-31": "30.24600", "2013-12-31": -17.675, "2013-09-30": 71.867, "2013-06-30": -36.241, "2013-03-31": "-26.47400", "2012-12-31": 10.03, "2012-09-30": 10.319, "2012-06-30": -46.276, "2012-03-31": "-52.51500", "2011-12-31": 21.532, "2011-09-30": 22.988, "2011-06-30": 8.527, "2011-03-31": "-38.24000", "2010-12-31": 7.604, "2010-09-30": -26.94, "2010-06-30": -16.013, "2010-03-31": "34.85000", "2009-12-31": -22.914, "2009-09-30": 30.583, "2009-06-30": -26.755, "2009-03-31": "-51.50500", "2008-12-31": 125.788, "2008-09-30": 7.031, "2008-06-30": -5.772, "2008-03-31": "-4.62100", "2007-12-31": 2.615, "2007-09-30": 9.039, "2007-06-30": -22.651, "2007-03-31": "28.31000", "2006-12-31": -8.015, "2006-09-30": 17.488, "2006-06-30": -12.772, "2006-03-31": "-0.27600", "2005-12-31": 6.326, "2005-09-30": -3.354, "2005-06-30": -11.3372, "2005-03-31": "-0.16080"}, "Cash Flow From Operating Activities": {"2020-09-30": 508.778, "2020-06-30": 249.326, "2020-03-31": "191.13200", "2019-12-31": 292.693, "2019-09-30": 366.284, "2019-06-30": 331.389, "2019-03-31": "123.39600", "2018-12-31": 340.521, "2018-09-30": 320.06, "2018-06-30": 352.389, "2018-03-31": "148.91100", "2017-12-31": 197.674, "2017-09-30": 256.835, "2017-06-30": 340.258, "2017-03-31": "192.96400", "2016-12-31": 280.653, "2016-09-30": 173.147, "2016-06-30": 137.996, "2016-03-31": "109.55900", "2015-12-31": 170.989, "2015-09-30": 190.938, "2015-06-30": 57.872, "2015-03-31": "102.92400", "2014-12-31": 190.442, "2014-09-30": 148.072, "2014-06-30": 122.575, "2014-03-31": "136.40200", "2013-12-31": 66.199, "2013-09-30": 176.114, "2013-06-30": 53.827, "2013-03-31": "45.89300", "2012-12-31": 69.627, "2012-09-30": 107.98, "2012-06-30": 73.299, "2012-03-31": "36.77000", "2011-12-31": 100.824, "2011-09-30": 109.037, "2011-06-30": 100.353, "2011-03-31": "23.61300", "2010-12-31": 58.229, "2010-09-30": 44.092, "2010-06-30": 58.72, "2010-03-31": "68.00300", "2009-12-31": 33.01, "2009-09-30": 92.195, "2009-06-30": 34.695, "2009-03-31": "-3.70800", "2008-12-31": 63.271, "2008-09-30": 63.102, "2008-06-30": 47.195, "2008-03-31": "25.92800", "2007-12-31": 45.349, "2007-09-30": 37.972, "2007-06-30": 4.099, "2007-03-31": "48.03100", "2006-12-31": 11.856, "2006-09-30": 39.763, "2006-06-30": 1.017, "2006-03-31": "23.77800", "2005-12-31": 24.75, "2005-09-30": 17.023, "2005-06-30": 3.2818, "2005-03-31": "9.59420"}, "Net Change In Property, Plant, And Equipment": {"2020-09-30": -12.656, "2020-06-30": -17.624, "2020-03-31": "-10.90200", "2019-12-31": -56.84, "2019-09-30": -22.946, "2019-06-30": -12.335, "2019-03-31": "-8.30100", "2018-12-31": -11.793, "2018-09-30": -14.824, "2018-06-30": -21.377, "2018-03-31": "-9.65200", "2017-12-31": -15.136, "2017-09-30": -27.139, "2017-06-30": -21.103, "2017-03-31": "-18.64100", "2016-12-31": -32.19, "2016-09-30": -49.55, "2016-06-30": -697.933, "2016-03-31": "-7.82400", "2015-12-31": -9.536, "2015-09-30": -9.477, "2015-06-30": -11.081, "2015-03-31": "-4.58500", "2014-12-31": -8.434, "2014-09-30": -3.791, "2014-06-30": -5.13, "2014-03-31": "-9.63400", "2013-12-31": -7.89, "2013-09-30": -10.018, "2013-06-30": -5.118, "2013-03-31": "-8.71400", "2012-12-31": -17.072, "2012-09-30": -5.921, "2012-06-30": -5.276, "2012-03-31": "-14.37800", "2011-12-31": -5.456, "2011-09-30": -7.555, "2011-06-30": -5.706, "2011-03-31": "-6.31600", "2010-12-31": -4.522, "2010-09-30": -3.571, "2010-06-30": -2.911, "2010-03-31": "-1.42600", "2009-12-31": -6.255, "2009-09-30": -5.938, "2009-06-30": -7.172, "2009-03-31": "-3.31200", "2008-12-31": -2.305, "2008-09-30": -2.333, "2008-06-30": -1.035, "2008-03-31": "-0.88600", "2007-12-31": -1.109, "2007-09-30": -1.358, "2007-06-30": -1.164, "2007-03-31": "-0.21600", "2006-12-31": -0.075, "2006-09-30": -0.381, "2006-06-30": -1.391, "2006-03-31": "-0.54500", "2005-12-31": -0.261, "2005-09-30": -0.445, "2005-06-30": -0.3491, "2005-03-31": "-0.28590"}, "Net Change In Intangible Assets": {"2020-09-30": -6.601, "2020-06-30": -6.274, "2020-03-31": "-6.81100", "2019-12-31": -3.259, "2019-09-30": -5.478, "2019-06-30": -0.298, "2019-03-31": "0.29800", "2018-12-31": -6.709, "2018-09-30": -6.233, "2018-06-30": -0.322, "2018-03-31": "0.28000", "2017-12-31": -4.556, "2017-09-30": -5.163, "2017-06-30": 0.874, "2017-03-31": "-0.84800", "2016-12-31": -1.263, "2016-09-30": 0.626, "2016-06-30": -2.539, "2016-03-31": "-2.34200", "2015-12-31": -1.536, "2015-09-30": -1.786, "2015-06-30": 177.644, "2015-03-31": "-1.55200", "2014-12-31": -1.646, "2014-09-30": -0.937, "2014-06-30": -0.933, "2014-03-31": "0.10500", "2013-12-31": -2.174, "2013-09-30": -3.9, "2013-06-30": -1.739, "2013-03-31": "-3.36200", "2012-12-31": -1.811, "2012-09-30": -1.987, "2012-06-30": -1.754, "2012-03-31": "-0.74900", "2011-12-31": -0.942, "2011-09-30": -0.805, "2011-06-30": -1.389, "2011-03-31": "-1.99600", "2010-12-31": -1.098, "2010-09-30": -2.49, "2010-06-30": -2.832, "2010-03-31": "-3.43200", "2009-12-31": -1.85, "2009-09-30": -1.867, "2009-06-30": -0.838, "2009-03-31": "-0.66000", "2008-12-31": -2.866, "2008-09-30": -0.804, "2008-06-30": -0.361, "2008-03-31": "-0.32300", "2007-12-31": -0.158, "2007-09-30": -0.381, "2007-06-30": -1.157, "2007-03-31": "-1.22400", "2006-12-31": -1.008, "2006-09-30": -1.144, "2006-06-30": 0, "2006-03-31": "-0.00300", "2005-12-31": -0.718, "2005-09-30": -0.103, "2005-06-30": 0, "2005-03-31": ""}, "Net Acquisitions/Divestitures": {"2020-09-30": 0, "2020-06-30": 0, "2020-03-31": "", "2019-12-31": 0, "2019-09-30": 0, "2019-06-30": 0, "2019-03-31": "", "2018-12-31": 0, "2018-09-30": 0, "2018-06-30": 0, "2018-03-31": "", "2017-12-31": 0, "2017-09-30": 0, "2017-06-30": 0, "2017-03-31": "", "2016-12-31": 0, "2016-09-30": 0, "2016-06-30": 0, "2016-03-31": "", "2015-12-31": 0, "2015-09-30": 0, "2015-06-30": 198.008, "2015-03-31": "", "2014-12-31": 0, "2014-09-30": 0, "2014-06-30": 0, "2014-03-31": "", "2013-12-31": 0, "2013-09-30": 0, "2013-06-30": 0, "2013-03-31": "", "2012-12-31": 0, "2012-09-30": 0, "2012-06-30": 0, "2012-03-31": "", "2011-12-31": 0, "2011-09-30": 0, "2011-06-30": 0, "2011-03-31": "", "2010-12-31": 0, "2010-09-30": 0, "2010-06-30": 0, "2010-03-31": "", "2009-12-31": 0, "2009-09-30": 0, "2009-06-30": 0, "2009-03-31": "", "2008-12-31": 0, "2008-09-30": 0, "2008-06-30": 0, "2008-03-31": "", "2007-12-31": 0, "2007-09-30": 0, "2007-06-30": 0, "2007-03-31": "", "2006-12-31": 0, "2006-09-30": 0, "2006-06-30": 0, "2006-03-31": "", "2005-12-31": 0, "2005-09-30": 0, "2005-06-30": 0, "2005-03-31": ""}, "Net Change In Short-term Investments": {"2020-09-30": 0, "2020-06-30": 0, "2020-03-31": "", "2019-12-31": 0, "2019-09-30": 0, "2019-06-30": 0, "2019-03-31": "", "2018-12-31": 0, "2018-09-30": 0, "2018-06-30": 0, "2018-03-31": "", "2017-12-31": 0, "2017-09-30": 0, "2017-06-30": 0, "2017-03-31": "", "2016-12-31": 226.204, "2016-09-30": -225.59, "2016-06-30": -0.614, "2016-03-31": "-152.05000", "2015-12-31": -273.406, "2015-09-30": -815.985, "2015-06-30": -825.91, "2015-03-31": "-118.28300", "2014-12-31": -369.063, "2014-09-30": -339.741, "2014-06-30": -234.079, "2014-03-31": "-187.71800", "2013-12-31": -164.549, "2013-09-30": -238.345, "2013-06-30": -85.061, "2013-03-31": "-69.46400", "2012-12-31": -39.987, "2012-09-30": -159.89, "2012-06-30": -206.643, "2012-03-31": "-190.63500", "2011-12-31": -134.022, "2011-09-30": -220.867, "2011-06-30": -147.355, "2011-03-31": "-80.89400", "2010-12-31": -167.505, "2010-09-30": 0, "2010-06-30": -44.98, "2010-03-31": "-44.98900", "2009-12-31": -14.998, "2009-09-30": -29.988, "2009-06-30": -29.99, "2009-03-31": "", "2008-12-31": -24.938, "2008-09-30": 0, "2008-06-30": 0, "2008-03-31": "", "2007-12-31": 0, "2007-09-30": 0, "2007-06-30": 0, "2007-03-31": "", "2006-12-31": -1.005, "2006-09-30": -7.091, "2006-06-30": -16.761, "2006-03-31": "", "2005-12-31": -9.643, "2005-09-30": 0, "2005-06-30": 0, "2005-03-31": ""}, "Net Change In Long-Term Investments": {"2020-09-30": -347.061, "2020-06-30": -5.194, "2020-03-31": "298.83700", "2019-12-31": 61.536, "2019-09-30": -243.449, "2019-06-30": -91.46, "2019-03-31": "57.07300", "2018-12-31": 138.999, "2018-09-30": -248.532, "2018-06-30": 378.138, "2018-03-31": "86.79500", "2017-12-31": -28.461, "2017-09-30": -295.839, "2017-06-30": -127.569, "2017-03-31": "13.23900", "2016-12-31": -182.176, "2016-09-30": 2.737, "2016-06-30": 471.958, "2016-03-31": "396.34600", "2015-12-31": 1092.561, "2015-09-30": 524.282, "2015-06-30": 227.273, "2015-03-31": "253.83300", "2014-12-31": 161.519, "2014-09-30": 229.58, "2014-06-30": 175.509, "2014-03-31": "152.76000", "2013-12-31": 78.286, "2013-09-30": 79.184, "2013-06-30": 41.072, "2013-03-31": "66.34400", "2012-12-31": 251.775, "2012-09-30": 304.397, "2012-06-30": 175.957, "2012-03-31": "185.44600", "2011-12-31": 138.706, "2011-09-30": 93.46, "2011-06-30": 166.973, "2011-03-31": "40.72700", "2010-12-31": -51.231, "2010-09-30": 50.83, "2010-06-30": 50.414, "2010-03-31": "18.67300", "2009-12-31": 33.814, "2009-09-30": 30.289, "2009-06-30": 6.475, "2009-03-31": "26.59500", "2008-12-31": 21.26, "2008-09-30": 13.099, "2008-06-30": 134.702, "2008-03-31": "12.49200", "2007-12-31": -93.839, "2007-09-30": -53.758, "2007-06-30": -31.266, "2007-03-31": "-9.68000", "2006-12-31": -17.963, "2006-09-30": 20.429, "2006-06-30": -12.094, "2006-03-31": "-55.32100", "2005-12-31": 6.434, "2005-09-30": -8.652, "2005-06-30": 22.6, "2005-03-31": "-5.30000"}, "Net Change In Investments - Total": {"2020-09-30": -347.061, "2020-06-30": -5.194, "2020-03-31": "298.83700", "2019-12-31": 61.536, "2019-09-30": -243.449, "2019-06-30": -91.46, "2019-03-31": "57.07300", "2018-12-31": 138.999, "2018-09-30": -248.532, "2018-06-30": 378.138, "2018-03-31": "86.79500", "2017-12-31": -28.461, "2017-09-30": -295.839, "2017-06-30": -127.569, "2017-03-31": "13.23900", "2016-12-31": 44.028, "2016-09-30": -222.853, "2016-06-30": 471.344, "2016-03-31": "244.29600", "2015-12-31": 819.155, "2015-09-30": -291.703, "2015-06-30": -598.637, "2015-03-31": "135.55000", "2014-12-31": -207.5439, "2014-09-30": -110.161, "2014-06-30": -58.57, "2014-03-31": "-34.95800", "2013-12-31": -86.263, "2013-09-30": -159.161, "2013-06-30": -43.989, "2013-03-31": "-3.12000", "2012-12-31": 211.7879, "2012-09-30": 144.507, "2012-06-30": -30.686, "2012-03-31": "-5.18900", "2011-12-31": 4.684, "2011-09-30": -127.407, "2011-06-30": 19.618, "2011-03-31": "-40.16700", "2010-12-31": -218.736, "2010-09-30": 50.83, "2010-06-30": 5.434, "2010-03-31": "-26.31600", "2009-12-31": 18.816, "2009-09-30": 0.301, "2009-06-30": -23.515, "2009-03-31": "26.59500", "2008-12-31": -3.678, "2008-09-30": 13.099, "2008-06-30": 134.702, "2008-03-31": "12.49200", "2007-12-31": -93.839, "2007-09-30": -53.758, "2007-06-30": -31.266, "2007-03-31": "-9.68000", "2006-12-31": -18.968, "2006-09-30": 13.338, "2006-06-30": -28.855, "2006-03-31": "-55.32100", "2005-12-31": -3.209, "2005-09-30": -8.652, "2005-06-30": 22.6, "2005-03-31": "-5.30000"}, "Investing Activities - Other": {"2020-09-30": -24.89, "2020-06-30": -0.19, "2020-03-31": "-1.14800", "2019-12-31": 0.024, "2019-09-30": -0.27, "2019-06-30": 1.272, "2019-03-31": "-2.29100", "2018-12-31": -1.689, "2018-09-30": -2.441, "2018-06-30": -6.135, "2018-03-31": "-1.54900", "2017-12-31": 0.017, "2017-09-30": -0.584, "2017-06-30": -0.58, "2017-03-31": "-0.05200", "2016-12-31": -0.049, "2016-09-30": 2.433, "2016-06-30": -2.519, "2016-03-31": "0.14200", "2015-12-31": 0.641, "2015-09-30": 0.175, "2015-06-30": -1.441, "2015-03-31": "0.22700", "2014-12-31": 0.203, "2014-09-30": -0.075, "2014-06-30": 0.559, "2014-03-31": "0.54300", "2013-12-31": 3.216, "2013-09-30": -3.038, "2013-06-30": -4.319, "2013-03-31": "-0.21900", "2012-12-31": -0.008, "2012-09-30": -0.1, "2012-06-30": 0.183, "2012-03-31": "0.30200", "2011-12-31": -0.651, "2011-09-30": 0.036, "2011-06-30": 1.051, "2011-03-31": "-0.02600", "2010-12-31": -1.602, "2010-09-30": -0.173, "2010-06-30": 0.266, "2010-03-31": "0.06900", "2009-12-31": 0.659, "2009-09-30": 0.012, "2009-06-30": -0.023, "2009-03-31": "0.57800", "2008-12-31": -1.825, "2008-09-30": 0.18, "2008-06-30": -0.063, "2008-03-31": "-0.01200", "2007-12-31": 0.479, "2007-09-30": 0.02, "2007-06-30": 0.058, "2007-03-31": "0.02600", "2006-12-31": -0.704, "2006-09-30": 0.004, "2006-06-30": -0.034, "2006-03-31": "-0.14400", "2005-12-31": -0.048, "2005-09-30": 0.008, "2005-06-30": -0.0592, "2005-03-31": "0.03820"}, "Cash Flow From Investing Activities": {"2020-09-30": -391.208, "2020-06-30": -29.282, "2020-03-31": "279.97600", "2019-12-31": 1.461, "2019-09-30": -272.143, "2019-06-30": -102.821, "2019-03-31": "46.77900", "2018-12-31": 118.808, "2018-09-30": -272.03, "2018-06-30": 350.304, "2018-03-31": "75.87400", "2017-12-31": -48.136, "2017-09-30": -328.725, "2017-06-30": -148.378, "2017-03-31": "-6.30200", "2016-12-31": 10.526, "2016-09-30": -269.344, "2016-06-30": -231.647, "2016-03-31": "234.27200", "2015-12-31": 808.724, "2015-09-30": -302.791, "2015-06-30": -235.507, "2015-03-31": "129.64000", "2014-12-31": -217.421, "2014-09-30": -114.964, "2014-06-30": -64.074, "2014-03-31": "-43.94400", "2013-12-31": -93.111, "2013-09-30": -176.117, "2013-06-30": -55.165, "2013-03-31": "-15.41500", "2012-12-31": 192.897, "2012-09-30": 136.499, "2012-06-30": -37.533, "2012-03-31": "-20.01400", "2011-12-31": -2.365, "2011-09-30": -135.731, "2011-06-30": 13.574, "2011-03-31": "-48.50500", "2010-12-31": -225.958, "2010-09-30": 44.596, "2010-06-30": -0.043, "2010-03-31": "-31.10500", "2009-12-31": 11.37, "2009-09-30": -7.492, "2009-06-30": -31.548, "2009-03-31": "23.20100", "2008-12-31": -10.674, "2008-09-30": 10.142, "2008-06-30": 133.243, "2008-03-31": "11.27100", "2007-12-31": -94.627, "2007-09-30": -55.477, "2007-06-30": -33.529, "2007-03-31": "-11.09400", "2006-12-31": -20.755, "2006-09-30": 11.817, "2006-06-30": -30.28, "2006-03-31": "-56.01300", "2005-12-31": -4.236, "2005-09-30": -9.192, "2005-06-30": 22.1917, "2005-03-31": "-5.54770"}, "Net Long-Term Debt": {"2020-09-30": -0.82, "2020-06-30": -0.947, "2020-03-31": "-0.73300", "2019-12-31": -0.728, "2019-09-30": -3.766, "2019-06-30": -8.682, "2019-03-31": "-0.39300", "2018-12-31": -0.404, "2018-09-30": -0.51, "2018-06-30": -0.429, "2018-03-31": "-0.54300", "2017-12-31": -0.705, "2017-09-30": -0.544, "2017-06-30": -0.634, "2017-03-31": "-0.70000", "2016-12-31": -0.628, "2016-09-30": -0.632, "2016-06-30": -0.577, "2016-03-31": "-0.52200", "2015-12-31": -0.276, "2015-09-30": -0.277, "2015-06-30": -0.334, "2015-03-31": "-0.19600", "2014-12-31": -0.303, "2014-09-30": -0.343, "2014-06-30": -0.353, "2014-03-31": "-0.62000", "2013-12-31": -0.565, "2013-09-30": -0.528, "2013-06-30": -0.498, "2013-03-31": "-0.29600", "2012-12-31": -0.454, "2012-09-30": -0.531, "2012-06-30": -0.481, "2012-03-31": "-0.61000", "2011-12-31": -0.764, "2011-09-30": -0.482, "2011-06-30": -0.447, "2011-03-31": "-0.24900", "2010-12-31": -0.112, "2010-09-30": -0.069, "2010-06-30": -0.077, "2010-03-31": "-0.16200", "2009-12-31": -0.24, "2009-09-30": -0.416, "2009-06-30": -0.486, "2009-03-31": "-0.39700", "2008-12-31": -0.328, "2008-09-30": -0.238, "2008-06-30": -0.285, "2008-03-31": "-0.31900", "2007-12-31": -0.308, "2007-09-30": -0.218, "2007-06-30": -0.173, "2007-03-31": "-0.21100", "2006-12-31": -0.252, "2006-09-30": -0.302, "2006-06-30": -0.345, "2006-03-31": "-0.27700", "2005-12-31": -0.274, "2005-09-30": -0.317, "2005-06-30": -0.2216, "2005-03-31": "-0.24240"}, "Net Current Debt": {"2020-09-30": 0, "2020-06-30": 0, "2020-03-31": "", "2019-12-31": 0, "2019-09-30": 0, "2019-06-30": 0, "2019-03-31": "", "2018-12-31": 0, "2018-09-30": 0, "2018-06-30": 0, "2018-03-31": "", "2017-12-31": 0, "2017-09-30": 0, "2017-06-30": 0, "2017-03-31": "", "2016-12-31": 0, "2016-09-30": 0, "2016-06-30": 0, "2016-03-31": "", "2015-12-31": 0, "2015-09-30": 0, "2015-06-30": 0, "2015-03-31": "", "2014-12-31": 0, "2014-09-30": 0, "2014-06-30": 0, "2014-03-31": "", "2013-12-31": 0, "2013-09-30": 0, "2013-06-30": 0, "2013-03-31": "", "2012-12-31": 0, "2012-09-30": 0, "2012-06-30": 0, "2012-03-31": "", "2011-12-31": 0, "2011-09-30": 0, "2011-06-30": 0, "2011-03-31": "", "2010-12-31": 0, "2010-09-30": 0, "2010-06-30": 0, "2010-03-31": "", "2009-12-31": 0, "2009-09-30": 0, "2009-06-30": 0, "2009-03-31": "", "2008-12-31": 0, "2008-09-30": 0, "2008-06-30": 0, "2008-03-31": "", "2007-12-31": 0, "2007-09-30": 0, "2007-06-30": 0, "2007-03-31": "", "2006-12-31": 0, "2006-09-30": 0, "2006-06-30": 0, "2006-03-31": "", "2005-12-31": 0, "2005-09-30": 0, "2005-06-30": 0, "2005-03-31": ""}, "Debt Issuance/Retirement Net - Total": {"2020-09-30": -0.82, "2020-06-30": -0.947, "2020-03-31": "-0.73300", "2019-12-31": -0.728, "2019-09-30": -3.766, "2019-06-30": -8.682, "2019-03-31": "-0.39300", "2018-12-31": -0.404, "2018-09-30": -0.51, "2018-06-30": -0.429, "2018-03-31": "-0.54300", "2017-12-31": -0.705, "2017-09-30": -0.544, "2017-06-30": -0.634, "2017-03-31": "-0.70000", "2016-12-31": -0.628, "2016-09-30": -0.632, "2016-06-30": -0.577, "2016-03-31": "-0.52200", "2015-12-31": -0.276, "2015-09-30": -0.277, "2015-06-30": -0.334, "2015-03-31": "-0.19600", "2014-12-31": -0.303, "2014-09-30": -0.343, "2014-06-30": -0.353, "2014-03-31": "-0.62000", "2013-12-31": -0.565, "2013-09-30": -0.528, "2013-06-30": -0.498, "2013-03-31": "-0.29600", "2012-12-31": -0.454, "2012-09-30": -0.531, "2012-06-30": -0.481, "2012-03-31": "-0.61000", "2011-12-31": -0.764, "2011-09-30": -0.482, "2011-06-30": -0.447, "2011-03-31": "-0.24900", "2010-12-31": -0.112, "2010-09-30": -0.069, "2010-06-30": -0.077, "2010-03-31": "-0.16200", "2009-12-31": -0.24, "2009-09-30": -0.416, "2009-06-30": -0.486, "2009-03-31": "-0.39700", "2008-12-31": -0.328, "2008-09-30": -0.238, "2008-06-30": -0.285, "2008-03-31": "-0.31900", "2007-12-31": -0.308, "2007-09-30": -0.218, "2007-06-30": -0.173, "2007-03-31": "-0.21100", "2006-12-31": -0.252, "2006-09-30": -0.302, "2006-06-30": -0.345, "2006-03-31": "-0.27700", "2005-12-31": -0.274, "2005-09-30": -0.317, "2005-06-30": -0.2216, "2005-03-31": "-0.24240"}, "Net Common Equity Issued/Repurchased": {"2020-09-30": 21.5499, "2020-06-30": -6.693, "2020-03-31": "-545.23500", "2019-12-31": -222.461, "2019-09-30": -250.197, "2019-06-30": 45.35, "2019-03-31": "-187.62900", "2018-12-31": -533.557, "2018-09-30": 10.865, "2018-06-30": -546.084, "2018-03-31": "-245.44900", "2017-12-31": -86.155, "2017-09-30": -241.188, "2017-06-30": 5.234, "2017-03-31": "13.55700", "2016-12-31": -244.206, "2016-09-30": 2.261, "2016-06-30": -1996.149, "2016-03-31": "2.06200", "2015-12-31": -43.383, "2015-09-30": -344.826, "2015-06-30": 1509.166, "2015-03-31": "-232.26300", "2014-12-31": 2.069, "2014-09-30": -0.733, "2014-06-30": 1.949, "2014-03-31": "5.70800", "2013-12-31": -51.144, "2013-09-30": 1.905, "2013-06-30": 13.872, "2013-03-31": "-10.98000", "2012-12-31": -338.247, "2012-09-30": -384.845, "2012-06-30": 3.715, "2012-03-31": "2.72200", "2011-12-31": -24.825, "2011-09-30": -103.695, "2011-06-30": 7.061, "2011-03-31": "-34.61500", "2010-12-31": 9.917, "2010-09-30": 5.886, "2010-06-30": -23.043, "2010-03-31": "4.52400", "2009-12-31": -34.451, "2009-09-30": -50.558, "2009-06-30": 0.307, "2009-03-31": "1.03100", "2008-12-31": -52.969, "2008-09-30": 0.453, "2008-06-30": -49.502, "2008-03-31": "0.80800", "2007-12-31": 0.83, "2007-09-30": 3.273, "2007-06-30": 3.94, "2007-03-31": "", "2006-12-31": 0.171, "2006-09-30": -27.261, "2006-06-30": 2.52, "2006-03-31": "0.75400", "2005-12-31": 0.131, "2005-09-30": 0.341, "2005-06-30": 0.2017, "2005-03-31": "0.49430"}, "Net Total Equity Issued/Repurchased": {"2020-09-30": 21.5499, "2020-06-30": -6.693, "2020-03-31": "-545.23500", "2019-12-31": -222.461, "2019-09-30": -250.197, "2019-06-30": 45.35, "2019-03-31": "-187.62900", "2018-12-31": -533.557, "2018-09-30": 10.865, "2018-06-30": -546.084, "2018-03-31": "-245.44900", "2017-12-31": -86.155, "2017-09-30": -241.188, "2017-06-30": 5.234, "2017-03-31": "13.55700", "2016-12-31": -244.206, "2016-09-30": 2.261, "2016-06-30": -1996.149, "2016-03-31": "2.06200", "2015-12-31": -43.383, "2015-09-30": -344.826, "2015-06-30": 1509.166, "2015-03-31": "-232.26300", "2014-12-31": 2.069, "2014-09-30": -0.733, "2014-06-30": 1.949, "2014-03-31": "5.70800", "2013-12-31": -51.144, "2013-09-30": 1.905, "2013-06-30": 13.872, "2013-03-31": "-10.98000", "2012-12-31": -338.247, "2012-09-30": -384.845, "2012-06-30": 3.715, "2012-03-31": "2.72200", "2011-12-31": -24.825, "2011-09-30": -103.695, "2011-06-30": 7.061, "2011-03-31": "-34.61500", "2010-12-31": 9.917, "2010-09-30": 5.886, "2010-06-30": -23.043, "2010-03-31": "4.52400", "2009-12-31": -34.451, "2009-09-30": -50.558, "2009-06-30": 0.307, "2009-03-31": "1.03100", "2008-12-31": -52.969, "2008-09-30": 0.453, "2008-06-30": -49.502, "2008-03-31": "0.80800", "2007-12-31": 0.83, "2007-09-30": 3.273, "2007-06-30": 3.94, "2007-03-31": "", "2006-12-31": 0.171, "2006-09-30": -27.261, "2006-06-30": 2.52, "2006-03-31": "0.75400", "2005-12-31": 0.131, "2005-09-30": 0.341, "2005-06-30": 0.2017, "2005-03-31": "0.49430"}, "Total Common And Preferred Stock Dividends Paid": {"2020-09-30": 0, "2020-06-30": 0, "2020-03-31": "", "2019-12-31": 0, "2019-09-30": 0, "2019-06-30": 0, "2019-03-31": "", "2018-12-31": 0, "2018-09-30": 0, "2018-06-30": 0, "2018-03-31": "", "2017-12-31": 0, "2017-09-30": 0, "2017-06-30": 0, "2017-03-31": "", "2016-12-31": 0, "2016-09-30": 0, "2016-06-30": 0, "2016-03-31": "", "2015-12-31": 0, "2015-09-30": 0, "2015-06-30": 0, "2015-03-31": "", "2014-12-31": 0, "2014-09-30": 0, "2014-06-30": 0, "2014-03-31": "", "2013-12-31": 0, "2013-09-30": 0, "2013-06-30": 0, "2013-03-31": "", "2012-12-31": 0, "2012-09-30": 0, "2012-06-30": 0, "2012-03-31": "", "2011-12-31": 0, "2011-09-30": 0, "2011-06-30": 0, "2011-03-31": "", "2010-12-31": 0, "2010-09-30": 0, "2010-06-30": 0, "2010-03-31": "", "2009-12-31": 0, "2009-09-30": 0, "2009-06-30": 0, "2009-03-31": "", "2008-12-31": 0, "2008-09-30": 0, "2008-06-30": 0, "2008-03-31": "", "2007-12-31": 0, "2007-09-30": 0, "2007-06-30": 0, "2007-03-31": "", "2006-12-31": 0, "2006-09-30": 0, "2006-06-30": 0, "2006-03-31": "", "2005-12-31": 0, "2005-09-30": 0, "2005-06-30": 0, "2005-03-31": ""}, "Financial Activities - Other": {"2020-09-30": 0, "2020-06-30": 0, "2020-03-31": "", "2019-12-31": 0, "2019-09-30": 0, "2019-06-30": 0, "2019-03-31": "", "2018-12-31": 0, "2018-09-30": 0, "2018-06-30": 0, "2018-03-31": "", "2017-12-31": 0, "2017-09-30": 0, "2017-06-30": 0, "2017-03-31": "", "2016-12-31": 0, "2016-09-30": 0, "2016-06-30": 0, "2016-03-31": "", "2015-12-31": 0, "2015-09-30": 0, "2015-06-30": 0, "2015-03-31": "", "2014-12-31": -11.541, "2014-09-30": 8.238, "2014-06-30": 0.701, "2014-03-31": "2.60200", "2013-12-31": 0.098, "2013-09-30": 1.367, "2013-06-30": 28.707, "2013-03-31": "0.17600", "2012-12-31": 15.361, "2012-09-30": 1.373, "2012-06-30": 2.43, "2012-03-31": "0.49200", "2011-12-31": 0.461, "2011-09-30": 2.219, "2011-06-30": 0.954, "2011-03-31": "0.19000", "2010-12-31": 2.182, "2010-09-30": 3.548, "2010-06-30": 0.17, "2010-03-31": "6.47400", "2009-12-31": 0.912, "2009-09-30": 0.128, "2009-06-30": 0.886, "2009-03-31": "1.20500", "2008-12-31": 2.136, "2008-09-30": 0.024, "2008-06-30": 1.127, "2008-03-31": "1.04700", "2007-12-31": 2.122, "2007-09-30": 18.042, "2007-06-30": 9.29, "2007-03-31": "", "2006-12-31": 0.175, "2006-09-30": 0.953, "2006-06-30": 15.514, "2006-03-31": "0.64200", "2005-12-31": 0, "2005-09-30": 0, "2005-06-30": 0, "2005-03-31": ""}, "Cash Flow From Financial Activities": {"2020-09-30": 20.73, "2020-06-30": -7.64, "2020-03-31": "-545.96800", "2019-12-31": -223.189, "2019-09-30": -253.963, "2019-06-30": 36.668, "2019-03-31": "-188.02200", "2018-12-31": -533.961, "2018-09-30": 10.355, "2018-06-30": -546.513, "2018-03-31": "-245.99200", "2017-12-31": -86.86, "2017-09-30": -241.732, "2017-06-30": 4.6, "2017-03-31": "12.85700", "2016-12-31": -244.834, "2016-09-30": 1.629, "2016-06-30": -1996.726, "2016-03-31": "1.54000", "2015-12-31": -43.659, "2015-09-30": -345.103, "2015-06-30": 1508.832, "2015-03-31": "-232.45900", "2014-12-31": -9.775, "2014-09-30": 7.162, "2014-06-30": 2.297, "2014-03-31": "7.69000", "2013-12-31": -51.611, "2013-09-30": 2.744, "2013-06-30": 42.081, "2013-03-31": "-11.10000", "2012-12-31": -323.34, "2012-09-30": -384.003, "2012-06-30": 5.664, "2012-03-31": "2.60400", "2011-12-31": -25.128, "2011-09-30": -101.958, "2011-06-30": 7.568, "2011-03-31": "-34.67400", "2010-12-31": 11.987, "2010-09-30": 9.365, "2010-06-30": -22.95, "2010-03-31": "10.83600", "2009-12-31": -33.779, "2009-09-30": -50.846, "2009-06-30": 0.707, "2009-03-31": "1.83900", "2008-12-31": -51.161, "2008-09-30": 0.239, "2008-06-30": -48.66, "2008-03-31": "1.53600", "2007-12-31": 2.644, "2007-09-30": 21.097, "2007-06-30": 13.057, "2007-03-31": "-0.21100", "2006-12-31": 0.094, "2006-09-30": -26.61, "2006-06-30": 17.689, "2006-03-31": "1.11900", "2005-12-31": -0.143, "2005-09-30": 0.024, "2005-06-30": -0.0199, "2005-03-31": "0.25190"}, "Net Cash Flow": {"2020-09-30": 153.404, "2020-06-30": 219.49, "2020-03-31": "-96.12100", "2019-12-31": 80.34, "2019-09-30": -170.63, "2019-06-30": 269.903, "2019-03-31": "-19.16900", "2018-12-31": -76.201, "2018-09-30": 54.027, "2018-06-30": 148.327, "2018-03-31": "-17.26200", "2017-12-31": 63.063, "2017-09-30": -312.096, "2017-06-30": 201.318, "2017-03-31": "198.75500", "2016-12-31": 36.056, "2016-09-30": -93.243, "2016-06-30": -2093.34, "2016-03-31": "352.69200", "2015-12-31": 934.7, "2015-09-30": -455.578, "2015-06-30": 1333.508, "2015-03-31": "-7.53600", "2014-12-31": -38, "2014-09-30": 35.272, "2014-06-30": 61.031, "2014-03-31": "100.67100", "2013-12-31": -75.67, "2013-09-30": 3.18, "2013-06-30": 41.306, "2013-03-31": "20.01900", "2012-12-31": -60.54, "2012-09-30": -136.113, "2012-06-30": 27.729, "2012-03-31": "32.10700", "2011-12-31": 72.174, "2011-09-30": -131.04, "2011-06-30": 122.692, "2011-03-31": "-59.33700", "2010-12-31": -154.787, "2010-09-30": 99.718, "2010-06-30": 34.003, "2010-03-31": "47.55900", "2009-12-31": 10.692, "2009-09-30": 34.374, "2009-06-30": 4.16, "2009-03-31": "22.32200", "2008-12-31": 0.365, "2008-09-30": 73.483, "2008-06-30": 131.778, "2008-03-31": "38.73500", "2007-12-31": -46.634, "2007-09-30": 3.592, "2007-06-30": -16.373, "2007-03-31": "36.72600", "2006-12-31": -8.805, "2006-09-30": 24.97, "2006-06-30": -11.574, "2006-03-31": "-31.11600", "2005-12-31": 20.371, "2005-09-30": 7.855, "2005-06-30": 25.4536, "2005-03-31": "4.29840"}, "Stock-Based Compensation": {"2020-09-30": 20.008, "2020-06-30": 15.936, "2020-03-31": "17.09800", "2019-12-31": 16.466, "2019-09-30": 15.991, "2019-06-30": 15.575, "2019-03-31": "15.32400", "2018-12-31": 14.675, "2018-09-30": 14.091, "2018-06-30": 14.906, "2018-03-31": "13.43900", "2017-12-31": 13.017, "2017-09-30": 13.282, "2017-06-30": 12.841, "2017-03-31": "13.14200", "2016-12-31": 12.113, "2016-09-30": 12.145, "2016-06-30": 11.528, "2016-03-31": "10.06200", "2015-12-31": 9.03, "2015-09-30": 8.852, "2015-06-30": 8.483, "2015-03-31": "6.35400", "2014-12-31": 6.043, "2014-09-30": 7.42, "2014-06-30": 8.103, "2014-03-31": "6.98600", "2013-12-31": 7.172, "2013-09-30": 7.2, "2013-06-30": 7.433, "2013-03-31": "6.95900", "2012-12-31": 6.832, "2012-09-30": 7.95, "2012-06-30": 7.06, "2012-03-31": "6.57100", "2011-12-31": 6.702, "2011-09-30": 4.828, "2011-06-30": 4.115, "2011-03-31": "3.77900", "2010-12-31": 4.027, "2010-09-30": 4.322, "2010-06-30": 3.532, "2010-03-31": "4.98100", "2009-12-31": 4.279, "2009-09-30": 3.301, "2009-06-30": 3.725, "2009-03-31": "2.73500", "2008-12-31": 4.123, "2008-09-30": 3.997, "2008-06-30": 3.669, "2008-03-31": "2.11000", "2007-12-31": 3.898, "2007-09-30": 2.172, "2007-06-30": 2.036, "2007-03-31": "2.14000", "2006-12-31": 1.827, "2006-09-30": 2.887, "2006-06-30": 1.727, "2006-03-31": "1.90500", "2005-12-31": 0, "2005-09-30": 0, "2005-06-30": 0, "2005-03-31": ""}, "Common Stock Dividends Paid": {"2020-09-30": 0, "2020-06-30": 0, "2020-03-31": "", "2019-12-31": 0, "2019-09-30": 0, "2019-06-30": 0, "2019-03-31": "", "2018-12-31": 0, "2018-09-30": 0, "2018-06-30": 0, "2018-03-31": "", "2017-12-31": 0, "2017-09-30": 0, "2017-06-30": 0, "2017-03-31": "", "2016-12-31": 0, "2016-09-30": 0, "2016-06-30": 0, "2016-03-31": "", "2015-12-31": 0, "2015-09-30": 0, "2015-06-30": 0, "2015-03-31": "", "2014-12-31": 0, "2014-09-30": 0, "2014-06-30": 0, "2014-03-31": "", "2013-12-31": 0, "2013-09-30": 0, "2013-06-30": 0, "2013-03-31": "", "2012-12-31": 0, "2012-09-30": 0, "2012-06-30": 0, "2012-03-31": "", "2011-12-31": 0, "2011-09-30": 0, "2011-06-30": 0, "2011-03-31": "", "2010-12-31": 0, "2010-09-30": 0, "2010-06-30": 0, "2010-03-31": "", "2009-12-31": 0, "2009-09-30": 0, "2009-06-30": 0, "2009-03-31": "", "2008-12-31": 0, "2008-09-30": 0, "2008-06-30": 0, "2008-03-31": "", "2007-12-31": 0, "2007-09-30": 0, "2007-06-30": 0, "2007-03-31": "", "2006-12-31": 0, "2006-09-30": 0, "2006-06-30": 0, "2006-03-31": "", "2005-12-31": 0, "2005-09-30": 0, "2005-06-30": 0, "2005-03-31": ""}}, "financial ratios": {"Current Ratio": {"2019-12-31": "3.50370", "2018-12-31": "3.00120", "2017-12-31": "3.72330", "2016-12-31": "3.04360", "2015-12-31": "8.77340", "2014-12-31": "4.64740", "2013-12-31": "3.74360", "2012-12-31": "2.89410", "2011-12-31": "4.44470", "2010-12-31": "4.97270", "2009-12-31": "6.99280", "2008-12-31": "2.99640", "2007-12-31": "3.25950", "2006-12-31": "4.37850", "2005-12-31": "4.25670"}, "Long-term Debt / Capital": {"2019-12-31": "", "2018-12-31": "", "2017-12-31": "", "2016-12-31": "", "2015-12-31": "", "2014-12-31": "", "2013-12-31": "", "2012-12-31": "", "2011-12-31": "", "2010-12-31": "", "2009-12-31": "", "2008-12-31": "", "2007-12-31": "", "2006-12-31": "0.00000", "2005-12-31": "0.00010"}, "Debt/Equity Ratio": {"2019-12-31": "", "2018-12-31": "", "2017-12-31": "", "2016-12-31": "", "2015-12-31": "", "2014-12-31": "", "2013-12-31": "", "2012-12-31": "", "2011-12-31": "", "2010-12-31": "", "2009-12-31": "0.00040", "2008-12-31": "0.00220", "2007-12-31": "0.00160", "2006-12-31": "0.00130", "2005-12-31": "0.00420"}, "Gross Margin": {"2019-12-31": "59.95460", "2018-12-31": "60.29060", "2017-12-31": "63.45090", "2016-12-31": "63.68480", "2015-12-31": "59.95460", "2014-12-31": "54.35630", "2013-12-31": "52.21320", "2012-12-31": "51.71330", "2011-12-31": "52.50670", "2010-12-31": "52.16800", "2009-12-31": "53.55690", "2008-12-31": "52.11880", "2007-12-31": "51.74470", "2006-12-31": "52.26270", "2005-12-31": "52.32170"}, "Operating Margin": {"2019-12-31": "33.39680", "2018-12-31": "33.71570", "2017-12-31": "35.58240", "2016-12-31": "35.59190", "2015-12-31": "32.82400", "2014-12-31": "30.32640", "2013-12-31": "25.50340", "2012-12-31": "26.72020", "2011-12-31": "26.79750", "2010-12-31": "26.67400", "2009-12-31": "29.50310", "2008-12-31": "15.82460", "2007-12-31": "25.53840", "2006-12-31": "26.17790", "2005-12-31": "29.64950"}, "EBIT Margin": {"2019-12-31": "33.39680", "2018-12-31": "33.71570", "2017-12-31": "35.58240", "2016-12-31": "35.59190", "2015-12-31": "32.82400", "2014-12-31": "30.32640", "2013-12-31": "25.50340", "2012-12-31": "26.72020", "2011-12-31": "26.79750", "2010-12-31": "26.67400", "2009-12-31": "29.50310", "2008-12-31": "15.82460", "2007-12-31": "25.53840", "2006-12-31": "26.17790", "2005-12-31": "29.64950"}, "EBITDA Margin": {"2019-12-31": "34.93970", "2018-12-31": "35.21230", "2017-12-31": "37.03350", "2016-12-31": "36.93140", "2015-12-31": "33.95740", "2014-12-31": "31.36700", "2013-12-31": "26.51670", "2012-12-31": "27.71800", "2011-12-31": "27.80050", "2010-12-31": "27.57710", "2009-12-31": "30.01980", "2008-12-31": "16.16040", "2007-12-31": "25.77990", "2006-12-31": "26.44110", "2005-12-31": "29.95880"}, "Pre-Tax Profit Margin": {"2019-12-31": "33.70680", "2018-12-31": "33.96930", "2017-12-31": "35.66660", "2016-12-31": "35.40660", "2015-12-31": "32.74660", "2014-12-31": "30.25670", "2013-12-31": "25.10180", "2012-12-31": "26.64890", "2011-12-31": "26.84720", "2010-12-31": "26.78820", "2009-12-31": "29.36200", "2008-12-31": "16.78080", "2007-12-31": "26.50810", "2006-12-31": "26.78210", "2005-12-31": "30.03680"}, "Net Profit Margin": {"2019-12-31": "26.37190", "2018-12-31": "26.08240", "2017-12-31": "24.35940", "2016-12-31": "23.37140", "2015-12-31": "20.08160", "2014-12-31": "19.60290", "2013-12-31": "15.07550", "2012-12-31": "16.50020", "2011-12-31": "16.80450", "2010-12-31": "16.26060", "2009-12-31": "18.25560", "2008-12-31": "10.45020", "2007-12-31": "16.51870", "2006-12-31": "16.16920", "2005-12-31": "17.99300"}, "Asset Turnover": {"2019-12-31": "0.81560", "2018-12-31": "0.84100", "2017-12-31": "0.70320", "2016-12-31": "0.73420", "2015-12-31": "0.48870", "2014-12-31": "1.27130", "2013-12-31": "1.58140", "2012-12-31": "1.97510", "2011-12-31": "1.25020", "2010-12-31": "1.13690", "2009-12-31": "1.42900", "2008-12-31": "1.35700", "2007-12-31": "1.66080", "2006-12-31": "1.96440", "2005-12-31": "2.12880"}, "Inventory Turnover Ratio": {"2019-12-31": "4.66340", "2018-12-31": "5.44390", "2017-12-31": "4.81480", "2016-12-31": "6.83700", "2015-12-31": "6.98340", "2014-12-31": "6.44460", "2013-12-31": "4.84760", "2012-12-31": "4.89910", "2011-12-31": "5.19830", "2010-12-31": "4.07010", "2009-12-31": "4.91000", "2008-12-31": "4.25520", "2007-12-31": "4.44720", "2006-12-31": "3.75500", "2005-12-31": "5.29750"}, "Receiveable Turnover": {"2019-12-31": "7.77450", "2018-12-31": "7.85700", "2017-12-31": "7.49550", "2016-12-31": "5.32130", "2015-12-31": "5.69630", "2014-12-31": "8.77940", "2013-12-31": "7.58470", "2012-12-31": "8.70560", "2011-12-31": "7.78650", "2010-12-31": "7.83360", "2009-12-31": "10.49810", "2008-12-31": "7.60380", "2007-12-31": "11.09810", "2006-12-31": "11.08990", "2005-12-31": "12.13430"}, "Days Sales In Receivables": {"2019-12-31": "46.94810", "2018-12-31": "46.45560", "2017-12-31": "48.69590", "2016-12-31": "68.59190", "2015-12-31": "64.07690", "2014-12-31": "41.57450", "2013-12-31": "48.12340", "2012-12-31": "41.92710", "2011-12-31": "46.87590", "2010-12-31": "46.59390", "2009-12-31": "34.76810", "2008-12-31": "48.00210", "2007-12-31": "32.88840", "2006-12-31": "32.91290", "2005-12-31": "30.08000"}, "ROE - Return On Equity": {"2019-12-31": "26.55860", "2018-12-31": "27.50020", "2017-12-31": "21.06890", "2016-12-31": "21.40380", "2015-12-31": "11.36800", "2014-12-31": "31.89030", "2013-12-31": "34.12960", "2012-12-31": "52.76560", "2011-12-31": "29.23110", "2010-12-31": "25.59510", "2009-12-31": "35.68080", "2008-12-31": "24.76000", "2007-12-31": "35.39030", "2006-12-31": "43.51660", "2005-12-31": "50.01630"}, "Return On Tangible Equity": {"2019-12-31": "61.97560", "2018-12-31": "80.51080", "2017-12-31": "53.65720", "2016-12-31": "73.82040", "2015-12-31": "17.62680", "2014-12-31": "32.99540", "2013-12-31": "36.55250", "2012-12-31": "57.65500", "2011-12-31": "30.75100", "2010-12-31": "27.00720", "2009-12-31": "37.84920", "2008-12-31": "26.48160", "2007-12-31": "37.52970", "2006-12-31": "48.04200", "2005-12-31": "58.99570"}, "ROA - Return On Assets": {"2019-12-31": "21.50990", "2018-12-31": "21.93570", "2017-12-31": "17.12950", "2016-12-31": "17.15880", "2015-12-31": "9.81340", "2014-12-31": "24.92090", "2013-12-31": "23.84080", "2012-12-31": "32.59000", "2011-12-31": "21.00850", "2010-12-31": "18.48630", "2009-12-31": "26.08720", "2008-12-31": "14.18050", "2007-12-31": "27.43390", "2006-12-31": "31.76330", "2005-12-31": "38.30310"}, "ROI - Return On Investment": {"2019-12-31": "26.55860", "2018-12-31": "27.50020", "2017-12-31": "21.06890", "2016-12-31": "21.40380", "2015-12-31": "11.36800", "2014-12-31": "31.89020", "2013-12-31": "34.12960", "2012-12-31": "52.76560", "2011-12-31": "29.23110", "2010-12-31": "25.59510", "2009-12-31": "35.68080", "2008-12-31": "24.76000", "2007-12-31": "35.39030", "2006-12-31": "43.51590", "2005-12-31": "50.01230"}, "Book Value Per Share": {"2019-12-31": "7.77210", "2018-12-31": "6.64160", "2017-12-31": "6.87840", "2016-12-31": "5.87700", "2015-12-31": "7.90110", "2014-12-31": "3.01120", "2013-12-31": "1.98270", "2012-12-31": "1.29570", "2011-12-31": "1.87280", "2010-12-31": "1.55170", "2009-12-31": "1.10590", "2008-12-31": "0.80510", "2007-12-31": "0.77900", "2006-12-31": "0.41650", "2005-12-31": "0.23560"}, "Operating Cash Flow Per Share": {"2019-12-31": -0.0215, "2018-12-31": 0.3477, "2017-12-31": 0.5421, "2016-12-31": 0.2646, "2015-12-31": -0.238, "2014-12-31": 0.4851, "2013-12-31": 0.1338, "2012-12-31": -0.0723, "2011-12-31": 0.1857, "2010-12-31": 0.1353, "2009-12-31": -0.0658, "2008-12-31": 0.1126, "2007-12-31": 0.0991, "2006-12-31": 0.0354, "2005-12-31": 0.0938}, "Free Cash Flow Per Share": {"2019-12-31": -0.1031, "2018-12-31": 0.3877, "2017-12-31": 1.7129, "2016-12-31": -0.9883, "2015-12-31": -0.2464, "2014-12-31": 0.4946, "2013-12-31": 0.1504, "2012-12-31": -0.1053, "2011-12-31": 0.1633, "2010-12-31": 0.153, "2009-12-31": -0.0946, "2008-12-31": 0.1079, "2007-12-31": 0.0967, "2006-12-31": 0.0336, "2005-12-31": 0.0915}}, "financial ratios, quarterly": {"Current Ratio": {"2020-09-30": "3.65210", "2020-06-30": "3.51400", "2020-03-31": "2.92030", "2019-12-31": "3.50370", "2019-09-30": "3.30540", "2019-06-30": "3.29800", "2019-03-31": "3.02280", "2018-12-31": "3.00120", "2018-09-30": "3.27970", "2018-06-30": "2.97730", "2018-03-31": "3.81730", "2017-12-31": "3.72330", "2017-09-30": "3.23630", "2017-06-30": "3.35030", "2017-03-31": "3.44130", "2016-12-31": "3.04360", "2016-09-30": "3.27950", "2016-06-30": "2.59940", "2016-03-31": "7.01530", "2015-12-31": "8.77340", "2015-09-30": "7.43280", "2015-06-30": "7.97350", "2015-03-31": "3.35320", "2014-12-31": "4.64740", "2014-09-30": "4.36440", "2014-06-30": "3.67390", "2014-03-31": "3.56290", "2013-12-31": "3.74360", "2013-09-30": "2.91700", "2013-06-30": "3.15970", "2013-03-31": "2.84050", "2012-12-31": "2.89410", "2012-09-30": "3.56090", "2012-06-30": "4.71680", "2012-03-31": "4.45810", "2011-12-31": "4.44470", "2011-09-30": "6.26010", "2011-06-30": "6.51300", "2011-03-31": "6.15680", "2010-12-31": "4.97270", "2010-09-30": "6.02770", "2010-06-30": "4.84030", "2010-03-31": "5.15350", "2009-12-31": "6.99280", "2009-09-30": "5.46290", "2009-06-30": "5.67860", "2009-03-31": "4.89160", "2008-12-31": "2.99640", "2008-09-30": "5.40140", "2008-06-30": "4.12450", "2008-03-31": "3.96610", "2007-12-31": "3.25950", "2007-09-30": "4.71480", "2007-06-30": "3.58370", "2007-03-31": "3.75170", "2006-12-31": "4.37850", "2006-09-30": "2.90440", "2006-06-30": "3.77970", "2006-03-31": "3.72910", "2005-12-31": "4.25670", "2005-09-30": "3.51860", "2005-06-30": "3.09990", "2005-03-31": "2.88770"}, "Long-term Debt / Capital": {"2020-09-30": "", "2020-06-30": "", "2020-03-31": "", "2019-12-31": "", "2019-09-30": "", "2019-06-30": "", "2019-03-31": "", "2018-12-31": "", "2018-09-30": "", "2018-06-30": "", "2018-03-31": "", "2017-12-31": "", "2017-09-30": "", "2017-06-30": "", "2017-03-31": "", "2016-12-31": "", "2016-09-30": "", "2016-06-30": "", "2016-03-31": "", "2015-12-31": "", "2015-09-30": "", "2015-06-30": "", "2015-03-31": "", "2014-12-31": "", "2014-09-30": "", "2014-06-30": "", "2014-03-31": "", "2013-12-31": "", "2013-09-30": "", "2013-06-30": "", "2013-03-31": "", "2012-12-31": "", "2012-09-30": "", "2012-06-30": "", "2012-03-31": "", "2011-12-31": "", "2011-09-30": "", "2011-06-30": "", "2011-03-31": "", "2010-12-31": "", "2010-09-30": "", "2010-06-30": "", "2010-03-31": "", "2009-12-31": "", "2009-09-30": "", "2009-06-30": "", "2009-03-31": "", "2008-12-31": "", "2008-09-30": "", "2008-06-30": "", "2008-03-31": "", "2007-12-31": "", "2007-09-30": "", "2007-06-30": "", "2007-03-31": "0.00000", "2006-12-31": "0.00000", "2006-09-30": "0.00000", "2006-06-30": "0.00000", "2006-03-31": "0.00010", "2005-12-31": "0.00010", "2005-09-30": "0.00010", "2005-06-30": "0.00200", "2005-03-31": "0.00250"}, "Debt/Equity Ratio": {"2020-09-30": "", "2020-06-30": "", "2020-03-31": "", "2019-12-31": "", "2019-09-30": "", "2019-06-30": "", "2019-03-31": "", "2018-12-31": "", "2018-09-30": "", "2018-06-30": "", "2018-03-31": "", "2017-12-31": "", "2017-09-30": "", "2017-06-30": "", "2017-03-31": "", "2016-12-31": "", "2016-09-30": "", "2016-06-30": "", "2016-03-31": "", "2015-12-31": "", "2015-09-30": "", "2015-06-30": "", "2015-03-31": "", "2014-12-31": "", "2014-09-30": "", "2014-06-30": "", "2014-03-31": "", "2013-12-31": "", "2013-09-30": "", "2013-06-30": "", "2013-03-31": "", "2012-12-31": "", "2012-09-30": "", "2012-06-30": "", "2012-03-31": "", "2011-12-31": "", "2011-09-30": "0.00110", "2011-06-30": "0.00130", "2011-03-31": "0.00190", "2010-12-31": "", "2010-09-30": "0.00030", "2010-06-30": "0.00020", "2010-03-31": "0.00030", "2009-12-31": "0.00040", "2009-09-30": "0.00070", "2009-06-30": "0.00140", "2009-03-31": "0.00240", "2008-12-31": "0.00220", "2008-09-30": "0.00130", "2008-06-30": "0.00070", "2008-03-31": "0.00100", "2007-12-31": "0.00160", "2007-09-30": "0.00180", "2007-06-30": "0.00200", "2007-03-31": "0.00090", "2006-12-31": "0.00130", "2006-09-30": "0.00250", "2006-06-30": "0.00300", "2006-03-31": "0.00530", "2005-12-31": "0.00420", "2005-09-30": "0.00690", "2005-06-30": "0.00990", "2005-03-31": "0.00770"}, "Gross Margin": {"2020-09-30": "59.09450", "2020-06-30": "60.28630", "2020-03-31": "59.99410", "2019-12-31": "60.04370", "2019-09-30": "59.36980", "2019-06-30": "59.89640", "2019-03-31": "60.62760", "2018-12-31": "59.74720", "2018-09-30": "59.79950", "2018-06-30": "61.05670", "2018-03-31": "60.55290", "2017-12-31": "62.14680", "2017-09-30": "62.64150", "2017-06-30": "64.32780", "2017-03-31": "64.79510", "2016-12-31": "66.08330", "2016-09-30": "63.83310", "2016-06-30": "62.57660", "2016-03-31": "62.20330", "2015-12-31": "62.49460", "2015-09-30": "61.52050", "2015-06-30": "56.86830", "2015-03-31": "58.86440", "2014-12-31": "54.78900", "2014-09-30": "53.76340", "2014-06-30": "55.19330", "2014-03-31": "53.49790", "2013-12-31": "51.24540", "2013-09-30": "52.07630", "2013-06-30": "53.29590", "2013-03-31": "52.05020", "2012-12-31": "51.72390", "2012-09-30": "50.48380", "2012-06-30": "51.80350", "2012-03-31": "53.05020", "2011-12-31": "52.26010", "2011-09-30": "52.72850", "2011-06-30": "52.84510", "2011-03-31": "52.05590", "2010-12-31": "51.59340", "2010-09-30": "51.88560", "2010-06-30": "52.87110", "2010-03-31": "52.30940", "2009-12-31": "53.37520", "2009-09-30": "53.59420", "2009-06-30": "53.89810", "2009-03-31": "53.30700", "2008-12-31": "54.41870", "2008-09-30": "52.43630", "2008-06-30": "51.80380", "2008-03-31": "49.35430", "2007-12-31": "50.98200", "2007-09-30": "51.93220", "2007-06-30": "52.39890", "2007-03-31": "51.63430", "2006-12-31": "53.13860", "2006-09-30": "51.60120", "2006-06-30": "51.90440", "2006-03-31": "52.60970", "2005-12-31": "52.99850", "2005-09-30": "52.49710", "2005-06-30": "52.58250", "2005-03-31": "50.53680"}, "Operating Margin": {"2020-09-30": "36.79520", "2020-06-30": "37.23060", "2020-03-31": "34.36490", "2019-12-31": "31.16820", "2019-09-30": "34.88450", "2019-06-30": "34.32740", "2019-03-31": "32.92430", "2018-12-31": "33.16390", "2018-09-30": "33.41730", "2018-06-30": "35.20330", "2018-03-31": "32.89550", "2017-12-31": "32.96230", "2017-09-30": "34.89610", "2017-06-30": "38.59040", "2017-03-31": "35.60780", "2016-12-31": "33.39600", "2016-09-30": "36.85180", "2016-06-30": "34.86730", "2016-03-31": "37.44750", "2015-12-31": "35.39440", "2015-09-30": "38.51850", "2015-06-30": "52.77890", "2015-03-31": "1.21720", "2014-12-31": "31.85810", "2014-09-30": "29.86090", "2014-06-30": "31.40470", "2014-03-31": "27.76630", "2013-12-31": "24.91530", "2013-09-30": "25.64760", "2013-06-30": "28.43830", "2013-03-31": "22.16050", "2012-12-31": "24.15180", "2012-09-30": "25.95950", "2012-06-30": "28.64690", "2012-03-31": "27.77910", "2011-12-31": "25.22120", "2011-09-30": "27.82550", "2011-06-30": "28.66680", "2011-03-31": "24.81770", "2010-12-31": "25.04130", "2010-09-30": "28.19520", "2010-06-30": "29.99060", "2010-03-31": "21.32840", "2009-12-31": "29.50500", "2009-09-30": "30.17420", "2009-06-30": "30.90190", "2009-03-31": "26.93500", "2008-12-31": "-15.41790", "2008-09-30": "28.70040", "2008-06-30": "27.70300", "2008-03-31": "20.18490", "2007-12-31": "26.05970", "2007-09-30": "29.68320", "2007-06-30": "25.09490", "2007-03-31": "19.23990", "2006-12-31": "23.55960", "2006-09-30": "23.70150", "2006-06-30": "29.32130", "2006-03-31": "29.08570", "2005-12-31": "30.39440", "2005-09-30": "31.84850", "2005-06-30": "29.67550", "2005-03-31": "24.53330"}, "EBIT Margin": {"2020-09-30": "36.79520", "2020-06-30": "37.23060", "2020-03-31": "34.36490", "2019-12-31": "31.16820", "2019-09-30": "34.88450", "2019-06-30": "34.32740", "2019-03-31": "32.92430", "2018-12-31": "33.16390", "2018-09-30": "33.41730", "2018-06-30": "35.20330", "2018-03-31": "32.89550", "2017-12-31": "32.96230", "2017-09-30": "34.89610", "2017-06-30": "38.59040", "2017-03-31": "35.60780", "2016-12-31": "33.39600", "2016-09-30": "36.85180", "2016-06-30": "34.86730", "2016-03-31": "37.44750", "2015-12-31": "35.39450", "2015-09-30": "38.51850", "2015-06-30": "52.77890", "2015-03-31": "1.21720", "2014-12-31": "31.85810", "2014-09-30": "29.86090", "2014-06-30": "31.40470", "2014-03-31": "27.76630", "2013-12-31": "24.91530", "2013-09-30": "25.64760", "2013-06-30": "28.43830", "2013-03-31": "22.16050", "2012-12-31": "24.15180", "2012-09-30": "25.95950", "2012-06-30": "28.64690", "2012-03-31": "27.77910", "2011-12-31": "25.22120", "2011-09-30": "27.82550", "2011-06-30": "28.66680", "2011-03-31": "24.81770", "2010-12-31": "25.04130", "2010-09-30": "28.19520", "2010-06-30": "29.99060", "2010-03-31": "21.32840", "2009-12-31": "29.50490", "2009-09-30": "30.17420", "2009-06-30": "30.90190", "2009-03-31": "26.93500", "2008-12-31": "-15.41790", "2008-09-30": "28.70040", "2008-06-30": "27.70300", "2008-03-31": "20.18490", "2007-12-31": "26.05970", "2007-09-30": "29.68320", "2007-06-30": "25.09490", "2007-03-31": "19.23990", "2006-12-31": "23.55960", "2006-09-30": "23.70150", "2006-06-30": "29.32130", "2006-03-31": "29.08570", "2005-12-31": "30.39440", "2005-09-30": "31.84850", "2005-06-30": "29.67550", "2005-03-31": "24.53330"}, "EBITDA Margin": {"2020-09-30": "", "2020-06-30": "", "2020-03-31": "", "2019-12-31": "", "2019-09-30": "", "2019-06-30": "", "2019-03-31": "", "2018-12-31": "", "2018-09-30": "", "2018-06-30": "", "2018-03-31": "", "2017-12-31": "", "2017-09-30": "", "2017-06-30": "", "2017-03-31": "", "2016-12-31": "", "2016-09-30": "", "2016-06-30": "", "2016-03-31": "", "2015-12-31": "", "2015-09-30": "", "2015-06-30": "", "2015-03-31": "", "2014-12-31": "", "2014-09-30": "", "2014-06-30": "", "2014-03-31": "", "2013-12-31": "", "2013-09-30": "", "2013-06-30": "", "2013-03-31": "", "2012-12-31": "", "2012-09-30": "", "2012-06-30": "", "2012-03-31": "", "2011-12-31": "", "2011-09-30": "", "2011-06-30": "", "2011-03-31": "", "2010-12-31": "", "2010-09-30": "", "2010-06-30": "", "2010-03-31": "", "2009-12-31": "", "2009-09-30": "", "2009-06-30": "", "2009-03-31": "", "2008-12-31": "", "2008-09-30": "", "2008-06-30": "", "2008-03-31": "", "2007-12-31": "", "2007-09-30": "", "2007-06-30": "", "2007-03-31": "", "2006-12-31": "", "2006-09-30": "", "2006-06-30": "", "2006-03-31": "", "2005-12-31": "", "2005-09-30": "", "2005-06-30": "", "2005-03-31": ""}, "Pre-Tax Profit Margin": {"2020-09-30": "36.42870", "2020-06-30": "37.06640", "2020-03-31": "34.44700", "2019-12-31": "31.57990", "2019-09-30": "35.15990", "2019-06-30": "34.59670", "2019-03-31": "33.21420", "2018-12-31": "33.63820", "2018-09-30": "33.71130", "2018-06-30": "35.25020", "2018-03-31": "33.10770", "2017-12-31": "33.05280", "2017-09-30": "35.33550", "2017-06-30": "38.30910", "2017-03-31": "35.69650", "2016-12-31": "32.73240", "2016-09-30": "36.72020", "2016-06-30": "34.84050", "2016-03-31": "37.53690", "2015-12-31": "35.55540", "2015-09-30": "38.07410", "2015-06-30": "52.63260", "2015-03-31": "1.41390", "2014-12-31": "31.69110", "2014-09-30": "29.69770", "2014-06-30": "31.43060", "2014-03-31": "27.79500", "2013-12-31": "24.35840", "2013-09-30": "25.52800", "2013-06-30": "27.89910", "2013-03-31": "21.76770", "2012-12-31": "23.66240", "2012-09-30": "26.06160", "2012-06-30": "28.63680", "2012-03-31": "27.85520", "2011-12-31": "25.49780", "2011-09-30": "27.64390", "2011-06-30": "28.72610", "2011-03-31": "24.90220", "2010-12-31": "25.15650", "2010-09-30": "28.14640", "2010-06-30": "30.07840", "2010-03-31": "21.74250", "2009-12-31": "29.73420", "2009-09-30": "30.12250", "2009-06-30": "31.03550", "2009-03-31": "25.90190", "2008-12-31": "-14.87550", "2008-09-30": "29.44110", "2008-06-30": "28.68410", "2008-03-31": "21.89390", "2007-12-31": "27.41020", "2007-09-30": "30.55730", "2007-06-30": "25.81070", "2007-03-31": "20.16000", "2006-12-31": "24.24610", "2006-09-30": "24.28760", "2006-06-30": "29.88010", "2006-03-31": "29.67200", "2005-12-31": "31.06420", "2005-09-30": "32.15490", "2005-06-30": "29.97270", "2005-03-31": "24.72920"}, "Net Profit Margin": {"2020-09-30": "27.89350", "2020-06-30": "28.46420", "2020-03-31": "26.25330", "2019-12-31": "25.06420", "2019-09-30": "26.36990", "2019-06-30": "26.49100", "2019-03-31": "27.64140", "2018-12-31": "25.87080", "2018-09-30": "26.34750", "2018-06-30": "26.58960", "2018-03-31": "25.39010", "2017-12-31": "24.84360", "2017-09-30": "24.05170", "2017-06-30": "24.54420", "2017-03-31": "23.98180", "2016-12-31": "22.94430", "2016-09-30": "24.32160", "2016-06-30": "22.26240", "2016-03-31": "24.09300", "2015-12-31": "21.49580", "2015-09-30": "23.07290", "2015-06-30": "33.01090", "2015-03-31": "0.70420", "2014-12-31": "20.69660", "2014-09-30": "19.12030", "2014-06-30": "20.51850", "2014-03-31": "17.76630", "2013-12-31": "14.07140", "2013-09-30": "15.61380", "2013-06-30": "16.93890", "2013-03-31": "13.11300", "2012-12-31": "14.41810", "2012-09-30": "15.89510", "2012-06-30": "18.52640", "2012-03-31": "16.73960", "2011-12-31": "15.74210", "2011-09-30": "17.35630", "2011-06-30": "18.22980", "2011-03-31": "15.44330", "2010-12-31": "15.41810", "2010-09-30": "17.43170", "2010-06-30": "17.45630", "2010-03-31": "13.67560", "2009-12-31": "18.34120", "2009-09-30": "18.35000", "2009-06-30": "19.08040", "2009-03-31": "17.02050", "2008-12-31": "-9.21800", "2008-09-30": "18.39990", "2008-06-30": "17.79740", "2008-03-31": "13.57870", "2007-12-31": "18.28590", "2007-09-30": "18.52550", "2007-06-30": "15.65230", "2007-03-31": "12.17830", "2006-12-31": "14.66920", "2006-09-30": "14.80970", "2006-06-30": "18.07260", "2006-03-31": "17.61310", "2005-12-31": "18.81370", "2005-09-30": "19.20400", "2005-06-30": "17.84390", "2005-03-31": "14.73770"}, "Asset Turnover": {"2020-09-30": "0.21870", "2020-06-30": "0.21060", "2020-03-31": "0.21760", "2019-12-31": "0.19750", "2019-09-30": "0.22070", "2019-06-30": "0.21710", "2019-03-31": "0.20320", "2018-12-31": "0.20420", "2018-09-30": "0.20860", "2018-06-30": "0.22370", "2018-03-31": "0.17950", "2017-12-31": "0.16910", "2017-09-30": "0.19310", "2017-06-30": "0.19360", "2017-03-31": "0.17060", "2016-12-31": "0.18150", "2016-09-30": "0.18600", "2016-06-30": "0.20490", "2016-03-31": "0.11560", "2015-12-31": "0.11580", "2015-09-30": "0.13500", "2015-06-30": "0.11980", "2015-03-31": "0.30060", "2014-12-31": "0.31230", "2014-09-30": "0.34140", "2014-06-30": "0.38850", "2014-03-31": "0.33640", "2013-12-31": "0.38070", "2013-09-30": "0.39050", "2013-06-30": "0.47880", "2013-03-31": "0.42200", "2012-12-31": "0.45190", "2012-09-30": "0.41090", "2012-06-30": "0.37000", "2012-03-31": "0.30910", "2011-12-31": "0.30090", "2011-09-30": "0.38960", "2011-06-30": "0.37460", "2011-03-31": "0.31490", "2010-12-31": "0.27780", "2010-09-30": "0.37160", "2010-06-30": "0.37900", "2010-03-31": "0.26430", "2009-12-31": "0.36360", "2009-09-30": "0.38430", "2009-06-30": "0.38180", "2009-03-31": "0.33330", "2008-12-31": "0.33390", "2008-09-30": "0.44520", "2008-06-30": "0.47000", "2008-03-31": "0.36340", "2007-12-31": "0.45290", "2007-09-30": "0.48640", "2007-06-30": "0.53850", "2007-03-31": "0.45040", "2006-12-31": "0.49080", "2006-09-30": "0.57480", "2006-06-30": "0.58620", "2006-03-31": "0.58740", "2005-12-31": "0.59800", "2005-09-30": "0.72530", "2005-06-30": "0.70600", "2005-03-31": "0.60120"}, "Inventory Turnover Ratio": {"2020-09-30": "1.59840", "2020-06-30": "1.27570", "2020-03-31": "1.20610", "2019-12-31": "1.12670", "2019-09-30": "1.44950", "2019-06-30": "1.47820", "2019-03-31": "1.23830", "2018-12-31": "1.33970", "2018-09-30": "1.55870", "2018-06-30": "1.43560", "2018-03-31": "1.24960", "2017-12-31": "1.19940", "2017-09-30": "1.59260", "2017-06-30": "1.69760", "2017-03-31": "1.52530", "2016-12-31": "1.57840", "2016-09-30": "1.69790", "2016-06-30": "1.77560", "2016-03-31": "1.54940", "2015-12-31": "1.55050", "2015-09-30": "1.82320", "2015-06-30": "1.65410", "2015-03-31": "1.30280", "2014-12-31": "1.56830", "2014-09-30": "1.43130", "2014-06-30": "1.48100", "2014-03-31": "1.22170", "2013-12-31": "1.19070", "2013-09-30": "1.14390", "2013-06-30": "1.26170", "2013-03-31": "1.07820", "2012-12-31": "1.12070", "2012-09-30": "1.38370", "2012-06-30": "1.43500", "2012-03-31": "1.19150", "2011-12-31": "1.25770", "2011-09-30": "1.36430", "2011-06-30": "1.39000", "2011-03-31": "0.98360", "2010-12-31": "1.00660", "2010-09-30": "1.23230", "2010-06-30": "1.23790", "2010-03-31": "0.95310", "2009-12-31": "1.25420", "2009-09-30": "1.15290", "2009-06-30": "1.17960", "2009-03-31": "1.03570", "2008-12-31": "0.99670", "2008-09-30": "1.22710", "2008-06-30": "1.10400", "2008-03-31": "0.97880", "2007-12-31": "1.23190", "2007-09-30": "1.26380", "2007-06-30": "1.33160", "2007-03-31": "1.30260", "2006-12-31": "0.92090", "2006-09-30": "1.07160", "2006-06-30": "1.49210", "2006-03-31": "1.93090", "2005-12-31": "1.46710", "2005-09-30": "1.73540", "2005-06-30": "1.45730", "2005-03-31": "1.26580"}, "Receiveable Turnover": {"2020-09-30": "1.68240", "2020-06-30": "1.43850", "2020-03-31": "1.58390", "2019-12-31": "1.88260", "2019-09-30": "1.74940", "2019-06-30": "1.60430", "2019-03-31": "1.58550", "2018-12-31": "1.90740", "2018-09-30": "1.63850", "2018-06-30": "1.71440", "2018-03-31": "1.61940", "2017-12-31": "1.80290", "2017-09-30": "1.69890", "2017-06-30": "1.68890", "2017-03-31": "1.29750", "2016-12-31": "1.31540", "2016-09-30": "1.33020", "2016-06-30": "1.40080", "2016-03-31": "1.25560", "2015-12-31": "1.35040", "2015-09-30": "1.41830", "2015-06-30": "1.39210", "2015-03-31": "1.82180", "2014-12-31": "2.15690", "2014-09-30": "1.90890", "2014-06-30": "1.72320", "2014-03-31": "1.55050", "2013-12-31": "1.82610", "2013-09-30": "1.72030", "2013-06-30": "1.81200", "2013-03-31": "1.52440", "2012-12-31": "1.99200", "2012-09-30": "1.87360", "2012-06-30": "1.93420", "2012-03-31": "1.77290", "2011-12-31": "1.87420", "2011-09-30": "3.40180", "2011-06-30": "2.84750", "2011-03-31": "2.39200", "2010-12-31": "1.91440", "2010-09-30": "2.89480", "2010-06-30": "2.78140", "2010-03-31": "2.02290", "2009-12-31": "2.67130", "2009-09-30": "3.16510", "2009-06-30": "2.38470", "2009-03-31": "2.03330", "2008-12-31": "1.87100", "2008-09-30": "3.90540", "2008-06-30": "3.38410", "2008-03-31": "2.59520", "2007-12-31": "3.02630", "2007-09-30": "2.74540", "2007-06-30": "2.18680", "2007-03-31": "2.19680", "2006-12-31": "2.77070", "2006-09-30": "2.59220", "2006-06-30": "2.56050", "2006-03-31": "2.58620", "2005-12-31": "3.40880", "2005-09-30": "3.06300", "2005-06-30": "2.69490", "2005-03-31": "2.97570"}, "Days Sales In Receivables": {"2020-09-30": "53.49420", "2020-06-30": "62.56440", "2020-03-31": "56.82280", "2019-12-31": "47.80720", "2019-09-30": "51.44640", "2019-06-30": "56.10070", "2019-03-31": "56.76530", "2018-12-31": "47.18590", "2018-09-30": "54.92700", "2018-06-30": "52.49780", "2018-03-31": "55.57700", "2017-12-31": "49.91990", "2017-09-30": "52.97580", "2017-06-30": "53.28970", "2017-03-31": "69.36360", "2016-12-31": "68.42270", "2016-09-30": "67.65790", "2016-06-30": "64.24710", "2016-03-31": "71.67650", "2015-12-31": "66.64680", "2015-09-30": "63.45820", "2015-06-30": "64.65150", "2015-03-31": "49.40240", "2014-12-31": "41.72610", "2014-09-30": "47.14810", "2014-06-30": "52.22840", "2014-03-31": "58.04710", "2013-12-31": "49.28590", "2013-09-30": "52.31590", "2013-06-30": "49.66880", "2013-03-31": "59.04090", "2012-12-31": "45.18160", "2012-09-30": "48.03630", "2012-06-30": "46.52970", "2012-03-31": "50.76530", "2011-12-31": "48.02140", "2011-09-30": "26.45630", "2011-06-30": "31.60680", "2011-03-31": "37.62530", "2010-12-31": "47.01130", "2010-09-30": "31.09060", "2010-06-30": "32.35760", "2010-03-31": "44.48970", "2009-12-31": "33.69190", "2009-09-30": "28.43520", "2009-06-30": "37.74070", "2009-03-31": "44.26330", "2008-12-31": "48.10260", "2008-09-30": "23.04490", "2008-06-30": "26.59530", "2008-03-31": "34.67950", "2007-12-31": "29.73890", "2007-09-30": "32.78230", "2007-06-30": "41.15620", "2007-03-31": "40.96790", "2006-12-31": "32.48340", "2006-09-30": "34.71950", "2006-06-30": "35.14880", "2006-03-31": "34.80060", "2005-12-31": "26.40230", "2005-09-30": "29.38340", "2005-06-30": "33.39620", "2005-03-31": "30.24470"}, "ROE - Return On Equity": {"2020-09-30": "7.50980", "2020-06-30": "7.37570", "2020-03-31": "7.20330", "2019-12-31": "6.11210", "2019-09-30": "7.27660", "2019-06-30": "7.20810", "2019-03-31": "7.06940", "2018-12-31": "6.62180", "2018-09-30": "6.87680", "2018-06-30": "7.49250", "2018-03-31": "5.57460", "2017-12-31": "5.16840", "2017-09-30": "5.80510", "2017-06-30": "5.89600", "2017-03-31": "5.04160", "2016-12-31": "5.19400", "2016-09-30": "5.63920", "2016-06-30": "5.77050", "2016-03-31": "3.28290", "2015-12-31": "2.88480", "2015-09-30": "3.75060", "2015-06-30": "4.71700", "2015-03-31": "0.30060", "2014-12-31": "8.27190", "2014-09-30": "8.77070", "2014-06-30": "11.22970", "2014-03-31": "8.63770", "2013-12-31": "7.66970", "2013-09-30": "9.59890", "2013-06-30": "12.48490", "2013-03-31": "9.05310", "2012-12-31": "10.55000", "2012-09-30": "9.68240", "2012-06-30": "9.24260", "2012-03-31": "7.12990", "2011-12-31": "6.59100", "2011-09-30": "8.83520", "2011-06-30": "8.86500", "2011-03-31": "6.44870", "2010-12-31": "5.93100", "2010-09-30": "8.72680", "2010-06-30": "9.40920", "2010-03-31": "5.12020", "2009-12-31": "9.12160", "2009-09-30": "10.07290", "2009-06-30": "10.41100", "2009-03-31": "8.56400", "2008-12-31": "-5.37410", "2008-09-30": "10.19910", "2008-06-30": "10.99080", "2008-03-31": "6.37860", "2007-12-31": "10.68300", "2007-09-30": "12.36810", "2007-06-30": "12.72800", "2007-03-31": "8.16340", "2006-12-31": "9.86340", "2006-09-30": "13.16940", "2006-06-30": "14.25240", "2006-03-31": "14.06990", "2005-12-31": "14.69160", "2005-09-30": "19.23420", "2005-06-30": "18.13580", "2005-03-31": "13.02410"}, "Return On Tangible Equity": {"2020-09-30": "15.53320", "2020-06-30": "16.97430", "2020-03-31": "18.76170", "2019-12-31": "14.26290", "2019-09-30": "17.29020", "2019-06-30": "17.40770", "2019-03-31": "19.74460", "2018-12-31": "19.38620", "2018-09-30": "17.62130", "2018-06-30": "21.88740", "2018-03-31": "14.33360", "2017-12-31": "13.16270", "2017-09-30": "15.59080", "2017-06-30": "15.77280", "2017-03-31": "15.26810", "2016-12-31": "17.91390", "2016-09-30": "18.53510", "2016-06-30": "22.28590", "2016-03-31": "4.99080", "2015-12-31": "4.47310", "2015-09-30": "5.94080", "2015-06-30": "7.29570", "2015-03-31": "0.31170", "2014-12-31": "8.55860", "2014-09-30": "9.09270", "2014-06-30": "11.85620", "2014-03-31": "9.18340", "2013-12-31": "8.21420", "2013-09-30": "10.27980", "2013-06-30": "13.42130", "2013-03-31": "9.86930", "2012-12-31": "11.52760", "2012-09-30": "10.29390", "2012-06-30": "9.65610", "2012-03-31": "7.47390", "2011-12-31": "6.93370", "2011-09-30": "9.30900", "2011-06-30": "9.32290", "2011-03-31": "6.81010", "2010-12-31": "6.25820", "2010-09-30": "9.23880", "2010-06-30": "9.99480", "2010-03-31": "5.43590", "2009-12-31": "9.67590", "2009-09-30": "10.67570", "2009-06-30": "11.00750", "2009-03-31": "9.10810", "2008-12-31": "-5.74770", "2008-09-30": "10.73160", "2008-06-30": "11.61940", "2008-03-31": "6.74250", "2007-12-31": "11.32880", "2007-09-30": "13.22230", "2007-06-30": "13.80860", "2007-03-31": "8.97650", "2006-12-31": "10.88910", "2006-09-30": "14.64220", "2006-06-30": "15.77320", "2006-03-31": "16.12350", "2005-12-31": "17.32920", "2005-09-30": "23.31180", "2005-06-30": "23.19060", "2005-03-31": "17.84190"}, "ROA - Return On Assets": {"2020-09-30": "6.10170", "2020-06-30": "5.99500", "2020-03-31": "5.71210", "2019-12-31": "4.95020", "2019-09-30": "5.81860", "2019-06-30": "5.75240", "2019-03-31": "5.61630", "2018-12-31": "5.28190", "2018-09-30": "5.49610", "2018-06-30": "5.94700", "2018-03-31": "4.55790", "2017-12-31": "4.20210", "2017-09-30": "4.64530", "2017-06-30": "4.75290", "2017-03-31": "4.09170", "2016-12-31": "4.16390", "2016-09-30": "4.52370", "2016-06-30": "4.56210", "2016-03-31": "2.78540", "2015-12-31": "2.49030", "2015-09-30": "3.11530", "2015-06-30": "3.95410", "2015-03-31": "0.21170", "2014-12-31": "6.46420", "2014-09-30": "6.52750", "2014-06-30": "7.97070", "2014-03-31": "5.97710", "2013-12-31": "5.35760", "2013-09-30": "6.09760", "2013-06-30": "8.10970", "2013-03-31": "5.53400", "2012-12-31": "6.51610", "2012-09-30": "6.53120", "2012-06-30": "6.85570", "2012-03-31": "5.17420", "2011-12-31": "4.73690", "2011-09-30": "6.76220", "2011-06-30": "6.82960", "2011-03-31": "4.86250", "2010-12-31": "4.28370", "2010-09-30": "6.47680", "2010-06-30": "6.61610", "2010-03-31": "3.61440", "2009-12-31": "6.66900", "2009-09-30": "7.05170", "2009-06-30": "7.28410", "2009-03-31": "5.67290", "2008-12-31": "-3.07780", "2008-09-30": "8.19140", "2008-06-30": "8.36540", "2008-03-31": "4.93420", "2007-12-31": "8.28130", "2007-09-30": "9.01000", "2007-06-30": "8.42930", "2007-03-31": "5.48550", "2006-12-31": "7.19940", "2006-09-30": "8.51240", "2006-06-30": "10.59450", "2006-03-31": "10.34630", "2005-12-31": "11.25100", "2005-09-30": "13.92930", "2005-06-30": "12.59830", "2005-03-31": "8.86000"}, "ROI - Return On Investment": {"2020-09-30": "7.50980", "2020-06-30": "7.37570", "2020-03-31": "7.20330", "2019-12-31": "6.11210", "2019-09-30": "7.27660", "2019-06-30": "7.20810", "2019-03-31": "7.06940", "2018-12-31": "6.62180", "2018-09-30": "6.87680", "2018-06-30": "7.49250", "2018-03-31": "5.57460", "2017-12-31": "5.16840", "2017-09-30": "5.80510", "2017-06-30": "5.89600", "2017-03-31": "5.04160", "2016-12-31": "5.19400", "2016-09-30": "5.63920", "2016-06-30": "5.77050", "2016-03-31": "3.28290", "2015-12-31": "2.88480", "2015-09-30": "3.75060", "2015-06-30": "4.71700", "2015-03-31": "0.30060", "2014-12-31": "8.27190", "2014-09-30": "8.77070", "2014-06-30": "11.22970", "2014-03-31": "8.63770", "2013-12-31": "7.66970", "2013-09-30": "9.59890", "2013-06-30": "12.48490", "2013-03-31": "9.05310", "2012-12-31": "10.55000", "2012-09-30": "9.68240", "2012-06-30": "9.24260", "2012-03-31": "7.12990", "2011-12-31": "6.59100", "2011-09-30": "8.83520", "2011-06-30": "8.86500", "2011-03-31": "6.44870", "2010-12-31": "5.93100", "2010-09-30": "8.72680", "2010-06-30": "9.40920", "2010-03-31": "5.12020", "2009-12-31": "9.12160", "2009-09-30": "10.07290", "2009-06-30": "10.41100", "2009-03-31": "8.56400", "2008-12-31": "-5.37410", "2008-09-30": "10.19910", "2008-06-30": "10.99080", "2008-03-31": "6.37860", "2007-12-31": "10.68300", "2007-09-30": "12.36810", "2007-06-30": "12.72800", "2007-03-31": "8.16330", "2006-12-31": "9.86330", "2006-09-30": "13.16900", "2006-06-30": "14.25190", "2006-03-31": "14.06920", "2005-12-31": "14.69040", "2005-09-30": "19.23180", "2005-06-30": "18.10020", "2005-03-31": "12.99200"}, "Book Value Per Share": {"2020-09-30": "8.76940", "2020-06-30": "8.00500", "2020-03-31": "7.34750", "2019-12-31": "7.77210", "2019-09-30": "7.59910", "2019-06-30": "7.44750", "2019-03-31": "6.80500", "2018-12-31": "6.64160", "2018-09-30": "7.04090", "2018-06-30": "6.52570", "2018-03-31": "6.88870", "2017-12-31": "6.87840", "2017-09-30": "6.68160", "2017-06-30": "6.64650", "2017-03-31": "6.21770", "2016-12-31": "5.87700", "2016-09-30": "5.94880", "2016-06-30": "5.59070", "2016-03-31": "8.19510", "2015-12-31": "7.90110", "2015-09-30": "7.65310", "2015-06-30": "7.87520", "2015-03-31": "2.87650", "2014-12-31": "3.01120", "2014-09-30": "2.75680", "2014-06-30": "2.50370", "2014-03-31": "2.20010", "2013-12-31": "1.98270", "2013-09-30": "1.90950", "2013-06-30": "1.70490", "2013-03-31": "1.41130", "2012-12-31": "1.29570", "2012-09-30": "1.73070", "2012-06-30": "2.24450", "2012-03-31": "2.01920", "2011-12-31": "1.87280", "2011-09-30": "1.77800", "2011-06-30": "1.78730", "2011-03-31": "1.60940", "2010-12-31": "1.55170", "2010-09-30": "1.43400", "2010-06-30": "1.28260", "2010-03-31": "1.19410", "2009-12-31": "1.10590", "2009-09-30": "1.04940", "2009-06-30": "1.01190", "2009-03-31": "0.89310", "2008-12-31": "0.80510", "2008-09-30": "0.92710", "2008-06-30": "0.82640", "2008-03-31": "0.80560", "2007-12-31": "0.77900", "2007-09-30": "0.66610", "2007-06-30": "0.55130", "2007-03-31": "0.44480", "2006-12-31": "0.41650", "2006-09-30": "0.37190", "2006-06-30": "1.45410", "2006-03-31": "0.27960", "2005-12-31": "0.23560", "2005-09-30": "0.19790", "2005-06-30": "0.15880", "2005-03-31": "0.12870"}, "Operating Cash Flow Per Share": {"2020-09-30": 0.9509, "2020-06-30": 0.4756, "2020-03-31": "0.35360", "2019-12-31": 0.5405, "2019-09-30": 0.6675, "2019-06-30": 0.6045, "2019-03-31": "0.22510", "2018-12-31": 0.5923, "2018-09-30": 0.5817, "2018-06-30": 0.6257, "2018-03-31": "0.25940", "2017-12-31": 0.3454, "2017-09-30": 0.4435, "2017-06-30": 0.591, "2017-03-31": "0.33150", "2016-12-31": 0.448, "2016-09-30": 0.3187, "2016-06-30": 0.2261, "2016-03-31": "0.17650", "2015-12-31": 0.3413, "2015-09-30": 0.268, "2015-06-30": 0.098, "2015-03-31": "0.19740", "2014-12-31": 0.3641, "2014-09-30": 0.2824, "2014-06-30": 0.2345, "2014-03-31": "0.26170", "2013-12-31": 0.129, "2013-09-30": 0.3368, "2013-06-30": 0.1031, "2013-03-31": "0.08870", "2012-12-31": 0.1286, "2012-09-30": 0.1982, "2012-06-30": 0.1308, "2012-03-31": "0.06620", "2011-12-31": 0.18, "2011-09-30": 0.1954, "2011-06-30": 0.1787, "2011-03-31": "0.04200", "2010-12-31": 0.1038, "2010-09-30": 0.0794, "2010-06-30": 0.1054, "2010-03-31": "0.12180", "2009-12-31": 0.0583, "2009-09-30": 0.1626, "2009-06-30": 0.0607, "2009-03-31": "-0.00650", "2008-12-31": 0.1066, "2008-09-30": 0.1099, "2008-06-30": 0.0808, "2008-03-31": "0.04360", "2007-12-31": 0.0765, "2007-09-30": 0.0636, "2007-06-30": 0.0068, "2007-03-31": "0.08140", "2006-12-31": 0.0203, "2006-09-30": 0.0673, "2006-06-30": 0.0022, "2006-03-31": "0.03940", "2005-12-31": 0.0426, "2005-09-30": 0.0292, "2005-06-30": 0.0054, "2005-03-31": "0.01660"}, "Free Cash Flow Per Share": {"2020-09-30": 0.9273, "2020-06-30": 0.4421, "2020-03-31": "0.33340", "2019-12-31": 0.4362, "2019-09-30": 0.6258, "2019-06-30": 0.582, "2019-03-31": "0.20990", "2018-12-31": 0.5721, "2018-09-30": 0.5545, "2018-06-30": 0.5878, "2018-03-31": "0.24260", "2017-12-31": 0.3189, "2017-09-30": 0.3967, "2017-06-30": 0.5542, "2017-03-31": "0.29950", "2016-12-31": 0.43, "2016-09-30": 0.1716, "2016-06-30": -0.9091, "2016-03-31": "0.16390", "2015-12-31": 0.3216, "2015-09-30": 0.2564, "2015-06-30": 0.0781, "2015-03-31": "0.18860", "2014-12-31": 0.348, "2014-09-30": 0.2752, "2014-06-30": 0.2247, "2014-03-31": "0.24320", "2013-12-31": 0.1136, "2013-09-30": 0.3177, "2013-06-30": 0.0934, "2013-03-31": "0.07180", "2012-12-31": 0.0972, "2012-09-30": 0.1871, "2012-06-30": 0.1215, "2012-03-31": "0.04030", "2011-12-31": 0.1702, "2011-09-30": 0.1819, "2011-06-30": 0.1685, "2011-03-31": "0.03080", "2010-12-31": 0.0957, "2010-09-30": 0.073, "2010-06-30": 0.1001, "2010-03-31": "0.11930", "2009-12-31": 0.0472, "2009-09-30": 0.152, "2009-06-30": 0.0482, "2009-03-31": "-0.01230", "2008-12-31": 0.1027, "2008-09-30": 0.1059, "2008-06-30": 0.0789, "2008-03-31": "0.04220", "2007-12-31": 0.0746, "2007-09-30": 0.0613, "2007-06-30": 0.0048, "2007-03-31": "0.08110", "2006-12-31": 0.0201, "2006-09-30": 0.0666, "2006-06-30": -0.0001, "2006-03-31": "0.03850", "2005-12-31": 0.0422, "2005-09-30": 0.0284, "2005-06-30": 0.0048, "2005-03-31": "0.01610"}}, "revenue": {"Monster Beverage Annual Revenue (Millions of US $)": {"2019": "$4,201", "2018": "$3,807", "2017": "$3,369", "2016": "$3,049", "2015": "$2,723", "2014": "$2,465", "2013": "$2,246", "2012": "$2,061", "2011": "$1,703", "2010": "$1,304", "2009": "$1,143", "2008": "$1,034", "2007": "$904", "2006": "$606", "2005": "$349"}, "Monster Beverage Quarterly Revenue (Millions of US $)": {"2020-09-30": "$1,246", "2020-06-30": "$1,094", "2020-03-31": "$1,062", "2019-12-31": "$1,017", "2019-09-30": "$1,134", "2019-06-30": "$1,104", "2019-03-31": "$946", "2018-12-31": "$924", "2018-09-30": "$1,016", "2018-06-30": "$1,016", "2018-03-31": "$851", "2017-12-31": "$810", "2017-09-30": "$909", "2017-06-30": "$907", "2017-03-31": "$742", "2016-12-31": "$754", "2016-09-30": "$788", "2016-06-30": "$827", "2016-03-31": "$680", "2015-12-31": "$645", "2015-09-30": "$757", "2015-06-30": "$694", "2015-03-31": "$627", "2014-12-31": "$606", "2014-09-30": "$636", "2014-06-30": "$687", "2014-03-31": "$536", "2013-12-31": "$541", "2013-09-30": "$590", "2013-06-30": "$631", "2013-03-31": "$484", "2012-12-31": "$472", "2012-09-30": "$542", "2012-06-30": "$593", "2012-03-31": "$455", "2011-12-31": "$410", "2011-09-30": "$475", "2011-06-30": "$462", "2011-03-31": "$356", "2010-12-31": "$319", "2010-09-30": "$381", "2010-06-30": "$366", "2010-03-31": "$238", "2009-12-31": "$291", "2009-09-30": "$308", "2009-06-30": "$300", "2009-03-31": "$244", "2008-12-31": "$254", "2008-09-30": "$285", "2008-06-30": "$282", "2008-03-31": "$212", "2007-12-31": "$247", "2007-09-30": "$247", "2007-06-30": "$245", "2007-03-31": "$166", "2006-12-31": "$151", "2006-09-30": "$179", "2006-06-30": "$156", "2006-03-31": "$120", "2005-12-31": "$98", "2005-09-30": "$105", "2005-06-30": "$85", "2005-03-31": "$60"}}, "gross-profit": {"Monster Beverage Annual Gross Profit (Millions of US $)": {"2019": "$2,519", "2018": "$2,295", "2017": "$2,138", "2016": "$1,942", "2015": "$1,632", "2014": "$1,340", "2013": "$1,173", "2012": "$1,066", "2011": "$894", "2010": "$680", "2009": "$612", "2008": "$539", "2007": "$468", "2006": "$317", "2005": "$183"}, "Monster Beverage Quarterly Gross Profit (Millions of US $)": {"2020-09-30": "$737", "2020-06-30": "$659", "2020-03-31": "$637", "2019-12-31": "$611", "2019-09-30": "$673", "2019-06-30": "$661", "2019-03-31": "$574", "2018-12-31": "$552", "2018-09-30": "$608", "2018-06-30": "$620", "2018-03-31": "$515", "2017-12-31": "$504", "2017-09-30": "$570", "2017-06-30": "$583", "2017-03-31": "$481", "2016-12-31": "$498", "2016-09-30": "$503", "2016-06-30": "$518", "2016-03-31": "$423", "2015-12-31": "$403", "2015-09-30": "$465", "2015-06-30": "$395", "2015-03-31": "$369", "2014-12-31": "$332", "2014-09-30": "$342", "2014-06-30": "$379", "2014-03-31": "$287", "2013-12-31": "$277", "2013-09-30": "$307", "2013-06-30": "$336", "2013-03-31": "$252", "2012-12-31": "$244", "2012-09-30": "$274", "2012-06-30": "$307", "2012-03-31": "$241", "2011-12-31": "$214", "2011-09-30": "$250", "2011-06-30": "$244", "2011-03-31": "$186", "2010-12-31": "$164", "2010-09-30": "$198", "2010-06-30": "$193", "2010-03-31": "$125", "2009-12-31": "$155", "2009-09-30": "$165", "2009-06-30": "$162", "2009-03-31": "$130", "2008-12-31": "$138", "2008-09-30": "$149", "2008-06-30": "$146", "2008-03-31": "$105", "2007-12-31": "$126", "2007-09-30": "$128", "2007-06-30": "$128", "2007-03-31": "$86", "2006-12-31": "$80", "2006-09-30": "$92", "2006-06-30": "$81", "2006-03-31": "$63", "2005-12-31": "$52", "2005-09-30": "$55", "2005-06-30": "$45", "2005-03-31": "$30"}}, "operating-income": {"Monster Beverage Annual Operating Income (Millions of US $)": {"2019": "$1,403", "2018": "$1,284", "2017": "$1,199", "2016": "$1,085", "2015": "$894", "2014": "$748", "2013": "$573", "2012": "$551", "2011": "$456", "2010": "$348", "2009": "$337", "2008": "$164", "2007": "$231", "2006": "$159", "2005": "$103"}, "Monster Beverage Quarterly Operating Income (Millions of US $)": {"2020-09-30": "$459", "2020-06-30": "$407", "2020-03-31": "$365", "2019-12-31": "$317", "2019-09-30": "$395", "2019-06-30": "$379", "2019-03-31": "$311", "2018-12-31": "$307", "2018-09-30": "$340", "2018-06-30": "$358", "2018-03-31": "$280", "2017-12-31": "$267", "2017-09-30": "$317", "2017-06-30": "$350", "2017-03-31": "$264", "2016-12-31": "$252", "2016-09-30": "$290", "2016-06-30": "$289", "2016-03-31": "$255", "2015-12-31": "$228", "2015-09-30": "$291", "2015-06-30": "$366", "2015-03-31": "$8", "2014-12-31": "$193", "2014-09-30": "$190", "2014-06-30": "$216", "2014-03-31": "$149", "2013-12-31": "$135", "2013-09-30": "$151", "2013-06-30": "$179", "2013-03-31": "$107", "2012-12-31": "$114", "2012-09-30": "$141", "2012-06-30": "$170", "2012-03-31": "$126", "2011-12-31": "$103", "2011-09-30": "$132", "2011-06-30": "$132", "2011-03-31": "$88", "2010-12-31": "$80", "2010-09-30": "$108", "2010-06-30": "$110", "2010-03-31": "$51", "2009-12-31": "$86", "2009-09-30": "$93", "2009-06-30": "$93", "2009-03-31": "$66", "2008-12-31": "$-39", "2008-09-30": "$82", "2008-06-30": "$78", "2008-03-31": "$43", "2007-12-31": "$64", "2007-09-30": "$73", "2007-06-30": "$61", "2007-03-31": "$32", "2006-12-31": "$36", "2006-09-30": "$42", "2006-06-30": "$46", "2006-03-31": "$35", "2005-12-31": "$30", "2005-09-30": "$34", "2005-06-30": "$25", "2005-03-31": "$15"}}, "ebitda": {"Monster Beverage Annual EBITDA (Millions of US $)": {"2019": "$1,468", "2018": "$1,341", "2017": "$1,248", "2016": "$1,126", "2015": "$925", "2014": "$773", "2013": "$596", "2012": "$571", "2011": "$474", "2010": "$360", "2009": "$343", "2008": "$167", "2007": "$233", "2006": "$160", "2005": "$105"}, "Monster Beverage Quarterly EBITDA (Millions of US $)": {"2020-09-30": "$472", "2020-06-30": "$423", "2020-03-31": "$382", "2019-12-31": "$334", "2019-09-30": "$411", "2019-06-30": "$397", "2019-03-31": "$326", "2018-12-31": "$321", "2018-09-30": "$354", "2018-06-30": "$372", "2018-03-31": "$294", "2017-12-31": "$281", "2017-09-30": "$330", "2017-06-30": "$362", "2017-03-31": "$275", "2016-12-31": "$263", "2016-09-30": "$301", "2016-06-30": "$299", "2016-03-31": "$264", "2015-12-31": "$238", "2015-09-30": "$300", "2015-06-30": "$373", "2015-03-31": "$14", "2014-12-31": "$199", "2014-09-30": "$196", "2014-06-30": "$222", "2014-03-31": "$155", "2013-12-31": "$141", "2013-09-30": "$158", "2013-06-30": "$185", "2013-03-31": "$112", "2012-12-31": "$119", "2012-09-30": "$146", "2012-06-30": "$175", "2012-03-31": "$131", "2011-12-31": "$108", "2011-09-30": "$137", "2011-06-30": "$137", "2011-03-31": "$92", "2010-12-31": "$83", "2010-09-30": "$111", "2010-06-30": "$112", "2010-03-31": "$53", "2009-12-31": "$88", "2009-09-30": "$95", "2009-06-30": "$94", "2009-03-31": "$67", "2008-12-31": "$-38", "2008-09-30": "$83", "2008-06-30": "$79", "2008-03-31": "$44", "2007-12-31": "$65", "2007-09-30": "$74", "2007-06-30": "$62", "2007-03-31": "$32", "2006-12-31": "$36", "2006-09-30": "$43", "2006-06-30": "$46", "2006-03-31": "$35", "2005-12-31": "$30", "2005-09-30": "$34", "2005-06-30": "$26", "2005-03-31": "$15"}}, "net-income": {"Monster Beverage Annual Net Income (Millions of US $)": {"2019": "$1,108", "2018": "$993", "2017": "$821", "2016": "$713", "2015": "$547", "2014": "$483", "2013": "$339", "2012": "$340", "2011": "$286", "2010": "$212", "2009": "$209", "2008": "$108", "2007": "$149", "2006": "$98", "2005": "$63"}, "Monster Beverage Quarterly Net Income (Millions of US $)": {"2020-09-30": "$348", "2020-06-30": "$311", "2020-03-31": "$279", "2019-12-31": "$255", "2019-09-30": "$299", "2019-06-30": "$292", "2019-03-31": "$261", "2018-12-31": "$239", "2018-09-30": "$268", "2018-06-30": "$270", "2018-03-31": "$216", "2017-12-31": "$201", "2017-09-30": "$219", "2017-06-30": "$223", "2017-03-31": "$178", "2016-12-31": "$173", "2016-09-30": "$192", "2016-06-30": "$184", "2016-03-31": "$164", "2015-12-31": "$139", "2015-09-30": "$175", "2015-06-30": "$229", "2015-03-31": "$4", "2014-12-31": "$125", "2014-09-30": "$122", "2014-06-30": "$141", "2014-03-31": "$95", "2013-12-31": "$76", "2013-09-30": "$92", "2013-06-30": "$107", "2013-03-31": "$63", "2012-12-31": "$68", "2012-09-30": "$86", "2012-06-30": "$110", "2012-03-31": "$76", "2011-12-31": "$65", "2011-09-30": "$82", "2011-06-30": "$84", "2011-03-31": "$55", "2010-12-31": "$49", "2010-09-30": "$66", "2010-06-30": "$64", "2010-03-31": "$33", "2009-12-31": "$53", "2009-09-30": "$57", "2009-06-30": "$57", "2009-03-31": "$42", "2008-12-31": "$-23", "2008-09-30": "$52", "2008-06-30": "$50", "2008-03-31": "$29", "2007-12-31": "$45", "2007-09-30": "$46", "2007-06-30": "$38", "2007-03-31": "$20", "2006-12-31": "$22", "2006-09-30": "$26", "2006-06-30": "$28", "2006-03-31": "$21", "2005-12-31": "$18", "2005-09-30": "$20", "2005-06-30": "$15", "2005-03-31": "$9"}}, "eps-earnings-per-share-diluted": {"Monster Beverage Annual EPS": {"2019": "$2.03", "2018": "$1.76", "2017": "$1.42", "2016": "$1.19", "2015": "$0.95", "2014": "$0.92", "2013": "$0.65", "2012": "$0.62", "2011": "$0.51", "2010": "$0.38", "2009": "$0.37", "2008": "$0.19", "2007": "$0.25", "2006": "$0.17", "2005": "$0.11"}, "Monster Beverage Quarterly EPS": {"2020-09-30": "$0.65", "2020-06-30": "$0.59", "2020-03-31": "$0.52", "2019-12-31": "$0.47", "2019-09-30": "$0.55", "2019-06-30": "$0.53", "2019-03-31": "$0.48", "2018-12-31": "$0.42", "2018-09-30": "$0.48", "2018-06-30": "$0.48", "2018-03-31": "$0.38", "2017-12-31": "$0.34", "2017-09-30": "$0.38", "2017-06-30": "$0.39", "2017-03-31": "$0.31", "2016-12-31": "$0.30", "2016-09-30": "$0.33", "2016-06-30": "$0.30", "2016-03-31": "$0.26", "2015-12-31": "$0.24", "2015-09-30": "$0.28", "2015-06-30": "$0.42", "2015-03-31": "$0.01", "2014-12-31": "$0.23", "2014-09-30": "$0.23", "2014-06-30": "$0.27", "2014-03-31": "$0.18", "2013-12-31": "$0.14", "2013-09-30": "$0.18", "2013-06-30": "$0.21", "2013-03-31": "$0.12", "2012-12-31": "$0.13", "2012-09-30": "$0.16", "2012-06-30": "$0.20", "2012-03-31": "$0.14", "2011-12-31": "$0.12", "2011-09-30": "$0.15", "2011-06-30": "$0.15", "2011-03-31": "$0.10", "2010-12-31": "$0.09", "2010-09-30": "$0.12", "2010-06-30": "$0.12", "2010-03-31": "$0.06", "2009-12-31": "$0.09", "2009-09-30": "$0.10", "2009-06-30": "$0.10", "2009-03-31": "$0.07", "2008-12-31": "$-0.04", "2008-09-30": "$0.09", "2008-06-30": "$0.09", "2008-03-31": "$0.05", "2007-12-31": "$0.08", "2007-09-30": "$0.08", "2007-06-30": "$0.07", "2007-03-31": "$0.04", "2006-12-31": "$0.04", "2006-09-30": "$0.05", "2006-06-30": "$0.05", "2006-03-31": "$0.04", "2005-12-31": "$0.03", "2005-09-30": "$0.04", "2005-06-30": "$0.03", "2005-03-31": "$0.02"}}, "shares-outstanding": {"Monster Beverage Annual Shares Outstanding (Millions of Shares)": {"2019": "547", "2018": "564", "2017": "577", "2016": "600", "2015": "578", "2014": "523", "2013": "520", "2012": "549", "2011": "560", "2010": "558", "2009": "568", "2008": "585", "2007": "593", "2006": "592", "2005": "583"}, "Monster Beverage Quarterly Shares Outstanding (Millions of Shares)": {"2020-09-30": "533", "2020-06-30": "531", "2020-03-31": "541", "2019-12-31": "547", "2019-09-30": "548", "2019-06-30": "548", "2019-03-31": "548", "2018-12-31": "564", "2018-09-30": "560", "2018-06-30": "566", "2018-03-31": "574", "2017-12-31": "577", "2017-09-30": "578", "2017-06-30": "578", "2017-03-31": "582", "2016-12-31": "600", "2016-09-30": "583", "2016-06-30": "615", "2016-03-31": "621", "2015-12-31": "578", "2015-09-30": "624", "2015-06-30": "544", "2015-03-31": "521", "2014-12-31": "523", "2014-09-30": "523", "2014-06-30": "522", "2014-03-31": "521", "2013-12-31": "520", "2013-09-30": "522", "2013-06-30": "520", "2013-03-31": "518", "2012-12-31": "549", "2012-09-30": "552", "2012-06-30": "559", "2012-03-31": "556", "2011-12-31": "560", "2011-09-30": "560", "2011-06-30": "562", "2011-03-31": "562", "2010-12-31": "558", "2010-09-30": "557", "2010-06-30": "558", "2010-03-31": "558", "2009-12-31": "568", "2009-09-30": "568", "2009-06-30": "572", "2009-03-31": "572", "2008-12-31": "585", "2008-09-30": "581", "2008-06-30": "588", "2008-03-31": "594", "2007-12-31": "593", "2007-09-30": "593", "2007-06-30": "591", "2007-03-31": "590", "2006-12-31": "592", "2006-09-30": "593", "2006-06-30": "596", "2006-03-31": "604", "2005-12-31": "583", "2005-09-30": "584", "2005-06-30": "585", "2005-03-31": "579"}}, "total-assets": {"Monster Beverage Annual Total Assets (Millions of US $)": {"2019": "$5,150", "2018": "$4,527", "2017": "$4,791", "2016": "$4,153", "2015": "$5,571", "2014": "$1,939", "2013": "$1,421", "2012": "$1,043", "2011": "$1,362", "2010": "$1,147", "2009": "$800", "2008": "$762", "2007": "$545", "2006": "$308", "2005": "$164"}, "Monster Beverage Quarterly Total Assets (Millions of US $)": {"2020-09-30": "$5,698", "2020-06-30": "$5,194", "2020-03-31": "$4,881", "2019-12-31": "$5,150", "2019-09-30": "$5,137", "2019-06-30": "$5,084", "2019-03-31": "$4,656", "2018-12-31": "$4,527", "2018-09-30": "$4,871", "2018-06-30": "$4,542", "2018-03-31": "$4,740", "2017-12-31": "$4,791", "2017-09-30": "$4,709", "2017-06-30": "$4,684", "2017-03-31": "$4,350", "2016-12-31": "$4,153", "2016-09-30": "$4,236", "2016-06-30": "$4,038", "2016-03-31": "$5,883", "2015-12-31": "$5,571", "2015-09-30": "$5,604", "2015-06-30": "$5,792", "2015-03-31": "$2,085", "2014-12-31": "$1,939", "2014-09-30": "$1,863", "2014-06-30": "$1,769", "2014-03-31": "$1,594", "2013-12-31": "$1,421", "2013-09-30": "$1,512", "2013-06-30": "$1,318", "2013-03-31": "$1,147", "2012-12-31": "$1,043", "2012-09-30": "$1,319", "2012-06-30": "$1,602", "2012-03-31": "$1,471", "2011-12-31": "$1,362", "2011-09-30": "$1,218", "2011-06-30": "$1,234", "2011-03-31": "$1,132", "2010-12-31": "$1,147", "2010-09-30": "$1,027", "2010-06-30": "$965", "2010-03-31": "$901", "2009-12-31": "$800", "2009-09-30": "$801", "2009-06-30": "$786", "2009-03-31": "$733", "2008-12-31": "$762", "2008-09-30": "$640", "2008-06-30": "$600", "2008-03-31": "$584", "2007-12-31": "$545", "2007-09-30": "$508", "2007-06-30": "$454", "2007-03-31": "$368", "2006-12-31": "$308", "2006-09-30": "$311", "2006-06-30": "$266", "2006-03-31": "$204", "2005-12-31": "$164", "2005-09-30": "$145", "2005-06-30": "$121", "2005-03-31": "$100"}}, "cash-on-hand": {"Monster Beverage Annual Cash on Hand (Millions of US $)": {"2019": "$1,331", "2018": "$958", "2017": "$1,202", "2016": "$598", "2015": "$2,920", "2014": "$1,151", "2013": "$614", "2012": "$320", "2011": "$771", "2010": "$599", "2009": "$347", "2008": "$286", "2007": "$76", "2006": "$137", "2005": "$74"}, "Monster Beverage Quarterly Cash on Hand (Millions of US $)": {"2020-09-30": "$1,674", "2020-06-30": "$1,172", "2020-03-31": "$935", "2019-12-31": "$1,331", "2019-09-30": "$1,305", "2019-06-30": "$1,246", "2019-03-31": "$882", "2018-12-31": "$958", "2018-09-30": "$1,172", "2018-06-30": "$871", "2018-03-31": "$1,097", "2017-12-31": "$1,202", "2017-09-30": "$1,096", "2017-06-30": "$1,102", "2017-03-31": "$786", "2016-12-31": "$598", "2016-09-30": "$599", "2016-06-30": "$479", "2016-03-31": "$3,036", "2015-12-31": "$2,920", "2015-09-30": "$2,785", "2015-06-30": "$2,931", "2015-03-31": "$1,010", "2014-12-31": "$1,151", "2014-09-30": "$996", "2014-06-30": "$827", "2014-03-31": "$751", "2013-12-31": "$614", "2013-09-30": "$603", "2013-06-30": "$432", "2013-03-31": "$345", "2012-12-31": "$320", "2012-09-30": "$591", "2012-06-30": "$870", "2012-03-31": "$811", "2011-12-31": "$771", "2011-09-30": "$699", "2011-06-30": "$699", "2011-03-31": "$594", "2010-12-31": "$599", "2010-09-30": "$534", "2010-06-30": "$472", "2010-03-31": "$437", "2009-12-31": "$347", "2009-09-30": "$348", "2009-06-30": "$314", "2009-03-31": "$284", "2008-12-31": "$286", "2008-09-30": "$271", "2008-06-30": "$205", "2008-03-31": "$159", "2007-12-31": "$76", "2007-09-30": "$255", "2007-06-30": "$198", "2007-03-31": "$183", "2006-12-31": "$137", "2006-09-30": "$127", "2006-06-30": "$115", "2006-03-31": "$98", "2005-12-31": "$74", "2005-09-30": "$50", "2005-06-30": "$33", "2005-03-31": "$31"}}, "long-term-debt": {"Monster Beverage Annual Long Term Debt (Millions of US $)": {"2019": "$", "2018": "$", "2017": "$", "2016": "$", "2015": "$", "2014": "$", "2013": "$", "2012": "$", "2011": "$", "2010": "$", "2009": "$", "2008": "$", "2007": "$", "2006": "$0", "2005": "$0"}, "Monster Beverage Quarterly Long Term Debt (Millions of US $)": {"2020-09-30": "", "2020-06-30": "", "2020-03-31": "", "2019-12-31": "", "2019-09-30": "", "2019-06-30": "", "2019-03-31": "", "2018-12-31": "", "2018-09-30": "", "2018-06-30": "", "2018-03-31": "", "2017-12-31": "", "2017-09-30": "", "2017-06-30": "", "2017-03-31": "", "2016-12-31": "", "2016-09-30": "", "2016-06-30": "", "2016-03-31": "", "2015-12-31": "", "2015-09-30": "", "2015-06-30": "", "2015-03-31": "", "2014-12-31": "", "2014-09-30": "", "2014-06-30": "", "2014-03-31": "", "2013-12-31": "", "2013-09-30": "", "2013-06-30": "", "2013-03-31": "", "2012-12-31": "", "2012-09-30": "", "2012-06-30": "", "2012-03-31": "", "2011-12-31": "", "2011-09-30": "", "2011-06-30": "", "2011-03-31": "", "2010-12-31": "", "2010-09-30": "", "2010-06-30": "", "2010-03-31": "", "2009-12-31": "", "2009-09-30": "", "2009-06-30": "", "2009-03-31": "", "2008-12-31": "", "2008-09-30": "", "2008-06-30": "", "2008-03-31": "", "2007-12-31": "", "2007-09-30": "", "2007-06-30": "", "2007-03-31": "$0", "2006-12-31": "$0", "2006-09-30": "$0", "2006-06-30": "$0", "2006-03-31": "$0", "2005-12-31": "$0", "2005-09-30": "$0", "2005-06-30": "$0", "2005-03-31": "$0"}}, "total-liabilities": {"Monster Beverage Annual Total Liabilities (Millions of US $)": {"2019": "$979", "2018": "$916", "2017": "$896", "2016": "$824", "2015": "$762", "2014": "$424", "2013": "$428", "2012": "$399", "2011": "$383", "2010": "$319", "2009": "$215", "2008": "$326", "2007": "$122", "2006": "$83", "2005": "$38"}, "Monster Beverage Quarterly Total Liabilities (Millions of US $)": {"2020-09-30": "$1,068", "2020-06-30": "$972", "2020-03-31": "$1,011", "2019-12-31": "$979", "2019-09-30": "$1,029", "2019-06-30": "$1,027", "2019-03-31": "$957", "2018-12-31": "$916", "2018-09-30": "$978", "2018-06-30": "$937", "2018-03-31": "$865", "2017-12-31": "$896", "2017-09-30": "$941", "2017-06-30": "$908", "2017-03-31": "$820", "2016-12-31": "$824", "2016-09-30": "$838", "2016-06-30": "$846", "2016-03-31": "$892", "2015-12-31": "$762", "2015-09-30": "$949", "2015-06-30": "$937", "2015-03-31": "$617", "2014-12-31": "$424", "2014-09-30": "$476", "2014-06-30": "$513", "2014-03-31": "$491", "2013-12-31": "$428", "2013-09-30": "$551", "2013-06-30": "$462", "2013-03-31": "$446", "2012-12-31": "$399", "2012-09-30": "$429", "2012-06-30": "$414", "2012-03-31": "$403", "2011-12-31": "$383", "2011-09-30": "$286", "2011-06-30": "$283", "2011-03-31": "$278", "2010-12-31": "$319", "2010-09-30": "$265", "2010-06-30": "$286", "2010-03-31": "$265", "2009-12-31": "$215", "2009-09-30": "$240", "2009-06-30": "$236", "2009-03-31": "$247", "2008-12-31": "$326", "2008-09-30": "$126", "2008-06-30": "$143", "2008-03-31": "$132", "2007-12-31": "$122", "2007-09-30": "$138", "2007-06-30": "$154", "2007-03-31": "$121", "2006-12-31": "$83", "2006-09-30": "$110", "2006-06-30": "$68", "2006-03-31": "$54", "2005-12-31": "$38", "2005-09-30": "$40", "2005-06-30": "$37", "2005-03-31": "$32"}}, "total-share-holder-equity": {"Monster Beverage Annual Share Holder Equity (Millions of US $)": {"2019": "$4,171", "2018": "$3,611", "2017": "$3,895", "2016": "$3,330", "2015": "$4,809", "2014": "$1,515", "2013": "$992", "2012": "$644", "2011": "$979", "2010": "$828", "2009": "$585", "2008": "$436", "2007": "$422", "2006": "$225", "2005": "$126"}, "Monster Beverage Quarterly Share Holder Equity (Millions of US $)": {"2020-09-30": "$4,629", "2020-06-30": "$4,222", "2020-03-31": "$3,871", "2019-12-31": "$4,171", "2019-09-30": "$4,108", "2019-06-30": "$4,058", "2019-03-31": "$3,699", "2018-12-31": "$3,611", "2018-09-30": "$3,893", "2018-06-30": "$3,605", "2018-03-31": "$3,876", "2017-12-31": "$3,895", "2017-09-30": "$3,768", "2017-06-30": "$3,776", "2017-03-31": "$3,530", "2016-12-31": "$3,330", "2016-09-30": "$3,398", "2016-06-30": "$3,192", "2016-03-31": "$4,992", "2015-12-31": "$4,809", "2015-09-30": "$4,655", "2015-06-30": "$4,855", "2015-03-31": "$1,468", "2014-12-31": "$1,515", "2014-09-30": "$1,386", "2014-06-30": "$1,256", "2014-03-31": "$1,103", "2013-12-31": "$992", "2013-09-30": "$960", "2013-06-30": "$856", "2013-03-31": "$701", "2012-12-31": "$644", "2012-09-30": "$890", "2012-06-30": "$1,188", "2012-03-31": "$1,067", "2011-12-31": "$979", "2011-09-30": "$933", "2011-06-30": "$950", "2011-03-31": "$854", "2010-12-31": "$828", "2010-09-30": "$762", "2010-06-30": "$678", "2010-03-31": "$636", "2009-12-31": "$585", "2009-09-30": "$561", "2009-06-30": "$550", "2009-03-31": "$485", "2008-12-31": "$436", "2008-09-30": "$514", "2008-06-30": "$457", "2008-03-31": "$452", "2007-12-31": "$422", "2007-09-30": "$370", "2007-06-30": "$301", "2007-03-31": "$247", "2006-12-31": "$225", "2006-09-30": "$201", "2006-06-30": "$198", "2006-03-31": "$150", "2005-12-31": "$126", "2005-09-30": "$105", "2005-06-30": "$84", "2005-03-31": "$68"}}, "profit-margins": {"current": "26.99%"}, "gross margin": {"2020-09-30": "59.83%", "2020-06-30": "59.90%", "2020-03-31": "59.81%", "2019-12-31": "59.96%", "2019-09-30": "59.88%", "2019-06-30": "60.03%", "2019-03-31": "60.33%", "2018-12-31": "60.28%", "2018-09-30": "60.84%", "2018-06-30": "61.60%", "2018-03-31": "62.47%", "2017-12-31": "63.48%", "2017-09-30": "64.37%", "2017-06-30": "64.71%", "2017-03-31": "64.29%", "2016-12-31": "63.69%", "2016-09-30": "62.82%", "2016-06-30": "62.19%", "2016-03-31": "60.73%", "2015-12-31": "59.93%", "2015-09-30": "58.16%", "2015-06-30": "56.11%", "2015-03-31": "55.63%", "2014-12-31": "54.36%", "2014-09-30": "53.54%", "2014-06-30": "53.10%", "2014-03-31": "52.52%", "2013-12-31": "52.18%", "2013-09-30": "52.32%", "2013-06-30": "51.95%", "2013-03-31": "51.51%", "2012-12-31": "51.70%", "2012-09-30": "51.80%", "2012-06-30": "52.35%", "2012-03-31": "52.66%", "2011-12-31": "52.50%", "2011-09-30": "52.36%", "2011-06-30": "52.17%", "2011-03-31": "52.11%", "2010-12-31": "52.15%", "2010-09-30": "52.59%", "2010-06-30": "53.03%", "2010-03-31": "53.39%", "2009-12-31": "53.54%", "2009-09-30": "53.80%", "2009-06-30": "53.46%", "2009-03-31": "52.86%", "2008-12-31": "52.08%", "2008-09-30": "51.27%", "2008-06-30": "51.11%", "2008-03-31": "51.21%", "2007-12-31": "51.71%", "2007-09-30": "52.16%", "2007-06-30": "52.09%", "2007-03-31": "51.99%", "2006-12-31": "52.15%", "2006-09-30": "52.08%", "2006-06-30": "52.40%", "2006-03-31": "52.70%", "2005-12-31": "52.30%"}, "operating margin": {"2020-09-30": "35.03%", "2020-06-30": "34.46%", "2020-03-31": "33.73%", "2019-12-31": "33.37%", "2019-09-30": "33.89%", "2019-06-30": "33.51%", "2019-03-31": "33.73%", "2018-12-31": "33.75%", "2018-09-30": "33.71%", "2018-06-30": "34.08%", "2018-03-31": "34.92%", "2017-12-31": "35.57%", "2017-09-30": "35.72%", "2017-06-30": "36.23%", "2017-03-31": "35.20%", "2016-12-31": "35.62%", "2016-09-30": "36.12%", "2016-06-30": "36.54%", "2016-03-31": "41.07%", "2015-12-31": "32.79%", "2015-09-30": "31.97%", "2015-06-30": "29.54%", "2015-03-31": "23.75%", "2014-12-31": "30.34%", "2014-09-30": "28.75%", "2014-06-30": "27.66%", "2014-03-31": "26.72%", "2013-12-31": "25.47%", "2013-09-30": "25.31%", "2013-06-30": "25.41%", "2013-03-31": "25.44%", "2012-12-31": "26.72%", "2012-09-30": "27.00%", "2012-06-30": "27.47%", "2012-03-31": "27.36%", "2011-12-31": "26.72%", "2011-09-30": "26.80%", "2011-06-30": "26.88%", "2011-03-31": "27.14%", "2010-12-31": "26.76%", "2010-09-30": "27.82%", "2010-06-30": "28.26%", "2010-03-31": "28.41%", "2009-12-31": "29.57%", "2009-09-30": "19.26%", "2009-06-30": "18.65%", "2009-03-31": "17.56%", "2008-12-31": "15.88%", "2008-09-30": "26.02%", "2008-06-30": "26.11%", "2008-03-31": "25.34%", "2007-12-31": "25.41%", "2007-09-30": "24.97%", "2007-06-30": "23.08%", "2007-03-31": "23.93%", "2006-12-31": "26.24%", "2006-09-30": "27.67%", "2006-06-30": "30.27%", "2006-03-31": "30.39%", "2005-12-31": "29.89%"}, "ebitda margin": {"2020-09-30": "36.46%", "2020-06-30": "35.99%", "2020-03-31": "35.30%", "2019-12-31": "34.94%", "2019-09-30": "35.42%", "2019-06-30": "35.04%", "2019-03-31": "35.19%", "2018-12-31": "35.22%", "2018-09-30": "35.23%", "2018-06-30": "35.61%", "2018-03-31": "36.44%", "2017-12-31": "37.05%", "2017-09-30": "37.14%", "2017-06-30": "37.64%", "2017-03-31": "36.58%", "2016-12-31": "36.96%", "2016-09-30": "37.48%", "2016-06-30": "37.85%", "2016-03-31": "42.33%", "2015-12-31": "33.97%", "2015-09-30": "33.01%", "2015-06-30": "30.51%", "2015-03-31": "24.69%", "2014-12-31": "31.32%", "2014-09-30": "29.75%", "2014-06-30": "28.72%", "2014-03-31": "27.81%", "2013-12-31": "26.54%", "2013-09-30": "26.37%", "2013-06-30": "26.40%", "2013-03-31": "26.40%", "2012-12-31": "27.69%", "2012-09-30": "28.00%", "2012-06-30": "28.50%", "2012-03-31": "28.47%", "2011-12-31": "27.83%", "2011-09-30": "27.85%", "2011-06-30": "27.87%", "2011-03-31": "27.99%", "2010-12-31": "27.53%", "2010-09-30": "28.53%", "2010-06-30": "28.93%", "2010-03-31": "29.02%", "2009-12-31": "30.10%", "2009-09-30": "19.71%", "2009-06-30": "19.02%", "2009-03-31": "17.93%", "2008-12-31": "16.26%", "2008-09-30": "26.41%", "2008-06-30": "26.52%", "2008-03-31": "25.76%", "2007-12-31": "25.75%", "2007-09-30": "25.22%", "2007-06-30": "23.35%", "2007-03-31": "24.08%", "2006-12-31": "26.40%", "2006-09-30": "27.85%", "2006-06-30": "30.27%", "2006-03-31": "30.64%", "2005-12-31": "30.17%"}, "pre tax profit margin": {"2020-09-30": "34.99%", "2020-06-30": "34.62%", "2020-03-31": "34.01%", "2019-12-31": "33.71%", "2019-09-30": "34.23%", "2019-06-30": "33.83%", "2019-03-31": "33.98%", "2018-12-31": "33.99%", "2018-09-30": "33.87%", "2018-06-30": "34.27%", "2018-03-31": "35.03%", "2017-12-31": "35.66%", "2017-09-30": "35.63%", "2017-06-30": "35.98%", "2017-03-31": "35.00%", "2016-12-31": "35.39%", "2016-09-30": "36.09%", "2016-06-30": "36.44%", "2016-03-31": "40.96%", "2015-12-31": "32.72%", "2015-09-30": "31.82%", "2015-06-30": "29.46%", "2015-03-31": "23.71%", "2014-12-31": "30.26%", "2014-09-30": "28.58%", "2014-06-30": "27.53%", "2014-03-31": "26.46%", "2013-12-31": "25.11%", "2013-09-30": "24.99%", "2013-06-30": "25.08%", "2013-03-31": "25.25%", "2012-12-31": "26.67%", "2012-09-30": "27.15%", "2012-06-30": "27.57%", "2012-03-31": "27.52%", "2011-12-31": "26.89%", "2011-09-30": "26.86%", "2011-06-30": "26.94%", "2011-03-31": "27.14%", "2010-12-31": "26.76%", "2010-09-30": "27.90%", "2010-06-30": "28.43%", "2010-03-31": "28.58%", "2009-12-31": "29.40%", "2009-09-30": "19.08%", "2009-06-30": "18.65%", "2009-03-31": "17.84%", "2008-12-31": "16.75%", "2008-09-30": "27.19%", "2008-06-30": "27.43%", "2008-03-31": "26.60%", "2007-12-31": "26.52%", "2007-09-30": "25.83%", "2007-06-30": "23.75%", "2007-03-31": "24.54%", "2006-12-31": "26.90%", "2006-09-30": "28.21%", "2006-06-30": "30.69%", "2006-03-31": "30.88%", "2005-12-31": "30.17%"}, "net profit margin": {"2020-09-30": "27.00%", "2020-06-30": "26.56%", "2020-03-31": "26.06%", "2019-12-31": "26.35%", "2019-09-30": "26.56%", "2019-06-30": "26.57%", "2019-03-31": "26.60%", "2018-12-31": "26.08%", "2018-09-30": "25.86%", "2018-06-30": "25.26%", "2018-03-31": "24.71%", "2017-12-31": "24.38%", "2017-09-30": "23.94%", "2017-06-30": "24.01%", "2017-03-31": "23.37%", "2016-12-31": "23.38%", "2016-09-30": "23.10%", "2016-06-30": "22.76%", "2016-03-31": "25.47%", "2015-12-31": "20.09%", "2015-09-30": "19.86%", "2015-06-30": "18.73%", "2015-03-31": "15.34%", "2014-12-31": "19.59%", "2014-09-30": "18.08%", "2014-06-30": "17.16%", "2014-03-31": "16.10%", "2013-12-31": "15.05%", "2013-09-30": "15.16%", "2013-06-30": "15.22%", "2013-03-31": "15.64%", "2012-12-31": "16.49%", "2012-09-30": "16.85%", "2012-06-30": "17.23%", "2012-03-31": "17.04%", "2011-12-31": "16.79%", "2011-09-30": "16.75%", "2011-06-30": "16.73%", "2011-03-31": "16.46%", "2010-12-31": "16.26%", "2010-09-30": "16.93%", "2010-06-30": "17.21%", "2010-03-31": "17.59%", "2009-12-31": "18.29%", "2009-09-30": "12.03%", "2009-06-30": "11.82%", "2009-03-31": "11.36%", "2008-12-31": "10.45%", "2008-09-30": "17.15%", "2008-06-30": "17.21%", "2008-03-31": "16.61%", "2007-12-31": "16.46%", "2007-09-30": "15.57%", "2007-06-30": "14.30%", "2007-03-31": "14.72%", "2006-12-31": "16.01%", "2006-09-30": "16.82%", "2006-06-30": "18.16%", "2006-03-31": "18.14%", "2005-12-31": "17.82%"}, "pe ratio": {"current": "40.59", "2021-02-11": "40.33", "2020-09-30": "35.96", "2020-06-30": "32.54", "2020-03-31": "27.18", "2019-12-31": "31.31", "2019-09-30": "29.18", "2019-06-30": "33.24", "2019-03-31": "29.19", "2018-12-31": "27.81", "2018-09-30": "34.49", "2018-06-30": "36.04", "2018-03-31": "38.14", "2017-12-31": "44.26", "2017-09-30": "40.04", "2017-06-30": "37.35", "2017-03-31": "37.23", "2016-12-31": "37.16", "2016-09-30": "43.83", "2016-06-30": "50.23", "2016-03-31": "37.47", "2015-12-31": "53.20", "2015-09-30": "47.42", "2015-06-30": "49.46", "2015-03-31": "61.24", "2014-12-31": "38.98", "2014-09-30": "36.67", "2014-06-30": "30.48", "2014-03-31": "32.45", "2013-12-31": "34.57", "2013-09-30": "27.35", "2013-06-30": "32.88", "2013-03-31": "26.23", "2012-12-31": "28.40", "2012-09-30": "29.70", "2012-06-30": "39.77", "2012-03-31": "37.62", "2011-12-31": "30.01", "2011-09-30": "30.10", "2011-06-30": "29.55", "2011-03-31": "23.81", "2010-12-31": "22.83", "2010-09-30": "20.01", "2010-06-30": "17.70", "2010-03-31": "20.46", "2009-12-31": "17.38", "2009-09-30": "26.62", "2009-06-30": "23.38", "2009-03-31": "29.27", "2008-12-31": "31.05", "2008-09-30": "16.90", "2008-06-30": "16.85", "2008-03-31": "22.20", "2007-12-31": "29.33", "2007-09-30": "43.94", "2007-06-30": "39.08", "2007-03-31": "38.26", "2006-12-31": "34.02"}, "price sales": {"2021-02-11": "10.94", "2020-09-30": "9.75", "2020-06-30": "8.72", "2020-03-31": "7.12", "2019-12-31": "8.29", "2019-09-30": "7.80", "2019-06-30": "8.88", "2019-03-31": "7.83", "2018-12-31": "7.32", "2018-09-30": "8.97", "2018-06-30": "9.16", "2018-03-31": "9.49", "2017-12-31": "10.87", "2017-09-30": "9.74", "2017-06-30": "9.11", "2017-03-31": "8.83", "2016-12-31": "8.78", "2016-09-30": "9.97", "2016-06-30": "11.23", "2016-03-31": "9.46", "2015-12-31": "10.33", "2015-09-30": "9.29", "2015-06-30": "9.21", "2015-03-31": "9.43", "2014-12-31": "7.65", "2014-09-30": "6.64", "2014-06-30": "5.24", "2014-03-31": "5.25", "2013-12-31": "5.23", "2013-09-30": "4.21", "2013-06-30": "5.08", "2013-03-31": "4.15", "2012-12-31": "4.74", "2012-09-30": "5.02", "2012-06-30": "6.86", "2012-03-31": "6.43", "2011-12-31": "5.06", "2011-09-30": "5.06", "2011-06-30": "4.97", "2011-03-31": "3.94", "2010-12-31": "3.73", "2010-09-30": "3.41", "2010-06-30": "3.05", "2010-03-31": "3.60", "2009-12-31": "3.19", "2009-09-30": "3.17", "2009-06-30": "2.74", "2009-03-31": "3.28", "2008-12-31": "3.17", "2008-09-30": "2.89", "2008-06-30": "2.88", "2008-03-31": "3.67", "2007-12-31": "4.83", "2007-09-30": "6.91", "2007-06-30": "5.72", "2007-03-31": "5.74", "2006-12-31": "5.52"}, "price book": {"current": "10.32", "2021-02-11": "10.26", "2020-09-30": "9.15", "2020-06-30": "8.66", "2020-03-31": "7.66", "2019-12-31": "8.18", "2019-09-30": "7.64", "2019-06-30": "8.57", "2019-03-31": "8.02", "2018-12-31": "7.41", "2018-09-30": "8.28", "2018-06-30": "8.78", "2018-03-31": "8.30", "2017-12-31": "9.20", "2017-09-30": "8.27", "2017-06-30": "7.47", "2017-03-31": "7.43", "2016-12-31": "7.54", "2016-09-30": "8.23", "2016-06-30": "9.58", "2016-03-31": "5.43", "2015-12-31": "6.28", "2015-09-30": "5.89", "2015-06-30": "5.67", "2015-03-31": "16.04", "2014-12-31": "11.99", "2014-09-30": "11.08", "2014-06-30": "9.46", "2014-03-31": "10.52", "2013-12-31": "11.39", "2013-09-30": "9.12", "2013-06-30": "11.89", "2013-03-31": "11.28", "2012-12-31": "13.59", "2012-09-30": "10.41", "2012-06-30": "10.57", "2012-03-31": "10.25", "2011-12-31": "8.20", "2011-09-30": "8.18", "2011-06-30": "7.55", "2011-03-31": "6.24", "2010-12-31": "5.62", "2010-09-30": "5.42", "2010-06-30": "5.08", "2010-03-31": "6.05", "2009-12-31": "5.79", "2009-09-30": "5.84", "2009-06-30": "5.08", "2009-03-31": "6.72", "2008-12-31": "6.94", "2008-09-30": "5.44", "2008-06-30": "5.81", "2008-03-31": "7.30", "2007-12-31": "9.48", "2007-09-30": "14.18", "2007-06-30": "12.99", "2007-03-31": "14.19", "2006-12-31": "13.48", "2006-09-30": "14.56", "2006-06-30": "5.45", "2006-03-31": "18.78"}, "price fcf": {"2021-02-11": "", "2020-09-30": "$2.14", "2020-06-30": "$1.84", "2020-03-31": "$1.98", "2019-12-31": "$1.85", "2019-09-30": "$1.99", "2019-06-30": "$1.92", "2019-03-31": "$1.92", "2018-12-31": "$1.96", "2018-09-30": "$1.70", "2018-06-30": "$1.55", "2018-03-31": "$1.51", "2017-12-31": "$1.57", "2017-09-30": "$1.68", "2017-06-30": "$1.46", "2017-03-31": "$-0.01", "2016-12-31": "$-0.14", "2016-09-30": "$-0.25", "2016-06-30": "$-0.17", "2016-03-31": "$0.82", "2015-12-31": "$0.84", "2015-09-30": "$0.87", "2015-06-30": "$0.89", "2015-03-31": "$1.04", "2014-12-31": "$1.09", "2014-09-30": "$0.86", "2014-06-30": "$0.90", "2014-03-31": "$0.77", "2013-12-31": "$0.60", "2013-09-30": "$0.58", "2013-06-30": "$0.45", "2013-03-31": "$0.48", "2012-12-31": "$0.45", "2012-09-30": "$0.52", "2012-06-30": "$0.51", "2012-03-31": "$0.56", "2011-12-31": "$0.55", "2011-09-30": "$0.48", "2011-06-30": "$0.37", "2011-03-31": "$0.30", "2010-12-31": "$0.39", "2010-09-30": "$0.34", "2010-06-30": "$0.42", "2010-03-31": "$0.37", "2009-12-31": "$0.24", "2009-09-30": "$0.29", "2009-06-30": "$0.24", "2009-03-31": "$0.28", "2008-12-31": "$0.33", "2008-09-30": "$0.30", "2008-06-30": "$0.26", "2008-03-31": "$0.18", "2007-12-31": "$0.22", "2007-09-30": "$0.17", "2007-06-30": "$0.17", "2007-03-31": "$0.17", "2006-12-31": "$0.13"}, "net worth": {"value": "$47.78B"}, "current ratio": {"current": "3.65", "2020-09-30": "3.65", "2020-06-30": "3.51", "2020-03-31": "2.92", "2019-12-31": "3.50", "2019-09-30": "3.31", "2019-06-30": "3.30", "2019-03-31": "3.02", "2018-12-31": "3.00", "2018-09-30": "3.28", "2018-06-30": "2.98", "2018-03-31": "3.82", "2017-12-31": "3.72", "2017-09-30": "3.24", "2017-06-30": "3.35", "2017-03-31": "3.44", "2016-12-31": "3.04", "2016-09-30": "3.28", "2016-06-30": "2.60", "2016-03-31": "7.02", "2015-12-31": "8.77", "2015-09-30": "7.43", "2015-06-30": "7.97", "2015-03-31": "3.35", "2014-12-31": "4.65", "2014-09-30": "4.36", "2014-06-30": "3.67", "2014-03-31": "3.56", "2013-12-31": "3.74", "2013-09-30": "2.92", "2013-06-30": "3.16", "2013-03-31": "2.84", "2012-12-31": "2.89", "2012-09-30": "3.56", "2012-06-30": "4.72", "2012-03-31": "4.46", "2011-12-31": "4.45", "2011-09-30": "6.26", "2011-06-30": "6.51", "2011-03-31": "6.16", "2010-12-31": "4.97", "2010-09-30": "6.03", "2010-06-30": "4.84", "2010-03-31": "5.15", "2009-12-31": "6.99", "2009-09-30": "5.46", "2009-06-30": "5.68", "2009-03-31": "4.89", "2008-12-31": "3.00", "2008-09-30": "5.40", "2008-06-30": "4.13", "2008-03-31": "3.97", "2007-12-31": "3.26", "2007-09-30": "4.72", "2007-06-30": "3.58", "2007-03-31": "3.75", "2006-12-31": "4.38", "2006-09-30": "2.90", "2006-06-30": "3.78", "2006-03-31": "3.73", "2005-12-31": "4.26", "2005-09-30": "3.52", "2005-06-30": "3.10", "2005-03-31": "2.89"}, "quick ratio": {"2020-09-30": "3.24", "2020-06-30": "3.01", "2020-03-31": "2.42", "2019-12-31": "2.96", "2019-09-30": "2.86", "2019-06-30": "2.87", "2019-03-31": "2.55", "2018-12-31": "2.54", "2018-09-30": "2.88", "2018-06-30": "2.53", "2018-03-31": "3.31", "2017-12-31": "3.27", "2017-09-30": "2.88", "2017-06-30": "3.01", "2017-03-31": "3.08", "2016-12-31": "2.70", "2016-09-30": "2.92", "2016-06-30": "2.25", "2016-03-31": "6.71", "2015-12-31": "8.39", "2015-09-30": "7.12", "2015-06-30": "7.61", "2015-03-31": "2.99", "2014-12-31": "4.16", "2014-09-30": "3.81", "2014-06-30": "3.16", "2014-03-31": "3.03", "2013-12-31": "3.04", "2013-09-30": "2.35", "2013-06-30": "2.49", "2013-03-31": "2.19", "2012-12-31": "2.19", "2012-09-30": "2.95", "2012-06-30": "4.05", "2012-03-31": "3.84", "2011-12-31": "3.86", "2011-09-30": "5.27", "2011-06-30": "5.54", "2011-03-31": "5.04", "2010-12-31": "4.18", "2010-09-30": "4.96", "2010-06-30": "3.96", "2010-03-31": "4.28", "2009-12-31": "5.70", "2009-09-30": "4.31", "2009-06-30": "4.53", "2009-03-31": "3.88", "2008-12-31": "2.38", "2008-09-30": "4.15", "2008-06-30": "2.95", "2008-03-31": "2.79", "2007-12-31": "2.08", "2007-09-30": "3.75", "2007-06-30": "2.82", "2007-03-31": "3.05", "2006-12-31": "3.15", "2006-09-30": "2.08", "2006-06-30": "2.99", "2006-03-31": "3.12", "2005-12-31": "3.30", "2005-09-30": "2.69", "2005-06-30": "2.23", "2005-03-31": "2.02"}, "debt equity ratio": {"current": "0.00", "2020-09-30": "0.23", "2020-06-30": "0.23", "2020-03-31": "0.26", "2019-12-31": "0.24", "2019-09-30": "0.25", "2019-06-30": "0.25", "2019-03-31": "0.26", "2018-12-31": "0.25", "2018-09-30": "0.25", "2018-06-30": "0.26", "2018-03-31": "0.22", "2017-12-31": "0.23", "2017-09-30": "0.25", "2017-06-30": "0.24", "2017-03-31": "0.23", "2016-12-31": "0.25", "2016-09-30": "0.25", "2016-06-30": "0.27", "2016-03-31": "0.18", "2015-12-31": "0.16", "2015-09-30": "0.20", "2015-06-30": "0.19", "2015-03-31": "0.42", "2014-12-31": "0.28", "2014-09-30": "0.34", "2014-06-30": "0.41", "2014-03-31": "0.45", "2013-12-31": "0.43", "2013-09-30": "0.57", "2013-06-30": "0.54", "2013-03-31": "0.64", "2012-12-31": "0.62", "2012-09-30": "0.48", "2012-06-30": "0.35", "2012-03-31": "0.38", "2011-12-31": "0.39", "2011-09-30": "0.31", "2011-06-30": "0.30", "2011-03-31": "0.33", "2010-12-31": "0.39", "2010-09-30": "0.35", "2010-06-30": "0.42", "2010-03-31": "0.42", "2009-12-31": "0.37", "2009-09-30": "0.43", "2009-06-30": "0.43", "2009-03-31": "0.51", "2008-12-31": "0.75", "2008-09-30": "0.25", "2008-06-30": "0.31", "2008-03-31": "0.29", "2007-12-31": "0.29", "2007-09-30": "0.37", "2007-06-30": "0.51", "2007-03-31": "0.49", "2006-12-31": "0.37", "2006-09-30": "0.55", "2006-06-30": "0.35", "2006-03-31": "0.36", "2005-12-31": "0.31", "2005-09-30": "0.38", "2005-06-30": "0.44", "2005-03-31": "0.47"}, "return on equity": {"2020-09-30": "28.25%", "2020-06-30": "27.95%", "2020-03-31": "27.76%", "2019-12-31": "27.61%", "2019-09-30": "28.20%", "2019-06-30": "27.78%", "2019-03-31": "28.04%", "2018-12-31": "26.51%", "2018-09-30": "25.02%", "2018-06-30": "23.93%", "2018-03-31": "22.44%", "2017-12-31": "21.94%", "2017-09-30": "22.02%", "2017-06-30": "21.83%", "2017-03-31": "21.62%", "2016-12-31": "19.13%", "2016-09-30": "16.57%", "2016-06-30": "15.00%", "2016-03-31": "14.64%", "2015-12-31": "13.86%", "2015-09-30": "17.07%", "2015-06-30": "20.82%", "2015-03-31": "27.88%", "2014-12-31": "36.73%", "2014-09-30": "36.65%", "2014-06-30": "37.49%", "2014-03-31": "37.84%", "2013-12-31": "38.53%", "2013-09-30": "41.76%", "2013-06-30": "41.93%", "2013-03-31": "38.21%", "2012-12-31": "35.89%", "2012-09-30": "32.69%", "2012-06-30": "31.97%", "2012-03-31": "31.25%", "2011-12-31": "30.79%", "2011-09-30": "30.29%", "2011-06-30": "29.94%", "2011-03-31": "29.98%", "2010-12-31": "29.20%", "2010-09-30": "32.47%", "2010-06-30": "33.66%", "2010-03-31": "34.31%", "2009-12-31": "38.33%", "2009-09-30": "26.18%", "2009-06-30": "25.79%", "2009-03-31": "25.58%", "2008-12-31": "23.24%", "2008-09-30": "38.16%", "2008-06-30": "39.98%", "2008-03-31": "40.91%", "2007-12-31": "44.48%", "2007-09-30": "44.09%", "2007-06-30": "43.53%", "2007-03-31": "44.09%", "2006-12-31": "50.13%", "2006-09-30": "55.11%", "2006-06-30": "60.10%", "2006-03-31": "63.66%", "2005-12-31": "64.75%"}, "return on assets": {"2020-09-30": "22.81%", "2020-06-30": "22.47%", "2020-03-31": "22.22%", "2019-12-31": "22.11%", "2019-09-30": "22.49%", "2019-06-30": "22.15%", "2019-03-31": "22.33%", "2018-12-31": "21.26%", "2018-09-30": "20.16%", "2018-06-30": "19.30%", "2018-03-31": "18.16%", "2017-12-31": "17.72%", "2017-09-30": "17.72%", "2017-06-30": "17.59%", "2017-03-31": "17.33%", "2016-12-31": "15.58%", "2016-09-30": "13.77%", "2016-06-30": "12.55%", "2016-03-31": "12.38%", "2015-12-31": "11.48%", "2015-09-30": "13.83%", "2015-06-30": "16.44%", "2015-03-31": "20.48%", "2014-12-31": "26.96%", "2014-09-30": "26.12%", "2014-06-30": "25.67%", "2014-03-31": "25.32%", "2013-12-31": "25.05%", "2013-09-30": "26.29%", "2013-06-30": "26.85%", "2013-03-31": "25.59%", "2012-12-31": "25.02%", "2012-09-30": "23.43%", "2012-06-30": "23.56%", "2012-03-31": "23.24%", "2011-12-31": "23.13%", "2011-09-30": "22.83%", "2011-06-30": "22.38%", "2011-03-31": "21.92%", "2010-12-31": "20.99%", "2010-09-30": "23.40%", "2010-06-30": "23.88%", "2010-03-31": "24.33%", "2009-12-31": "26.79%", "2009-09-30": "17.26%", "2009-06-30": "17.53%", "2009-03-31": "17.70%", "2008-12-31": "16.71%", "2008-09-30": "29.72%", "2008-06-30": "30.40%", "2008-03-31": "30.22%", "2007-12-31": "31.79%", "2007-09-30": "30.77%", "2007-06-30": "29.42%", "2007-03-31": "30.65%", "2006-12-31": "35.63%", "2006-09-30": "39.37%", "2006-06-30": "44.67%", "2006-03-31": "46.69%", "2005-12-31": "46.79%"}, "return on investments": {"2020-09-30": "inf%", "2020-06-30": "inf%", "2020-03-31": "inf%", "2019-12-31": "inf%", "2019-09-30": "inf%", "2019-06-30": "inf%", "2019-03-31": "inf%", "2018-12-31": "inf%", "2018-09-30": "inf%", "2018-06-30": "inf%", "2018-03-31": "inf%", "2017-12-31": "inf%", "2017-09-30": "inf%", "2017-06-30": "inf%", "2017-03-31": "inf%", "2016-12-31": "inf%", "2016-09-30": "inf%", "2016-06-30": "inf%", "2016-03-31": "inf%", "2015-12-31": "inf%", "2015-09-30": "inf%", "2015-06-30": "inf%", "2015-03-31": "inf%", "2014-12-31": "inf%", "2014-09-30": "inf%", "2014-06-30": "inf%", "2014-03-31": "inf%", "2013-12-31": "inf%", "2013-09-30": "inf%", "2013-06-30": "inf%", "2013-03-31": "inf%", "2012-12-31": "inf%", "2012-09-30": "inf%", "2012-06-30": "inf%", "2012-03-31": "inf%", "2011-12-31": "inf%", "2011-09-30": "inf%", "2011-06-30": "inf%", "2011-03-31": "inf%", "2010-12-31": "inf%", "2010-09-30": "inf%", "2010-06-30": "inf%", "2010-03-31": "inf%", "2009-12-31": "inf%", "2009-09-30": "inf%", "2009-06-30": "inf%", "2009-03-31": "inf%", "2008-12-31": "inf%", "2008-09-30": "inf%", "2008-06-30": "inf%", "2008-03-31": "inf%", "2007-12-31": "372.47%", "2007-09-30": "171.19%", "2007-06-30": "101.63%", "2007-03-31": "71.64%", "2006-12-31": "82.17%", "2006-09-30": "90.67%", "2006-06-30": "100.17%", "2006-03-31": "106.67%", "2005-12-31": "108.62%"}, "return on tangible equity": {"2020-09-30": "64.96%", "2020-06-30": "66.93%", "2020-03-31": "67.34%", "2019-12-31": "67.90%", "2019-09-30": "73.15%", "2019-06-30": "73.66%", "2019-03-31": "78.19%", "2018-12-31": "72.31%", "2018-09-30": "65.99%", "2018-06-30": "63.88%", "2018-03-31": "58.73%", "2017-12-31": "59.60%", "2017-09-30": "64.13%", "2017-06-30": "66.94%", "2017-03-31": "72.85%", "2016-12-31": "46.68%", "2016-09-30": "32.93%", "2016-06-30": "26.08%", "2016-03-31": "22.69%", "2015-12-31": "20.65%", "2015-09-30": "23.80%", "2015-06-30": "26.10%", "2015-03-31": "29.00%", "2014-12-31": "38.43%", "2014-09-30": "38.66%", "2014-06-30": "39.90%", "2014-03-31": "40.47%", "2013-12-31": "41.43%", "2013-09-30": "45.11%", "2013-06-30": "45.22%", "2013-03-31": "40.79%", "2012-12-31": "37.97%", "2012-09-30": "34.36%", "2012-06-30": "33.54%", "2012-03-31": "32.85%", "2011-12-31": "32.43%", "2011-09-30": "31.93%", "2011-06-30": "31.58%", "2011-03-31": "31.71%", "2010-12-31": "30.92%", "2010-09-30": "34.44%", "2010-06-30": "35.72%", "2010-03-31": "36.38%", "2009-12-31": "40.66%", "2009-09-30": "27.81%", "2009-06-30": "27.34%", "2009-03-31": "27.11%", "2008-12-31": "24.60%", "2008-09-30": "40.32%", "2008-06-30": "42.42%", "2008-03-31": "43.65%", "2007-12-31": "47.83%", "2007-09-30": "47.91%", "2007-06-30": "47.80%", "2007-03-31": "48.67%", "2006-12-31": "55.83%", "2006-09-30": "62.31%", "2006-06-30": "69.18%", "2006-03-31": "75.90%", "2005-12-31": "80.26%"}, "dividend yield history": {"last payout": "$0.00", "last yield": "0.00%"}}