{"ticker": "MHK", "price": {"title": "Mohawk Industries Historical Annual Stock Price Data", "value": 152.52, "historical": {"2021": {"Average Stock Price": "147.1033", "Year Open": "136.1100", "Year High": "152.5200", "Year Low": "136.1100", "Year Close": "152.5200", "Annual % Change": "8.21%"}, "2020": {"Average Stock Price": "104.1579", "Year Open": "134.7900", "Year High": "143.8100", "Year Low": "58.6600", "Year Close": "140.9500", "Annual % Change": "3.35%"}, "2019": {"Average Stock Price": "133.2792", "Year Open": "118.6000", "Year High": "156.3600", "Year Low": "110.4500", "Year Close": "136.3800", "Annual % Change": "16.60%"}, "2018": {"Average Stock Price": "201.1407", "Year Open": "276.0000", "Year High": "281.0600", "Year Low": "111.3100", "Year Close": "116.9600", "Annual % Change": "-57.61%"}, "2017": {"Average Stock Price": "243.3390", "Year Open": "201.7500", "Year High": "284.8200", "Year Low": "201.7400", "Year Close": "275.9000", "Annual % Change": "38.17%"}, "2016": {"Average Stock Price": "192.8358", "Year Open": "186.4500", "Year High": "216.2200", "Year Low": "151.7800", "Year Close": "199.6800", "Annual % Change": "5.43%"}, "2015": {"Average Stock Price": "187.1803", "Year Open": "154.5700", "Year High": "211.3300", "Year Low": "152.7400", "Year Close": "189.3900", "Annual % Change": "21.90%"}, "2014": {"Average Stock Price": "139.8721", "Year Open": "149.1100", "Year High": "157.6000", "Year Low": "124.7700", "Year Close": "155.3600", "Annual % Change": "4.34%"}, "2013": {"Average Stock Price": "119.1181", "Year Open": "93.1700", "Year High": "148.9000", "Year Low": "92.7400", "Year Close": "148.9000", "Annual % Change": "64.58%"}, "2012": {"Average Stock Price": "71.9012", "Year Open": "60.1600", "Year High": "91.2900", "Year Low": "59.3900", "Year Close": "90.4700", "Annual % Change": "51.16%"}, "2011": {"Average Stock Price": "55.4542", "Year Open": "57.7900", "Year High": "68.5000", "Year Low": "40.7500", "Year Close": "59.8500", "Annual % Change": "5.44%"}, "2010": {"Average Stock Price": "52.2432", "Year Open": "48.3100", "Year High": "64.4600", "Year Low": "41.4100", "Year Close": "56.7600", "Annual % Change": "19.24%"}, "2009": {"Average Stock Price": "40.3278", "Year Open": "44.1000", "Year High": "52.9700", "Year Low": "17.1100", "Year Close": "47.6000", "Annual % Change": "10.77%"}, "2008": {"Average Stock Price": "63.3650", "Year Open": "74.2100", "Year High": "83.0500", "Year Low": "25.8000", "Year Close": "42.9700", "Annual % Change": "-42.24%"}, "2007": {"Average Stock Price": "87.0808", "Year Open": "76.1000", "Year High": "103.3200", "Year Low": "74.4000", "Year Close": "74.4000", "Annual % Change": "-0.61%"}, "2006": {"Average Stock Price": "76.5216", "Year Open": "89.6000", "Year High": "90.1400", "Year Low": "65.0000", "Year Close": "74.8600", "Annual % Change": "-13.93%"}, "2005": {"Average Stock Price": "84.7906", "Year Open": "89.8000", "Year High": "93.6600", "Year Low": "75.2200", "Year Close": "86.9800", "Annual % Change": "-4.68%"}, "2004": {"Average Stock Price": "78.4390", "Year Open": "71.1000", "Year High": "91.5700", "Year Low": "69.4100", "Year Close": "91.2500", "Annual % Change": "29.36%"}, "2003": {"Average Stock Price": "61.8052", "Year Open": "59.2000", "Year High": "75.3800", "Year Low": "44.2600", "Year Close": "70.5400", "Annual % Change": "23.86%"}, "2002": {"Average Stock Price": "56.9752", "Year Open": "54.6900", "Year High": "69.8000", "Year Low": "42.8600", "Year Close": "56.9500", "Annual % Change": "3.77%"}, "2001": {"Average Stock Price": "37.2127", "Year Open": "27.2500", "Year High": "55.0100", "Year Low": "27.2500", "Year Close": "54.8800", "Annual % Change": "100.44%"}, "2000": {"Average Stock Price": "23.1688", "Year Open": "24.5600", "Year High": "29.0000", "Year Low": "19.1900", "Year Close": "27.3800", "Annual % Change": "3.79%"}, "1999": {"Average Stock Price": "28.5024", "Year Open": "40.8800", "Year High": "40.8800", "Year Low": "19.3800", "Year Close": "26.3800", "Annual % Change": "-37.28%"}, "1998": {"Average Stock Price": "30.0590", "Year Open": "22.1300", "Year High": "42.0600", "Year Low": "20.5000", "Year Close": "42.0600", "Annual % Change": "91.70%"}, "1997": {"Average Stock Price": "17.1998", "Year Open": "14.7533", "Year High": "21.9400", "Year Low": "12.9200", "Year Close": "21.9400", "Annual % Change": "49.59%"}, "1996": {"Average Stock Price": "12.5977", "Year Open": "10.6667", "Year High": "18.4600", "Year Low": "8.3333", "Year Close": "14.6667", "Annual % Change": "40.76%"}, "1995": {"Average Stock Price": "10.1898", "Year Open": "8.6667", "Year High": "12.6667", "Year Low": "7.6667", "Year Close": "10.4200", "Annual % Change": "22.59%"}, "1994": {"Average Stock Price": "14.4229", "Year Open": "22.5000", "Year High": "23.6667", "Year Low": "7.9200", "Year Close": "8.5000", "Annual % Change": "-62.77%"}, "1993": {"Average Stock Price": "15.8529", "Year Open": "9.0000", "Year High": "22.8333", "Year Low": "9.0000", "Year Close": "22.8333", "Annual % Change": "141.77%"}}}, "market cap": {"value": "$10.86B"}, "income statement": {"Revenue": {"2019-12-31": "9970.67200", "2018-12-31": "9983.63400", "2017-12-31": "9491.29000", "2016-12-31": "8959.08700", "2015-12-31": "8071.56300", "2014-12-31": "7803.44600", "2013-12-31": "7348.75400", "2012-12-31": "5787.98000", "2011-12-31": "5642.25800", "2010-12-31": "5319.07200", "2009-12-31": "5344.02400", "2008-12-31": "6826.34800", "2007-12-31": "7586.01800", "2006-12-31": "7905.84200", "2005-12-31": "6620.09900"}, "Cost Of Goods Sold": {"2019-12-31": "7294.62900", "2018-12-31": "7145.56400", "2017-12-31": "6494.87600", "2016-12-31": "6146.26200", "2015-12-31": "5660.87700", "2014-12-31": "5649.25400", "2013-12-31": "5427.94500", "2012-12-31": "4297.92200", "2011-12-31": "4225.37900", "2010-12-31": "3916.47200", "2009-12-31": "4111.79400", "2008-12-31": "5088.58400", "2007-12-31": "5471.23400", "2006-12-31": "5674.53100", "2005-12-31": "4851.85300"}, "Gross Profit": {"2019-12-31": "2676.04300", "2018-12-31": "2838.07000", "2017-12-31": "2996.41400", "2016-12-31": "2812.82500", "2015-12-31": "2410.68600", "2014-12-31": "2154.19200", "2013-12-31": "1920.80900", "2012-12-31": "1490.05800", "2011-12-31": "1416.87900", "2010-12-31": "1402.60000", "2009-12-31": "1232.23000", "2008-12-31": "1737.76400", "2007-12-31": "2114.78400", "2006-12-31": "2231.31100", "2005-12-31": "1768.24600"}, "Research And Development Expenses": {"2019-12-31": "", "2018-12-31": "", "2017-12-31": "", "2016-12-31": "", "2015-12-31": "", "2014-12-31": "", "2013-12-31": "", "2012-12-31": "", "2011-12-31": "", "2010-12-31": "", "2009-12-31": "", "2008-12-31": "", "2007-12-31": "", "2006-12-31": "", "2005-12-31": ""}, "SG&A Expenses": {"2019-12-31": "1848.81900", "2018-12-31": "1742.74400", "2017-12-31": "1642.24100", "2016-12-31": "1532.88200", "2015-12-31": "1573.12000", "2014-12-31": "1381.39600", "2013-12-31": "1373.87800", "2012-12-31": "1110.55000", "2011-12-31": "1101.33700", "2010-12-31": "1088.43100", "2009-12-31": "1188.50000", "2008-12-31": "1318.50100", "2007-12-31": "1364.67800", "2006-12-31": "1392.25100", "2005-12-31": "1095.86200"}, "Other Operating Income Or Expenses": {"2019-12-31": "", "2018-12-31": "", "2017-12-31": "", "2016-12-31": "", "2015-12-31": "", "2014-12-31": "", "2013-12-31": "", "2012-12-31": "", "2011-12-31": "", "2010-12-31": "", "2009-12-31": "", "2008-12-31": "", "2007-12-31": "", "2006-12-31": "", "2005-12-31": ""}, "Operating Expenses": {"2019-12-31": "9143.44800", "2018-12-31": "8888.30800", "2017-12-31": "8137.11700", "2016-12-31": "7679.14400", "2015-12-31": "7233.99700", "2014-12-31": "7030.65000", "2013-12-31": "6801.82300", "2012-12-31": "5408.47200", "2011-12-31": "5326.71600", "2010-12-31": "5004.90300", "2009-12-31": "5300.29400", "2008-12-31": "7950.48200", "2007-12-31": "6835.91200", "2006-12-31": "7066.78200", "2005-12-31": "5947.71500"}, "Operating Income": {"2019-12-31": "827.22360", "2018-12-31": "1095.32600", "2017-12-31": "1354.17300", "2016-12-31": "1279.94300", "2015-12-31": "837.56590", "2014-12-31": "772.79590", "2013-12-31": "546.93120", "2012-12-31": "379.50830", "2011-12-31": "315.54200", "2010-12-31": "314.16890", "2009-12-31": "43.73000", "2008-12-31": "-1124.13400", "2007-12-31": "750.10600", "2006-12-31": "839.06010", "2005-12-31": "672.38430"}, "Total Non-Operating Income/Expense": {"2019-12-31": "-77.67900", "2018-12-31": "-46.12500", "2017-12-31": "-36.31600", "2016-12-31": "-38.81800", "2015-12-31": "-88.70500", "2014-12-31": "-108.90500", "2013-12-31": "-101.36000", "2012-12-31": "-75.01600", "2011-12-31": "-115.66800", "2010-12-31": "-121.52100", "2009-12-31": "-121.44300", "2008-12-31": "-148.33800", "2007-12-31": "-138.39000", "2006-12-31": "-162.74900", "2005-12-31": "-70.25100"}, "Pre-Tax Income": {"2019-12-31": "749.54500", "2018-12-31": "1049.20100", "2017-12-31": "1317.85700", "2016-12-31": "1241.12500", "2015-12-31": "748.86100", "2014-12-31": "663.89100", "2013-12-31": "445.57100", "2012-12-31": "304.49200", "2011-12-31": "199.87400", "2010-12-31": "192.64800", "2009-12-31": "-77.71300", "2008-12-31": "-1272.47200", "2007-12-31": "611.71600", "2006-12-31": "676.31100", "2005-12-31": "602.13300"}, "Income Taxes": {"2019-12-31": "4.97400", "2018-12-31": "184.34600", "2017-12-31": "343.16500", "2016-12-31": "307.55900", "2015-12-31": "131.87500", "2014-12-31": "131.63700", "2013-12-31": "78.38500", "2012-12-31": "53.59900", "2011-12-31": "21.64900", "2010-12-31": "2.71300", "2009-12-31": "-76.69400", "2008-12-31": "180.06200", "2007-12-31": "-102.69700", "2006-12-31": "220.47800", "2005-12-31": "214.99500"}, "Income After Taxes": {"2019-12-31": "744.57100", "2018-12-31": "864.85500", "2017-12-31": "974.69200", "2016-12-31": "933.56600", "2015-12-31": "616.98600", "2014-12-31": "532.25400", "2013-12-31": "367.18600", "2012-12-31": "250.89300", "2011-12-31": "178.22500", "2010-12-31": "189.93500", "2009-12-31": "-1.01900", "2008-12-31": "-1452.53400", "2007-12-31": "714.41300", "2006-12-31": "455.83300", "2005-12-31": "387.13800"}, "Other Income": {"2019-12-31": "", "2018-12-31": "", "2017-12-31": "", "2016-12-31": "", "2015-12-31": "", "2014-12-31": "", "2013-12-31": "", "2012-12-31": "", "2011-12-31": "", "2010-12-31": "", "2009-12-31": "", "2008-12-31": "", "2007-12-31": "", "2006-12-31": "", "2005-12-31": ""}, "Income From Continuous Operations": {"2019-12-31": "744.57100", "2018-12-31": "864.85500", "2017-12-31": "974.69200", "2016-12-31": "933.56600", "2015-12-31": "616.98600", "2014-12-31": "532.25400", "2013-12-31": "367.18600", "2012-12-31": "250.89300", "2011-12-31": "178.22500", "2010-12-31": "189.93500", "2009-12-31": "-1.01900", "2008-12-31": "-1452.53400", "2007-12-31": "714.41300", "2006-12-31": "455.83300", "2005-12-31": "387.13800"}, "Income From Discontinued Operations": {"2019-12-31": "", "2018-12-31": "", "2017-12-31": "", "2016-12-31": "", "2015-12-31": "", "2014-12-31": "", "2013-12-31": "-17.89500", "2012-12-31": "", "2011-12-31": "", "2010-12-31": "", "2009-12-31": "", "2008-12-31": "", "2007-12-31": "", "2006-12-31": "", "2005-12-31": ""}, "Net Income": {"2019-12-31": "744.21100", "2018-12-31": "861.70400", "2017-12-31": "971.63800", "2016-12-31": "930.23900", "2015-12-31": "615.30200", "2014-12-31": "531.96500", "2013-12-31": "348.78600", "2012-12-31": "250.25800", "2011-12-31": "173.92200", "2010-12-31": "182.22700", "2009-12-31": "-5.49900", "2008-12-31": "-1458.22800", "2007-12-31": "706.81400", "2006-12-31": "455.83300", "2005-12-31": "387.13800"}, "EBITDA": {"2019-12-31": "1463.58200", "2018-12-31": "1617.09100", "2017-12-31": "1800.84500", "2016-12-31": "1737.31500", "2015-12-31": "1200.21300", "2014-12-31": "1118.36600", "2013-12-31": "855.80210", "2012-12-31": "659.80130", "2011-12-31": "613.27600", "2010-12-31": "610.94200", "2009-12-31": "346.73400", "2008-12-31": "714.31710", "2007-12-31": "1056.54300", "2006-12-31": "1114.01200", "2005-12-31": "823.04130"}, "EBIT": {"2019-12-31": "827.22360", "2018-12-31": "1095.32600", "2017-12-31": "1354.17300", "2016-12-31": "1279.94300", "2015-12-31": "837.56590", "2014-12-31": "772.79590", "2013-12-31": "546.93120", "2012-12-31": "379.50830", "2011-12-31": "315.54200", "2010-12-31": "314.16890", "2009-12-31": "43.73000", "2008-12-31": "-1124.13400", "2007-12-31": "750.10600", "2006-12-31": "839.06010", "2005-12-31": "672.38430"}, "Basic Shares Outstanding": {"2019-12-31": "71.98600", "2018-12-31": "74.41300", "2017-12-31": "74.35700", "2016-12-31": "74.10400", "2015-12-31": "73.51600", "2014-12-31": "72.83700", "2013-12-31": "71.77300", "2012-12-31": "68.98800", "2011-12-31": "68.73600", "2010-12-31": "68.57800", "2009-12-31": "68.45200", "2008-12-31": "68.40100", "2007-12-31": "68.17200", "2006-12-31": "67.67400", "2005-12-31": "66.93200"}, "Shares Outstanding": {"2019-12-31": "72.26400", "2018-12-31": "74.77300", "2017-12-31": "74.83900", "2016-12-31": "74.56800", "2015-12-31": "74.04300", "2014-12-31": "73.36300", "2013-12-31": "72.30100", "2012-12-31": "69.30600", "2011-12-31": "68.96400", "2010-12-31": "68.78400", "2009-12-31": "68.45200", "2008-12-31": "68.40100", "2007-12-31": "68.49200", "2006-12-31": "68.05600", "2005-12-31": "67.64400"}, "Basic EPS": {"2019-12-31": "10.34000", "2018-12-31": "11.53000", "2017-12-31": "13.07000", "2016-12-31": "12.55000", "2015-12-31": "8.37000", "2014-12-31": "7.30000", "2013-12-31": "4.86000", "2012-12-31": "3.63000", "2011-12-31": "2.53000", "2010-12-31": "2.66000", "2009-12-31": "-0.08000", "2008-12-31": "-21.32000", "2007-12-31": "10.37000", "2006-12-31": "6.74000", "2005-12-31": "5.78000"}, "EPS - Earnings Per Share": {"2019-12-31": "10.30000", "2018-12-31": "11.47000", "2017-12-31": "12.98000", "2016-12-31": "12.48000", "2015-12-31": "8.31000", "2014-12-31": "7.25000", "2013-12-31": "4.82000", "2012-12-31": "3.61000", "2011-12-31": "2.52000", "2010-12-31": "2.65000", "2009-12-31": "-0.08000", "2008-12-31": "-21.32000", "2007-12-31": "10.32000", "2006-12-31": "6.70000", "2005-12-31": "5.72000"}}, "income statement, quarterly": {"Revenue": {"2020-09-30": "2574.87000", "2020-06-30": "2049.80000", "2020-03-31": "2285.76300", "2019-12-31": "2424.51200", "2019-09-30": "2519.18500", "2019-06-30": "2584.48500", "2019-03-31": "2442.49000", "2018-12-31": "2448.61800", "2018-09-30": "2545.80000", "2018-06-30": "2577.01400", "2018-03-31": "2412.20200", "2017-12-31": "2369.09700", "2017-09-30": "2448.51000", "2017-06-30": "2453.03800", "2017-03-31": "2220.64500", "2016-12-31": "2182.56600", "2016-09-30": "2294.13900", "2016-06-30": "2310.33600", "2016-03-31": "2172.04600", "2015-12-31": "1997.99700", "2015-09-30": "2150.65600", "2015-06-30": "2041.73300", "2015-03-31": "1881.17700", "2014-12-31": "1951.44600", "2014-09-30": "1990.65800", "2014-06-30": "2048.24700", "2014-03-31": "1813.09500", "2013-12-31": "1924.10400", "2013-09-30": "1961.53600", "2013-06-30": "1976.29900", "2013-03-31": "1486.81500", "2012-12-31": "1435.65900", "2012-09-30": "1473.49300", "2012-06-30": "1469.79300", "2012-03-31": "1409.03500", "2011-12-31": "1378.29700", "2011-09-30": "1442.51200", "2011-06-30": "1477.85400", "2011-03-31": "1343.59500", "2010-12-31": "1262.19800", "2010-09-30": "1309.55200", "2010-06-30": "1400.08600", "2010-03-31": "1347.23600", "2009-12-31": "1347.10800", "2009-09-30": "1382.56500", "2009-06-30": "1406.01200", "2009-03-31": "1208.33900", "2008-12-31": "1485.17200", "2008-09-30": "1763.03400", "2008-06-30": "1840.04500", "2008-03-31": "1738.09700", "2007-12-31": "1807.26800", "2007-09-30": "1937.67700", "2007-06-30": "1977.21000", "2007-03-31": "1863.86300", "2006-12-31": "1898.59400", "2006-09-30": "2024.01900", "2006-06-30": "2058.12300", "2006-03-31": "1925.10600", "2005-12-31": "1804.55100", "2005-09-30": "1697.63400", "2005-06-30": "1624.69200", "2005-03-31": "1493.22200"}, "Cost Of Goods Sold": {"2020-09-30": "1868.67100", "2020-06-30": "1679.83300", "2020-03-31": "1669.32300", "2019-12-31": "1801.70500", "2019-09-30": "1827.49400", "2019-06-30": "1847.86700", "2019-03-31": "1817.56300", "2018-12-31": "1802.22800", "2018-09-30": "1825.36700", "2018-06-30": "1810.45900", "2018-03-31": "1707.51000", "2017-12-31": "1615.47300", "2017-09-30": "1665.20900", "2017-06-30": "1673.90200", "2017-03-31": "1540.29200", "2016-12-31": "1491.56700", "2016-09-30": "1567.58000", "2016-06-30": "1554.74800", "2016-03-31": "1532.36700", "2015-12-31": "1375.78700", "2015-09-30": "1489.25200", "2015-06-30": "1426.60400", "2015-03-31": "1369.23400", "2014-12-31": "1409.84300", "2014-09-30": "1434.23600", "2014-06-30": "1473.43500", "2014-03-31": "1331.74000", "2013-12-31": "1411.30700", "2013-09-30": "1444.64600", "2013-06-30": "1462.24300", "2013-03-31": "1109.74900", "2012-12-31": "1066.32800", "2012-09-30": "1100.65600", "2012-06-30": "1081.32900", "2012-03-31": "1049.60900", "2011-12-31": "1042.88000", "2011-09-30": "1084.88900", "2011-06-30": "1095.60700", "2011-03-31": "1002.00300", "2010-12-31": "920.53210", "2010-09-30": "964.62000", "2010-06-30": "1025.33000", "2010-03-31": "1005.99000", "2009-12-31": "1005.41400", "2009-09-30": "1013.10600", "2009-06-30": "1038.62400", "2009-03-31": "1054.65000", "2008-12-31": "1129.21000", "2008-09-30": "1323.96300", "2008-06-30": "1357.15300", "2008-03-31": "1278.25800", "2007-12-31": "1318.00500", "2007-09-30": "1392.29400", "2007-06-30": "1420.51200", "2007-03-31": "1340.42300", "2006-12-31": "1344.51500", "2006-09-30": "1455.50800", "2006-06-30": "1465.74500", "2006-03-31": "1408.76200", "2005-12-31": "1322.12600", "2005-09-30": "1234.68000", "2005-06-30": "1186.52700", "2005-03-31": "1108.52000"}, "Gross Profit": {"2020-09-30": "706.19910", "2020-06-30": "369.96700", "2020-03-31": "616.43990", "2019-12-31": "622.80710", "2019-09-30": "691.69100", "2019-06-30": "736.61820", "2019-03-31": "624.92700", "2018-12-31": "646.39010", "2018-09-30": "720.43310", "2018-06-30": "766.55490", "2018-03-31": "704.69190", "2017-12-31": "753.62400", "2017-09-30": "783.30100", "2017-06-30": "779.13610", "2017-03-31": "680.35300", "2016-12-31": "690.99930", "2016-09-30": "726.55900", "2016-06-30": "755.58790", "2016-03-31": "639.67900", "2015-12-31": "622.21030", "2015-09-30": "661.40410", "2015-06-30": "615.12900", "2015-03-31": "511.94300", "2014-12-31": "541.60300", "2014-09-30": "556.42200", "2014-06-30": "574.81200", "2014-03-31": "481.35500", "2013-12-31": "512.79740", "2013-09-30": "516.89000", "2013-06-30": "514.05590", "2013-03-31": "377.06590", "2012-12-31": "369.33080", "2012-09-30": "372.83700", "2012-06-30": "388.46400", "2012-03-31": "359.42600", "2011-12-31": "335.41750", "2011-09-30": "357.62290", "2011-06-30": "382.24690", "2011-03-31": "341.59200", "2010-12-31": "341.66550", "2010-09-30": "344.93200", "2010-06-30": "374.75610", "2010-03-31": "341.24600", "2009-12-31": "341.69410", "2009-09-30": "369.45890", "2009-06-30": "367.38790", "2009-03-31": "153.68900", "2008-12-31": "355.96180", "2008-09-30": "439.07100", "2008-06-30": "482.89210", "2008-03-31": "459.83900", "2007-12-31": "489.26280", "2007-09-30": "545.38310", "2007-06-30": "556.69800", "2007-03-31": "523.44010", "2006-12-31": "554.07840", "2006-09-30": "568.51100", "2006-06-30": "592.37810", "2006-03-31": "516.34400", "2005-12-31": "482.42490", "2005-09-30": "462.95400", "2005-06-30": "438.16500", "2005-03-31": "384.70200"}, "Research And Development Expenses": {"2020-09-30": "", "2020-06-30": "", "2020-03-31": "", "2019-12-31": "", "2019-09-30": "", "2019-06-30": "", "2019-03-31": "", "2018-12-31": "", "2018-09-30": "", "2018-06-30": "", "2018-03-31": "", "2017-12-31": "", "2017-09-30": "", "2017-06-30": "", "2017-03-31": "", "2016-12-31": "", "2016-09-30": "", "2016-06-30": "", "2016-03-31": "", "2015-12-31": "", "2015-09-30": "", "2015-06-30": "", "2015-03-31": "", "2014-12-31": "", "2014-09-30": "", "2014-06-30": "", "2014-03-31": "", "2013-12-31": "", "2013-09-30": "", "2013-06-30": "", "2013-03-31": "", "2012-12-31": "", "2012-09-30": "", "2012-06-30": "", "2012-03-31": "", "2011-12-31": "", "2011-09-30": "", "2011-06-30": "", "2011-03-31": "", "2010-12-31": "", "2010-09-30": "", "2010-06-30": "", "2010-03-31": "", "2009-12-31": "", "2009-09-30": "", "2009-06-30": "", "2009-03-31": "", "2008-12-31": "", "2008-09-30": "", "2008-06-30": "", "2008-03-31": "", "2007-12-31": "", "2007-09-30": "", "2007-06-30": "", "2007-03-31": "", "2006-12-31": "", "2006-09-30": "", "2006-06-30": "", "2006-03-31": "", "2005-12-31": "", "2005-09-30": "", "2005-06-30": "", "2005-03-31": ""}, "SG&A Expenses": {"2020-09-30": "443.45500", "2020-06-30": "430.92500", "2020-03-31": "464.95700", "2019-12-31": "467.99290", "2019-09-30": "451.47100", "2019-06-30": "469.75800", "2019-03-31": "459.59700", "2018-12-31": "433.01410", "2018-09-30": "433.18900", "2018-06-30": "440.24800", "2018-03-31": "436.29300", "2017-12-31": "410.15790", "2017-09-30": "403.20300", "2017-06-30": "423.31100", "2017-03-31": "405.56900", "2016-12-31": "385.72690", "2016-09-30": "348.25200", "2016-06-30": "404.89600", "2016-03-31": "394.00700", "2015-12-31": "372.96800", "2015-09-30": "372.67000", "2015-06-30": "359.31300", "2015-03-31": "468.16900", "2014-12-31": "335.48300", "2014-09-30": "342.72900", "2014-06-30": "352.56400", "2014-03-31": "350.62000", "2013-12-31": "361.80910", "2013-09-30": "340.98700", "2013-06-30": "380.85800", "2013-03-31": "290.22400", "2012-12-31": "273.47100", "2012-09-30": "268.88300", "2012-06-30": "280.74600", "2012-03-31": "287.45000", "2011-12-31": "269.12300", "2011-09-30": "266.15900", "2011-06-30": "280.54700", "2011-03-31": "285.50800", "2010-12-31": "256.02600", "2010-09-30": "259.75000", "2010-06-30": "285.03000", "2010-03-31": "287.62500", "2009-12-31": "294.82900", "2009-09-30": "301.38800", "2009-06-30": "292.71000", "2009-03-31": "299.57300", "2008-12-31": "324.89200", "2008-09-30": "321.25900", "2008-06-30": "336.82900", "2008-03-31": "335.52100", "2007-12-31": "308.79600", "2007-09-30": "344.56900", "2007-06-30": "358.45000", "2007-03-31": "352.86300", "2006-12-31": "324.70400", "2006-09-30": "345.77100", "2006-06-30": "369.33300", "2006-03-31": "352.44300", "2005-12-31": "289.71800", "2005-09-30": "274.05200", "2005-06-30": "271.02000", "2005-03-31": "261.07200"}, "Other Operating Income Or Expenses": {"2020-09-30": "", "2020-06-30": "", "2020-03-31": "", "2019-12-31": "", "2019-09-30": "", "2019-06-30": "", "2019-03-31": "", "2018-12-31": "", "2018-09-30": "", "2018-06-30": "", "2018-03-31": "", "2017-12-31": "", "2017-09-30": "", "2017-06-30": "", "2017-03-31": "", "2016-12-31": "", "2016-09-30": "", "2016-06-30": "", "2016-03-31": "", "2015-12-31": "", "2015-09-30": "", "2015-06-30": "", "2015-03-31": "", "2014-12-31": "", "2014-09-30": "", "2014-06-30": "", "2014-03-31": "", "2013-12-31": "", "2013-09-30": "", "2013-06-30": "", "2013-03-31": "", "2012-12-31": "", "2012-09-30": "", "2012-06-30": "", "2012-03-31": "", "2011-12-31": "", "2011-09-30": "", "2011-06-30": "", "2011-03-31": "", "2010-12-31": "", "2010-09-30": "", "2010-06-30": "", "2010-03-31": "", "2009-12-31": "", "2009-09-30": "", "2009-06-30": "", "2009-03-31": "", "2008-12-31": "", "2008-09-30": "", "2008-06-30": "", "2008-03-31": "", "2007-12-31": "", "2007-09-30": "", "2007-06-30": "", "2007-03-31": "", "2006-12-31": "", "2006-09-30": "", "2006-06-30": "", "2006-03-31": "", "2005-12-31": "", "2005-09-30": "", "2005-06-30": "", "2005-03-31": ""}, "Operating Expenses": {"2020-09-30": "2312.12600", "2020-06-30": "2110.75800", "2020-03-31": "2134.28000", "2019-12-31": "2269.69800", "2019-09-30": "2278.96500", "2019-06-30": "2317.62500", "2019-03-31": "2277.16000", "2018-12-31": "2235.24200", "2018-09-30": "2258.55600", "2018-06-30": "2250.70700", "2018-03-31": "2143.80300", "2017-12-31": "2025.63100", "2017-09-30": "2068.41200", "2017-06-30": "2097.21300", "2017-03-31": "1945.86100", "2016-12-31": "1877.29400", "2016-09-30": "1915.83200", "2016-06-30": "1959.64400", "2016-03-31": "1926.37400", "2015-12-31": "1748.75500", "2015-09-30": "1861.92200", "2015-06-30": "1785.91700", "2015-03-31": "1837.40300", "2014-12-31": "1745.32600", "2014-09-30": "1776.96500", "2014-06-30": "1825.99900", "2014-03-31": "1682.36000", "2013-12-31": "1773.11500", "2013-09-30": "1785.63300", "2013-06-30": "1843.10100", "2013-03-31": "1399.97300", "2012-12-31": "1339.79900", "2012-09-30": "1369.53900", "2012-06-30": "1362.07500", "2012-03-31": "1337.05900", "2011-12-31": "1312.00300", "2011-09-30": "1351.04800", "2011-06-30": "1376.15400", "2011-03-31": "1287.51100", "2010-12-31": "1176.55800", "2010-09-30": "1224.37000", "2010-06-30": "1310.36000", "2010-03-31": "1293.61500", "2009-12-31": "1300.24300", "2009-09-30": "1314.49400", "2009-06-30": "1331.33400", "2009-03-31": "1354.22300", "2008-12-31": "1578.58700", "2008-09-30": "3064.13400", "2008-06-30": "1693.98200", "2008-03-31": "1613.77900", "2007-12-31": "1626.80100", "2007-09-30": "1736.86300", "2007-06-30": "1778.96200", "2007-03-31": "1693.28600", "2006-12-31": "1669.22000", "2006-09-30": "1801.27900", "2006-06-30": "1835.07800", "2006-03-31": "1761.20500", "2005-12-31": "1611.84400", "2005-09-30": "1508.73200", "2005-06-30": "1457.54700", "2005-03-31": "1369.59200"}, "Operating Income": {"2020-09-30": "262.74410", "2020-06-30": "-60.95800", "2020-03-31": "151.48290", "2019-12-31": "154.81350", "2019-09-30": "240.22000", "2019-06-30": "266.86010", "2019-03-31": "165.33010", "2018-12-31": "213.37650", "2018-09-30": "287.24410", "2018-06-30": "326.30690", "2018-03-31": "268.39890", "2017-12-31": "343.46590", "2017-09-30": "380.09790", "2017-06-30": "355.82520", "2017-03-31": "274.78410", "2016-12-31": "305.27230", "2016-09-30": "378.30690", "2016-06-30": "350.69190", "2016-03-31": "245.67200", "2015-12-31": "249.24220", "2015-09-30": "288.73400", "2015-06-30": "255.81600", "2015-03-31": "43.77390", "2014-12-31": "206.12000", "2014-09-30": "213.69300", "2014-06-30": "222.24800", "2014-03-31": "130.73500", "2013-12-31": "150.98860", "2013-09-30": "175.90300", "2013-06-30": "133.19790", "2013-03-31": "86.84190", "2012-12-31": "95.86020", "2012-09-30": "103.95400", "2012-06-30": "107.71800", "2012-03-31": "71.97600", "2011-12-31": "66.29440", "2011-09-30": "91.46390", "2011-06-30": "101.70000", "2011-03-31": "56.08400", "2010-12-31": "85.63980", "2010-09-30": "85.18200", "2010-06-30": "89.72610", "2010-03-31": "53.62100", "2009-12-31": "46.86520", "2009-09-30": "68.07090", "2009-06-30": "74.67800", "2009-03-31": "-145.88400", "2008-12-31": "-93.41470", "2008-09-30": "-1301.10000", "2008-06-30": "146.06310", "2008-03-31": "124.31800", "2007-12-31": "180.46640", "2007-09-30": "200.81410", "2007-06-30": "198.24800", "2007-03-31": "170.57700", "2006-12-31": "229.37390", "2006-09-30": "222.74000", "2006-06-30": "223.04500", "2006-03-31": "163.90100", "2005-12-31": "192.70690", "2005-09-30": "188.90200", "2005-06-30": "167.14500", "2005-03-31": "123.63000"}, "Total Non-Operating Income/Expense": {"2020-09-30": "-14.12800", "2020-06-30": "-13.99300", "2020-03-31": "-14.35000", "2019-12-31": "-1.44000", "2019-09-30": "-62.02900", "2019-06-30": "-7.47300", "2019-03-31": "-6.73700", "2018-12-31": "-14.91500", "2018-09-30": "-9.73100", "2018-06-30": "-9.95300", "2018-03-31": "-11.52600", "2017-12-31": "-11.00700", "2017-09-30": "-8.54400", "2017-06-30": "-11.39500", "2017-03-31": "-5.37000", "2016-12-31": "-5.29500", "2016-09-30": "-13.24900", "2016-06-30": "-4.54400", "2016-03-31": "-15.73000", "2015-12-31": "-30.00500", "2015-09-30": "-23.56800", "2015-06-30": "-19.76600", "2015-03-31": "-15.36600", "2014-12-31": "-30.36000", "2014-09-30": "-32.41200", "2014-06-30": "-19.14700", "2014-03-31": "-26.98600", "2013-12-31": "-24.80400", "2013-09-30": "-26.79800", "2013-06-30": "-24.21500", "2013-03-31": "-25.54300", "2012-12-31": "-16.76800", "2012-09-30": "-18.29100", "2012-06-30": "-19.28400", "2012-03-31": "-20.67300", "2011-12-31": "-24.38700", "2011-09-30": "-38.54500", "2011-06-30": "-26.15600", "2011-03-31": "-26.58000", "2010-12-31": "-27.16400", "2010-09-30": "-25.40500", "2010-06-30": "-39.57500", "2010-03-31": "-29.37700", "2009-12-31": "-34.52700", "2009-09-30": "-30.66100", "2009-06-30": "-24.43400", "2009-03-31": "-31.82100", "2008-12-31": "-47.16000", "2008-09-30": "-33.21700", "2008-06-30": "-32.75400", "2008-03-31": "-35.20700", "2007-12-31": "-28.63200", "2007-09-30": "-36.71900", "2007-06-30": "-36.35500", "2007-03-31": "-36.68400", "2006-12-31": "-40.32200", "2006-09-30": "-35.87600", "2006-06-30": "-43.48900", "2006-03-31": "-43.06200", "2005-12-31": "-32.55900", "2005-09-30": "-10.37500", "2005-06-30": "-13.43700", "2005-03-31": "-13.88000"}, "Pre-Tax Income": {"2020-09-30": "248.61600", "2020-06-30": "-74.95100", "2020-03-31": "137.13300", "2019-12-31": "153.37400", "2019-09-30": "178.19100", "2019-06-30": "259.38700", "2019-03-31": "158.59300", "2018-12-31": "198.46110", "2018-09-30": "277.51300", "2018-06-30": "316.35400", "2018-03-31": "256.87300", "2017-12-31": "332.45910", "2017-09-30": "371.55400", "2017-06-30": "344.43000", "2017-03-31": "269.41400", "2016-12-31": "299.97700", "2016-09-30": "365.05800", "2016-06-30": "346.14800", "2016-03-31": "229.94200", "2015-12-31": "219.23700", "2015-09-30": "265.16600", "2015-06-30": "236.05000", "2015-03-31": "28.40800", "2014-12-31": "175.76000", "2014-09-30": "181.28100", "2014-06-30": "203.10100", "2014-03-31": "103.74900", "2013-12-31": "126.18400", "2013-09-30": "149.10500", "2013-06-30": "108.98300", "2013-03-31": "61.29900", "2012-12-31": "79.09200", "2012-09-30": "85.66300", "2012-06-30": "88.43400", "2012-03-31": "51.30300", "2011-12-31": "41.90700", "2011-09-30": "52.91900", "2011-06-30": "75.54400", "2011-03-31": "29.50400", "2010-12-31": "58.47600", "2010-09-30": "59.77700", "2010-06-30": "50.15100", "2010-03-31": "24.24400", "2009-12-31": "12.33800", "2009-09-30": "37.41000", "2009-06-30": "50.24400", "2009-03-31": "-177.70500", "2008-12-31": "-140.57500", "2008-09-30": "-1334.31700", "2008-06-30": "113.30900", "2008-03-31": "89.11100", "2007-12-31": "151.83500", "2007-09-30": "164.09500", "2007-06-30": "161.89300", "2007-03-31": "133.89300", "2006-12-31": "189.05200", "2006-09-30": "186.86400", "2006-06-30": "179.55600", "2006-03-31": "120.83900", "2005-12-31": "160.14800", "2005-09-30": "178.52700", "2005-06-30": "153.70800", "2005-03-31": "109.75000"}, "Income Taxes": {"2020-09-30": "43.16300", "2020-06-30": "-26.36300", "2020-03-31": "26.66800", "2019-12-31": "-111.29900", "2019-09-30": "22.52200", "2019-06-30": "56.73300", "2019-03-31": "37.01800", "2018-12-31": "-31.58200", "2018-09-30": "49.48700", "2018-06-30": "118.80900", "2018-03-31": "47.63200", "2017-12-31": "91.59300", "2017-09-30": "100.53200", "2017-06-30": "82.68200", "2017-03-31": "68.35800", "2016-12-31": "65.46900", "2016-09-30": "94.23100", "2016-06-30": "90.03400", "2016-03-31": "57.82500", "2015-12-31": "27.23200", "2015-09-30": "49.46300", "2015-06-30": "49.27600", "2015-03-31": "5.90400", "2014-12-31": "28.68000", "2014-09-30": "30.02100", "2014-06-30": "50.24000", "2014-03-31": "22.69600", "2013-12-31": "15.42000", "2013-09-30": "28.99300", "2013-06-30": "23.24000", "2013-03-31": "10.73200", "2012-12-31": "12.70300", "2012-09-30": "15.35900", "2012-06-30": "15.24600", "2012-03-31": "10.29100", "2011-12-31": "-1.99000", "2011-09-30": "5.22300", "2011-06-30": "13.45000", "2011-03-31": "4.96600", "2010-12-31": "11.04000", "2010-09-30": "7.51300", "2010-06-30": "-18.81400", "2010-03-31": "2.97400", "2009-12-31": "-8.95000", "2009-09-30": "2.01500", "2009-06-30": "3.03700", "2009-03-31": "-72.79600", "2008-12-31": "-14.15300", "2008-09-30": "148.94000", "2008-06-30": "22.89300", "2008-03-31": "22.38200", "2007-12-31": "-234.87800", "2007-09-30": "42.04100", "2007-06-30": "46.62500", "2007-03-31": "43.51500", "2006-12-31": "59.56100", "2006-09-30": "59.15600", "2006-06-30": "60.04300", "2006-03-31": "41.71800", "2005-12-31": "56.87300", "2005-09-30": "62.76400", "2005-06-30": "55.62800", "2005-03-31": "39.73000"}, "Income After Taxes": {"2020-09-30": "205.45300", "2020-06-30": "-48.58800", "2020-03-31": "110.46500", "2019-12-31": "264.67300", "2019-09-30": "155.66900", "2019-06-30": "202.65400", "2019-03-31": "121.57500", "2018-12-31": "230.04300", "2018-09-30": "228.02600", "2018-06-30": "197.54500", "2018-03-31": "209.24100", "2017-12-31": "240.86610", "2017-09-30": "271.02200", "2017-06-30": "261.74800", "2017-03-31": "201.05600", "2016-12-31": "234.50800", "2016-09-30": "270.82700", "2016-06-30": "256.11400", "2016-03-31": "172.11700", "2015-12-31": "192.00500", "2015-09-30": "215.70300", "2015-06-30": "186.77400", "2015-03-31": "22.50400", "2014-12-31": "147.08000", "2014-09-30": "151.26000", "2014-06-30": "152.86100", "2014-03-31": "81.05300", "2013-12-31": "110.76400", "2013-09-30": "120.11200", "2013-06-30": "85.74300", "2013-03-31": "50.56700", "2012-12-31": "66.38900", "2012-09-30": "70.30400", "2012-06-30": "73.18800", "2012-03-31": "41.01200", "2011-12-31": "43.89700", "2011-09-30": "47.69600", "2011-06-30": "62.09400", "2011-03-31": "24.53800", "2010-12-31": "47.43600", "2010-09-30": "52.26400", "2010-06-30": "68.96500", "2010-03-31": "21.27000", "2009-12-31": "21.28800", "2009-09-30": "35.39500", "2009-06-30": "47.20700", "2009-03-31": "-104.90900", "2008-12-31": "-126.42200", "2008-09-30": "-1483.25700", "2008-06-30": "90.41600", "2008-03-31": "66.72900", "2007-12-31": "386.71300", "2007-09-30": "122.05400", "2007-06-30": "115.26800", "2007-03-31": "90.37800", "2006-12-31": "129.49100", "2006-09-30": "127.70800", "2006-06-30": "119.51300", "2006-03-31": "79.12100", "2005-12-31": "103.27500", "2005-09-30": "115.76300", "2005-06-30": "98.08000", "2005-03-31": "70.02000"}, "Other Income": {"2020-09-30": "", "2020-06-30": "", "2020-03-31": "", "2019-12-31": "", "2019-09-30": "", "2019-06-30": "", "2019-03-31": "", "2018-12-31": "", "2018-09-30": "", "2018-06-30": "", "2018-03-31": "", "2017-12-31": "", "2017-09-30": "", "2017-06-30": "", "2017-03-31": "", "2016-12-31": "", "2016-09-30": "", "2016-06-30": "", "2016-03-31": "", "2015-12-31": "", "2015-09-30": "", "2015-06-30": "", "2015-03-31": "", "2014-12-31": "", "2014-09-30": "", "2014-06-30": "", "2014-03-31": "", "2013-12-31": "", "2013-09-30": "", "2013-06-30": "", "2013-03-31": "", "2012-12-31": "", "2012-09-30": "", "2012-06-30": "", "2012-03-31": "", "2011-12-31": "", "2011-09-30": "", "2011-06-30": "", "2011-03-31": "", "2010-12-31": "", "2010-09-30": "", "2010-06-30": "", "2010-03-31": "", "2009-12-31": "", "2009-09-30": "", "2009-06-30": "", "2009-03-31": "", "2008-12-31": "", "2008-09-30": "", "2008-06-30": "", "2008-03-31": "", "2007-12-31": "", "2007-09-30": "", "2007-06-30": "", "2007-03-31": "", "2006-12-31": "", "2006-09-30": "", "2006-06-30": "", "2006-03-31": "", "2005-12-31": "", "2005-09-30": "", "2005-06-30": "", "2005-03-31": ""}, "Income From Continuous Operations": {"2020-09-30": "205.45300", "2020-06-30": "-48.58800", "2020-03-31": "110.46500", "2019-12-31": "264.67300", "2019-09-30": "155.66900", "2019-06-30": "202.65400", "2019-03-31": "121.57500", "2018-12-31": "230.04300", "2018-09-30": "228.02600", "2018-06-30": "197.54500", "2018-03-31": "209.24100", "2017-12-31": "240.86610", "2017-09-30": "271.02200", "2017-06-30": "261.74800", "2017-03-31": "201.05600", "2016-12-31": "234.50800", "2016-09-30": "270.82700", "2016-06-30": "256.11400", "2016-03-31": "172.11700", "2015-12-31": "192.00500", "2015-09-30": "215.70300", "2015-06-30": "186.77400", "2015-03-31": "22.50400", "2014-12-31": "147.08000", "2014-09-30": "151.26000", "2014-06-30": "152.86100", "2014-03-31": "81.05300", "2013-12-31": "110.76400", "2013-09-30": "120.11200", "2013-06-30": "85.74300", "2013-03-31": "50.56700", "2012-12-31": "66.38900", "2012-09-30": "70.30400", "2012-06-30": "73.18800", "2012-03-31": "41.01200", "2011-12-31": "43.89700", "2011-09-30": "47.69600", "2011-06-30": "62.09400", "2011-03-31": "24.53800", "2010-12-31": "47.43600", "2010-09-30": "52.26400", "2010-06-30": "68.96500", "2010-03-31": "21.27000", "2009-12-31": "21.28800", "2009-09-30": "35.39500", "2009-06-30": "47.20700", "2009-03-31": "-104.90900", "2008-12-31": "-126.42200", "2008-09-30": "-1483.25700", "2008-06-30": "90.41600", "2008-03-31": "66.72900", "2007-12-31": "386.71300", "2007-09-30": "122.05400", "2007-06-30": "115.26800", "2007-03-31": "90.37800", "2006-12-31": "129.49100", "2006-09-30": "127.70800", "2006-06-30": "119.51300", "2006-03-31": "79.12100", "2005-12-31": "103.27500", "2005-09-30": "115.76300", "2005-06-30": "98.08000", "2005-03-31": "70.02000"}, "Income From Discontinued Operations": {"2020-09-30": "", "2020-06-30": "", "2020-03-31": "", "2019-12-31": "", "2019-09-30": "", "2019-06-30": "", "2019-03-31": "", "2018-12-31": "", "2018-09-30": "", "2018-06-30": "", "2018-03-31": "", "2017-12-31": "", "2017-09-30": "", "2017-06-30": "", "2017-03-31": "", "2016-12-31": "", "2016-09-30": "", "2016-06-30": "", "2016-03-31": "", "2015-12-31": "", "2015-09-30": "", "2015-06-30": "", "2015-03-31": "", "2014-12-31": "", "2014-09-30": "", "2014-06-30": "", "2014-03-31": "", "2013-12-31": "-15.98100", "2013-09-30": "-0.55300", "2013-06-30": "-1.36100", "2013-03-31": "", "2012-12-31": "", "2012-09-30": "", "2012-06-30": "0.00000", "2012-03-31": "", "2011-12-31": "", "2011-09-30": "", "2011-06-30": "", "2011-03-31": "", "2010-12-31": "", "2010-09-30": "", "2010-06-30": "", "2010-03-31": "", "2009-12-31": "", "2009-09-30": "", "2009-06-30": "", "2009-03-31": "", "2008-12-31": "", "2008-09-30": "", "2008-06-30": "", "2008-03-31": "", "2007-12-31": "", "2007-09-30": "", "2007-06-30": "", "2007-03-31": "", "2006-12-31": "", "2006-09-30": "", "2006-06-30": "", "2006-03-31": "", "2005-12-31": "", "2005-09-30": "", "2005-06-30": "", "2005-03-31": ""}, "Net Income": {"2020-09-30": "205.11700", "2020-06-30": "-48.25700", "2020-03-31": "110.51400", "2019-12-31": "264.66700", "2019-09-30": "155.51800", "2019-06-30": "202.44100", "2019-03-31": "121.58500", "2018-12-31": "229.33900", "2018-09-30": "227.01300", "2018-06-30": "196.58600", "2018-03-31": "208.76600", "2017-12-31": "240.37800", "2017-09-30": "270.02500", "2017-06-30": "260.68100", "2017-03-31": "200.55400", "2016-12-31": "233.62500", "2016-09-30": "269.87800", "2016-06-30": "255.18800", "2016-03-31": "171.54800", "2015-12-31": "191.55900", "2015-09-30": "214.90500", "2015-06-30": "186.49200", "2015-03-31": "22.34600", "2014-12-31": "146.86800", "2014-09-30": "151.26600", "2014-06-30": "152.75000", "2014-03-31": "81.08100", "2013-12-31": "94.65100", "2013-09-30": "119.06800", "2013-06-30": "84.57200", "2013-03-31": "50.49500", "2012-12-31": "66.38900", "2012-09-30": "70.30400", "2012-06-30": "73.18800", "2012-03-31": "40.37700", "2011-12-31": "42.93100", "2011-09-30": "46.64600", "2011-06-30": "60.90300", "2011-03-31": "23.44200", "2010-12-31": "45.57100", "2010-09-30": "51.09400", "2010-06-30": "65.02400", "2010-03-31": "20.53800", "2009-12-31": "19.77900", "2009-09-30": "34.34800", "2009-06-30": "46.26100", "2009-03-31": "-105.88700", "2008-12-31": "-127.61500", "2008-09-30": "-1484.78100", "2008-06-30": "88.77800", "2008-03-31": "65.39000", "2007-12-31": "379.11400", "2007-09-30": "122.05400", "2007-06-30": "115.26800", "2007-03-31": "90.37800", "2006-12-31": "129.49100", "2006-09-30": "127.70800", "2006-06-30": "119.51300", "2006-03-31": "79.12100", "2005-12-31": "103.27500", "2005-09-30": "115.76300", "2005-06-30": "98.08000", "2005-03-31": "70.02000"}, "EBITDA": {"2020-09-30": "414.08620", "2020-06-30": "93.13600", "2020-03-31": "296.99890", "2019-12-31": "303.30650", "2019-09-30": "450.31200", "2019-06-30": "407.34210", "2019-03-31": "302.62110", "2018-12-31": "352.46850", "2018-09-30": "420.21510", "2018-06-30": "453.35490", "2018-03-31": "391.05290", "2017-12-31": "461.83800", "2017-09-30": "493.61290", "2017-06-30": "465.58620", "2017-03-31": "379.80800", "2016-12-31": "409.65130", "2016-09-30": "529.89190", "2016-06-30": "451.90590", "2016-03-31": "345.86600", "2015-12-31": "343.26720", "2015-09-30": "383.68900", "2015-06-30": "343.82710", "2015-03-31": "129.42990", "2014-12-31": "301.78500", "2014-09-30": "298.86000", "2014-06-30": "306.00200", "2014-03-31": "211.71900", "2013-12-31": "237.31760", "2013-09-30": "257.45290", "2013-06-30": "213.84090", "2013-03-31": "147.19090", "2012-12-31": "159.73820", "2012-09-30": "175.25200", "2012-06-30": "179.54900", "2012-03-31": "145.26200", "2011-12-31": "141.22440", "2011-09-30": "165.67090", "2011-06-30": "176.04390", "2011-03-31": "130.33700", "2010-12-31": "160.16180", "2010-09-30": "158.13800", "2010-06-30": "162.22310", "2010-03-31": "130.41900", "2009-12-31": "128.69220", "2009-09-30": "144.50590", "2009-06-30": "151.74000", "2009-03-31": "-78.20400", "2008-12-31": "100.10420", "2008-09-30": "195.52400", "2008-06-30": "221.11510", "2008-03-31": "197.57400", "2007-12-31": "262.03940", "2007-09-30": "276.45010", "2007-06-30": "273.63000", "2007-03-31": "244.42300", "2006-12-31": "301.65190", "2006-09-30": "290.78000", "2006-06-30": "292.82600", "2006-03-31": "228.75400", "2005-12-31": "248.46390", "2005-09-30": "220.04000", "2005-06-30": "198.64200", "2005-03-31": "155.89500"}, "EBIT": {"2020-09-30": "262.74410", "2020-06-30": "-60.95800", "2020-03-31": "151.48290", "2019-12-31": "154.81350", "2019-09-30": "240.22000", "2019-06-30": "266.86010", "2019-03-31": "165.33010", "2018-12-31": "213.37620", "2018-09-30": "287.24410", "2018-06-30": "326.30690", "2018-03-31": "268.39890", "2017-12-31": "343.46570", "2017-09-30": "380.09790", "2017-06-30": "355.82520", "2017-03-31": "274.78410", "2016-12-31": "305.27210", "2016-09-30": "378.30690", "2016-06-30": "350.69190", "2016-03-31": "245.67200", "2015-12-31": "249.24190", "2015-09-30": "288.73400", "2015-06-30": "255.81600", "2015-03-31": "43.77390", "2014-12-31": "206.11990", "2014-09-30": "213.69300", "2014-06-30": "222.24800", "2014-03-31": "130.73500", "2013-12-31": "150.98840", "2013-09-30": "175.90300", "2013-06-30": "133.19790", "2013-03-31": "86.84190", "2012-12-31": "95.86040", "2012-09-30": "103.95400", "2012-06-30": "107.71800", "2012-03-31": "71.97600", "2011-12-31": "66.29420", "2011-09-30": "91.46390", "2011-06-30": "101.70000", "2011-03-31": "56.08400", "2010-12-31": "85.63990", "2010-09-30": "85.18200", "2010-06-30": "89.72610", "2010-03-31": "53.62100", "2009-12-31": "46.86510", "2009-09-30": "68.07090", "2009-06-30": "74.67800", "2009-03-31": "-145.88400", "2008-12-31": "-93.41490", "2008-09-30": "-1301.10000", "2008-06-30": "146.06310", "2008-03-31": "124.31800", "2007-12-31": "180.46680", "2007-09-30": "200.81410", "2007-06-30": "198.24800", "2007-03-31": "170.57700", "2006-12-31": "229.37400", "2006-09-30": "222.74000", "2006-06-30": "223.04500", "2006-03-31": "163.90100", "2005-12-31": "192.70730", "2005-09-30": "188.90200", "2005-06-30": "167.14500", "2005-03-31": "123.63000"}, "Basic Shares Outstanding": {"2020-09-30": "71.19700", "2020-06-30": "71.18600", "2020-03-31": "71.54700", "2019-12-31": "71.98600", "2019-09-30": "72.10600", "2019-06-30": "72.40200", "2019-03-31": "72.34200", "2018-12-31": "74.41300", "2018-09-30": "74.60300", "2018-06-30": "74.59700", "2018-03-31": "74.45300", "2017-12-31": "74.35700", "2017-09-30": "74.33800", "2017-06-30": "74.32700", "2017-03-31": "74.21200", "2016-12-31": "74.10400", "2016-09-30": "74.15400", "2016-06-30": "74.12300", "2016-03-31": "73.97600", "2015-12-31": "73.51600", "2015-09-30": "73.91500", "2015-06-30": "73.26400", "2015-03-31": "72.98800", "2014-12-31": "72.83700", "2014-09-30": "72.86400", "2014-06-30": "72.83200", "2014-03-31": "72.74200", "2013-12-31": "71.77300", "2013-09-30": "72.57500", "2013-06-30": "72.40600", "2013-03-31": "69.37500", "2012-12-31": "68.98800", "2012-09-30": "69.01000", "2012-06-30": "68.98400", "2012-03-31": "68.86200", "2011-12-31": "68.73600", "2011-09-30": "68.75900", "2011-06-30": "68.74400", "2011-03-31": "68.67400", "2010-12-31": "68.57800", "2010-09-30": "68.59300", "2010-06-30": "68.58500", "2010-03-31": "68.52300", "2009-12-31": "68.45200", "2009-09-30": "68.45600", "2009-06-30": "68.44900", "2009-03-31": "68.43300", "2008-12-31": "68.40100", "2008-09-30": "68.41100", "2008-06-30": "68.40300", "2008-03-31": "68.37500", "2007-12-31": "68.17200", "2007-09-30": "68.28100", "2007-06-30": "68.16700", "2007-03-31": "67.90600", "2006-12-31": "67.67400", "2006-09-30": "67.70400", "2006-06-30": "67.69300", "2006-03-31": "67.56400", "2005-12-31": "66.93200", "2005-09-30": "66.86500", "2005-06-30": "66.81100", "2005-03-31": "66.80400"}, "Shares Outstanding": {"2020-09-30": "71.37800", "2020-06-30": "71.18600", "2020-03-31": "71.77700", "2019-12-31": "72.26400", "2019-09-30": "72.39200", "2019-06-30": "72.68000", "2019-03-31": "72.64600", "2018-12-31": "74.77300", "2018-09-30": "74.94500", "2018-06-30": "74.93700", "2018-03-31": "74.92900", "2017-12-31": "74.83900", "2017-09-30": "74.84100", "2017-06-30": "74.80100", "2017-03-31": "74.75400", "2016-12-31": "74.56800", "2016-09-30": "74.61300", "2016-06-30": "74.57400", "2016-03-31": "74.49000", "2015-12-31": "74.04300", "2015-09-30": "74.43800", "2015-06-30": "73.75600", "2015-03-31": "73.53000", "2014-12-31": "73.36300", "2014-09-30": "73.37600", "2014-06-30": "73.29700", "2014-03-31": "73.28200", "2013-12-31": "72.30100", "2013-09-30": "73.08700", "2013-06-30": "72.86700", "2013-03-31": "69.89700", "2012-12-31": "69.30600", "2012-09-30": "69.33700", "2012-06-30": "69.25900", "2012-03-31": "69.14100", "2011-12-31": "68.96400", "2011-09-30": "68.95400", "2011-06-30": "68.98100", "2011-03-31": "68.90400", "2010-12-31": "68.78400", "2010-09-30": "68.77300", "2010-06-30": "68.78900", "2010-03-31": "68.73000", "2009-12-31": "68.45200", "2009-09-30": "68.65300", "2009-06-30": "68.61300", "2009-03-31": "68.43300", "2008-12-31": "68.40100", "2008-09-30": "68.41100", "2008-06-30": "68.61700", "2008-03-31": "68.57900", "2007-12-31": "68.49200", "2007-09-30": "68.59700", "2007-06-30": "68.53300", "2007-03-31": "68.25500", "2006-12-31": "68.05600", "2006-09-30": "68.02100", "2006-06-30": "68.06700", "2006-03-31": "68.07900", "2005-12-31": "67.64400", "2005-09-30": "67.51900", "2005-06-30": "67.50400", "2005-03-31": "67.69200"}, "Basic EPS": {"2020-09-30": "2.88000", "2020-06-30": "-0.68000", "2020-03-31": "1.54000", "2019-12-31": "3.70000", "2019-09-30": "2.16000", "2019-06-30": "2.80000", "2019-03-31": "1.68000", "2018-12-31": "3.06000", "2018-09-30": "3.03000", "2018-06-30": "2.64000", "2018-03-31": "2.80000", "2017-12-31": "3.23000", "2017-09-30": "3.63000", "2017-06-30": "3.51000", "2017-03-31": "2.70000", "2016-12-31": "3.15000", "2016-09-30": "3.64000", "2016-06-30": "3.44000", "2016-03-31": "2.32000", "2015-12-31": "2.61000", "2015-09-30": "2.91000", "2015-06-30": "2.54000", "2015-03-31": "0.31000", "2014-12-31": "2.01000", "2014-09-30": "2.08000", "2014-06-30": "2.10000", "2014-03-31": "1.11000", "2013-12-31": "1.32000", "2013-09-30": "1.64000", "2013-06-30": "1.17000", "2013-03-31": "0.73000", "2012-12-31": "0.96000", "2012-09-30": "1.02000", "2012-06-30": "1.06000", "2012-03-31": "0.59000", "2011-12-31": "0.62000", "2011-09-30": "0.68000", "2011-06-30": "0.89000", "2011-03-31": "0.34000", "2010-12-31": "0.67000", "2010-09-30": "0.74000", "2010-06-30": "0.95000", "2010-03-31": "0.30000", "2009-12-31": "0.29000", "2009-09-30": "0.50000", "2009-06-30": "0.68000", "2009-03-31": "-1.55000", "2008-12-31": "-1.88000", "2008-09-30": "-21.70000", "2008-06-30": "1.30000", "2008-03-31": "0.96000", "2007-12-31": "5.56000", "2007-09-30": "1.79000", "2007-06-30": "1.69000", "2007-03-31": "1.33000", "2006-12-31": "1.91000", "2006-09-30": "1.89000", "2006-06-30": "1.77000", "2006-03-31": "1.17000", "2005-12-31": "1.53000", "2005-09-30": "1.73000", "2005-06-30": "1.47000", "2005-03-31": "1.05000"}, "EPS - Earnings Per Share": {"2020-09-30": "2.87000", "2020-06-30": "-0.68000", "2020-03-31": "1.54000", "2019-12-31": "3.69000", "2019-09-30": "2.15000", "2019-06-30": "2.79000", "2019-03-31": "1.67000", "2018-12-31": "3.05000", "2018-09-30": "3.02000", "2018-06-30": "2.62000", "2018-03-31": "2.78000", "2017-12-31": "3.21000", "2017-09-30": "3.61000", "2017-06-30": "3.48000", "2017-03-31": "2.68000", "2016-12-31": "3.14000", "2016-09-30": "3.62000", "2016-06-30": "3.42000", "2016-03-31": "2.30000", "2015-12-31": "2.59000", "2015-09-30": "2.89000", "2015-06-30": "2.53000", "2015-03-31": "0.30000", "2014-12-31": "2.00000", "2014-09-30": "2.06000", "2014-06-30": "2.08000", "2014-03-31": "1.11000", "2013-12-31": "1.31000", "2013-09-30": "1.63000", "2013-06-30": "1.16000", "2013-03-31": "0.72000", "2012-12-31": "0.96000", "2012-09-30": "1.01000", "2012-06-30": "1.06000", "2012-03-31": "0.58000", "2011-12-31": "0.62000", "2011-09-30": "0.68000", "2011-06-30": "0.88000", "2011-03-31": "0.34000", "2010-12-31": "0.66000", "2010-09-30": "0.74000", "2010-06-30": "0.95000", "2010-03-31": "0.30000", "2009-12-31": "0.30000", "2009-09-30": "0.50000", "2009-06-30": "0.67000", "2009-03-31": "-1.55000", "2008-12-31": "-1.86000", "2008-09-30": "-21.70000", "2008-06-30": "1.29000", "2008-03-31": "0.95000", "2007-12-31": "5.54000", "2007-09-30": "1.78000", "2007-06-30": "1.68000", "2007-03-31": "1.32000", "2006-12-31": "1.90000", "2006-09-30": "1.88000", "2006-06-30": "1.76000", "2006-03-31": "1.16000", "2005-12-31": "1.53000", "2005-09-30": "1.71000", "2005-06-30": "1.45000", "2005-03-31": "1.03000"}}, "balance sheet": {"Cash On Hand": {"2019-12-31": "134.78500", "2018-12-31": "119.05000", "2017-12-31": "84.88400", "2016-12-31": "121.66500", "2015-12-31": "81.69200", "2014-12-31": "97.87700", "2013-12-31": "54.06600", "2012-12-31": "477.67200", "2011-12-31": "311.94500", "2010-12-31": "382.17100", "2009-12-31": "531.45800", "2008-12-31": "93.51900", "2007-12-31": "89.60400", "2006-12-31": "63.49200", "2005-12-31": "134.58500"}, "Receivables": {"2019-12-31": "1526.61900", "2018-12-31": "1606.15900", "2017-12-31": "1558.15900", "2016-12-31": "1376.15100", "2015-12-31": "1257.50500", "2014-12-31": "1081.96300", "2013-12-31": "1062.87500", "2012-12-31": "679.47300", "2011-12-31": "686.16500", "2010-12-31": "614.47300", "2009-12-31": "673.93100", "2008-12-31": "696.28400", "2007-12-31": "821.11300", "2006-12-31": "910.02100", "2005-12-31": "848.66600"}, "Inventory": {"2019-12-31": "2282.32800", "2018-12-31": "2287.61500", "2017-12-31": "1948.66300", "2016-12-31": "1675.75100", "2015-12-31": "1607.25600", "2014-12-31": "1543.31300", "2013-12-31": "1572.32500", "2012-12-31": "1133.73600", "2011-12-31": "1113.63000", "2010-12-31": "1007.50300", "2009-12-31": "892.98100", "2008-12-31": "1168.27200", "2007-12-31": "1276.56800", "2006-12-31": "1225.87400", "2005-12-31": "1215.42700"}, "Pre-Paid Expenses": {"2019-12-31": "415.54600", "2018-12-31": "421.55300", "2017-12-31": "376.83600", "2016-12-31": "267.72400", "2015-12-31": "258.63300", "2014-12-31": "225.75900", "2013-12-31": "204.03400", "2012-12-31": "138.11700", "2011-12-31": "112.77900", "2010-12-31": "91.73100", "2009-12-31": "108.94700", "2008-12-31": "125.60300", "2007-12-31": "123.39500", "2006-12-31": "114.08800", "2005-12-31": "140.78900"}, "Other Current Assets": {"2019-12-31": "70.17900", "2018-12-31": "74.91900", "2017-12-31": "104.42500", "2016-12-31": "30.22100", "2015-12-31": "44.88600", "2014-12-31": "31.57400", "2013-12-31": "44.88400", "2012-12-31": "9.46300", "2011-12-31": "22.73500", "2010-12-31": "19.43100", "2009-12-31": "20.69300", "2008-12-31": "13.36800", "2007-12-31": "", "2006-12-31": "", "2005-12-31": ""}, "Total Current Assets": {"2019-12-31": "4429.45700", "2018-12-31": "4509.29600", "2017-12-31": "4072.96700", "2016-12-31": "3471.51200", "2015-12-31": "3249.97200", "2014-12-31": "2980.48600", "2013-12-31": "3085.71800", "2012-12-31": "2550.04600", "2011-12-31": "2398.16400", "2010-12-31": "2248.61300", "2009-12-31": "2359.00000", "2008-12-31": "2246.24900", "2007-12-31": "2449.72000", "2006-12-31": "2412.72600", "2005-12-31": "2389.00100"}, "Property, Plant, And Equipment": {"2019-12-31": "4698.91700", "2018-12-31": "4699.90200", "2017-12-31": "4270.79000", "2016-12-31": "3370.34800", "2015-12-31": "3147.11800", "2014-12-31": "2703.21000", "2013-12-31": "2701.74300", "2012-12-31": "1692.85200", "2011-12-31": "1712.15400", "2010-12-31": "1687.12400", "2009-12-31": "1791.41200", "2008-12-31": "1925.74200", "2007-12-31": "1975.72100", "2006-12-31": "1888.08800", "2005-12-31": "1810.72800"}, "Long-Term Investments": {"2019-12-31": "", "2018-12-31": "", "2017-12-31": "", "2016-12-31": "", "2015-12-31": "", "2014-12-31": "", "2013-12-31": "", "2012-12-31": "", "2011-12-31": "", "2010-12-31": "", "2009-12-31": "", "2008-12-31": "", "2007-12-31": "", "2006-12-31": "", "2005-12-31": ""}, "Goodwill And Intangible Assets": {"2019-12-31": "3498.90600", "2018-12-31": "3482.77600", "2017-12-31": "3363.22600", "2016-12-31": "3109.03200", "2015-12-31": "3229.90600", "2014-12-31": "2306.36100", "2013-12-31": "2547.69400", "2012-12-31": "1939.57000", "2011-12-31": "1980.27500", "2010-12-31": "2046.52100", "2009-12-31": "2196.47000", "2008-12-31": "2247.28400", "2007-12-31": "3969.20800", "2006-12-31": "3879.73300", "2005-12-31": "3796.06000"}, "Other Long-Term Assets": {"2019-12-31": "", "2018-12-31": "", "2017-12-31": "", "2016-12-31": "", "2015-12-31": "", "2014-12-31": "", "2013-12-31": "", "2012-12-31": "", "2011-12-31": "", "2010-12-31": "", "2009-12-31": "", "2008-12-31": "", "2007-12-31": "", "2006-12-31": "", "2005-12-31": "44.24800"}, "Total Long-Term Assets": {"2019-12-31": "8957.22400", "2018-12-31": "8589.82700", "2017-12-31": "8021.88600", "2016-12-31": "6759.08400", "2015-12-31": "6684.42800", "2014-12-31": "5305.05800", "2013-12-31": "5408.45900", "2012-12-31": "3753.63800", "2011-12-31": "3808.06400", "2010-12-31": "3850.31300", "2009-12-31": "4032.44600", "2008-12-31": "4199.92600", "2007-12-31": "6230.33000", "2006-12-31": "5799.48300", "2005-12-31": "5651.03600"}, "Total Assets": {"2019-12-31": "13386.68000", "2018-12-31": "13099.12000", "2017-12-31": "12094.85000", "2016-12-31": "10230.60000", "2015-12-31": "9934.40000", "2014-12-31": "8285.54400", "2013-12-31": "8494.17700", "2012-12-31": "6303.68400", "2011-12-31": "6206.22800", "2010-12-31": "6098.92600", "2009-12-31": "6391.44600", "2008-12-31": "6446.17500", "2007-12-31": "8680.05000", "2006-12-31": "8212.20900", "2005-12-31": "8040.03700"}, "Total Current Liabilities": {"2019-12-31": "2712.58300", "2018-12-31": "3266.23900", "2017-12-31": "2655.35500", "2016-12-31": "2718.32000", "2015-12-31": "3259.02800", "2014-12-31": "1946.72400", "2013-12-31": "1320.81100", "2012-12-31": "828.64900", "2011-12-31": "1101.34600", "2010-12-31": "1048.91400", "2009-12-31": "884.02200", "2008-12-31": "876.91600", "2007-12-31": "1211.50000", "2006-12-31": "1629.57800", "2005-12-31": "1111.91400"}, "Long Term Debt": {"2019-12-31": "1518.38800", "2018-12-31": "1515.60100", "2017-12-31": "1559.89500", "2016-12-31": "1128.74700", "2015-12-31": "1188.96400", "2014-12-31": "1402.13500", "2013-12-31": "2132.79000", "2012-12-31": "1327.72900", "2011-12-31": "1200.18400", "2010-12-31": "1302.99400", "2009-12-31": "1801.57200", "2008-12-31": "1860.00100", "2007-12-31": "2021.39500", "2006-12-31": "2207.54700", "2005-12-31": "3194.56100"}, "Other Non-Current Liabilities": {"2019-12-31": "327.22000", "2018-12-31": "463.48400", "2017-12-31": "455.02800", "2016-12-31": "214.93000", "2015-12-31": "215.46300", "2014-12-31": "103.10800", "2013-12-31": "124.44700", "2012-12-31": "97.87900", "2011-12-31": "99.53700", "2010-12-31": "93.51800", "2009-12-31": "100.66700", "2008-12-31": "104.34000", "2007-12-31": "125.17900", "2006-12-31": "31.51000", "2005-12-31": "32.04100"}, "Total Long Term Liabilities": {"2019-12-31": "2547.64900", "2018-12-31": "2392.82500", "2017-12-31": "2372.48900", "2016-12-31": "1728.78900", "2015-12-31": "1814.50900", "2014-12-31": "1916.00700", "2013-12-31": "2703.06000", "2012-12-31": "1755.41800", "2011-12-31": "1689.09700", "2010-12-31": "1778.45600", "2009-12-31": "2306.60100", "2008-12-31": "2384.32600", "2007-12-31": "2761.19300", "2006-12-31": "2867.36800", "2005-12-31": "3869.88500"}, "Total Liabilities": {"2019-12-31": "5260.23200", "2018-12-31": "5659.06400", "2017-12-31": "5027.84400", "2016-12-31": "4447.10900", "2015-12-31": "5073.53700", "2014-12-31": "3862.73100", "2013-12-31": "4023.87100", "2012-12-31": "2584.06700", "2011-12-31": "2790.44300", "2010-12-31": "2827.37000", "2009-12-31": "3190.62300", "2008-12-31": "3261.24200", "2007-12-31": "3972.69300", "2006-12-31": "4496.94600", "2005-12-31": "4981.79900"}, "Common Stock Net": {"2019-12-31": "0.79000", "2018-12-31": "0.79700", "2017-12-31": "0.81800", "2016-12-31": "0.81500", "2015-12-31": "0.81300", "2014-12-31": "0.81100", "2013-12-31": "0.80800", "2012-12-31": "0.80200", "2011-12-31": "0.79800", "2010-12-31": "0.79700", "2009-12-31": "0.79500", "2008-12-31": "0.79500", "2007-12-31": "0.79400", "2006-12-31": "0.78800", "2005-12-31": "0.78500"}, "Retained Earnings (Accumulated Deficit)": {"2019-12-31": "7232.33700", "2018-12-31": "6588.19700", "2017-12-31": "6004.50600", "2016-12-31": "5032.91400", "2015-12-31": "4102.70700", "2014-12-31": "3487.07900", "2013-12-31": "2953.80900", "2012-12-31": "2605.02300", "2011-12-31": "2354.76500", "2010-12-31": "2180.84300", "2009-12-31": "1998.61600", "2008-12-31": "2004.11500", "2007-12-31": "3462.34300", "2006-12-31": "2755.52900", "2005-12-31": "2299.69600"}, "Comprehensive Income": {"2019-12-31": "-765.82400", "2018-12-31": "-791.60800", "2017-12-31": "-558.52700", "2016-12-31": "-833.02700", "2015-12-31": "-793.56800", "2014-12-31": "-429.32100", "2013-12-31": "178.68900", "2012-12-31": "159.73300", "2011-12-31": "135.63900", "2010-12-31": "178.09700", "2009-12-31": "296.91700", "2008-12-31": "254.53500", "2007-12-31": "363.98100", "2006-12-31": "130.37200", "2005-12-31": "-47.43300"}, "Other Share Holders Equity": {"2019-12-31": "", "2018-12-31": "", "2017-12-31": "", "2016-12-31": "", "2015-12-31": "", "2014-12-31": "", "2013-12-31": "", "2012-12-31": "", "2011-12-31": "", "2010-12-31": "", "2009-12-31": "", "2008-12-31": "", "2007-12-31": "", "2006-12-31": "", "2005-12-31": ""}, "Share Holder Equity": {"2019-12-31": "8126.44800", "2018-12-31": "7440.05900", "2017-12-31": "7067.00900", "2016-12-31": "5783.48700", "2015-12-31": "4860.86300", "2014-12-31": "4422.81300", "2013-12-31": "4470.30600", "2012-12-31": "3719.61700", "2011-12-31": "3415.78500", "2010-12-31": "3271.55600", "2009-12-31": "3200.82300", "2008-12-31": "3184.93300", "2007-12-31": "4707.35700", "2006-12-31": "3715.26300", "2005-12-31": "3058.23800"}, "Total Liabilities And Share Holders Equity": {"2019-12-31": "13386.68000", "2018-12-31": "13099.12000", "2017-12-31": "12094.85000", "2016-12-31": "10230.60000", "2015-12-31": "9934.40000", "2014-12-31": "8285.54400", "2013-12-31": "8494.17700", "2012-12-31": "6303.68400", "2011-12-31": "6206.22800", "2010-12-31": "6098.92600", "2009-12-31": "6391.44600", "2008-12-31": "6446.17500", "2007-12-31": "8680.05000", "2006-12-31": "8212.20900", "2005-12-31": "8040.03700"}}, "balance sheet, quarterly": {"Cash On Hand": {"2020-09-30": "1189.02200", "2020-06-30": "737.71200", "2020-03-31": "263.08600", "2019-12-31": "177.28500", "2019-09-30": "111.30300", "2019-06-30": "128.09600", "2019-03-31": "105.66800", "2018-12-31": "119.05000", "2018-09-30": "91.35100", "2018-06-30": "518.22600", "2018-03-31": "114.84300", "2017-12-31": "84.88400", "2017-09-30": "84.50200", "2017-06-30": "130.23800", "2017-03-31": "188.43600", "2016-12-31": "121.66500", "2016-09-30": "112.10800", "2016-06-30": "112.04900", "2016-03-31": "98.30500", "2015-12-31": "81.69200", "2015-09-30": "110.71600", "2015-06-30": "171.08700", "2015-03-31": "107.04100", "2014-12-31": "97.87700", "2014-09-30": "105.56900", "2014-06-30": "70.04400", "2014-03-31": "72.64500", "2013-12-31": "54.06600", "2013-09-30": "63.58000", "2013-06-30": "168.74500", "2013-03-31": "1120.16700", "2012-12-31": "477.67200", "2012-09-30": "380.84200", "2012-06-30": "319.46300", "2012-03-31": "304.77500", "2011-12-31": "311.94500", "2011-09-30": "276.15600", "2011-06-30": "285.42200", "2011-03-31": "256.23100", "2010-12-31": "382.17100", "2010-09-30": "365.83500", "2010-06-30": "342.67300", "2010-03-31": "452.33500", "2009-12-31": "531.45800", "2009-09-30": "306.14500", "2009-06-30": "226.54300", "2009-03-31": "136.55200", "2008-12-31": "93.51900", "2008-09-30": "62.02500", "2008-06-30": "64.03800", "2008-03-31": "73.28900", "2007-12-31": "89.60400", "2007-09-30": "81.66400", "2007-06-30": "57.76300", "2007-03-31": "53.59800", "2006-12-31": "63.49200", "2006-09-30": "69.73000", "2006-06-30": "73.39800", "2006-03-31": "82.17400", "2005-12-31": "134.58500", "2005-09-30": "", "2005-06-30": "", "2005-03-31": ""}, "Receivables": {"2020-09-30": "1710.96100", "2020-06-30": "1586.39800", "2020-03-31": "1644.75000", "2019-12-31": "1526.61900", "2019-09-30": "1787.15800", "2019-06-30": "1819.47400", "2019-03-31": "1743.58100", "2018-12-31": "1606.15900", "2018-09-30": "1755.71000", "2018-06-30": "1737.93500", "2018-03-31": "1689.91200", "2017-12-31": "1558.15900", "2017-09-30": "1656.06400", "2017-06-30": "1639.61400", "2017-03-31": "1497.90800", "2016-12-31": "1376.15100", "2016-09-30": "1506.31600", "2016-06-30": "1448.89800", "2016-03-31": "1406.72500", "2015-12-31": "1257.50500", "2015-09-30": "1340.65000", "2015-06-30": "1387.68700", "2015-03-31": "1158.85800", "2014-12-31": "1081.96300", "2014-09-30": "1209.55700", "2014-06-30": "1261.80800", "2014-03-31": "1174.89500", "2013-12-31": "1062.87500", "2013-09-30": "1154.36800", "2013-06-30": "1145.55000", "2013-03-31": "825.65900", "2012-12-31": "679.47300", "2012-09-30": "817.21400", "2012-06-30": "782.12200", "2012-03-31": "782.00000", "2011-12-31": "686.16500", "2011-09-30": "775.42100", "2011-06-30": "797.89300", "2011-03-31": "754.82600", "2010-12-31": "614.47300", "2010-09-30": "697.49100", "2010-06-30": "703.45800", "2010-03-31": "788.12400", "2009-12-31": "673.93100", "2009-09-30": "832.10500", "2009-06-30": "778.45600", "2009-03-31": "784.67700", "2008-12-31": "696.28400", "2008-09-30": "933.74100", "2008-06-30": "982.37800", "2008-03-31": "955.32500", "2007-12-31": "821.11300", "2007-09-30": "958.94700", "2007-06-30": "968.10300", "2007-03-31": "948.76700", "2006-12-31": "910.02100", "2006-09-30": "958.41600", "2006-06-30": "987.62600", "2006-03-31": "948.22900", "2005-12-31": "848.66600", "2005-09-30": "811.62800", "2005-06-30": "775.99200", "2005-03-31": "739.78900"}, "Inventory": {"2020-09-30": "1841.97300", "2020-06-30": "1922.04800", "2020-03-31": "2195.43400", "2019-12-31": "2282.32800", "2019-09-30": "2337.95200", "2019-06-30": "2367.63100", "2019-03-31": "2338.12500", "2018-12-31": "2287.61500", "2018-09-30": "2214.29500", "2018-06-30": "2061.20400", "2018-03-31": "2044.96200", "2017-12-31": "1948.66300", "2017-09-30": "1911.02900", "2017-06-30": "1865.94100", "2017-03-31": "1740.88000", "2016-12-31": "1675.75100", "2016-09-30": "1673.24200", "2016-06-30": "1660.13100", "2016-03-31": "1652.03000", "2015-12-31": "1607.25600", "2015-09-30": "1621.15400", "2015-06-30": "1592.40300", "2015-03-31": "1505.63200", "2014-12-31": "1543.31300", "2014-09-30": "1640.48700", "2014-06-30": "1644.76800", "2014-03-31": "1632.23600", "2013-12-31": "1572.32500", "2013-09-30": "1612.69600", "2013-06-30": "1591.55200", "2013-03-31": "1230.25000", "2012-12-31": "1133.73600", "2012-09-30": "1139.40300", "2012-06-30": "1161.07300", "2012-03-31": "1164.99100", "2011-12-31": "1113.63000", "2011-09-30": "1132.07300", "2011-06-30": "1102.76900", "2011-03-31": "1075.61300", "2010-12-31": "1007.50300", "2010-09-30": "996.27100", "2010-06-30": "965.77800", "2010-03-31": "932.78500", "2009-12-31": "892.98100", "2009-09-30": "939.47800", "2009-06-30": "936.33600", "2009-03-31": "985.46300", "2008-12-31": "1168.27200", "2008-09-30": "1234.69600", "2008-06-30": "1250.30000", "2008-03-31": "1296.42400", "2007-12-31": "1276.56800", "2007-09-30": "1297.60500", "2007-06-30": "1229.32600", "2007-03-31": "1245.07300", "2006-12-31": "1225.87400", "2006-09-30": "1275.43500", "2006-06-30": "1283.93100", "2006-03-31": "1186.62600", "2005-12-31": "1215.42700", "2005-09-30": "1089.97000", "2005-06-30": "1125.14500", "2005-03-31": "1145.74700"}, "Pre-Paid Expenses": {"2020-09-30": "374.87500", "2020-06-30": "399.96700", "2020-03-31": "419.09900", "2019-12-31": "415.54600", "2019-09-30": "425.59500", "2019-06-30": "419.77500", "2019-03-31": "427.23300", "2018-12-31": "421.55300", "2018-09-30": "416.80500", "2018-06-30": "385.22800", "2018-03-31": "379.11100", "2017-12-31": "376.83600", "2017-09-30": "325.16000", "2017-06-30": "345.29400", "2017-03-31": "279.15300", "2016-12-31": "267.72400", "2016-09-30": "252.81200", "2016-06-30": "259.24600", "2016-03-31": "254.08800", "2015-12-31": "258.63300", "2015-09-30": "226.66500", "2015-06-30": "263.47700", "2015-03-31": "247.49400", "2014-12-31": "225.75900", "2014-09-30": "233.76300", "2014-06-30": "230.26300", "2014-03-31": "207.61800", "2013-12-31": "204.03400", "2013-09-30": "179.56200", "2013-06-30": "191.11700", "2013-03-31": "134.94400", "2012-12-31": "138.11700", "2012-09-30": "128.49700", "2012-06-30": "127.50500", "2012-03-31": "113.76400", "2011-12-31": "112.77900", "2011-09-30": "104.25000", "2011-06-30": "103.51800", "2011-03-31": "97.84600", "2010-12-31": "91.73100", "2010-09-30": "87.20800", "2010-06-30": "118.09600", "2010-03-31": "109.96800", "2009-12-31": "108.94700", "2009-09-30": "117.36700", "2009-06-30": "127.86600", "2009-03-31": "128.41300", "2008-12-31": "125.60300", "2008-09-30": "122.46400", "2008-06-30": "131.21800", "2008-03-31": "135.42900", "2007-12-31": "123.39500", "2007-09-30": "111.49400", "2007-06-30": "121.62500", "2007-03-31": "119.81500", "2006-12-31": "114.08800", "2006-09-30": "126.89500", "2006-06-30": "134.08700", "2006-03-31": "140.19400", "2005-12-31": "140.78900", "2005-09-30": "44.16000", "2005-06-30": "49.12500", "2005-03-31": "46.42800"}, "Other Current Assets": {"2020-09-30": "35.15600", "2020-06-30": "99.87300", "2020-03-31": "90.66200", "2019-12-31": "27.67900", "2019-09-30": "65.77200", "2019-06-30": "73.34100", "2019-03-31": "74.35800", "2018-12-31": "74.91900", "2018-09-30": "70.30900", "2018-06-30": "71.08700", "2018-03-31": "68.21100", "2017-12-31": "104.42500", "2017-09-30": "20.35500", "2017-06-30": "29.63600", "2017-03-31": "28.60500", "2016-12-31": "30.22100", "2016-09-30": "31.83600", "2016-06-30": "38.87900", "2016-03-31": "59.40300", "2015-12-31": "44.88600", "2015-09-30": "47.11000", "2015-06-30": "40.39400", "2015-03-31": "37.76700", "2014-12-31": "31.57400", "2014-09-30": "42.21800", "2014-06-30": "36.94700", "2014-03-31": "42.07200", "2013-12-31": "44.88400", "2013-09-30": "42.20500", "2013-06-30": "38.74200", "2013-03-31": "22.06700", "2012-12-31": "9.46300", "2012-09-30": "17.77800", "2012-06-30": "17.41000", "2012-03-31": "22.98800", "2011-12-31": "22.73500", "2011-09-30": "20.75700", "2011-06-30": "22.29700", "2011-03-31": "21.67200", "2010-12-31": "19.43100", "2010-09-30": "27.66800", "2010-06-30": "19.24200", "2010-03-31": "23.73100", "2009-12-31": "20.69300", "2009-09-30": "", "2009-06-30": "", "2009-03-31": "", "2008-12-31": "13.36800", "2008-09-30": "", "2008-06-30": "", "2008-03-31": "", "2007-12-31": "", "2007-09-30": "", "2007-06-30": "", "2007-03-31": "", "2006-12-31": "", "2006-09-30": "", "2006-06-30": "", "2006-03-31": "", "2005-12-31": "", "2005-09-30": "", "2005-06-30": "", "2005-03-31": ""}, "Total Current Assets": {"2020-09-30": "5151.98700", "2020-06-30": "4745.99800", "2020-03-31": "4613.03100", "2019-12-31": "4429.45700", "2019-09-30": "4727.78000", "2019-06-30": "4808.31700", "2019-03-31": "4688.96500", "2018-12-31": "4509.29600", "2018-09-30": "4548.47000", "2018-06-30": "4773.68000", "2018-03-31": "4297.03900", "2017-12-31": "4072.96700", "2017-09-30": "3997.11000", "2017-06-30": "4010.72300", "2017-03-31": "3734.98200", "2016-12-31": "3471.51200", "2016-09-30": "3576.31400", "2016-06-30": "3519.20300", "2016-03-31": "3470.55100", "2015-12-31": "3249.97200", "2015-09-30": "3499.19400", "2015-06-30": "3608.62200", "2015-03-31": "3203.81900", "2014-12-31": "2980.48600", "2014-09-30": "3368.81400", "2014-06-30": "3379.08900", "2014-03-31": "3263.27400", "2013-12-31": "3085.71800", "2013-09-30": "3188.46300", "2013-06-30": "3270.19500", "2013-03-31": "3446.60600", "2012-12-31": "2550.04600", "2012-09-30": "2596.72900", "2012-06-30": "2534.18600", "2012-03-31": "2544.62800", "2011-12-31": "2398.16400", "2011-09-30": "2440.58800", "2011-06-30": "2447.23700", "2011-03-31": "2339.67500", "2010-12-31": "2248.61300", "2010-09-30": "2294.20200", "2010-06-30": "2284.86000", "2010-03-31": "2443.45800", "2009-12-31": "2359.00000", "2009-09-30": "2359.11100", "2009-06-30": "2255.77300", "2009-03-31": "2226.62100", "2008-12-31": "2246.24900", "2008-09-30": "2504.08600", "2008-06-30": "2566.26600", "2008-03-31": "2595.87400", "2007-12-31": "2449.72000", "2007-09-30": "2607.37500", "2007-06-30": "2550.06900", "2007-03-31": "2543.69700", "2006-12-31": "2412.72600", "2006-09-30": "2485.60400", "2006-06-30": "2520.46900", "2006-03-31": "2392.08000", "2005-12-31": "2389.00100", "2005-09-30": "2001.06900", "2005-06-30": "2005.57300", "2005-03-31": "1987.27500"}, "Property, Plant, And Equipment": {"2020-09-30": "4405.24300", "2020-06-30": "4434.54400", "2020-03-31": "4472.91300", "2019-12-31": "4698.91700", "2019-09-30": "4600.63000", "2019-06-30": "4714.30600", "2019-03-31": "4674.43500", "2018-12-31": "4699.90200", "2018-09-30": "4586.23600", "2018-06-30": "4421.07300", "2018-03-31": "4460.79300", "2017-12-31": "4270.79000", "2017-09-30": "4090.09900", "2017-06-30": "3892.25100", "2017-03-31": "3506.15400", "2016-12-31": "3370.34800", "2016-09-30": "3340.89300", "2016-06-30": "3243.83800", "2016-03-31": "3224.32700", "2015-12-31": "3147.11800", "2015-09-30": "3046.49100", "2015-06-30": "3014.75100", "2015-03-31": "2618.63300", "2014-12-31": "2703.21000", "2014-09-30": "2772.72200", "2014-06-30": "2830.20200", "2014-03-31": "2745.05700", "2013-12-31": "2701.74300", "2013-09-30": "2683.98400", "2013-06-30": "2594.25600", "2013-03-31": "1729.91600", "2012-12-31": "1692.85200", "2012-09-30": "1657.22600", "2012-06-30": "1652.44400", "2012-03-31": "1718.39600", "2011-12-31": "1712.15400", "2011-09-30": "1696.18200", "2011-06-30": "1730.91400", "2011-03-31": "1715.89500", "2010-12-31": "1687.12400", "2010-09-30": "1680.54100", "2010-06-30": "1654.16100", "2010-03-31": "1719.05100", "2009-12-31": "1791.41200", "2009-09-30": "1841.77900", "2009-06-30": "1864.30100", "2009-03-31": "1867.07200", "2008-12-31": "1925.74200", "2008-09-30": "1963.93900", "2008-06-30": "2018.81300", "2008-03-31": "2026.05800", "2007-12-31": "1975.72100", "2007-09-30": "1936.59800", "2007-06-30": "1858.28200", "2007-03-31": "1864.99900", "2006-12-31": "1888.08800", "2006-09-30": "1869.27300", "2006-06-30": "1904.80300", "2006-03-31": "1822.42400", "2005-12-31": "1810.72800", "2005-09-30": "995.20500", "2005-06-30": "973.62700", "2005-03-31": "940.08600"}, "Long-Term Investments": {"2020-09-30": "", "2020-06-30": "", "2020-03-31": "", "2019-12-31": "", "2019-09-30": "", "2019-06-30": "", "2019-03-31": "", "2018-12-31": "", "2018-09-30": "", "2018-06-30": "", "2018-03-31": "", "2017-12-31": "", "2017-09-30": "", "2017-06-30": "", "2017-03-31": "", "2016-12-31": "", "2016-09-30": "", "2016-06-30": "", "2016-03-31": "", "2015-12-31": "", "2015-09-30": "", "2015-06-30": "", "2015-03-31": "", "2014-12-31": "", "2014-09-30": "", "2014-06-30": "", "2014-03-31": "", "2013-12-31": "", "2013-09-30": "", "2013-06-30": "", "2013-03-31": "", "2012-12-31": "", "2012-09-30": "", "2012-06-30": "", "2012-03-31": "", "2011-12-31": "", "2011-09-30": "", "2011-06-30": "", "2011-03-31": "", "2010-12-31": "", "2010-09-30": "", "2010-06-30": "", "2010-03-31": "", "2009-12-31": "", "2009-09-30": "", "2009-06-30": "", "2009-03-31": "", "2008-12-31": "", "2008-09-30": "", "2008-06-30": "", "2008-03-31": "", "2007-12-31": "", "2007-09-30": "", "2007-06-30": "", "2007-03-31": "", "2006-12-31": "", "2006-09-30": "", "2006-06-30": "", "2006-03-31": "", "2005-12-31": "", "2005-09-30": "", "2005-06-30": "", "2005-03-31": ""}, "Goodwill And Intangible Assets": {"2020-09-30": "3493.41900", "2020-06-30": "3452.74400", "2020-03-31": "3424.00200", "2019-12-31": "3498.90600", "2019-09-30": "3436.16700", "2019-06-30": "3516.32600", "2019-03-31": "3499.56100", "2018-12-31": "3482.77600", "2018-09-30": "3466.80000", "2018-06-30": "3305.57800", "2018-03-31": "3412.60400", "2017-12-31": "3363.22600", "2017-09-30": "3344.65800", "2017-06-30": "3295.35900", "2017-03-31": "3128.86800", "2016-12-31": "3109.03200", "2016-09-30": "3208.53600", "2016-06-30": "3253.05800", "2016-03-31": "3290.49600", "2015-12-31": "3229.90600", "2015-09-30": "3199.37700", "2015-06-30": "3225.51000", "2015-03-31": "2215.00100", "2014-12-31": "2306.36100", "2014-09-30": "2414.82400", "2014-06-30": "2522.97300", "2014-03-31": "2518.68800", "2013-12-31": "2547.69400", "2013-09-30": "2524.99900", "2013-06-30": "2491.15100", "2013-03-31": "1963.41800", "2012-12-31": "1939.57000", "2012-09-30": "1925.75100", "2012-06-30": "1928.30400", "2012-03-31": "1990.33700", "2011-12-31": "1980.27500", "2011-09-30": "2023.59400", "2011-06-30": "2100.00800", "2011-03-31": "2096.43400", "2010-12-31": "2046.52100", "2010-09-30": "2099.99100", "2010-06-30": "2026.15900", "2010-03-31": "2113.87100", "2009-12-31": "2196.47000", "2009-09-30": "2241.97700", "2009-06-30": "2211.46700", "2009-03-31": "2168.47900", "2008-12-31": "2247.28400", "2008-09-30": "2484.14700", "2008-06-30": "4066.88100", "2008-03-31": "4089.18300", "2007-12-31": "3969.20800", "2007-09-30": "3956.22500", "2007-06-30": "3873.48500", "2007-03-31": "3877.44700", "2006-12-31": "3879.73300", "2006-09-30": "3853.83100", "2006-06-30": "3888.22000", "2006-03-31": "3815.52500", "2005-12-31": "3796.06000", "2005-09-30": "1698.49300", "2005-06-30": "1697.99400", "2005-03-31": "1698.99500"}, "Other Long-Term Assets": {"2020-09-30": "", "2020-06-30": "", "2020-03-31": "", "2019-12-31": "", "2019-09-30": "", "2019-06-30": "", "2019-03-31": "", "2018-12-31": "", "2018-09-30": "", "2018-06-30": "", "2018-03-31": "", "2017-12-31": "", "2017-09-30": "", "2017-06-30": "", "2017-03-31": "", "2016-12-31": "", "2016-09-30": "", "2016-06-30": "", "2016-03-31": "", "2015-12-31": "", "2015-09-30": "", "2015-06-30": "", "2015-03-31": "", "2014-12-31": "", "2014-09-30": "", "2014-06-30": "", "2014-03-31": "", "2013-12-31": "", "2013-09-30": "", "2013-06-30": "", "2013-03-31": "", "2012-12-31": "", "2012-09-30": "", "2012-06-30": "", "2012-03-31": "", "2011-12-31": "", "2011-09-30": "", "2011-06-30": "", "2011-03-31": "", "2010-12-31": "", "2010-09-30": "", "2010-06-30": "", "2010-03-31": "", "2009-12-31": "", "2009-09-30": "", "2009-06-30": "", "2009-03-31": "", "2008-12-31": "", "2008-09-30": "", "2008-06-30": "", "2008-03-31": "", "2007-12-31": "", "2007-09-30": "26.97200", "2007-06-30": "27.97200", "2007-03-31": "29.14100", "2006-12-31": "", "2006-09-30": "25.93300", "2006-06-30": "34.31900", "2006-03-31": "30.70400", "2005-12-31": "44.24800", "2005-09-30": "13.00700", "2005-06-30": "13.05500", "2005-03-31": "14.67200"}, "Total Long-Term Assets": {"2020-09-30": "8632.22700", "2020-06-30": "8623.40600", "2020-03-31": "8643.91100", "2019-12-31": "8957.22400", "2019-09-30": "8664.98100", "2019-06-30": "8997.78400", "2019-03-31": "8916.11000", "2018-12-31": "8589.82700", "2018-09-30": "8452.45600", "2018-06-30": "8120.35900", "2018-03-31": "8263.33300", "2017-12-31": "8021.88600", "2017-09-30": "7825.70300", "2017-06-30": "7578.76900", "2017-03-31": "6992.53500", "2016-12-31": "6759.08400", "2016-09-30": "6844.27900", "2016-06-30": "6793.62800", "2016-03-31": "6821.76400", "2015-12-31": "6684.42800", "2015-09-30": "6565.28800", "2015-06-30": "6557.04800", "2015-03-31": "5080.80300", "2014-12-31": "5305.05800", "2014-09-30": "5332.64600", "2014-06-30": "5502.59200", "2014-03-31": "5418.21400", "2013-12-31": "5408.45900", "2013-09-30": "5375.69400", "2013-06-30": "5238.76900", "2013-03-31": "3815.23900", "2012-12-31": "3753.63800", "2012-09-30": "3705.88300", "2012-06-30": "3730.59100", "2012-03-31": "3854.56600", "2011-12-31": "3808.06400", "2011-09-30": "3836.98000", "2011-06-30": "3941.76300", "2011-03-31": "3926.55800", "2010-12-31": "3850.31300", "2010-09-30": "3897.70800", "2010-06-30": "3719.05600", "2010-03-31": "3875.44200", "2009-12-31": "4032.44600", "2009-09-30": "4129.34400", "2009-06-30": "4099.91600", "2009-03-31": "4061.01500", "2008-12-31": "4199.92600", "2008-09-30": "4468.34600", "2008-06-30": "6393.26600", "2008-03-31": "6421.54500", "2007-12-31": "6230.33000", "2007-09-30": "5919.79500", "2007-06-30": "5759.73900", "2007-03-31": "5771.58700", "2006-12-31": "5799.48300", "2006-09-30": "5749.03700", "2006-06-30": "5827.34200", "2006-03-31": "5668.65300", "2005-12-31": "5651.03600", "2005-09-30": "2706.70500", "2005-06-30": "2684.67600", "2005-03-31": "2653.75300"}, "Total Assets": {"2020-09-30": "13784.21000", "2020-06-30": "13369.40000", "2020-03-31": "13256.94000", "2019-12-31": "13386.68000", "2019-09-30": "13392.76000", "2019-06-30": "13806.10000", "2019-03-31": "13605.08000", "2018-12-31": "13099.12000", "2018-09-30": "13000.93000", "2018-06-30": "12894.04000", "2018-03-31": "12560.37000", "2017-12-31": "12094.85000", "2017-09-30": "11822.81000", "2017-06-30": "11589.49000", "2017-03-31": "10727.52000", "2016-12-31": "10230.60000", "2016-09-30": "10420.59000", "2016-06-30": "10312.83000", "2016-03-31": "10292.32000", "2015-12-31": "9934.40000", "2015-09-30": "10064.48000", "2015-06-30": "10165.67000", "2015-03-31": "8284.62200", "2014-12-31": "8285.54400", "2014-09-30": "8701.46000", "2014-06-30": "8881.68100", "2014-03-31": "8681.48800", "2013-12-31": "8494.17700", "2013-09-30": "8564.15700", "2013-06-30": "8508.96400", "2013-03-31": "7261.84500", "2012-12-31": "6303.68400", "2012-09-30": "6302.61200", "2012-06-30": "6264.77700", "2012-03-31": "6399.19400", "2011-12-31": "6206.22800", "2011-09-30": "6277.56800", "2011-06-30": "6389.00000", "2011-03-31": "6266.23300", "2010-12-31": "6098.92600", "2010-09-30": "6191.91000", "2010-06-30": "6003.91600", "2010-03-31": "6318.90000", "2009-12-31": "6391.44600", "2009-09-30": "6488.45500", "2009-06-30": "6355.68900", "2009-03-31": "6287.63600", "2008-12-31": "6446.17500", "2008-09-30": "6972.43200", "2008-06-30": "8959.53200", "2008-03-31": "9017.41900", "2007-12-31": "8680.05000", "2007-09-30": "8527.17000", "2007-06-30": "8309.80800", "2007-03-31": "8315.28400", "2006-12-31": "8212.20900", "2006-09-30": "8234.64100", "2006-06-30": "8347.81100", "2006-03-31": "8060.73300", "2005-12-31": "8040.03700", "2005-09-30": "4707.77400", "2005-06-30": "4690.24900", "2005-03-31": "4641.02800"}, "Total Current Liabilities": {"2020-09-30": "2387.11400", "2020-06-30": "1872.23000", "2020-03-31": "2871.28300", "2019-12-31": "2712.58300", "2019-09-30": "3114.69900", "2019-06-30": "3705.79100", "2019-03-31": "3434.24700", "2018-12-31": "3266.23900", "2018-09-30": "2957.27100", "2018-06-30": "2736.07200", "2018-03-31": "2795.91000", "2017-12-31": "2655.35500", "2017-09-30": "2697.01800", "2017-06-30": "3220.73500", "2017-03-31": "2828.32700", "2016-12-31": "2718.32000", "2016-09-30": "2983.32000", "2016-06-30": "3129.73400", "2016-03-31": "3323.66800", "2015-12-31": "3259.02800", "2015-09-30": "3299.78400", "2015-06-30": "3001.53100", "2015-03-31": "2891.98000", "2014-12-31": "1946.72400", "2014-09-30": "1831.35700", "2014-06-30": "1872.52000", "2014-03-31": "1843.51500", "2013-12-31": "1320.81100", "2013-09-30": "1385.22300", "2013-06-30": "1344.96200", "2013-03-31": "877.63100", "2012-12-31": "828.64900", "2012-09-30": "818.85900", "2012-06-30": "790.56900", "2012-03-31": "778.69200", "2011-12-31": "1101.34600", "2011-09-30": "1213.23900", "2011-06-30": "1224.48200", "2011-03-31": "792.47400", "2010-12-31": "1048.91400", "2010-09-30": "1131.31100", "2010-06-30": "1160.21600", "2010-03-31": "1411.11600", "2009-12-31": "884.02200", "2009-09-30": "929.74200", "2009-06-30": "930.92500", "2009-03-31": "965.89800", "2008-12-31": "876.91600", "2008-09-30": "1112.58100", "2008-06-30": "1256.13500", "2008-03-31": "1300.64100", "2007-12-31": "1211.50000", "2007-09-30": "1359.46500", "2007-06-30": "1395.35100", "2007-03-31": "1497.30800", "2006-12-31": "1629.57800", "2006-09-30": "1634.12500", "2006-06-30": "1677.53000", "2006-03-31": "1133.88200", "2005-12-31": "1111.91400", "2005-09-30": "844.87800", "2005-06-30": "941.64800", "2005-03-31": "975.39600"}, "Long Term Debt": {"2020-09-30": "2282.78100", "2020-06-30": "2573.15500", "2020-03-31": "1514.00000", "2019-12-31": "1518.38800", "2019-09-30": "1483.58100", "2019-06-30": "1169.48900", "2019-03-31": "1497.97500", "2018-12-31": "1515.60100", "2018-09-30": "1528.55100", "2018-06-30": "1884.02300", "2018-03-31": "1585.65100", "2017-12-31": "1559.89500", "2017-09-30": "1544.66500", "2017-06-30": "1174.44000", "2017-03-31": "1132.26800", "2016-12-31": "1128.74700", "2016-09-30": "1165.57700", "2016-06-30": "1160.70000", "2016-03-31": "1173.60000", "2015-12-31": "1188.96400", "2015-09-30": "1263.17600", "2015-06-30": "1777.82800", "2015-03-31": "606.08000", "2014-12-31": "1402.13500", "2014-09-30": "1806.82100", "2014-06-30": "1807.60900", "2014-03-31": "1811.78900", "2013-12-31": "2132.79000", "2013-09-30": "2257.39100", "2013-06-30": "2450.58400", "2013-03-31": "2253.02000", "2012-12-31": "1327.72900", "2012-09-30": "1467.26900", "2012-06-30": "1570.53000", "2012-03-31": "1642.41900", "2011-12-31": "1200.18400", "2011-09-30": "1173.03800", "2011-06-30": "1155.15000", "2011-03-31": "1577.18800", "2010-12-31": "1302.99400", "2010-09-30": "1303.15100", "2010-06-30": "1303.15500", "2010-03-31": "1303.43700", "2009-12-31": "1801.57200", "2009-09-30": "1802.13800", "2009-06-30": "1804.08600", "2009-03-31": "1843.61200", "2008-12-31": "1860.00100", "2008-09-30": "1924.69800", "2008-06-30": "1896.64200", "2008-03-31": "2003.01300", "2007-12-31": "2021.39500", "2007-09-30": "2126.93600", "2007-06-30": "2137.34900", "2007-03-31": "2189.86200", "2006-12-31": "2207.54700", "2006-09-30": "2438.73200", "2006-06-30": "2596.41200", "2006-03-31": "3148.00000", "2005-12-31": "3194.56100", "2005-09-30": "700.00000", "2005-06-30": "700.00000", "2005-03-31": "700.00000"}, "Other Non-Current Liabilities": {"2020-09-30": "321.30900", "2020-06-30": "338.33600", "2020-03-31": "305.15100", "2019-12-31": "327.22000", "2019-09-30": "355.73100", "2019-06-30": "436.84300", "2019-03-31": "445.44100", "2018-12-31": "463.48400", "2018-09-30": "511.40700", "2018-06-30": "505.08800", "2018-03-31": "462.22200", "2017-12-31": "455.02800", "2017-09-30": "333.91700", "2017-06-30": "323.85100", "2017-03-31": "292.49900", "2016-12-31": "214.93000", "2016-09-30": "213.75800", "2016-06-30": "210.49900", "2016-03-31": "221.89200", "2015-12-31": "215.46300", "2015-09-30": "238.44600", "2015-06-30": "232.06000", "2015-03-31": "168.45500", "2014-12-31": "103.10800", "2014-09-30": "111.81700", "2014-06-30": "118.92000", "2014-03-31": "109.70600", "2013-12-31": "124.44700", "2013-09-30": "135.32200", "2013-06-30": "156.30300", "2013-03-31": "87.32000", "2012-12-31": "97.87900", "2012-09-30": "92.35900", "2012-06-30": "93.29000", "2012-03-31": "95.83800", "2011-12-31": "99.53700", "2011-09-30": "95.92800", "2011-06-30": "93.49900", "2011-03-31": "94.64200", "2010-12-31": "93.51800", "2010-09-30": "89.72000", "2010-06-30": "90.58200", "2010-03-31": "99.09200", "2009-12-31": "100.66700", "2009-09-30": "107.95100", "2009-06-30": "107.21600", "2009-03-31": "104.71000", "2008-12-31": "104.34000", "2008-09-30": "119.47500", "2008-06-30": "125.17300", "2008-03-31": "125.57600", "2007-12-31": "125.17900", "2007-09-30": "151.87400", "2007-06-30": "148.79000", "2007-03-31": "150.80900", "2006-12-31": "31.51000", "2006-09-30": "40.01000", "2006-06-30": "36.55200", "2006-03-31": "33.53100", "2005-12-31": "32.04100", "2005-09-30": "29.37300", "2005-06-30": "29.48300", "2005-03-31": "29.77000"}, "Total Long Term Liabilities": {"2020-09-30": "3230.03100", "2020-06-30": "3572.31000", "2020-03-31": "2538.01600", "2019-12-31": "2547.64900", "2019-09-30": "2512.78400", "2019-06-30": "2278.72000", "2019-03-31": "2593.78300", "2018-12-31": "2392.82500", "2018-09-30": "2471.87800", "2018-06-30": "2784.53300", "2018-03-31": "2418.45300", "2017-12-31": "2372.48900", "2017-09-30": "2328.19300", "2017-06-30": "1914.26300", "2017-03-31": "1834.36600", "2016-12-31": "1728.78900", "2016-09-30": "1764.58500", "2016-06-30": "1797.51400", "2016-03-31": "1812.06900", "2015-12-31": "1814.50900", "2015-09-30": "2008.81500", "2015-06-30": "2549.25700", "2015-03-31": "1168.84700", "2014-12-31": "1916.00700", "2014-09-30": "2293.58500", "2014-06-30": "2335.86100", "2014-03-31": "2344.52900", "2013-12-31": "2703.06000", "2013-09-30": "2845.30100", "2013-06-30": "3059.70900", "2013-03-31": "2659.63000", "2012-12-31": "1755.41800", "2012-09-30": "1888.81800", "2012-06-30": "1997.89000", "2012-03-31": "2101.20500", "2011-12-31": "1689.09700", "2011-09-30": "1645.59400", "2011-06-30": "1647.55900", "2011-03-31": "2060.42700", "2010-12-31": "1778.45600", "2010-09-30": "1745.09900", "2010-06-30": "1734.51000", "2010-03-31": "1756.29500", "2009-12-31": "2306.60100", "2009-09-30": "2312.62400", "2009-06-30": "2294.44100", "2009-03-31": "2330.31600", "2008-12-31": "2384.32600", "2008-09-30": "2513.70600", "2008-06-30": "2660.50000", "2008-03-31": "2767.79800", "2007-12-31": "2761.19300", "2007-09-30": "2919.97300", "2007-06-30": "2905.62700", "2007-03-31": "2965.37900", "2006-12-31": "2867.36800", "2006-09-30": "3070.01500", "2006-06-30": "3250.74400", "2006-03-31": "3776.02000", "2005-12-31": "3869.88500", "2005-09-30": "921.13400", "2005-06-30": "921.24400", "2005-03-31": "921.53100"}, "Total Liabilities": {"2020-09-30": "5617.14500", "2020-06-30": "5444.54000", "2020-03-31": "5409.29900", "2019-12-31": "5260.23200", "2019-09-30": "5627.48300", "2019-06-30": "5984.51100", "2019-03-31": "6028.03000", "2018-12-31": "5659.06400", "2018-09-30": "5429.14900", "2018-06-30": "5520.60500", "2018-03-31": "5214.36100", "2017-12-31": "5027.84400", "2017-09-30": "5025.20800", "2017-06-30": "5134.99800", "2017-03-31": "4662.69300", "2016-12-31": "4447.10900", "2016-09-30": "4747.90500", "2016-06-30": "4927.24800", "2016-03-31": "5135.73700", "2015-12-31": "5073.53700", "2015-09-30": "5308.59700", "2015-06-30": "5550.78800", "2015-03-31": "4060.82700", "2014-12-31": "3862.73100", "2014-09-30": "4124.94200", "2014-06-30": "4208.38100", "2014-03-31": "4188.04400", "2013-12-31": "4023.87100", "2013-09-30": "4230.52400", "2013-06-30": "4404.67100", "2013-03-31": "3537.26100", "2012-12-31": "2584.06700", "2012-09-30": "2707.67700", "2012-06-30": "2788.45900", "2012-03-31": "2879.89700", "2011-12-31": "2790.44300", "2011-09-30": "2858.83300", "2011-06-30": "2872.04100", "2011-03-31": "2852.90100", "2010-12-31": "2827.37000", "2010-09-30": "2876.41000", "2010-06-30": "2894.72600", "2010-03-31": "3167.41100", "2009-12-31": "3190.62300", "2009-09-30": "3242.36600", "2009-06-30": "3225.36600", "2009-03-31": "3296.21400", "2008-12-31": "3261.24200", "2008-09-30": "3626.28700", "2008-06-30": "3916.63500", "2008-03-31": "4068.43900", "2007-12-31": "3972.69300", "2007-09-30": "4279.43800", "2007-06-30": "4300.97800", "2007-03-31": "4462.68700", "2006-12-31": "4496.94600", "2006-09-30": "4704.14000", "2006-06-30": "4928.27400", "2006-03-31": "4909.90200", "2005-12-31": "4981.79900", "2005-09-30": "1766.01200", "2005-06-30": "1862.89200", "2005-03-31": "1896.92700"}, "Common Stock Net": {"2020-09-30": "0.78500", "2020-06-30": "0.78500", "2020-03-31": "0.78500", "2019-12-31": "0.79000", "2019-09-30": "0.79200", "2019-06-30": "0.79700", "2019-03-31": "0.79800", "2018-12-31": "0.79700", "2018-09-30": "0.82000", "2018-06-30": "0.82000", "2018-03-31": "0.81900", "2017-12-31": "0.81800", "2017-09-30": "0.81700", "2017-06-30": "0.81700", "2017-03-31": "0.81700", "2016-12-31": "0.81500", "2016-09-30": "0.81600", "2016-06-30": "0.81500", "2016-03-31": "0.81400", "2015-12-31": "0.81300", "2015-09-30": "0.81300", "2015-06-30": "0.82100", "2015-03-31": "0.81200", "2014-12-31": "0.81100", "2014-09-30": "0.81100", "2014-06-30": "0.81000", "2014-03-31": "0.81000", "2013-12-31": "0.80800", "2013-09-30": "0.80800", "2013-06-30": "0.80700", "2013-03-31": "0.80600", "2012-12-31": "0.80200", "2012-09-30": "0.80100", "2012-06-30": "0.80000", "2012-03-31": "0.80000", "2011-12-31": "0.79800", "2011-09-30": "0.79800", "2011-06-30": "0.79800", "2011-03-31": "0.79700", "2010-12-31": "0.79700", "2010-09-30": "0.79600", "2010-06-30": "0.79600", "2010-03-31": "0.79600", "2009-12-31": "0.79500", "2009-09-30": "0.79500", "2009-06-30": "0.79500", "2009-03-31": "0.79500", "2008-12-31": "0.79500", "2008-09-30": "0.79500", "2008-06-30": "0.79400", "2008-03-31": "0.79400", "2007-12-31": "0.79400", "2007-09-30": "0.79300", "2007-06-30": "0.79300", "2007-03-31": "0.79100", "2006-12-31": "0.78800", "2006-09-30": "0.78700", "2006-06-30": "0.78700", "2006-03-31": "0.78600", "2005-12-31": "0.78500", "2005-09-30": "0.77900", "2005-06-30": "0.77800", "2005-03-31": "0.77600"}, "Retained Earnings (Accumulated Deficit)": {"2020-09-30": "7430.94500", "2020-06-30": "7225.82800", "2020-03-31": "7274.08500", "2019-12-31": "7232.33700", "2019-09-30": "6991.07600", "2019-06-30": "6903.26100", "2019-03-31": "6709.78200", "2018-12-31": "6588.19700", "2018-09-30": "6635.89600", "2018-06-30": "6409.55200", "2018-03-31": "6212.96600", "2017-12-31": "6004.50600", "2017-09-30": "5764.12800", "2017-06-30": "5494.14900", "2017-03-31": "5233.46800", "2016-12-31": "5032.91400", "2016-09-30": "4799.18700", "2016-06-30": "4529.44100", "2016-03-31": "4274.25400", "2015-12-31": "4102.70700", "2015-09-30": "3911.14800", "2015-06-30": "3696.27200", "2015-03-31": "3509.81400", "2014-12-31": "3487.07900", "2014-09-30": "3340.21100", "2014-06-30": "3187.64000", "2014-03-31": "3034.89000", "2013-12-31": "2953.80900", "2013-09-30": "2859.15800", "2013-06-30": "2740.09000", "2013-03-31": "2655.51800", "2012-12-31": "2605.02300", "2012-09-30": "2538.63400", "2012-06-30": "2468.33000", "2012-03-31": "2395.14200", "2011-12-31": "2354.76500", "2011-09-30": "2311.83400", "2011-06-30": "2265.18800", "2011-03-31": "2204.28500", "2010-12-31": "2180.84300", "2010-09-30": "2138.32900", "2010-06-30": "2087.23500", "2010-03-31": "2019.15400", "2009-12-31": "1998.61600", "2009-09-30": "1978.83700", "2009-06-30": "1944.48900", "2009-03-31": "1898.22800", "2008-12-31": "2004.11500", "2008-09-30": "2131.73100", "2008-06-30": "3616.51200", "2008-03-31": "3527.73300", "2007-12-31": "3462.34300", "2007-09-30": "3083.23000", "2007-06-30": "2961.17500", "2007-03-31": "2845.90800", "2006-12-31": "2755.52900", "2006-09-30": "2626.03900", "2006-06-30": "2498.33000", "2006-03-31": "2339.69800", "2005-12-31": "2299.69600", "2005-09-30": "2182.86600", "2005-06-30": "2074.21400", "2005-03-31": "1980.40300"}, "Comprehensive Income": {"2020-09-30": "-935.42300", "2020-06-30": "-966.77600", "2020-03-31": "-1087.85200", "2019-12-31": "-765.82400", "2019-09-30": "-882.28700", "2019-06-30": "-732.52100", "2019-03-31": "-777.54700", "2018-12-31": "-791.60800", "2018-09-30": "-704.37900", "2018-06-30": "-671.13300", "2018-03-31": "-487.16800", "2017-12-31": "-558.52700", "2017-09-30": "-571.36900", "2017-06-30": "-636.78700", "2017-03-31": "-749.98600", "2016-12-31": "-833.02700", "2016-09-30": "-704.12000", "2016-06-30": "-715.86100", "2016-03-31": "-672.82000", "2015-12-31": "-793.56800", "2015-09-30": "-698.30000", "2015-06-30": "-625.57200", "2015-03-31": "-655.39400", "2014-12-31": "-429.32100", "2014-09-30": "-122.88500", "2014-06-30": "135.37900", "2014-03-31": "115.60900", "2013-12-31": "178.68900", "2013-09-30": "146.22500", "2013-06-30": "49.80600", "2013-03-31": "82.24200", "2012-12-31": "159.73300", "2012-09-30": "112.85400", "2012-06-30": "70.46400", "2012-03-31": "190.61700", "2011-12-31": "135.63900", "2011-09-30": "184.63100", "2011-06-30": "331.55800", "2011-03-31": "292.82800", "2010-12-31": "178.09700", "2010-09-30": "236.37700", "2010-06-30": "83.80400", "2010-03-31": "196.93000", "2009-12-31": "296.91700", "2009-09-30": "334.72800", "2009-06-30": "256.47700", "2009-03-31": "163.42000", "2008-12-31": "254.53500", "2008-09-30": "322.45000", "2008-06-30": "537.11300", "2008-03-31": "536.77900", "2007-12-31": "363.98100", "2007-09-30": "289.25000", "2007-06-30": "179.08600", "2007-03-31": "154.54800", "2006-12-31": "130.37200", "2006-09-30": "81.71800", "2006-06-30": "98.72500", "2006-03-31": "-6.01900", "2005-12-31": "-47.43300", "2005-09-30": "1.94000", "2005-06-30": "-1.32200", "2005-03-31": "-1.43600"}, "Other Share Holders Equity": {"2020-09-30": "", "2020-06-30": "", "2020-03-31": "", "2019-12-31": "", "2019-09-30": "", "2019-06-30": "", "2019-03-31": "", "2018-12-31": "", "2018-09-30": "", "2018-06-30": "", "2018-03-31": "", "2017-12-31": "", "2017-09-30": "", "2017-06-30": "", "2017-03-31": "", "2016-12-31": "", "2016-09-30": "", "2016-06-30": "", "2016-03-31": "", "2015-12-31": "", "2015-09-30": "", "2015-06-30": "", "2015-03-31": "", "2014-12-31": "", "2014-09-30": "", "2014-06-30": "", "2014-03-31": "", "2013-12-31": "", "2013-09-30": "", "2013-06-30": "", "2013-03-31": "", "2012-12-31": "", "2012-09-30": "", "2012-06-30": "", "2012-03-31": "", "2011-12-31": "", "2011-09-30": "", "2011-06-30": "", "2011-03-31": "", "2010-12-31": "", "2010-09-30": "", "2010-06-30": "", "2010-03-31": "", "2009-12-31": "", "2009-09-30": "", "2009-06-30": "", "2009-03-31": "", "2008-12-31": "", "2008-09-30": "", "2008-06-30": "", "2008-03-31": "", "2007-12-31": "", "2007-09-30": "", "2007-06-30": "", "2007-03-31": "", "2006-12-31": "", "2006-09-30": "", "2006-06-30": "", "2006-03-31": "", "2005-12-31": "", "2005-09-30": "", "2005-06-30": "", "2005-03-31": ""}, "Share Holder Equity": {"2020-09-30": "8167.06900", "2020-06-30": "7924.86400", "2020-03-31": "7847.64300", "2019-12-31": "8126.44800", "2019-09-30": "7765.27900", "2019-06-30": "7821.59100", "2019-03-31": "7577.04500", "2018-12-31": "7440.05900", "2018-09-30": "7571.77700", "2018-06-30": "7373.43400", "2018-03-31": "7346.00900", "2017-12-31": "7067.00900", "2017-09-30": "6797.60200", "2017-06-30": "6454.49300", "2017-03-31": "6064.82400", "2016-12-31": "5783.48700", "2016-09-30": "5672.68800", "2016-06-30": "5385.58300", "2016-03-31": "5156.57800", "2015-12-31": "4860.86300", "2015-09-30": "4755.88300", "2015-06-30": "4614.88200", "2015-03-31": "4223.79500", "2014-12-31": "4422.81300", "2014-09-30": "4576.51800", "2014-06-30": "4673.30000", "2014-03-31": "4493.44400", "2013-12-31": "4470.30600", "2013-09-30": "4333.63300", "2013-06-30": "4104.29300", "2013-03-31": "3724.58400", "2012-12-31": "3719.61700", "2012-09-30": "3594.93500", "2012-06-30": "3476.31800", "2012-03-31": "3519.29700", "2011-12-31": "3415.78500", "2011-09-30": "3418.73500", "2011-06-30": "3516.95900", "2011-03-31": "3413.33200", "2010-12-31": "3271.55600", "2010-09-30": "3315.50000", "2010-06-30": "3109.19000", "2010-03-31": "3151.48900", "2009-12-31": "3200.82300", "2009-09-30": "3246.08900", "2009-06-30": "3130.32300", "2009-03-31": "2991.42200", "2008-12-31": "3184.93300", "2008-09-30": "3346.14500", "2008-06-30": "5042.89700", "2008-03-31": "4948.98000", "2007-12-31": "4707.35700", "2007-09-30": "4247.73200", "2007-06-30": "4008.83000", "2007-03-31": "3852.59700", "2006-12-31": "3715.26300", "2006-09-30": "3530.50100", "2006-06-30": "3419.53700", "2006-03-31": "3150.83100", "2005-12-31": "3058.23800", "2005-09-30": "2941.76200", "2005-06-30": "2827.35700", "2005-03-31": "2744.10100"}, "Total Liabilities And Share Holders Equity": {"2020-09-30": "13784.21000", "2020-06-30": "13369.40000", "2020-03-31": "13256.94000", "2019-12-31": "13386.68000", "2019-09-30": "13392.76000", "2019-06-30": "13806.10000", "2019-03-31": "13605.08000", "2018-12-31": "13099.12000", "2018-09-30": "13000.93000", "2018-06-30": "12894.04000", "2018-03-31": "12560.37000", "2017-12-31": "12094.85000", "2017-09-30": "11822.81000", "2017-06-30": "11589.49000", "2017-03-31": "10727.52000", "2016-12-31": "10230.60000", "2016-09-30": "10420.59000", "2016-06-30": "10312.83000", "2016-03-31": "10292.32000", "2015-12-31": "9934.40000", "2015-09-30": "10064.48000", "2015-06-30": "10165.67000", "2015-03-31": "8284.62200", "2014-12-31": "8285.54400", "2014-09-30": "8701.46000", "2014-06-30": "8881.68100", "2014-03-31": "8681.48800", "2013-12-31": "8494.17700", "2013-09-30": "8564.15700", "2013-06-30": "8508.96400", "2013-03-31": "7261.84500", "2012-12-31": "6303.68400", "2012-09-30": "6302.61200", "2012-06-30": "6264.77700", "2012-03-31": "6399.19400", "2011-12-31": "6206.22800", "2011-09-30": "6277.56800", "2011-06-30": "6389.00000", "2011-03-31": "6266.23300", "2010-12-31": "6098.92600", "2010-09-30": "6191.91000", "2010-06-30": "6003.91600", "2010-03-31": "6318.90000", "2009-12-31": "6391.44600", "2009-09-30": "6488.45500", "2009-06-30": "6355.68900", "2009-03-31": "6287.63600", "2008-12-31": "6446.17500", "2008-09-30": "6972.43200", "2008-06-30": "8959.53200", "2008-03-31": "9017.41900", "2007-12-31": "8680.05000", "2007-09-30": "8527.17000", "2007-06-30": "8309.80800", "2007-03-31": "8315.28400", "2006-12-31": "8212.20900", "2006-09-30": "8234.64100", "2006-06-30": "8347.81100", "2006-03-31": "8060.73300", "2005-12-31": "8040.03700", "2005-09-30": "4707.77400", "2005-06-30": "4690.24900", "2005-03-31": "4641.02800"}}, "cash flow statement": {"Net Income/Loss": {"2019-12-31": "744.57100", "2018-12-31": "864.85500", "2017-12-31": "974.69200", "2016-12-31": "933.56600", "2015-12-31": "616.98600", "2014-12-31": "532.25400", "2013-12-31": "349.29100", "2012-12-31": "250.89300", "2011-12-31": "178.22500", "2010-12-31": "189.93500", "2009-12-31": "-1.01900", "2008-12-31": "-1452.53400", "2007-12-31": "714.41300", "2006-12-31": "455.83300", "2005-12-31": "387.13800"}, "Total Depreciation And Amortization - Cash Flow": {"2019-12-31": "636.35800", "2018-12-31": "521.76500", "2017-12-31": "446.67200", "2016-12-31": "457.37200", "2015-12-31": "362.64700", "2014-12-31": "345.57000", "2013-12-31": "308.87100", "2012-12-31": "280.29300", "2011-12-31": "297.73400", "2010-12-31": "296.77300", "2009-12-31": "303.00400", "2008-12-31": "1838.45100", "2007-12-31": "306.43700", "2006-12-31": "274.95200", "2005-12-31": "150.65700"}, "Other Non-Cash Items": {"2019-12-31": "7.72700", "2018-12-31": "178.62400", "2017-12-31": "2.11900", "2016-12-31": "43.44500", "2015-12-31": "39.76100", "2014-12-31": "54.54000", "2013-12-31": "39.01400", "2012-12-31": "46.46500", "2011-12-31": "28.59500", "2010-12-31": "0.48900", "2009-12-31": "48.30900", "2008-12-31": "113.38800", "2007-12-31": "-275.44700", "2006-12-31": "-54.98400", "2005-12-31": "19.21800"}, "Total Non-Cash Items": {"2019-12-31": "644.08500", "2018-12-31": "700.38900", "2017-12-31": "448.79100", "2016-12-31": "500.81700", "2015-12-31": "402.40800", "2014-12-31": "400.11000", "2013-12-31": "347.88500", "2012-12-31": "326.75800", "2011-12-31": "326.32900", "2010-12-31": "297.26200", "2009-12-31": "351.31300", "2008-12-31": "1951.83900", "2007-12-31": "30.99000", "2006-12-31": "219.96800", "2005-12-31": "169.87500"}, "Change In Accounts Receivable": {"2019-12-31": "81.95300", "2018-12-31": "13.85600", "2017-12-31": "-60.56600", "2016-12-31": "-158.88800", "2015-12-31": "-14.38300", "2014-12-31": "-107.70500", "2013-12-31": "-96.31300", "2012-12-31": "10.88800", "2011-12-31": "-85.39100", "2010-12-31": "-12.27300", "2009-12-31": "102.79900", "2008-12-31": "118.19900", "2007-12-31": "127.47500", "2006-12-31": "-20.98200", "2005-12-31": "1.05900"}, "Change In Inventories": {"2019-12-31": "7.21200", "2018-12-31": "-255.39100", "2017-12-31": "-153.24500", "2016-12-31": "-81.92300", "2015-12-31": "6.40000", "2014-12-31": "-67.01600", "2013-12-31": "-20.21100", "2012-12-31": "-17.07900", "2011-12-31": "-100.20500", "2010-12-31": "-118.90300", "2009-12-31": "276.16900", "2008-12-31": "102.70600", "2007-12-31": "20.97600", "2006-12-31": "4.82300", "2005-12-31": "-33.57000"}, "Change In Accounts Payable": {"2019-12-31": "", "2018-12-31": "", "2017-12-31": "", "2016-12-31": "", "2015-12-31": "", "2014-12-31": "", "2013-12-31": "", "2012-12-31": "", "2011-12-31": "", "2010-12-31": "", "2009-12-31": "", "2008-12-31": "", "2007-12-31": "", "2006-12-31": "", "2005-12-31": ""}, "Change In Assets/Liabilities": {"2019-12-31": "-6.99500", "2018-12-31": "-72.51800", "2017-12-31": "-41.44200", "2016-12-31": "66.14500", "2015-12-31": "-88.73200", "2014-12-31": "-46.25100", "2013-12-31": "-31.56800", "2012-12-31": "-23.05100", "2011-12-31": "-7.21500", "2010-12-31": "-18.10200", "2009-12-31": "3.94800", "2008-12-31": "-16.21900", "2007-12-31": "45.31700", "2006-12-31": "35.51300", "2005-12-31": "-57.43300"}, "Total Change In Assets/Liabilities": {"2019-12-31": "30.10500", "2018-12-31": "-383.90000", "2017-12-31": "-229.88800", "2016-12-31": "-89.09400", "2015-12-31": "-90.24200", "2014-12-31": "-270.17600", "2013-12-31": "-172.01300", "2012-12-31": "9.93900", "2011-12-31": "-202.30400", "2010-12-31": "-167.48500", "2009-12-31": "321.91100", "2008-12-31": "76.78100", "2007-12-31": "134.99200", "2006-12-31": "106.24400", "2005-12-31": "4.53100"}, "Cash Flow From Operating Activities": {"2019-12-31": "1418.76100", "2018-12-31": "1181.34400", "2017-12-31": "1193.59500", "2016-12-31": "1345.28900", "2015-12-31": "929.15200", "2014-12-31": "662.18800", "2013-12-31": "525.16300", "2012-12-31": "587.59000", "2011-12-31": "300.99300", "2010-12-31": "319.71200", "2009-12-31": "672.20500", "2008-12-31": "576.08600", "2007-12-31": "880.39500", "2006-12-31": "782.04500", "2005-12-31": "561.54400"}, "Net Change In Property, Plant, And Equipment": {"2019-12-31": "-545.46200", "2018-12-31": "-794.11000", "2017-12-31": "-905.99800", "2016-12-31": "-672.12500", "2015-12-31": "-503.65700", "2014-12-31": "-561.80400", "2013-12-31": "-366.55000", "2012-12-31": "-208.29400", "2011-12-31": "-275.57300", "2010-12-31": "-156.18000", "2009-12-31": "-108.92500", "2008-12-31": "-217.82400", "2007-12-31": "-163.07600", "2006-12-31": "-165.76900", "2005-12-31": "-247.30600"}, "Net Change In Intangible Assets": {"2019-12-31": "", "2018-12-31": "", "2017-12-31": "", "2016-12-31": "", "2015-12-31": "", "2014-12-31": "", "2013-12-31": "", "2012-12-31": "", "2011-12-31": "", "2010-12-31": "", "2009-12-31": "", "2008-12-31": "", "2007-12-31": "", "2006-12-31": "", "2005-12-31": ""}, "Net Acquisitions/Divestitures": {"2019-12-31": "-81.08200", "2018-12-31": "-568.96000", "2017-12-31": "-250.79900", "2016-12-31": "", "2015-12-31": "-1370.56700", "2014-12-31": "0.01900", "2013-12-31": "-443.46600", "2012-12-31": "", "2011-12-31": "-24.09700", "2010-12-31": "", "2009-12-31": "-5.92400", "2008-12-31": "-8.27600", "2007-12-31": "-147.09700", "2006-12-31": "-70.90700", "2005-12-31": "-2613.52900"}, "Net Change In Short-term Investments": {"2019-12-31": "10.50000", "2018-12-31": "30.86700", "2017-12-31": "-83.90400", "2016-12-31": "0.00000", "2015-12-31": "", "2014-12-31": "", "2013-12-31": "", "2012-12-31": "", "2011-12-31": "", "2010-12-31": "", "2009-12-31": "", "2008-12-31": "", "2007-12-31": "", "2006-12-31": "", "2005-12-31": ""}, "Net Change In Long-Term Investments": {"2019-12-31": "", "2018-12-31": "", "2017-12-31": "", "2016-12-31": "", "2015-12-31": "", "2014-12-31": "", "2013-12-31": "", "2012-12-31": "-7.00700", "2011-12-31": "", "2010-12-31": "-79.91700", "2009-12-31": "", "2008-12-31": "", "2007-12-31": "", "2006-12-31": "", "2005-12-31": ""}, "Net Change In Investments - Total": {"2019-12-31": "10.50000", "2018-12-31": "30.86700", "2017-12-31": "-83.90400", "2016-12-31": "", "2015-12-31": "", "2014-12-31": "", "2013-12-31": "", "2012-12-31": "-7.00700", "2011-12-31": "", "2010-12-31": "-79.91700", "2009-12-31": "", "2008-12-31": "", "2007-12-31": "", "2006-12-31": "", "2005-12-31": ""}, "Investing Activities - Other": {"2019-12-31": "", "2018-12-31": "", "2017-12-31": "", "2016-12-31": "", "2015-12-31": "", "2014-12-31": "-3.86700", "2013-12-31": "", "2012-12-31": "", "2011-12-31": "", "2010-12-31": "4.61500", "2009-12-31": "", "2008-12-31": "", "2007-12-31": "", "2006-12-31": "", "2005-12-31": ""}, "Cash Flow From Investing Activities": {"2019-12-31": "-616.04400", "2018-12-31": "-1332.20300", "2017-12-31": "-1240.70100", "2016-12-31": "-672.12500", "2015-12-31": "-1874.22400", "2014-12-31": "-565.65200", "2013-12-31": "-810.01600", "2012-12-31": "-215.30100", "2011-12-31": "-299.67000", "2010-12-31": "-231.48200", "2009-12-31": "-114.84900", "2008-12-31": "-226.10000", "2007-12-31": "-310.17300", "2006-12-31": "-236.67600", "2005-12-31": "-2860.83500"}, "Net Long-Term Debt": {"2019-12-31": "-673.32910", "2018-12-31": "158.52930", "2017-12-31": "-347.62700", "2016-12-31": "-630.08980", "2015-12-31": "955.60160", "2014-12-31": "-16.45020", "2013-12-31": "-138.41210", "2012-12-31": "-203.65410", "2011-12-31": "-365.67200", "2010-12-31": "-200.80400", "2009-12-31": "-40.46300", "2008-12-31": "-154.81900", "2007-12-31": "-373.46300", "2006-12-31": "-465.59100", "2005-12-31": "2054.08400"}, "Net Current Debt": {"2019-12-31": "-4.66400", "2018-12-31": "359.40200", "2017-12-31": "354.16700", "2016-12-31": "-1.75400", "2015-12-31": "-2.05200", "2014-12-31": "-1.92000", "2013-12-31": "-7.46800", "2012-12-31": "7.89000", "2011-12-31": "315.59000", "2010-12-31": "-17.90000", "2009-12-31": "-57.80700", "2008-12-31": "-190.29990", "2007-12-31": "-204.25790", "2006-12-31": "-166.31800", "2005-12-31": "343.59500"}, "Debt Issuance/Retirement Net - Total": {"2019-12-31": "-677.99310", "2018-12-31": "517.93130", "2017-12-31": "6.54000", "2016-12-31": "-631.84390", "2015-12-31": "953.54960", "2014-12-31": "-18.37020", "2013-12-31": "-145.88010", "2012-12-31": "-195.76410", "2011-12-31": "-50.08200", "2010-12-31": "-218.70400", "2009-12-31": "-98.27000", "2008-12-31": "-345.11890", "2007-12-31": "-577.72090", "2006-12-31": "-631.90900", "2005-12-31": "2397.67900"}, "Net Common Equity Issued/Repurchased": {"2019-12-31": "-100.08000", "2018-12-31": "-274.14400", "2017-12-31": "", "2016-12-31": "", "2015-12-31": "", "2014-12-31": "", "2013-12-31": "46.77600", "2012-12-31": "16.15300", "2011-12-31": "3.78700", "2010-12-31": "2.44500", "2009-12-31": "0.88400", "2008-12-31": "1.91500", "2007-12-31": "30.87500", "2006-12-31": "7.48900", "2005-12-31": "42.98800"}, "Net Total Equity Issued/Repurchased": {"2019-12-31": "-100.08000", "2018-12-31": "-274.14400", "2017-12-31": "", "2016-12-31": "", "2015-12-31": "", "2014-12-31": "", "2013-12-31": "46.77600", "2012-12-31": "16.15300", "2011-12-31": "3.78700", "2010-12-31": "2.44500", "2009-12-31": "0.88400", "2008-12-31": "1.91500", "2007-12-31": "30.87500", "2006-12-31": "7.48900", "2005-12-31": "42.98800"}, "Total Common And Preferred Stock Dividends Paid": {"2019-12-31": "", "2018-12-31": "", "2017-12-31": "", "2016-12-31": "", "2015-12-31": "", "2014-12-31": "", "2013-12-31": "", "2012-12-31": "", "2011-12-31": "", "2010-12-31": "", "2009-12-31": "", "2008-12-31": "", "2007-12-31": "", "2006-12-31": "", "2005-12-31": ""}, "Financial Activities - Other": {"2019-12-31": "-11.80400", "2018-12-31": "-45.75700", "2017-12-31": "-13.53500", "2016-12-31": "-9.79200", "2015-12-31": "-6.74600", "2014-12-31": "-7.18000", "2013-12-31": "-7.66900", "2012-12-31": "-37.22000", "2011-12-31": "13.17100", "2010-12-31": "-38.94000", "2009-12-31": "-28.45800", "2008-12-31": "-5.71800", "2007-12-31": "1.51000", "2006-12-31": "3.57800", "2005-12-31": ""}, "Cash Flow From Financial Activities": {"2019-12-31": "-789.87700", "2018-12-31": "198.02900", "2017-12-31": "-6.99500", "2016-12-31": "-641.63600", "2015-12-31": "946.80400", "2014-12-31": "-25.55000", "2013-12-31": "-106.77300", "2012-12-31": "-216.83100", "2011-12-31": "-33.12400", "2010-12-31": "-255.19900", "2009-12-31": "-125.84400", "2008-12-31": "-348.92200", "2007-12-31": "-545.33600", "2006-12-31": "-620.84200", "2005-12-31": "2440.66700"}, "Net Cash Flow": {"2019-12-31": "15.73500", "2018-12-31": "34.16600", "2017-12-31": "-36.78100", "2016-12-31": "39.97300", "2015-12-31": "-16.18500", "2014-12-31": "43.81100", "2013-12-31": "-423.60600", "2012-12-31": "165.72700", "2011-12-31": "-42.27200", "2010-12-31": "-177.24100", "2009-12-31": "437.93900", "2008-12-31": "3.91500", "2007-12-31": "26.11200", "2006-12-31": "-71.09300", "2005-12-31": "134.58500"}, "Stock-Based Compensation": {"2019-12-31": "23.62000", "2018-12-31": "31.38200", "2017-12-31": "36.32200", "2016-12-31": "35.05900", "2015-12-31": "32.55200", "2014-12-31": "27.96100", "2013-12-31": "18.31100", "2012-12-31": "14.08200", "2011-12-31": "10.15900", "2010-12-31": "6.88800", "2009-12-31": "9.65300", "2008-12-31": "11.99100", "2007-12-31": "13.59400", "2006-12-31": "11.92500", "2005-12-31": ""}, "Common Stock Dividends Paid": {"2019-12-31": "", "2018-12-31": "", "2017-12-31": "", "2016-12-31": "", "2015-12-31": "", "2014-12-31": "", "2013-12-31": "", "2012-12-31": "", "2011-12-31": "", "2010-12-31": "", "2009-12-31": "", "2008-12-31": "", "2007-12-31": "", "2006-12-31": "", "2005-12-31": ""}}, "cash flow statement, quarterly": {"Net Income/Loss": {"2020-09-30": 205.453, "2020-06-30": -48.588, "2020-03-31": "110.46500", "2019-12-31": 264.673, "2019-09-30": 155.669, "2019-06-30": 202.654, "2019-03-31": "121.57500", "2018-12-31": 230.043, "2018-09-30": 228.026, "2018-06-30": 197.545, "2018-03-31": "209.24100", "2017-12-31": 240.866, "2017-09-30": 271.022, "2017-06-30": 261.748, "2017-03-31": "201.05600", "2016-12-31": 234.508, "2016-09-30": 270.827, "2016-06-30": 256.114, "2016-03-31": "172.11700", "2015-12-31": 192.005, "2015-09-30": 215.703, "2015-06-30": 186.774, "2015-03-31": "22.50400", "2014-12-31": 147.08, "2014-09-30": 151.26, "2014-06-30": 152.861, "2014-03-31": "81.05300", "2013-12-31": 94.783, "2013-09-30": 119.559, "2013-06-30": 84.382, "2013-03-31": "50.56700", "2012-12-31": 66.389, "2012-09-30": 70.304, "2012-06-30": 73.188, "2012-03-31": "41.01200", "2011-12-31": 43.897, "2011-09-30": 47.696, "2011-06-30": 62.094, "2011-03-31": "24.53800", "2010-12-31": 47.436, "2010-09-30": 52.264, "2010-06-30": 68.965, "2010-03-31": "21.27000", "2009-12-31": 21.288, "2009-09-30": 35.395, "2009-06-30": 47.207, "2009-03-31": "-104.90900", "2008-12-31": -121.921, "2008-09-30": -1484.781, "2008-06-30": 88.778, "2008-03-31": "65.39000", "2007-12-31": 386.713, "2007-09-30": 122.054, "2007-06-30": 115.268, "2007-03-31": "90.37800", "2006-12-31": 129.491, "2006-09-30": 127.708, "2006-06-30": 119.513, "2006-03-31": "79.12100", "2005-12-31": 99.633, "2005-09-30": 115.763, "2005-06-30": 101.722, "2005-03-31": "70.02000"}, "Total Depreciation And Amortization - Cash Flow": {"2020-09-30": 151.342, "2020-06-30": 154.094, "2020-03-31": "145.51600", "2019-12-31": 148.493, "2019-09-30": 210.092, "2019-06-30": 140.482, "2019-03-31": "137.29100", "2018-12-31": 139.092, "2018-09-30": 132.971, "2018-06-30": 127.048, "2018-03-31": "122.65400", "2017-12-31": 118.372, "2017-09-30": 113.515, "2017-06-30": 109.761, "2017-03-31": "105.02400", "2016-12-31": 104.379, "2016-09-30": 151.585, "2016-06-30": 101.214, "2016-03-31": "100.19400", "2015-12-31": 94.025, "2015-09-30": 94.955, "2015-06-30": 88.011, "2015-03-31": "85.65600", "2014-12-31": 95.665, "2014-09-30": 85.167, "2014-06-30": 83.754, "2014-03-31": "80.98400", "2013-12-31": 86.329, "2013-09-30": 81.55, "2013-06-30": 80.643, "2013-03-31": "60.34900", "2012-12-31": 63.878, "2012-09-30": 71.298, "2012-06-30": 71.831, "2012-03-31": "73.28600", "2011-12-31": 74.93, "2011-09-30": 74.207, "2011-06-30": 74.344, "2011-03-31": "74.25300", "2010-12-31": 74.522, "2010-09-30": 72.956, "2010-06-30": 72.497, "2010-03-31": "76.79800", "2009-12-31": 81.827, "2009-09-30": 76.435, "2009-06-30": 77.062, "2009-03-31": "67.68000", "2008-12-31": 193.519, "2008-09-30": 1496.624, "2008-06-30": 75.052, "2008-03-31": "73.25600", "2007-12-31": 81.573, "2007-09-30": 75.636, "2007-06-30": 75.382, "2007-03-31": "73.84600", "2006-12-31": 72.278, "2006-09-30": 68.04, "2006-06-30": 69.781, "2006-03-31": "64.85300", "2005-12-31": 55.757, "2005-09-30": 31.138, "2005-06-30": 31.497, "2005-03-31": "32.26500"}, "Other Non-Cash Items": {"2020-09-30": -3.224, "2020-06-30": 20.336, "2020-03-31": "21.13200", "2019-12-31": -65.908, "2019-09-30": 12.283, "2019-06-30": 11.559, "2019-03-31": "49.79300", "2018-12-31": 34.695, "2018-09-30": 38.8, "2018-06-30": 60.875, "2018-03-31": "44.25400", "2017-12-31": -74.357, "2017-09-30": 31.099, "2017-06-30": 12.144, "2017-03-31": "33.23300", "2016-12-31": 25.04, "2016-09-30": -29.62, "2016-06-30": 21.503, "2016-03-31": "26.52200", "2015-12-31": 31.379, "2015-09-30": -9.418, "2015-06-30": 2.865, "2015-03-31": "14.93500", "2014-12-31": 46.766, "2014-09-30": 6.11, "2014-06-30": -1.203, "2014-03-31": "2.86700", "2013-12-31": 21.203, "2013-09-30": -4.245, "2013-06-30": 14.264, "2013-03-31": "7.79200", "2012-12-31": 45.512, "2012-09-30": 14.438, "2012-06-30": 17.323, "2012-03-31": "-30.80800", "2011-12-31": 3.613, "2011-09-30": 4.801, "2011-06-30": 11.19, "2011-03-31": "8.99100", "2010-12-31": -6.921, "2010-09-30": 6.931, "2010-06-30": -0.017, "2010-03-31": "0.49600", "2009-12-31": 35.727, "2009-09-30": 50.781, "2009-06-30": 9.932, "2009-03-31": "-48.13100", "2008-12-31": -23.059, "2008-09-30": 121.346, "2008-06-30": 10.747, "2008-03-31": "4.35400", "2007-12-31": -307.955, "2007-09-30": 41.825, "2007-06-30": -5.08, "2007-03-31": "-4.23700", "2006-12-31": -2.859, "2006-09-30": -44.588, "2006-06-30": -14.074, "2006-03-31": "6.53700", "2005-12-31": 4.77, "2005-09-30": 4.984, "2005-06-30": 7.491, "2005-03-31": "1.97300"}, "Total Non-Cash Items": {"2020-09-30": 148.118, "2020-06-30": 174.43, "2020-03-31": "166.64800", "2019-12-31": 82.585, "2019-09-30": 222.375, "2019-06-30": 152.041, "2019-03-31": "187.08400", "2018-12-31": 173.787, "2018-09-30": 171.771, "2018-06-30": 187.923, "2018-03-31": "166.90800", "2017-12-31": 44.015, "2017-09-30": 144.614, "2017-06-30": 121.905, "2017-03-31": "138.25700", "2016-12-31": 129.419, "2016-09-30": 121.965, "2016-06-30": 122.717, "2016-03-31": "126.71600", "2015-12-31": 125.404, "2015-09-30": 85.537, "2015-06-30": 90.876, "2015-03-31": "100.59100", "2014-12-31": 142.431, "2014-09-30": 91.277, "2014-06-30": 82.551, "2014-03-31": "83.85100", "2013-12-31": 107.532, "2013-09-30": 77.305, "2013-06-30": 94.907, "2013-03-31": "68.14100", "2012-12-31": 109.39, "2012-09-30": 85.736, "2012-06-30": 89.154, "2012-03-31": "42.47800", "2011-12-31": 78.543, "2011-09-30": 79.008, "2011-06-30": 85.534, "2011-03-31": "83.24400", "2010-12-31": 67.601, "2010-09-30": 79.887, "2010-06-30": 72.48, "2010-03-31": "77.29400", "2009-12-31": 117.554, "2009-09-30": 127.216, "2009-06-30": 86.994, "2009-03-31": "19.54900", "2008-12-31": 170.46, "2008-09-30": 1617.97, "2008-06-30": 85.799, "2008-03-31": "77.61000", "2007-12-31": -226.382, "2007-09-30": 117.461, "2007-06-30": 70.302, "2007-03-31": "69.60900", "2006-12-31": 69.419, "2006-09-30": 23.452, "2006-06-30": 55.707, "2006-03-31": "71.39000", "2005-12-31": 60.527, "2005-09-30": 36.122, "2005-06-30": 38.988, "2005-03-31": "34.23800"}, "Change In Accounts Receivable": {"2020-09-30": -113.917, "2020-06-30": 71.94, "2020-03-31": "-168.74000", "2019-12-31": 285.4, "2019-09-30": -0.79, "2019-06-30": -60.139, "2019-03-31": "-142.51800", "2018-12-31": 194.686, "2018-09-30": 17.301, "2018-06-30": -93.844, "2018-03-31": "-104.28700", "2017-12-31": 106.209, "2017-09-30": -0.132, "2017-06-30": -56.882, "2017-03-31": "-109.76100", "2016-12-31": 96.423, "2016-09-30": -54.062, "2016-06-30": -57.13, "2016-03-31": "-144.11900", "2015-12-31": 126.092, "2015-09-30": 40.461, "2015-06-30": -72.708, "2015-03-31": "-108.22800", "2014-12-31": 79.538, "2014-09-30": 13.441, "2014-06-30": -85.929, "2014-03-31": "-114.75500", "2013-12-31": 70.279, "2013-09-30": 5.865, "2013-06-30": -51.643, "2013-03-31": "-120.81400", "2012-12-31": 108.168, "2012-09-30": 2.623, "2012-06-30": -8.418, "2012-03-31": "-91.48500", "2011-12-31": 76.007, "2011-09-30": 10.605, "2011-06-30": -40.177, "2011-03-31": "-131.82600", "2010-12-31": 83.922, "2010-09-30": 20.934, "2010-06-30": -1.119, "2010-03-31": "-116.01000", "2009-12-31": 120.92, "2009-09-30": 19.361, "2009-06-30": 58.04, "2009-03-31": "-95.52200", "2008-12-31": 229.764, "2008-09-30": 37.08, "2008-06-30": -26.941, "2008-03-31": "-121.70400", "2007-12-31": 176.315, "2007-09-30": 34.673, "2007-06-30": -16.752, "2007-03-31": "-66.76100", "2006-12-31": 50.298, "2006-09-30": 21.052, "2006-06-30": -1.091, "2006-03-31": "-91.24100", "2005-12-31": 142.603, "2005-09-30": -35.636, "2005-06-30": -36.203, "2005-03-31": "-69.70500"}, "Change In Inventories": {"2020-09-30": 82.924, "2020-06-30": 281.859, "2020-03-31": "24.28400", "2019-12-31": 67.689, "2019-09-30": -1.227, "2019-06-30": -19.841, "2019-03-31": "-39.40900", "2018-12-31": -45.576, "2018-09-30": -77.307, "2018-06-30": -58.009, "2018-03-31": "-74.49900", "2017-12-31": -31.275, "2017-09-30": -28.722, "2017-06-30": -41.782, "2017-03-31": "-51.46600", "2016-12-31": -28.345, "2016-09-30": -12.273, "2016-06-30": -17.804, "2016-03-31": "-23.50100", "2015-12-31": 9.619, "2015-09-30": -40.665, "2015-06-30": 29.688, "2015-03-31": "7.75800", "2014-12-31": 41.859, "2014-09-30": -34.275, "2014-06-30": -8.955, "2014-03-31": "-65.64500", "2013-12-31": 25.713, "2013-09-30": -5.369, "2013-06-30": 9.579, "2013-03-31": "-50.13400", "2012-12-31": 7.644, "2012-09-30": 27.763, "2012-06-30": -6.155, "2012-03-31": "-46.33100", "2011-12-31": 14.477, "2011-09-30": -29.906, "2011-06-30": -24.476, "2011-03-31": "-60.30000", "2010-12-31": -14.959, "2010-09-30": -21.043, "2010-06-30": -38.805, "2010-03-31": "-44.09600", "2009-12-31": 43.2, "2009-09-30": 5.424, "2009-06-30": 54.423, "2009-03-31": "173.12200", "2008-12-31": 58.559, "2008-09-30": 9.772, "2008-06-30": 45.392, "2008-03-31": "-11.01700", "2007-12-31": 24.602, "2007-09-30": -2.531, "2007-06-30": 17.005, "2007-03-31": "-18.10000", "2006-12-31": 52.829, "2006-09-30": 7.749, "2006-06-30": -24.173, "2006-03-31": "-31.58200", "2005-12-31": 47.928, "2005-09-30": 24.089, "2005-06-30": 8.279, "2005-03-31": "-113.86600"}, "Change In Accounts Payable": {"2020-09-30": 0, "2020-06-30": 0, "2020-03-31": "", "2019-12-31": 0, "2019-09-30": 0, "2019-06-30": 0, "2019-03-31": "", "2018-12-31": 0, "2018-09-30": 0, "2018-06-30": 0, "2018-03-31": "", "2017-12-31": 0, "2017-09-30": 0, "2017-06-30": 0, "2017-03-31": "", "2016-12-31": 0, "2016-09-30": 0, "2016-06-30": 0, "2016-03-31": "", "2015-12-31": 0, "2015-09-30": 0, "2015-06-30": 0, "2015-03-31": "", "2014-12-31": 0, "2014-09-30": 0, "2014-06-30": 0, "2014-03-31": "", "2013-12-31": 0, "2013-09-30": 0, "2013-06-30": 0, "2013-03-31": "", "2012-12-31": 0, "2012-09-30": 0, "2012-06-30": 0, "2012-03-31": "", "2011-12-31": 0, "2011-09-30": 0, "2011-06-30": 0, "2011-03-31": "", "2010-12-31": 0, "2010-09-30": 0, "2010-06-30": 0, "2010-03-31": "", "2009-12-31": 0, "2009-09-30": 0, "2009-06-30": 0, "2009-03-31": "", "2008-12-31": 0, "2008-09-30": 0, "2008-06-30": 0, "2008-03-31": "", "2007-12-31": 0, "2007-09-30": 0, "2007-06-30": 0, "2007-03-31": "", "2006-12-31": 0, "2006-09-30": 0, "2006-06-30": 0, "2006-03-31": "", "2005-12-31": 0, "2005-09-30": 0, "2005-06-30": 0, "2005-03-31": ""}, "Change In Assets/Liabilities": {"2020-09-30": -10.119, "2020-06-30": 42.428, "2020-03-31": "-3.85800", "2019-12-31": 43.03, "2019-09-30": -9.272, "2019-06-30": -12.959, "2019-03-31": "-27.79400", "2018-12-31": -6.144, "2018-09-30": -27.593, "2018-06-30": -38.896, "2018-03-31": "0.11500", "2017-12-31": -39.464, "2017-09-30": 64.817, "2017-06-30": -66.779, "2017-03-31": "-0.01600", "2016-12-31": -2.356, "2016-09-30": 18.748, "2016-06-30": 23.844, "2016-03-31": "25.90900", "2015-12-31": -41.368, "2015-09-30": 24.099, "2015-06-30": 9.359, "2015-03-31": "-80.82200", "2014-12-31": -2.028, "2014-09-30": -18.379, "2014-06-30": -6.699, "2014-03-31": "-19.14500", "2013-12-31": -29.34, "2013-09-30": 15.963, "2013-06-30": -15.919, "2013-03-31": "-2.27200", "2012-12-31": -2.097, "2012-09-30": -7.087, "2012-06-30": -9.909, "2012-03-31": "-3.95800", "2011-12-31": -2.862, "2011-09-30": 4.106, "2011-06-30": -6.003, "2011-03-31": "-2.45600", "2010-12-31": -6.998, "2010-09-30": 7.434, "2010-06-30": -14.244, "2010-03-31": "-4.29400", "2009-12-31": -3.165, "2009-09-30": 11.959, "2009-06-30": -4.934, "2009-03-31": "0.08800", "2008-12-31": 36.8, "2008-09-30": -36.003, "2008-06-30": 3.675, "2008-03-31": "-20.69100", "2007-12-31": 29.618, "2007-09-30": 23.718, "2007-06-30": -5.469, "2007-03-31": "-2.55000", "2006-12-31": 12.121, "2006-09-30": 25.378, "2006-06-30": -4.645, "2006-03-31": "2.65900", "2005-12-31": -60.715, "2005-09-30": 3.048, "2005-06-30": -1.722, "2005-03-31": "1.95600"}, "Total Change In Assets/Liabilities": {"2020-09-30": 244.928, "2020-06-30": 442.679, "2020-03-31": "-82.13900", "2019-12-31": 93.417, "2019-09-30": 33.715, "2019-06-30": 41.495, "2019-03-31": "-138.52200", "2018-12-31": -116.971, "2018-09-30": -126.298, "2018-06-30": 52.29, "2018-03-31": "-192.92100", "2017-12-31": 34.492, "2017-09-30": 44.708, "2017-06-30": -135.657, "2017-03-31": "-173.43100", "2016-12-31": -18.98, "2016-09-30": 42.811, "2016-06-30": 34.037, "2016-03-31": "-146.96200", "2015-12-31": -45.209, "2015-09-30": 88.193, "2015-06-30": 39.515, "2015-03-31": "-172.74100", "2014-12-31": 49.254, "2014-09-30": -16.988, "2014-06-30": -66.532, "2014-03-31": "-235.91000", "2013-12-31": -4.125, "2013-09-30": 16.195, "2013-06-30": -26.431, "2013-03-31": "-157.65200", "2012-12-31": 113.264, "2012-09-30": 46.931, "2012-06-30": -22.296, "2012-03-31": "-127.96000", "2011-12-31": 40.365, "2011-09-30": -15.849, "2011-06-30": -51.625, "2011-03-31": "-175.19500", "2010-12-31": -5.719, "2010-09-30": -10.734, "2010-06-30": -6.276, "2010-03-31": "-144.75600", "2009-12-31": 120.643, "2009-09-30": -19.437, "2009-06-30": 97.426, "2009-03-31": "123.27900", "2008-12-31": 150.568, "2008-09-30": 57.098, "2008-06-30": 92.294, "2008-03-31": "-223.17900", "2007-12-31": 118.227, "2007-09-30": 47.87, "2007-06-30": 40.115, "2007-03-31": "-71.22000", "2006-12-31": 36.894, "2006-09-30": 52.374, "2006-06-30": 62.961, "2006-03-31": "-45.98500", "2005-12-31": 73.351, "2005-09-30": 21.368, "2005-06-30": -36.631, "2005-03-31": "-53.55700"}, "Cash Flow From Operating Activities": {"2020-09-30": 598.499, "2020-06-30": 568.521, "2020-03-31": "194.97400", "2019-12-31": 440.675, "2019-09-30": 411.759, "2019-06-30": 396.19, "2019-03-31": "170.13700", "2018-12-31": 286.859, "2018-09-30": 273.499, "2018-06-30": 437.758, "2018-03-31": "183.22800", "2017-12-31": 319.373, "2017-09-30": 460.344, "2017-06-30": 247.996, "2017-03-31": "165.88200", "2016-12-31": 344.947, "2016-09-30": 435.603, "2016-06-30": 412.868, "2016-03-31": "151.87100", "2015-12-31": 272.2, "2015-09-30": 389.433, "2015-06-30": 317.165, "2015-03-31": "-49.64600", "2014-12-31": 338.765, "2014-09-30": 225.549, "2014-06-30": 168.88, "2014-03-31": "-71.00600", "2013-12-31": 198.19, "2013-09-30": 213.059, "2013-06-30": 152.858, "2013-03-31": "-38.94400", "2012-12-31": 289.043, "2012-09-30": 202.971, "2012-06-30": 140.046, "2012-03-31": "-44.47000", "2011-12-31": 162.805, "2011-09-30": 109.598, "2011-06-30": 96.003, "2011-03-31": "-67.41300", "2010-12-31": 109.318, "2010-09-30": 121.417, "2010-06-30": 135.169, "2010-03-31": "-46.19200", "2009-12-31": 259.485, "2009-09-30": 143.174, "2009-06-30": 231.627, "2009-03-31": "37.91900", "2008-12-31": 199.107, "2008-09-30": 190.287, "2008-06-30": 266.871, "2008-03-31": "-80.17900", "2007-12-31": 278.558, "2007-09-30": 287.385, "2007-06-30": 225.685, "2007-03-31": "88.76700", "2006-12-31": 235.804, "2006-09-30": 203.534, "2006-06-30": 238.181, "2006-03-31": "104.52600", "2005-12-31": 233.511, "2005-09-30": 173.253, "2005-06-30": 104.079, "2005-03-31": "50.70100"}, "Net Change In Property, Plant, And Equipment": {"2020-09-30": -69.143, "2020-06-30": -80.639, "2020-03-31": "-115.63200", "2019-12-31": -139.848, "2019-09-30": -124.555, "2019-06-30": -144.111, "2019-03-31": "-136.94800", "2018-12-31": -151.161, "2018-09-30": -144.595, "2018-06-30": -247.418, "2018-03-31": "-250.93600", "2017-12-31": -251.368, "2017-09-30": -229.207, "2017-06-30": -224.153, "2017-03-31": "-201.27000", "2016-12-31": -211.365, "2016-09-30": -183.846, "2016-06-30": -136.081, "2016-03-31": "-140.83300", "2015-12-31": -151.587, "2015-09-30": -123.648, "2015-06-30": -122.628, "2015-03-31": "-105.79400", "2014-12-31": -170.224, "2014-09-30": -141.883, "2014-06-30": -127.616, "2014-03-31": "-122.08100", "2013-12-31": -111.027, "2013-09-30": -109.426, "2013-06-30": -82.815, "2013-03-31": "-63.28200", "2012-12-31": -73.296, "2012-09-30": -47.311, "2012-06-30": -44.436, "2012-03-31": "-43.25100", "2011-12-31": -93.313, "2011-09-30": -69.741, "2011-06-30": -59.708, "2011-03-31": "-52.81100", "2010-12-31": -69.94, "2010-09-30": -39.101, "2010-06-30": -23.83, "2010-03-31": "-23.30900", "2009-12-31": -37.644, "2009-09-30": -18.358, "2009-06-30": -25.83, "2009-03-31": "-27.09300", "2008-12-31": -62.502, "2008-09-30": -49.512, "2008-06-30": -49.839, "2008-03-31": "-55.97100", "2007-12-31": -65.244, "2007-09-30": -37.448, "2007-06-30": -35.428, "2007-03-31": "-24.95600", "2006-12-31": -41.721, "2006-09-30": -41.389, "2006-06-30": -37.027, "2006-03-31": "-45.63200", "2005-12-31": -96.505, "2005-09-30": -51.448, "2005-06-30": -64.832, "2005-03-31": "-34.52100"}, "Net Change In Intangible Assets": {"2020-09-30": 0, "2020-06-30": 0, "2020-03-31": "", "2019-12-31": 0, "2019-09-30": 0, "2019-06-30": 0, "2019-03-31": "", "2018-12-31": 0, "2018-09-30": 0, "2018-06-30": 0, "2018-03-31": "", "2017-12-31": 0, "2017-09-30": 0, "2017-06-30": 0, "2017-03-31": "", "2016-12-31": 0, "2016-09-30": 0, "2016-06-30": 0, "2016-03-31": "", "2015-12-31": 0, "2015-09-30": 0, "2015-06-30": 0, "2015-03-31": "", "2014-12-31": 0, "2014-09-30": 0, "2014-06-30": 0, "2014-03-31": "", "2013-12-31": 0, "2013-09-30": 0, "2013-06-30": 0, "2013-03-31": "", "2012-12-31": 0, "2012-09-30": 0, "2012-06-30": 0, "2012-03-31": "", "2011-12-31": 0, "2011-09-30": 0, "2011-06-30": 0, "2011-03-31": "", "2010-12-31": 0, "2010-09-30": 0, "2010-06-30": 0, "2010-03-31": "", "2009-12-31": 0, "2009-09-30": 0, "2009-06-30": 0, "2009-03-31": "", "2008-12-31": 0, "2008-09-30": 0, "2008-06-30": 0, "2008-03-31": "", "2007-12-31": 0, "2007-09-30": 0, "2007-06-30": 0, "2007-03-31": "", "2006-12-31": 0, "2006-09-30": 0, "2006-06-30": 0, "2006-03-31": "", "2005-12-31": 0, "2005-09-30": 0, "2005-06-30": 0, "2005-03-31": ""}, "Net Acquisitions/Divestitures": {"2020-09-30": 0, "2020-06-30": 0, "2020-03-31": "", "2019-12-31": -4.235, "2019-09-30": 0, "2019-06-30": 0, "2019-03-31": "-76.84700", "2018-12-31": -143.656, "2018-09-30": -400.894, "2018-06-30": 0, "2018-03-31": "-24.41000", "2017-12-31": -0.033, "2017-09-30": -0.298, "2017-06-30": -249.641, "2017-03-31": "-0.82700", "2016-12-31": 0, "2016-09-30": 0, "2016-06-30": 0, "2016-03-31": "", "2015-12-31": -158.852, "2015-09-30": -20.432, "2015-06-30": -1187.955, "2015-03-31": "-3.32800", "2014-12-31": 0, "2014-09-30": 0, "2014-06-30": 0, "2014-03-31": "0.01900", "2013-12-31": 6, "2013-09-30": -0.002, "2013-06-30": -301.695, "2013-03-31": "-147.76900", "2012-12-31": 0, "2012-09-30": 0, "2012-06-30": 0, "2012-03-31": "", "2011-12-31": 0, "2011-09-30": -24.097, "2011-06-30": 0, "2011-03-31": "", "2010-12-31": 79.917, "2010-09-30": -79.917, "2010-06-30": 0, "2010-03-31": "", "2009-12-31": 0, "2009-09-30": -5.924, "2009-06-30": 0, "2009-03-31": "", "2008-12-31": 0.07, "2008-09-30": -8.346, "2008-06-30": 0, "2008-03-31": "", "2007-12-31": -4.325, "2007-09-30": -142.772, "2007-06-30": 0, "2007-03-31": "", "2006-12-31": 0, "2006-09-30": 2.335, "2006-06-30": -73.242, "2006-03-31": "", "2005-12-31": -2562.923, "2005-09-30": 0, "2005-06-30": 0, "2005-03-31": "-50.60600"}, "Net Change In Short-term Investments": {"2020-09-30": -351.084, "2020-06-30": 3.6, "2020-03-31": "-17.80000", "2019-12-31": 2.5, "2019-09-30": 4, "2019-06-30": 2, "2019-03-31": "2.00000", "2018-12-31": -9.037, "2018-09-30": 3, "2018-06-30": 3, "2018-03-31": "33.90400", "2017-12-31": -83.904, "2017-09-30": 0, "2017-06-30": 0, "2017-03-31": "0.00000", "2016-12-31": 0, "2016-09-30": 0, "2016-06-30": 0, "2016-03-31": "", "2015-12-31": 0, "2015-09-30": 0, "2015-06-30": 0, "2015-03-31": "", "2014-12-31": 0, "2014-09-30": 0, "2014-06-30": 0, "2014-03-31": "", "2013-12-31": 0, "2013-09-30": 0, "2013-06-30": 0, "2013-03-31": "", "2012-12-31": 0, "2012-09-30": 0, "2012-06-30": 0, "2012-03-31": "", "2011-12-31": 0, "2011-09-30": 0, "2011-06-30": 0, "2011-03-31": "", "2010-12-31": 0, "2010-09-30": 0, "2010-06-30": 0, "2010-03-31": "", "2009-12-31": 0, "2009-09-30": 0, "2009-06-30": 0, "2009-03-31": "", "2008-12-31": 0, "2008-09-30": 0, "2008-06-30": 0, "2008-03-31": "", "2007-12-31": 0, "2007-09-30": 0, "2007-06-30": 0, "2007-03-31": "", "2006-12-31": 0, "2006-09-30": 0, "2006-06-30": 0, "2006-03-31": "", "2005-12-31": 0, "2005-09-30": 0, "2005-06-30": 0, "2005-03-31": ""}, "Net Change In Long-Term Investments": {"2020-09-30": 0, "2020-06-30": 0, "2020-03-31": "", "2019-12-31": 0, "2019-09-30": 0, "2019-06-30": 0, "2019-03-31": "", "2018-12-31": 0, "2018-09-30": 0, "2018-06-30": 0, "2018-03-31": "", "2017-12-31": 0, "2017-09-30": 0, "2017-06-30": 0, "2017-03-31": "", "2016-12-31": 0, "2016-09-30": 0, "2016-06-30": 0, "2016-03-31": "", "2015-12-31": 0, "2015-09-30": 0, "2015-06-30": 0, "2015-03-31": "", "2014-12-31": 0, "2014-09-30": 0, "2014-06-30": 0, "2014-03-31": "", "2013-12-31": 0, "2013-09-30": 0, "2013-06-30": 0, "2013-03-31": "", "2012-12-31": 0, "2012-09-30": 0, "2012-06-30": -7.007, "2012-03-31": "", "2011-12-31": 0, "2011-09-30": 0, "2011-06-30": 0, "2011-03-31": "", "2010-12-31": -79.917, "2010-09-30": 0, "2010-06-30": 0, "2010-03-31": "", "2009-12-31": 0, "2009-09-30": 0, "2009-06-30": 0, "2009-03-31": "", "2008-12-31": 0, "2008-09-30": 0, "2008-06-30": 0, "2008-03-31": "", "2007-12-31": 0, "2007-09-30": 0, "2007-06-30": 0, "2007-03-31": "", "2006-12-31": 0, "2006-09-30": 0, "2006-06-30": 0, "2006-03-31": "", "2005-12-31": 0, "2005-09-30": 0, "2005-06-30": 0, "2005-03-31": ""}, "Net Change In Investments - Total": {"2020-09-30": -351.084, "2020-06-30": 3.6, "2020-03-31": "-17.80000", "2019-12-31": 2.5, "2019-09-30": 4, "2019-06-30": 2, "2019-03-31": "2.00000", "2018-12-31": -9.037, "2018-09-30": 3, "2018-06-30": 3, "2018-03-31": "33.90400", "2017-12-31": -83.904, "2017-09-30": 0, "2017-06-30": 0, "2017-03-31": "", "2016-12-31": 0, "2016-09-30": 0, "2016-06-30": 0, "2016-03-31": "", "2015-12-31": 0, "2015-09-30": 0, "2015-06-30": 0, "2015-03-31": "", "2014-12-31": 0, "2014-09-30": 0, "2014-06-30": 0, "2014-03-31": "", "2013-12-31": 0, "2013-09-30": 0, "2013-06-30": 0, "2013-03-31": "", "2012-12-31": 0, "2012-09-30": 0, "2012-06-30": -7.007, "2012-03-31": "", "2011-12-31": 0, "2011-09-30": 0, "2011-06-30": 0, "2011-03-31": "", "2010-12-31": -79.917, "2010-09-30": 0, "2010-06-30": 0, "2010-03-31": "", "2009-12-31": 0, "2009-09-30": 0, "2009-06-30": 0, "2009-03-31": "", "2008-12-31": 0, "2008-09-30": 0, "2008-06-30": 0, "2008-03-31": "", "2007-12-31": 0, "2007-09-30": 0, "2007-06-30": 0, "2007-03-31": "", "2006-12-31": 0, "2006-09-30": 0, "2006-06-30": 0, "2006-03-31": "", "2005-12-31": 0, "2005-09-30": 0, "2005-06-30": 0, "2005-03-31": ""}, "Investing Activities - Other": {"2020-09-30": 0, "2020-06-30": 0, "2020-03-31": "", "2019-12-31": 0, "2019-09-30": 0, "2019-06-30": 0, "2019-03-31": "", "2018-12-31": 0, "2018-09-30": 0, "2018-06-30": 0, "2018-03-31": "", "2017-12-31": 0, "2017-09-30": 0, "2017-06-30": 0, "2017-03-31": "", "2016-12-31": 0, "2016-09-30": 0, "2016-06-30": 0, "2016-03-31": "", "2015-12-31": 0, "2015-09-30": 0, "2015-06-30": 0, "2015-03-31": "", "2014-12-31": -3.867, "2014-09-30": 0, "2014-06-30": 0, "2014-03-31": "", "2013-12-31": 0, "2013-09-30": 0, "2013-06-30": 0, "2013-03-31": "", "2012-12-31": 0, "2012-09-30": 0, "2012-06-30": 0, "2012-03-31": "", "2011-12-31": 0, "2011-09-30": 0, "2011-06-30": 0, "2011-03-31": "", "2010-12-31": 0.001, "2010-09-30": 4.614, "2010-06-30": 0, "2010-03-31": "", "2009-12-31": 0, "2009-09-30": 0, "2009-06-30": 0, "2009-03-31": "", "2008-12-31": 0, "2008-09-30": 0, "2008-06-30": 0, "2008-03-31": "", "2007-12-31": 0, "2007-09-30": 0, "2007-06-30": 0, "2007-03-31": "", "2006-12-31": 0, "2006-09-30": 0, "2006-06-30": 0, "2006-03-31": "", "2005-12-31": 0, "2005-09-30": 0, "2005-06-30": 0, "2005-03-31": ""}, "Cash Flow From Investing Activities": {"2020-09-30": -420.227, "2020-06-30": -77.039, "2020-03-31": "-133.43200", "2019-12-31": -141.583, "2019-09-30": -120.555, "2019-06-30": -142.111, "2019-03-31": "-211.79500", "2018-12-31": -303.854, "2018-09-30": -542.489, "2018-06-30": -244.418, "2018-03-31": "-241.44200", "2017-12-31": -335.305, "2017-09-30": -229.505, "2017-06-30": -473.794, "2017-03-31": "-202.09700", "2016-12-31": -211.365, "2016-09-30": -183.846, "2016-06-30": -136.081, "2016-03-31": "-140.83300", "2015-12-31": -310.439, "2015-09-30": -144.08, "2015-06-30": -1310.583, "2015-03-31": "-109.12200", "2014-12-31": -174.091, "2014-09-30": -141.883, "2014-06-30": -127.616, "2014-03-31": "-122.06200", "2013-12-31": -105.027, "2013-09-30": -109.428, "2013-06-30": -384.51, "2013-03-31": "-211.05100", "2012-12-31": -73.296, "2012-09-30": -47.311, "2012-06-30": -51.443, "2012-03-31": "-43.25100", "2011-12-31": -93.313, "2011-09-30": -93.838, "2011-06-30": -59.708, "2011-03-31": "-52.81100", "2010-12-31": -69.939, "2010-09-30": -114.404, "2010-06-30": -23.83, "2010-03-31": "-23.30900", "2009-12-31": -37.644, "2009-09-30": -24.282, "2009-06-30": -25.83, "2009-03-31": "-27.09300", "2008-12-31": -62.432, "2008-09-30": -57.858, "2008-06-30": -49.839, "2008-03-31": "-55.97100", "2007-12-31": -69.569, "2007-09-30": -180.22, "2007-06-30": -35.428, "2007-03-31": "-24.95600", "2006-12-31": -41.721, "2006-09-30": -39.054, "2006-06-30": -110.269, "2006-03-31": "-45.63200", "2005-12-31": -2659.428, "2005-09-30": -51.448, "2005-06-30": -64.832, "2005-03-31": "-85.12700"}, "Net Long-Term Debt": {"2020-09-30": -132.9766, "2020-06-30": -8.4292, "2020-03-31": "162.18120", "2019-12-31": -255.6846, "2019-09-30": -232.917, "2019-06-30": -227.1604, "2019-03-31": "42.43290", "2018-12-31": 348.3408, "2018-09-30": -155.7226, "2018-06-30": -136.7359, "2018-03-31": "102.64700", "2017-12-31": 15.8242, "2017-09-30": -632.9175, "2017-06-30": 164.6763, "2017-03-31": "104.79000", "2016-12-31": -123.7304, "2016-09-30": -254.2969, "2016-06-30": -264.1577, "2016-03-31": "12.09520", "2015-12-31": 29.7432, "2015-09-30": -295.2576, "2015-06-30": 1061.2381, "2015-03-31": "159.87790", "2014-12-31": 58.3896, "2014-09-30": -233.4428, "2014-06-30": -51.5249, "2014-03-31": "210.12790", "2013-12-31": 2297.1489, "2013-09-30": -2630.586, "2013-06-30": -728.57, "2013-03-31": "923.59500", "2012-12-31": -142.0181, "2012-09-30": -102.909, "2012-06-30": -71.843, "2012-03-31": "113.11600", "2011-12-31": -52.377, "2011-09-30": -267.922, "2011-06-30": -21.589, "2011-03-31": "-23.78400", "2010-12-31": -1.01, "2010-09-30": 0.01, "2010-06-30": -200.3, "2010-03-31": "0.49600", "2009-12-31": -0.24, "2009-09-30": -4.054, "2009-06-30": -77.215, "2009-03-31": "41.04600", "2008-12-31": -14.518, "2008-09-30": -140.071, "2008-06-30": -80.083, "2008-03-31": "79.85300", "2007-12-31": -153.215, "2007-09-30": -0.081, "2007-06-30": -160.085, "2007-03-31": "-60.08200", "2006-12-31": -291.3079, "2006-09-30": -71.7121, "2006-06-30": -60.286, "2006-03-31": "-42.28500", "2005-12-31": 2153.531, "2005-09-30": -109.445, "2005-06-30": -20, "2005-03-31": "29.99800"}, "Net Current Debt": {"2020-09-30": 1.138, "2020-06-30": -3.886, "2020-03-31": "-2.94500", "2019-12-31": 5.859, "2019-09-30": -3.487, "2019-06-30": 3.929, "2019-03-31": "-10.96500", "2018-12-31": 7.996, "2018-09-30": -0.697, "2018-06-30": 359.008, "2018-03-31": "-6.90500", "2017-12-31": 1.602, "2017-09-30": 353.103, "2017-06-30": 0.62, "2017-03-31": "-1.15800", "2016-12-31": 0.17, "2016-09-30": 2.057, "2016-06-30": -2.27, "2016-03-31": "-1.71100", "2015-12-31": -3.761, "2015-09-30": -3.673, "2015-06-30": -4.347, "2015-03-31": "9.72900", "2014-12-31": -207.247, "2014-09-30": 202.389, "2014-06-30": -6.118, "2014-03-31": "9.05600", "2013-12-31": -2408.165, "2013-09-30": 2412.12, "2013-06-30": -3.354, "2013-03-31": "-8.06900", "2012-12-31": 6.861, "2012-09-30": -0.71, "2012-06-30": 11.994, "2012-03-31": "-10.25500", "2011-12-31": 27.94, "2011-09-30": 270.862, "2011-06-30": 10.35, "2011-03-31": "6.43800", "2010-12-31": -15.763, "2010-09-30": 1.092, "2010-06-30": -2.34, "2010-03-31": "-0.88900", "2009-12-31": 7.843, "2009-09-30": -18.227, "2009-06-30": -40.343, "2009-03-31": "-7.08000", "2008-12-31": -93.2188, "2008-09-30": 11.2159, "2008-06-30": -146.46, "2008-03-31": "38.16300", "2007-12-31": -45.4798, "2007-09-30": -81.8741, "2007-06-30": -44.095, "2007-03-31": "-32.80900", "2006-12-31": 86.636, "2006-09-30": -93.617, "2006-06-30": -80.927, "2006-03-31": "-78.41000", "2005-12-31": 364.304, "2005-09-30": -13.93, "2005-06-30": -6.648, "2005-03-31": "-0.13100"}, "Debt Issuance/Retirement Net - Total": {"2020-09-30": -131.8386, "2020-06-30": -12.3151, "2020-03-31": "159.23610", "2019-12-31": -249.8256, "2019-09-30": -236.404, "2019-06-30": -223.2314, "2019-03-31": "31.46790", "2018-12-31": 356.3368, "2018-09-30": -156.4196, "2018-06-30": 222.2721, "2018-03-31": "95.74200", "2017-12-31": 17.4262, "2017-09-30": -279.8145, "2017-06-30": 165.2963, "2017-03-31": "103.63200", "2016-12-31": -123.5605, "2016-09-30": -252.2399, "2016-06-30": -266.4277, "2016-03-31": "10.38420", "2015-12-31": 25.9822, "2015-09-30": -298.9306, "2015-06-30": 1056.8911, "2015-03-31": "169.60690", "2014-12-31": -148.8574, "2014-09-30": -31.0538, "2014-06-30": -57.6429, "2014-03-31": "219.18390", "2013-12-31": -111.0161, "2013-09-30": -218.466, "2013-06-30": -731.924, "2013-03-31": "915.52600", "2012-12-31": -135.1571, "2012-09-30": -103.619, "2012-06-30": -59.849, "2012-03-31": "102.86100", "2011-12-31": -24.437, "2011-09-30": 2.94, "2011-06-30": -11.239, "2011-03-31": "-17.34600", "2010-12-31": -16.773, "2010-09-30": 1.102, "2010-06-30": -202.64, "2010-03-31": "-0.39300", "2009-12-31": 7.603, "2009-09-30": -22.281, "2009-06-30": -117.558, "2009-03-31": "33.96600", "2008-12-31": -107.7369, "2008-09-30": -128.855, "2008-06-30": -226.543, "2008-03-31": "118.01600", "2007-12-31": -198.6948, "2007-09-30": -81.9551, "2007-06-30": -204.18, "2007-03-31": "-92.89100", "2006-12-31": -204.6719, "2006-09-30": -165.3291, "2006-06-30": -141.213, "2006-03-31": "-120.69500", "2005-12-31": 2517.835, "2005-09-30": -123.375, "2005-06-30": -26.648, "2005-03-31": "29.86700"}, "Net Common Equity Issued/Repurchased": {"2020-09-30": -0.001, "2020-06-30": 0, "2020-03-31": "-68.63900", "2019-12-31": -23.409, "2019-09-30": -67.709, "2019-06-30": -8.963, "2019-03-31": "0.00100", "2018-12-31": -274.146, "2018-09-30": 0, "2018-06-30": 0.001, "2018-03-31": "0.00100", "2017-12-31": -1.204, "2017-09-30": 0.002, "2017-06-30": 1.202, "2017-03-31": "", "2016-12-31": 0, "2016-09-30": 0, "2016-06-30": 0, "2016-03-31": "", "2015-12-31": -9.798, "2015-09-30": 9.798, "2015-06-30": -8.225, "2015-03-31": "8.22500", "2014-12-31": -11.55, "2014-09-30": 4.728, "2014-06-30": 0.546, "2014-03-31": "6.27600", "2013-12-31": 46.776, "2013-09-30": 0, "2013-06-30": -27.619, "2013-03-31": "27.61900", "2012-12-31": 6.797, "2012-09-30": 2.744, "2012-06-30": 1.073, "2012-03-31": "5.53900", "2011-12-31": 1.084, "2011-09-30": 0.057, "2011-06-30": 1.579, "2011-03-31": "1.06700", "2010-12-31": 1.319, "2010-09-30": 0.113, "2010-06-30": 0.619, "2010-03-31": "0.39400", "2009-12-31": 0.545, "2009-09-30": 0.258, "2009-06-30": 0.072, "2009-03-31": "0.00900", "2008-12-31": 0.258, "2008-09-30": 0.1, "2008-06-30": 0.703, "2008-03-31": "0.85400", "2007-12-31": 2.331, "2007-09-30": 3.162, "2007-06-30": 10.949, "2007-03-31": "14.43300", "2006-12-31": 3.164, "2006-09-30": -3.313, "2006-06-30": 1.359, "2006-03-31": "6.27900", "2005-12-31": 49.458, "2005-09-30": 1.57, "2005-06-30": -12.599, "2005-03-31": "4.55900"}, "Net Total Equity Issued/Repurchased": {"2020-09-30": -0.001, "2020-06-30": 0, "2020-03-31": "-68.63900", "2019-12-31": -23.409, "2019-09-30": -67.709, "2019-06-30": -8.963, "2019-03-31": "0.00100", "2018-12-31": -274.146, "2018-09-30": 0, "2018-06-30": 0.001, "2018-03-31": "0.00100", "2017-12-31": -1.204, "2017-09-30": 0.002, "2017-06-30": 1.202, "2017-03-31": "", "2016-12-31": 0, "2016-09-30": 0, "2016-06-30": 0, "2016-03-31": "", "2015-12-31": -9.798, "2015-09-30": 9.798, "2015-06-30": -8.225, "2015-03-31": "8.22500", "2014-12-31": -11.55, "2014-09-30": 4.728, "2014-06-30": 0.546, "2014-03-31": "6.27600", "2013-12-31": 46.776, "2013-09-30": 0, "2013-06-30": -27.619, "2013-03-31": "27.61900", "2012-12-31": 6.797, "2012-09-30": 2.744, "2012-06-30": 1.073, "2012-03-31": "5.53900", "2011-12-31": 1.084, "2011-09-30": 0.057, "2011-06-30": 1.579, "2011-03-31": "1.06700", "2010-12-31": 1.319, "2010-09-30": 0.113, "2010-06-30": 0.619, "2010-03-31": "0.39400", "2009-12-31": 0.545, "2009-09-30": 0.258, "2009-06-30": 0.072, "2009-03-31": "0.00900", "2008-12-31": 0.258, "2008-09-30": 0.1, "2008-06-30": 0.703, "2008-03-31": "0.85400", "2007-12-31": 2.331, "2007-09-30": 3.162, "2007-06-30": 10.949, "2007-03-31": "14.43300", "2006-12-31": 3.164, "2006-09-30": -3.313, "2006-06-30": 1.359, "2006-03-31": "6.27900", "2005-12-31": 49.458, "2005-09-30": 1.57, "2005-06-30": -12.599, "2005-03-31": "4.55900"}, "Total Common And Preferred Stock Dividends Paid": {"2020-09-30": 0, "2020-06-30": 0, "2020-03-31": "", "2019-12-31": 0, "2019-09-30": 0, "2019-06-30": 0, "2019-03-31": "", "2018-12-31": 0, "2018-09-30": 0, "2018-06-30": 0, "2018-03-31": "", "2017-12-31": 0, "2017-09-30": 0, "2017-06-30": 0, "2017-03-31": "", "2016-12-31": 0, "2016-09-30": 0, "2016-06-30": 0, "2016-03-31": "", "2015-12-31": 0, "2015-09-30": 0, "2015-06-30": 0, "2015-03-31": "", "2014-12-31": 0, "2014-09-30": 0, "2014-06-30": 0, "2014-03-31": "", "2013-12-31": 0, "2013-09-30": 0, "2013-06-30": 0, "2013-03-31": "", "2012-12-31": 0, "2012-09-30": 0, "2012-06-30": 0, "2012-03-31": "", "2011-12-31": 0, "2011-09-30": 0, "2011-06-30": 0, "2011-03-31": "", "2010-12-31": 0, "2010-09-30": 0, "2010-06-30": 0, "2010-03-31": "", "2009-12-31": 0, "2009-09-30": 0, "2009-06-30": 0, "2009-03-31": "", "2008-12-31": 0, "2008-09-30": 0, "2008-06-30": 0, "2008-03-31": "", "2007-12-31": 0, "2007-09-30": 0, "2007-06-30": 0, "2007-03-31": "", "2006-12-31": 0, "2006-09-30": 0, "2006-06-30": 0, "2006-03-31": "", "2005-12-31": 0, "2005-09-30": 0, "2005-06-30": 0, "2005-03-31": ""}, "Financial Activities - Other": {"2020-09-30": -0.168, "2020-06-30": -11.917, "2020-03-31": "-3.39600", "2019-12-31": -6.336, "2019-09-30": -0.757, "2019-06-30": -0.042, "2019-03-31": "-4.66900", "2018-12-31": -35.705, "2018-09-30": -0.064, "2018-06-30": -0.844, "2018-03-31": "-9.14400", "2017-12-31": 0.12, "2017-09-30": -0.833, "2017-06-30": -0.058, "2017-03-31": "-12.76400", "2016-12-31": -1.194, "2016-09-30": 0.026, "2016-06-30": 1.99, "2016-03-31": "-10.61400", "2015-12-31": 0.113, "2015-09-30": -9.501, "2015-06-30": 5.17, "2015-03-31": "-2.52800", "2014-12-31": 8.27, "2014-09-30": -15.45, "2014-06-30": 12.417, "2014-03-31": "-12.41700", "2013-12-31": -38.65, "2013-09-30": 6.937, "2013-06-30": 29.214, "2013-03-31": "-5.17000", "2012-12-31": -0.779, "2012-09-30": 0, "2012-06-30": 0, "2012-03-31": "-36.44100", "2011-12-31": -1.802, "2011-09-30": -7.553, "2011-06-30": -2.145, "2011-03-31": "24.67100", "2010-12-31": -28.442, "2010-09-30": -0.478, "2010-06-30": -7.977, "2010-03-31": "-2.04300", "2009-12-31": -1.053, "2009-09-30": -23.903, "2009-06-30": -3.505, "2009-03-31": "0.00300", "2008-12-31": -0.585, "2008-09-30": -4.869, "2008-06-30": -0.402, "2008-03-31": "0.13800", "2007-12-31": -4.826, "2007-09-30": 0.452, "2007-06-30": 2.305, "2007-03-31": "3.57900", "2006-12-31": 0.556, "2006-09-30": 0.656, "2006-06-30": 0.613, "2006-03-31": "1.75300", "2005-12-31": 0, "2005-09-30": 0, "2005-06-30": 0, "2005-03-31": ""}, "Cash Flow From Financial Activities": {"2020-09-30": -132.008, "2020-06-30": -24.232, "2020-03-31": "87.20100", "2019-12-31": -279.57, "2019-09-30": -304.871, "2019-06-30": -232.236, "2019-03-31": "26.80000", "2018-12-31": 46.484, "2018-09-30": -156.484, "2018-06-30": 221.43, "2018-03-31": "86.59900", "2017-12-31": 16.342, "2017-09-30": -280.645, "2017-06-30": 166.44, "2017-03-31": "90.86800", "2016-12-31": -124.754, "2016-09-30": -252.215, "2016-06-30": -264.437, "2016-03-31": "-0.23000", "2015-12-31": 16.298, "2015-09-30": -298.634, "2015-06-30": 1053.836, "2015-03-31": "175.30400", "2014-12-31": -152.137, "2014-09-30": -41.776, "2014-06-30": -44.68, "2014-03-31": "213.04300", "2013-12-31": -102.89, "2013-09-30": -211.529, "2013-06-30": -730.329, "2013-03-31": "937.97500", "2012-12-31": -129.139, "2012-09-30": -100.875, "2012-06-30": -58.776, "2012-03-31": "71.95900", "2011-12-31": -25.155, "2011-09-30": -4.556, "2011-06-30": -11.805, "2011-03-31": "8.39200", "2010-12-31": -43.896, "2010-09-30": 0.737, "2010-06-30": -209.998, "2010-03-31": "-2.04200", "2009-12-31": 7.095, "2009-09-30": -45.926, "2009-06-30": -120.991, "2009-03-31": "33.97800", "2008-12-31": -108.064, "2008-09-30": -133.624, "2008-06-30": -226.242, "2008-03-31": "119.00800", "2007-12-31": -201.19, "2007-09-30": -78.341, "2007-06-30": -190.926, "2007-03-31": "-74.87900", "2006-12-31": -200.952, "2006-09-30": -167.986, "2006-06-30": -139.241, "2006-03-31": "-112.66300", "2005-12-31": 2567.293, "2005-09-30": -121.805, "2005-06-30": -39.247, "2005-03-31": "34.42600"}, "Net Cash Flow": {"2020-09-30": 43.526, "2020-06-30": 474.626, "2020-03-31": "128.30100", "2019-12-31": 23.482, "2019-09-30": -16.793, "2019-06-30": 22.428, "2019-03-31": "-13.38200", "2018-12-31": 27.699, "2018-09-30": -426.875, "2018-06-30": 403.383, "2018-03-31": "29.95900", "2017-12-31": 0.382, "2017-09-30": -45.736, "2017-06-30": -58.198, "2017-03-31": "66.77100", "2016-12-31": 9.557, "2016-09-30": 0.059, "2016-06-30": 13.744, "2016-03-31": "16.61300", "2015-12-31": -29.024, "2015-09-30": -60.371, "2015-06-30": 64.046, "2015-03-31": "9.16400", "2014-12-31": -7.692, "2014-09-30": 35.525, "2014-06-30": -2.601, "2014-03-31": "18.57900", "2013-12-31": -9.514, "2013-09-30": -105.165, "2013-06-30": -951.422, "2013-03-31": "642.49500", "2012-12-31": 96.83, "2012-09-30": 61.379, "2012-06-30": 14.688, "2012-03-31": "-7.17000", "2011-12-31": 35.789, "2011-09-30": -9.266, "2011-06-30": 29.191, "2011-03-31": "-97.98600", "2010-12-31": -11.618, "2010-09-30": 23.162, "2010-06-30": -109.662, "2010-03-31": "-79.12300", "2009-12-31": 225.313, "2009-09-30": 79.602, "2009-06-30": 89.991, "2009-03-31": "43.03300", "2008-12-31": 31.494, "2008-09-30": -2.013, "2008-06-30": -9.251, "2008-03-31": "-16.31500", "2007-12-31": 7.94, "2007-09-30": 23.901, "2007-06-30": 4.165, "2007-03-31": "-9.89400", "2006-12-31": -6.238, "2006-09-30": -3.668, "2006-06-30": -8.776, "2006-03-31": "-52.41100", "2005-12-31": 134.585, "2005-09-30": 0, "2005-06-30": 0, "2005-03-31": ""}, "Stock-Based Compensation": {"2020-09-30": 4.883, "2020-06-30": 4.635, "2020-03-31": "5.04100", "2019-12-31": 6.392, "2019-09-30": 5.651, "2019-06-30": 5.788, "2019-03-31": "5.78900", "2018-12-31": 4.685, "2018-09-30": 5.104, "2018-06-30": 13.645, "2018-03-31": "7.94800", "2017-12-31": 5.715, "2017-09-30": 7.177, "2017-06-30": 13.963, "2017-03-31": "9.46700", "2016-12-31": 6.218, "2016-09-30": 5.294, "2016-06-30": 14.488, "2016-03-31": "9.05900", "2015-12-31": 8.064, "2015-09-30": 8.292, "2015-06-30": 7.76, "2015-03-31": "8.43600", "2014-12-31": 6.464, "2014-09-30": 7.3, "2014-06-30": 6.583, "2014-03-31": "7.61400", "2013-12-31": 4.477, "2013-09-30": 4.336, "2013-06-30": 3.994, "2013-03-31": "5.50400", "2012-12-31": 2.872, "2012-09-30": 2.811, "2012-06-30": 2.828, "2012-03-31": "5.57100", "2011-12-31": 2.03, "2011-09-30": 2.091, "2011-06-30": 2.177, "2011-03-31": "3.86100", "2010-12-31": 1.664, "2010-09-30": 1.74, "2010-06-30": 1.626, "2010-03-31": "1.85800", "2009-12-31": 2.913, "2009-09-30": 2.11, "2009-06-30": 2.111, "2009-03-31": "2.51900", "2008-12-31": 2.915, "2008-09-30": 9.076, "2008-06-30": -2.545, "2008-03-31": "2.54500", "2007-12-31": 2.959, "2007-09-30": 3.071, "2007-06-30": 3.173, "2007-03-31": "4.39100", "2006-12-31": 2.897, "2006-09-30": 2.919, "2006-06-30": 3.359, "2006-03-31": "2.75000", "2005-12-31": 0, "2005-09-30": 0, "2005-06-30": 0, "2005-03-31": ""}, "Common Stock Dividends Paid": {"2020-09-30": 0, "2020-06-30": 0, "2020-03-31": "", "2019-12-31": 0, "2019-09-30": 0, "2019-06-30": 0, "2019-03-31": "", "2018-12-31": 0, "2018-09-30": 0, "2018-06-30": 0, "2018-03-31": "", "2017-12-31": 0, "2017-09-30": 0, "2017-06-30": 0, "2017-03-31": "", "2016-12-31": 0, "2016-09-30": 0, "2016-06-30": 0, "2016-03-31": "", "2015-12-31": 0, "2015-09-30": 0, "2015-06-30": 0, "2015-03-31": "", "2014-12-31": 0, "2014-09-30": 0, "2014-06-30": 0, "2014-03-31": "", "2013-12-31": 0, "2013-09-30": 0, "2013-06-30": 0, "2013-03-31": "", "2012-12-31": 0, "2012-09-30": 0, "2012-06-30": 0, "2012-03-31": "", "2011-12-31": 0, "2011-09-30": 0, "2011-06-30": 0, "2011-03-31": "", "2010-12-31": 0, "2010-09-30": 0, "2010-06-30": 0, "2010-03-31": "", "2009-12-31": 0, "2009-09-30": 0, "2009-06-30": 0, "2009-03-31": "", "2008-12-31": 0, "2008-09-30": 0, "2008-06-30": 0, "2008-03-31": "", "2007-12-31": 0, "2007-09-30": 0, "2007-06-30": 0, "2007-03-31": "", "2006-12-31": 0, "2006-09-30": 0, "2006-06-30": 0, "2006-03-31": "", "2005-12-31": 0, "2005-09-30": 0, "2005-06-30": 0, "2005-03-31": ""}}, "financial ratios": {"Current Ratio": {"2019-12-31": "1.63290", "2018-12-31": "1.38060", "2017-12-31": "1.53390", "2016-12-31": "1.27710", "2015-12-31": "0.99720", "2014-12-31": "1.53100", "2013-12-31": "2.33620", "2012-12-31": "3.07740", "2011-12-31": "2.17750", "2010-12-31": "2.14380", "2009-12-31": "2.66850", "2008-12-31": "2.56150", "2007-12-31": "2.02210", "2006-12-31": "1.48060", "2005-12-31": "2.14850"}, "Long-term Debt / Capital": {"2019-12-31": "0.15740", "2018-12-31": "0.16920", "2017-12-31": "0.18080", "2016-12-31": "0.16330", "2015-12-31": "0.19650", "2014-12-31": "0.24070", "2013-12-31": "0.32300", "2012-12-31": "0.26310", "2011-12-31": "0.26000", "2010-12-31": "0.28480", "2009-12-31": "0.36010", "2008-12-31": "0.36870", "2007-12-31": "0.30040", "2006-12-31": "0.37270", "2005-12-31": "0.51090"}, "Debt/Equity Ratio": {"2019-12-31": "0.31620", "2018-12-31": "0.43790", "2017-12-31": "0.39110", "2016-12-31": "0.43430", "2015-12-31": "0.65670", "2014-12-31": "0.50950", "2013-12-31": "0.50560", "2012-12-31": "0.37180", "2011-12-31": "0.46440", "2010-12-31": "0.50540", "2009-12-31": "0.57940", "2008-12-31": "0.61380", "2007-12-31": "0.48470", "2006-12-31": "0.74930", "2005-12-31": "1.08180"}, "Gross Margin": {"2019-12-31": "26.83910", "2018-12-31": "28.42720", "2017-12-31": "31.57010", "2016-12-31": "31.39630", "2015-12-31": "29.86640", "2014-12-31": "27.60570", "2013-12-31": "26.13790", "2012-12-31": "25.74400", "2011-12-31": "25.11190", "2010-12-31": "26.36930", "2009-12-31": "23.05810", "2008-12-31": "25.45670", "2007-12-31": "27.87740", "2006-12-31": "28.22360", "2005-12-31": "26.71030"}, "Operating Margin": {"2019-12-31": "8.29660", "2018-12-31": "10.97120", "2017-12-31": "14.26750", "2016-12-31": "14.28650", "2015-12-31": "10.37680", "2014-12-31": "9.90330", "2013-12-31": "7.44250", "2012-12-31": "6.55680", "2011-12-31": "5.59250", "2010-12-31": "5.90650", "2009-12-31": "0.81830", "2008-12-31": "-16.46760", "2007-12-31": "9.88800", "2006-12-31": "10.61320", "2005-12-31": "10.15670"}, "EBIT Margin": {"2019-12-31": "8.29660", "2018-12-31": "10.97120", "2017-12-31": "14.26750", "2016-12-31": "14.28650", "2015-12-31": "10.37680", "2014-12-31": "9.90330", "2013-12-31": "7.44250", "2012-12-31": "6.55680", "2011-12-31": "5.59250", "2010-12-31": "5.90650", "2009-12-31": "0.81830", "2008-12-31": "-16.46760", "2007-12-31": "9.88800", "2006-12-31": "10.61320", "2005-12-31": "10.15670"}, "EBITDA Margin": {"2019-12-31": "14.67890", "2018-12-31": "16.19740", "2017-12-31": "18.97370", "2016-12-31": "19.39170", "2015-12-31": "14.86970", "2014-12-31": "14.33170", "2013-12-31": "11.64550", "2012-12-31": "11.39950", "2011-12-31": "10.86930", "2010-12-31": "11.48590", "2009-12-31": "6.48830", "2008-12-31": "10.46410", "2007-12-31": "13.92750", "2006-12-31": "14.09100", "2005-12-31": "12.43250"}, "Pre-Tax Profit Margin": {"2019-12-31": "7.51750", "2018-12-31": "10.50920", "2017-12-31": "13.88490", "2016-12-31": "13.85330", "2015-12-31": "9.27780", "2014-12-31": "8.50770", "2013-12-31": "6.06320", "2012-12-31": "5.26080", "2011-12-31": "3.54240", "2010-12-31": "3.62180", "2009-12-31": "-1.45420", "2008-12-31": "-18.64060", "2007-12-31": "8.06370", "2006-12-31": "8.55460", "2005-12-31": "9.09550"}, "Net Profit Margin": {"2019-12-31": "7.46400", "2018-12-31": "8.63120", "2017-12-31": "10.23720", "2016-12-31": "10.38320", "2015-12-31": "7.62310", "2014-12-31": "6.81710", "2013-12-31": "4.74620", "2012-12-31": "4.32380", "2011-12-31": "3.08250", "2010-12-31": "3.42590", "2009-12-31": "-0.10290", "2008-12-31": "-21.36180", "2007-12-31": "9.31730", "2006-12-31": "5.76580", "2005-12-31": "5.84790"}, "Asset Turnover": {"2019-12-31": "0.74480", "2018-12-31": "0.76220", "2017-12-31": "0.78470", "2016-12-31": "0.87570", "2015-12-31": "0.81250", "2014-12-31": "0.94180", "2013-12-31": "0.86520", "2012-12-31": "0.91820", "2011-12-31": "0.90910", "2010-12-31": "0.87210", "2009-12-31": "0.83610", "2008-12-31": "1.05900", "2007-12-31": "0.87400", "2006-12-31": "0.96270", "2005-12-31": "0.82340"}, "Inventory Turnover Ratio": {"2019-12-31": "3.19610", "2018-12-31": "3.12360", "2017-12-31": "3.33300", "2016-12-31": "3.66780", "2015-12-31": "3.52210", "2014-12-31": "3.66050", "2013-12-31": "3.45220", "2012-12-31": "3.79090", "2011-12-31": "3.79420", "2010-12-31": "3.88730", "2009-12-31": "4.60460", "2008-12-31": "4.35570", "2007-12-31": "4.28590", "2006-12-31": "4.62900", "2005-12-31": "3.99190"}, "Receiveable Turnover": {"2019-12-31": "6.53120", "2018-12-31": "6.21580", "2017-12-31": "6.09130", "2016-12-31": "6.51030", "2015-12-31": "6.41870", "2014-12-31": "7.21230", "2013-12-31": "6.91400", "2012-12-31": "8.51830", "2011-12-31": "8.22290", "2010-12-31": "8.65630", "2009-12-31": "7.92960", "2008-12-31": "9.80400", "2007-12-31": "9.23870", "2006-12-31": "8.68750", "2005-12-31": "7.80060"}, "Days Sales In Receivables": {"2019-12-31": "55.88550", "2018-12-31": "58.72090", "2017-12-31": "59.92110", "2016-12-31": "56.06540", "2015-12-31": "56.86500", "2014-12-31": "50.60800", "2013-12-31": "52.79120", "2012-12-31": "42.84870", "2011-12-31": "44.38830", "2010-12-31": "42.16580", "2009-12-31": "46.02990", "2008-12-31": "37.22980", "2007-12-31": "39.50770", "2006-12-31": "42.01420", "2005-12-31": "46.79130"}, "ROE - Return On Equity": {"2019-12-31": "9.16230", "2018-12-31": "11.62430", "2017-12-31": "13.79210", "2016-12-31": "16.14190", "2015-12-31": "12.69290", "2014-12-31": "12.03430", "2013-12-31": "8.21390", "2012-12-31": "6.74510", "2011-12-31": "5.21770", "2010-12-31": "5.80560", "2009-12-31": "-0.03180", "2008-12-31": "-45.60640", "2007-12-31": "15.17650", "2006-12-31": "12.26920", "2005-12-31": "12.65890"}, "Return On Tangible Equity": {"2019-12-31": "16.09000", "2018-12-31": "21.85480", "2017-12-31": "26.31610", "2016-12-31": "34.90680", "2015-12-31": "37.82970", "2014-12-31": "25.14840", "2013-12-31": "19.09830", "2012-12-31": "14.09470", "2011-12-31": "12.41550", "2010-12-31": "15.50450", "2009-12-31": "-0.10150", "2008-12-31": "-154.91240", "2007-12-31": "96.78450", "2006-12-31": "-277.15310", "2005-12-31": "-52.47040"}, "ROA - Return On Assets": {"2019-12-31": "5.56200", "2018-12-31": "6.60240", "2017-12-31": "8.05870", "2016-12-31": "9.12520", "2015-12-31": "6.21060", "2014-12-31": "6.42390", "2013-12-31": "4.32280", "2012-12-31": "3.98010", "2011-12-31": "2.87170", "2010-12-31": "3.11420", "2009-12-31": "-0.01590", "2008-12-31": "-22.53330", "2007-12-31": "8.23050", "2006-12-31": "5.55070", "2005-12-31": "4.81510"}, "ROI - Return On Investment": {"2019-12-31": "7.71990", "2018-12-31": "9.65710", "2017-12-31": "11.29830", "2016-12-31": "13.50600", "2015-12-31": "10.19840", "2014-12-31": "9.13750", "2013-12-31": "5.56080", "2012-12-31": "4.97080", "2011-12-31": "3.86110", "2010-12-31": "4.15200", "2009-12-31": "-0.02040", "2008-12-31": "-28.79190", "2007-12-31": "10.61730", "2006-12-31": "7.69620", "2005-12-31": "6.19140"}, "Book Value Per Share": {"2019-12-31": "113.44720", "2018-12-31": "102.89540", "2017-12-31": "94.95990", "2016-12-31": "77.97820", "2015-12-31": "65.75040", "2014-12-31": "60.65880", "2013-12-31": "61.50160", "2012-12-31": "53.78820", "2011-12-31": "49.66180", "2010-12-31": "47.67020", "2009-12-31": "46.73830", "2008-12-31": "46.54910", "2007-12-31": "68.86330", "2006-12-31": "54.82570", "2005-12-31": "45.30920"}, "Operating Cash Flow Per Share": {"2019-12-31": 3.8339, "2018-12-31": -0.1497, "2017-12-31": -2.0923, "2016-12-31": 5.4923, "2015-12-31": 3.5226, "2014-12-31": 1.7626, "2013-12-31": -1.2146, "2012-12-31": 4.1137, "2011-12-31": -0.2836, "2010-12-31": -5.172, "2009-12-31": 1.3979, "2008-12-31": -4.4318, "2007-12-31": 1.3628, "2006-12-31": 3.1897, "2005-12-31": 8.3015}, "Free Cash Flow Per Share": {"2019-12-31": 6.906, "2018-12-31": 1.3359, "2017-12-31": -5.1846, "2016-12-31": 3.2809, "2015-12-31": 4.3783, "2014-12-31": -0.8255, "2013-12-31": -3.279, "2012-12-31": 5.1042, "2011-12-31": -2.0089, "2010-12-31": -5.8513, "2009-12-31": 2.9911, "2008-12-31": -5.2353, "2007-12-31": 1.4176, "2006-12-31": 4.4099, "2005-12-31": 4.6455}}, "financial ratios, quarterly": {"Current Ratio": {"2020-09-30": "2.15820", "2020-06-30": "2.53490", "2020-03-31": "1.60660", "2019-12-31": "1.63290", "2019-09-30": "1.51790", "2019-06-30": "1.29750", "2019-03-31": "1.36540", "2018-12-31": "1.38060", "2018-09-30": "1.53810", "2018-06-30": "1.74470", "2018-03-31": "1.53690", "2017-12-31": "1.53390", "2017-09-30": "1.48200", "2017-06-30": "1.24530", "2017-03-31": "1.32060", "2016-12-31": "1.27710", "2016-09-30": "1.19880", "2016-06-30": "1.12440", "2016-03-31": "1.04420", "2015-12-31": "0.99720", "2015-09-30": "1.06040", "2015-06-30": "1.20230", "2015-03-31": "1.10780", "2014-12-31": "1.53100", "2014-09-30": "1.83950", "2014-06-30": "1.80460", "2014-03-31": "1.77010", "2013-12-31": "2.33620", "2013-09-30": "2.30180", "2013-06-30": "2.43140", "2013-03-31": "3.92720", "2012-12-31": "3.07740", "2012-09-30": "3.17120", "2012-06-30": "3.20550", "2012-03-31": "3.26780", "2011-12-31": "2.17750", "2011-09-30": "2.01160", "2011-06-30": "1.99860", "2011-03-31": "2.95240", "2010-12-31": "2.14380", "2010-09-30": "2.02790", "2010-06-30": "1.96930", "2010-03-31": "1.73160", "2009-12-31": "2.66850", "2009-09-30": "2.53740", "2009-06-30": "2.42320", "2009-03-31": "2.30520", "2008-12-31": "2.56150", "2008-09-30": "2.25070", "2008-06-30": "2.04300", "2008-03-31": "1.99580", "2007-12-31": "2.02210", "2007-09-30": "1.91790", "2007-06-30": "1.82750", "2007-03-31": "1.69880", "2006-12-31": "1.48060", "2006-09-30": "1.52110", "2006-06-30": "1.50250", "2006-03-31": "2.10960", "2005-12-31": "2.14850", "2005-09-30": "2.36850", "2005-06-30": "2.12990", "2005-03-31": "2.03740"}, "Long-term Debt / Capital": {"2020-09-30": "0.21850", "2020-06-30": "0.24510", "2020-03-31": "0.16170", "2019-12-31": "0.15740", "2019-09-30": "0.16040", "2019-06-30": "0.13010", "2019-03-31": "0.16510", "2018-12-31": "0.16920", "2018-09-30": "0.16800", "2018-06-30": "0.20350", "2018-03-31": "0.17750", "2017-12-31": "0.18080", "2017-09-30": "0.18520", "2017-06-30": "0.15390", "2017-03-31": "0.15730", "2016-12-31": "0.16330", "2016-09-30": "0.17040", "2016-06-30": "0.17730", "2016-03-31": "0.18540", "2015-12-31": "0.19650", "2015-09-30": "0.20990", "2015-06-30": "0.27810", "2015-03-31": "0.12550", "2014-12-31": "0.24070", "2014-09-30": "0.28310", "2014-06-30": "0.27890", "2014-03-31": "0.28730", "2013-12-31": "0.32300", "2013-09-30": "0.34250", "2013-06-30": "0.37390", "2013-03-31": "0.37690", "2012-12-31": "0.26310", "2012-09-30": "0.28980", "2012-06-30": "0.31120", "2012-03-31": "0.31820", "2011-12-31": "0.26000", "2011-09-30": "0.25550", "2011-06-30": "0.24720", "2011-03-31": "0.31600", "2010-12-31": "0.28480", "2010-09-30": "0.28210", "2010-06-30": "0.29530", "2010-03-31": "0.29260", "2009-12-31": "0.36010", "2009-09-30": "0.35700", "2009-06-30": "0.36560", "2009-03-31": "0.38130", "2008-12-31": "0.36870", "2008-09-30": "0.36520", "2008-06-30": "0.27330", "2008-03-31": "0.28810", "2007-12-31": "0.30040", "2007-09-30": "0.33370", "2007-06-30": "0.34780", "2007-03-31": "0.36240", "2006-12-31": "0.37270", "2006-09-30": "0.40860", "2006-06-30": "0.43160", "2006-03-31": "0.49980", "2005-12-31": "0.51090", "2005-09-30": "0.19220", "2005-06-30": "0.19840", "2005-03-31": "0.20320"}, "Debt/Equity Ratio": {"2020-09-30": "0.32310", "2020-06-30": "0.34180", "2020-03-31": "0.34720", "2019-12-31": "0.31620", "2019-09-30": "0.35500", "2019-06-30": "0.39140", "2019-03-31": "0.43040", "2018-12-31": "0.43790", "2018-09-30": "0.37800", "2018-06-30": "0.41100", "2018-03-31": "0.39720", "2017-12-31": "0.39110", "2017-09-30": "0.39980", "2017-06-30": "0.45370", "2017-03-31": "0.43370", "2016-12-31": "0.43430", "2016-09-30": "0.47840", "2016-06-30": "0.54890", "2016-03-31": "0.63020", "2015-12-31": "0.65670", "2015-09-30": "0.67100", "2015-06-30": "0.75320", "2015-03-31": "0.57110", "2014-12-31": "0.50950", "2014-09-30": "0.52230", "2014-06-30": "0.51930", "2014-03-31": "0.54890", "2013-12-31": "0.50560", "2013-09-30": "0.54140", "2013-06-30": "0.61730", "2013-03-31": "0.61930", "2012-12-31": "0.37180", "2012-09-30": "0.42420", "2012-06-30": "0.46820", "2012-03-31": "0.48300", "2011-12-31": "0.46440", "2011-09-30": "0.47130", "2011-06-30": "0.45730", "2011-03-31": "0.47750", "2010-12-31": "0.50540", "2010-09-30": "0.49910", "2010-06-30": "0.53210", "2010-03-31": "0.58860", "2009-12-31": "0.57940", "2009-09-30": "0.57150", "2009-06-30": "0.59400", "2009-03-31": "0.66230", "2008-12-31": "0.61380", "2008-09-30": "0.61450", "2008-06-30": "0.43370", "2008-03-31": "0.47900", "2007-12-31": "0.48470", "2007-09-30": "0.58010", "2007-06-30": "0.62400", "2007-03-31": "0.70200", "2006-12-31": "0.74930", "2006-09-30": "0.83500", "2006-06-30": "0.91450", "2006-03-31": "1.03090", "2005-12-31": "1.08180", "2005-09-30": "0.26130", "2005-06-30": "0.31260", "2005-03-31": "0.33470"}, "Gross Margin": {"2020-09-30": "27.42660", "2020-06-30": "18.04890", "2020-03-31": "26.96870", "2019-12-31": "25.68790", "2019-09-30": "27.45690", "2019-06-30": "28.50150", "2019-03-31": "25.58570", "2018-12-31": "26.39820", "2018-09-30": "28.29890", "2018-06-30": "29.74590", "2018-03-31": "29.21360", "2017-12-31": "31.81060", "2017-09-30": "31.99090", "2017-06-30": "31.76210", "2017-03-31": "30.63760", "2016-12-31": "31.65990", "2016-09-30": "31.67020", "2016-06-30": "32.70470", "2016-03-31": "29.45050", "2015-12-31": "31.14170", "2015-09-30": "30.75360", "2015-06-30": "30.12780", "2015-03-31": "27.21400", "2014-12-31": "27.75390", "2014-09-30": "27.95170", "2014-06-30": "28.06360", "2014-03-31": "26.54880", "2013-12-31": "26.65120", "2013-09-30": "26.35130", "2013-06-30": "26.01110", "2013-03-31": "25.36070", "2012-12-31": "25.72550", "2012-09-30": "25.30290", "2012-06-30": "26.42980", "2012-03-31": "25.50870", "2011-12-31": "24.33560", "2011-09-30": "24.79170", "2011-06-30": "25.86500", "2011-03-31": "25.42370", "2010-12-31": "27.06910", "2010-09-30": "26.33970", "2010-06-30": "26.76660", "2010-03-31": "25.32930", "2009-12-31": "25.36500", "2009-09-30": "26.72270", "2009-06-30": "26.12980", "2009-03-31": "12.71900", "2008-12-31": "23.96770", "2008-09-30": "24.90430", "2008-06-30": "26.24350", "2008-03-31": "26.45650", "2007-12-31": "27.07200", "2007-09-30": "28.14620", "2007-06-30": "28.15570", "2007-03-31": "28.08360", "2006-12-31": "29.18360", "2006-09-30": "28.08820", "2006-06-30": "28.78240", "2006-03-31": "26.82160", "2005-12-31": "26.73380", "2005-09-30": "27.27050", "2005-06-30": "26.96910", "2005-03-31": "25.76320"}, "Operating Margin": {"2020-09-30": "10.20420", "2020-06-30": "-2.97390", "2020-03-31": "6.62720", "2019-12-31": "6.38530", "2019-09-30": "9.53560", "2019-06-30": "10.32550", "2019-03-31": "6.76890", "2018-12-31": "8.71420", "2018-09-30": "11.28310", "2018-06-30": "12.66220", "2018-03-31": "11.12670", "2017-12-31": "14.49780", "2017-09-30": "15.52360", "2017-06-30": "14.50550", "2017-03-31": "12.37410", "2016-12-31": "13.98690", "2016-09-30": "16.49020", "2016-06-30": "15.17930", "2016-03-31": "11.31060", "2015-12-31": "12.47460", "2015-09-30": "13.42540", "2015-06-30": "12.52940", "2015-03-31": "2.32690", "2014-12-31": "10.56240", "2014-09-30": "10.73480", "2014-06-30": "10.85070", "2014-03-31": "7.21060", "2013-12-31": "7.84720", "2013-09-30": "8.96760", "2013-06-30": "6.73980", "2013-03-31": "5.84080", "2012-12-31": "6.67710", "2012-09-30": "7.05490", "2012-06-30": "7.32880", "2012-03-31": "5.10820", "2011-12-31": "4.80990", "2011-09-30": "6.34060", "2011-06-30": "6.88160", "2011-03-31": "4.17420", "2010-12-31": "6.78500", "2010-09-30": "6.50470", "2010-06-30": "6.40860", "2010-03-31": "3.98010", "2009-12-31": "3.47900", "2009-09-30": "4.92350", "2009-06-30": "5.31130", "2009-03-31": "-12.07310", "2008-12-31": "-6.28980", "2008-09-30": "-73.79890", "2008-06-30": "7.93800", "2008-03-31": "7.15250", "2007-12-31": "9.98560", "2007-09-30": "10.36370", "2007-06-30": "10.02670", "2007-03-31": "9.15180", "2006-12-31": "12.08130", "2006-09-30": "11.00480", "2006-06-30": "10.83730", "2006-03-31": "8.51390", "2005-12-31": "10.67890", "2005-09-30": "11.12740", "2005-06-30": "10.28780", "2005-03-31": "8.27940"}, "EBIT Margin": {"2020-09-30": "10.20420", "2020-06-30": "-2.97390", "2020-03-31": "6.62720", "2019-12-31": "6.38530", "2019-09-30": "9.53560", "2019-06-30": "10.32550", "2019-03-31": "6.76890", "2018-12-31": "8.71410", "2018-09-30": "11.28310", "2018-06-30": "12.66220", "2018-03-31": "11.12670", "2017-12-31": "14.49780", "2017-09-30": "15.52360", "2017-06-30": "14.50550", "2017-03-31": "12.37410", "2016-12-31": "13.98680", "2016-09-30": "16.49020", "2016-06-30": "15.17930", "2016-03-31": "11.31060", "2015-12-31": "12.47460", "2015-09-30": "13.42540", "2015-06-30": "12.52940", "2015-03-31": "2.32690", "2014-12-31": "10.56240", "2014-09-30": "10.73480", "2014-06-30": "10.85070", "2014-03-31": "7.21060", "2013-12-31": "7.84720", "2013-09-30": "8.96760", "2013-06-30": "6.73980", "2013-03-31": "5.84080", "2012-12-31": "6.67710", "2012-09-30": "7.05490", "2012-06-30": "7.32880", "2012-03-31": "5.10820", "2011-12-31": "4.80990", "2011-09-30": "6.34060", "2011-06-30": "6.88160", "2011-03-31": "4.17420", "2010-12-31": "6.78500", "2010-09-30": "6.50470", "2010-06-30": "6.40860", "2010-03-31": "3.98010", "2009-12-31": "3.47890", "2009-09-30": "4.92350", "2009-06-30": "5.31130", "2009-03-31": "-12.07310", "2008-12-31": "-6.28980", "2008-09-30": "-73.79890", "2008-06-30": "7.93800", "2008-03-31": "7.15250", "2007-12-31": "9.98560", "2007-09-30": "10.36370", "2007-06-30": "10.02670", "2007-03-31": "9.15180", "2006-12-31": "12.08130", "2006-09-30": "11.00480", "2006-06-30": "10.83730", "2006-03-31": "8.51390", "2005-12-31": "10.67900", "2005-09-30": "11.12740", "2005-06-30": "10.28780", "2005-03-31": "8.27940"}, "EBITDA Margin": {"2020-09-30": "", "2020-06-30": "", "2020-03-31": "", "2019-12-31": "", "2019-09-30": "", "2019-06-30": "", "2019-03-31": "", "2018-12-31": "", "2018-09-30": "", "2018-06-30": "", "2018-03-31": "", "2017-12-31": "", "2017-09-30": "", "2017-06-30": "", "2017-03-31": "", "2016-12-31": "", "2016-09-30": "", "2016-06-30": "", "2016-03-31": "", "2015-12-31": "", "2015-09-30": "", "2015-06-30": "", "2015-03-31": "", "2014-12-31": "", "2014-09-30": "", "2014-06-30": "", "2014-03-31": "", "2013-12-31": "", "2013-09-30": "", "2013-06-30": "", "2013-03-31": "", "2012-12-31": "", "2012-09-30": "", "2012-06-30": "", "2012-03-31": "", "2011-12-31": "", "2011-09-30": "", "2011-06-30": "", "2011-03-31": "", "2010-12-31": "", "2010-09-30": "", "2010-06-30": "", "2010-03-31": "", "2009-12-31": "", "2009-09-30": "", "2009-06-30": "", "2009-03-31": "", "2008-12-31": "", "2008-09-30": "", "2008-06-30": "", "2008-03-31": "", "2007-12-31": "", "2007-09-30": "", "2007-06-30": "", "2007-03-31": "", "2006-12-31": "", "2006-09-30": "", "2006-06-30": "", "2006-03-31": "", "2005-12-31": "", "2005-09-30": "", "2005-06-30": "", "2005-03-31": ""}, "Pre-Tax Profit Margin": {"2020-09-30": "9.65550", "2020-06-30": "-3.65650", "2020-03-31": "5.99940", "2019-12-31": "6.32600", "2019-09-30": "7.07340", "2019-06-30": "10.03630", "2019-03-31": "6.49310", "2018-12-31": "8.10500", "2018-09-30": "10.90080", "2018-06-30": "12.27600", "2018-03-31": "10.64890", "2017-12-31": "14.03320", "2017-09-30": "15.17470", "2017-06-30": "14.04100", "2017-03-31": "12.13220", "2016-12-31": "13.74420", "2016-09-30": "15.91260", "2016-06-30": "14.98260", "2016-03-31": "10.58640", "2015-12-31": "10.97280", "2015-09-30": "12.32950", "2015-06-30": "11.56130", "2015-03-31": "1.51010", "2014-12-31": "9.00670", "2014-09-30": "9.10660", "2014-06-30": "9.91580", "2014-03-31": "5.72220", "2013-12-31": "6.55810", "2013-09-30": "7.60140", "2013-06-30": "5.51450", "2013-03-31": "4.12280", "2012-12-31": "5.50910", "2012-09-30": "5.81360", "2012-06-30": "6.01680", "2012-03-31": "3.64100", "2011-12-31": "3.04050", "2011-09-30": "3.66850", "2011-06-30": "5.11170", "2011-03-31": "2.19590", "2010-12-31": "4.63290", "2010-09-30": "4.56470", "2010-06-30": "3.58200", "2010-03-31": "1.79950", "2009-12-31": "0.91590", "2009-09-30": "2.70580", "2009-06-30": "3.57350", "2009-03-31": "-14.70660", "2008-12-31": "-9.46520", "2008-09-30": "-75.68300", "2008-06-30": "6.15790", "2008-03-31": "5.12690", "2007-12-31": "8.40140", "2007-09-30": "8.46860", "2007-06-30": "8.18800", "2007-03-31": "7.18360", "2006-12-31": "9.95750", "2006-09-30": "9.23230", "2006-06-30": "8.72430", "2006-03-31": "6.27700", "2005-12-31": "8.87470", "2005-09-30": "10.51620", "2005-06-30": "9.46070", "2005-03-31": "7.34990"}, "Net Profit Margin": {"2020-09-30": "7.96610", "2020-06-30": "-2.35420", "2020-03-31": "4.83490", "2019-12-31": "10.91630", "2019-09-30": "6.17330", "2019-06-30": "7.83290", "2019-03-31": "4.97790", "2018-12-31": "9.36610", "2018-09-30": "8.91720", "2018-06-30": "7.62840", "2018-03-31": "8.65460", "2017-12-31": "10.14640", "2017-09-30": "11.02810", "2017-06-30": "10.62690", "2017-03-31": "9.03130", "2016-12-31": "10.70410", "2016-09-30": "11.76380", "2016-06-30": "11.04550", "2016-03-31": "7.89800", "2015-12-31": "9.58760", "2015-09-30": "9.99250", "2015-06-30": "9.13400", "2015-03-31": "1.18790", "2014-12-31": "7.52610", "2014-09-30": "7.59880", "2014-06-30": "7.45760", "2014-03-31": "4.47200", "2013-12-31": "4.91920", "2013-09-30": "6.07010", "2013-06-30": "4.27930", "2013-03-31": "3.39620", "2012-12-31": "4.62430", "2012-09-30": "4.77120", "2012-06-30": "4.97950", "2012-03-31": "2.86560", "2011-12-31": "3.11480", "2011-09-30": "3.23370", "2011-06-30": "4.12100", "2011-03-31": "1.74470", "2010-12-31": "3.61040", "2010-09-30": "3.90160", "2010-06-30": "4.64430", "2010-03-31": "1.52450", "2009-12-31": "1.46830", "2009-09-30": "2.48440", "2009-06-30": "3.29020", "2009-03-31": "-8.76300", "2008-12-31": "-8.59260", "2008-09-30": "-84.21740", "2008-06-30": "4.82480", "2008-03-31": "3.76220", "2007-12-31": "20.97720", "2007-09-30": "6.29900", "2007-06-30": "5.82980", "2007-03-31": "4.84900", "2006-12-31": "6.82040", "2006-09-30": "6.30960", "2006-06-30": "5.80690", "2006-03-31": "4.11000", "2005-12-31": "5.72300", "2005-09-30": "6.81910", "2005-06-30": "6.03680", "2005-03-31": "4.68920"}, "Asset Turnover": {"2020-09-30": "0.18680", "2020-06-30": "0.15330", "2020-03-31": "0.17240", "2019-12-31": "0.18110", "2019-09-30": "0.18810", "2019-06-30": "0.18720", "2019-03-31": "0.17950", "2018-12-31": "0.18690", "2018-09-30": "0.19580", "2018-06-30": "0.19990", "2018-03-31": "0.19200", "2017-12-31": "0.19590", "2017-09-30": "0.20710", "2017-06-30": "0.21170", "2017-03-31": "0.20700", "2016-12-31": "0.21330", "2016-09-30": "0.22020", "2016-06-30": "0.22400", "2016-03-31": "0.21100", "2015-12-31": "0.20110", "2015-09-30": "0.21370", "2015-06-30": "0.20080", "2015-03-31": "0.22710", "2014-12-31": "0.23550", "2014-09-30": "0.22880", "2014-06-30": "0.23060", "2014-03-31": "0.20880", "2013-12-31": "0.22650", "2013-09-30": "0.22900", "2013-06-30": "0.23230", "2013-03-31": "0.20470", "2012-12-31": "0.22770", "2012-09-30": "0.23380", "2012-06-30": "0.23460", "2012-03-31": "0.22020", "2011-12-31": "0.22210", "2011-09-30": "0.22980", "2011-06-30": "0.23130", "2011-03-31": "0.21440", "2010-12-31": "0.20700", "2010-09-30": "0.21150", "2010-06-30": "0.23320", "2010-03-31": "0.21320", "2009-12-31": "0.21080", "2009-09-30": "0.21310", "2009-06-30": "0.22120", "2009-03-31": "0.19220", "2008-12-31": "0.23040", "2008-09-30": "0.25290", "2008-06-30": "0.20540", "2008-03-31": "0.19270", "2007-12-31": "0.20820", "2007-09-30": "0.22720", "2007-06-30": "0.23790", "2007-03-31": "0.22410", "2006-12-31": "0.23120", "2006-09-30": "0.24580", "2006-06-30": "0.24650", "2006-03-31": "0.23880", "2005-12-31": "0.22440", "2005-09-30": "0.36060", "2005-06-30": "0.34640", "2005-03-31": "0.32170"}, "Inventory Turnover Ratio": {"2020-09-30": "1.01450", "2020-06-30": "0.87400", "2020-03-31": "0.76040", "2019-12-31": "0.78940", "2019-09-30": "0.78170", "2019-06-30": "0.78050", "2019-03-31": "0.77740", "2018-12-31": "0.78780", "2018-09-30": "0.82440", "2018-06-30": "0.87840", "2018-03-31": "0.83500", "2017-12-31": "0.82900", "2017-09-30": "0.87140", "2017-06-30": "0.89710", "2017-03-31": "0.88480", "2016-12-31": "0.89010", "2016-09-30": "0.93690", "2016-06-30": "0.93650", "2016-03-31": "0.92760", "2015-12-31": "0.85600", "2015-09-30": "0.91860", "2015-06-30": "0.89590", "2015-03-31": "0.90940", "2014-12-31": "0.91350", "2014-09-30": "0.87430", "2014-06-30": "0.89580", "2014-03-31": "0.81590", "2013-12-31": "0.89760", "2013-09-30": "0.89580", "2013-06-30": "0.91880", "2013-03-31": "0.90210", "2012-12-31": "0.94050", "2012-09-30": "0.96600", "2012-06-30": "0.93130", "2012-03-31": "0.90100", "2011-12-31": "0.93650", "2011-09-30": "0.95830", "2011-06-30": "0.99350", "2011-03-31": "0.93160", "2010-12-31": "0.91370", "2010-09-30": "0.96820", "2010-06-30": "1.06170", "2010-03-31": "1.07850", "2009-12-31": "1.12590", "2009-09-30": "1.07840", "2009-06-30": "1.10920", "2009-03-31": "1.07020", "2008-12-31": "0.96660", "2008-09-30": "1.07230", "2008-06-30": "1.08550", "2008-03-31": "0.98600", "2007-12-31": "1.03250", "2007-09-30": "1.07300", "2007-06-30": "1.15550", "2007-03-31": "1.07660", "2006-12-31": "1.09680", "2006-09-30": "1.14120", "2006-06-30": "1.14160", "2006-03-31": "1.18720", "2005-12-31": "1.08780", "2005-09-30": "1.13280", "2005-06-30": "1.05460", "2005-03-31": "0.96750"}, "Receiveable Turnover": {"2020-09-30": "1.50490", "2020-06-30": "1.29210", "2020-03-31": "1.38970", "2019-12-31": "1.58820", "2019-09-30": "1.40960", "2019-06-30": "1.42050", "2019-03-31": "1.40080", "2018-12-31": "1.52450", "2018-09-30": "1.45000", "2018-06-30": "1.48280", "2018-03-31": "1.42740", "2017-12-31": "1.52040", "2017-09-30": "1.47850", "2017-06-30": "1.49610", "2017-03-31": "1.48250", "2016-12-31": "1.58600", "2016-09-30": "1.52300", "2016-06-30": "1.59450", "2016-03-31": "1.54400", "2015-12-31": "1.58890", "2015-09-30": "1.60420", "2015-06-30": "1.47130", "2015-03-31": "1.62330", "2014-12-31": "1.80360", "2014-09-30": "1.64580", "2014-06-30": "1.62330", "2014-03-31": "1.54320", "2013-12-31": "1.81030", "2013-09-30": "1.69920", "2013-06-30": "1.72520", "2013-03-31": "1.80080", "2012-12-31": "2.11290", "2012-09-30": "1.80310", "2012-06-30": "1.87920", "2012-03-31": "1.80180", "2011-12-31": "2.00870", "2011-09-30": "1.86030", "2011-06-30": "1.85220", "2011-03-31": "1.78000", "2010-12-31": "2.05410", "2010-09-30": "1.87750", "2010-06-30": "1.99030", "2010-03-31": "1.70940", "2009-12-31": "1.99890", "2009-09-30": "1.66150", "2009-06-30": "1.80620", "2009-03-31": "1.53990", "2008-12-31": "2.13300", "2008-09-30": "1.88810", "2008-06-30": "1.87310", "2008-03-31": "1.81940", "2007-12-31": "2.20100", "2007-09-30": "2.02060", "2007-06-30": "2.04240", "2007-03-31": "1.96450", "2006-12-31": "2.08630", "2006-09-30": "2.11180", "2006-06-30": "2.08390", "2006-03-31": "2.03020", "2005-12-31": "2.12630", "2005-09-30": "2.09160", "2005-06-30": "2.09370", "2005-03-31": "2.01840"}, "Days Sales In Receivables": {"2020-09-30": "59.80360", "2020-06-30": "69.65350", "2020-03-31": "64.76070", "2019-12-31": "56.66940", "2019-09-30": "63.84770", "2019-06-30": "63.35990", "2019-03-31": "64.24690", "2018-12-31": "59.03510", "2018-09-30": "62.06850", "2018-06-30": "60.69590", "2018-03-31": "63.05110", "2017-12-31": "59.19320", "2017-09-30": "60.87200", "2017-06-30": "60.15610", "2017-03-31": "60.70840", "2016-12-31": "56.74680", "2016-09-30": "59.09340", "2016-06-30": "56.44240", "2016-03-31": "58.28850", "2015-12-31": "56.64440", "2015-09-30": "56.10310", "2015-06-30": "61.16950", "2015-03-31": "55.44250", "2014-12-31": "49.89980", "2014-09-30": "54.68550", "2014-06-30": "55.44390", "2014-03-31": "58.32050", "2013-12-31": "49.71600", "2013-09-30": "52.96520", "2013-06-30": "52.16800", "2013-03-31": "49.97890", "2012-12-31": "42.59550", "2012-09-30": "49.91490", "2012-06-30": "47.89180", "2012-03-31": "49.94910", "2011-12-31": "44.80520", "2011-09-30": "48.37940", "2011-06-30": "48.59100", "2011-03-31": "50.56160", "2010-12-31": "43.81450", "2010-09-30": "47.93560", "2010-06-30": "45.21950", "2010-03-31": "52.64940", "2009-12-31": "45.02520", "2009-09-30": "54.16700", "2009-06-30": "49.82960", "2009-03-31": "58.44460", "2008-12-31": "42.19410", "2008-09-30": "47.66600", "2008-06-30": "48.04990", "2008-03-31": "49.46750", "2007-12-31": "40.89050", "2007-09-30": "44.54060", "2007-06-30": "44.06680", "2007-03-31": "45.81290", "2006-12-31": "43.13820", "2006-09-30": "42.61690", "2006-06-30": "43.18810", "2006-03-31": "44.33030", "2005-12-31": "42.32630", "2005-09-30": "43.02840", "2005-06-30": "42.98620", "2005-03-31": "44.58880"}, "ROE - Return On Equity": {"2020-09-30": "2.51560", "2020-06-30": "-0.61310", "2020-03-31": "1.40760", "2019-12-31": "3.25690", "2019-09-30": "2.00470", "2019-06-30": "2.59100", "2019-03-31": "1.60450", "2018-12-31": "3.09200", "2018-09-30": "3.01150", "2018-06-30": "2.67910", "2018-03-31": "2.84840", "2017-12-31": "3.40830", "2017-09-30": "3.98700", "2017-06-30": "4.05530", "2017-03-31": "3.31510", "2016-12-31": "4.05480", "2016-09-30": "4.77420", "2016-06-30": "4.75550", "2016-03-31": "3.33780", "2015-12-31": "3.95000", "2015-09-30": "4.53550", "2015-06-30": "4.04720", "2015-03-31": "0.53280", "2014-12-31": "3.32550", "2014-09-30": "3.30510", "2014-06-30": "3.27090", "2014-03-31": "1.80380", "2013-12-31": "2.47780", "2013-09-30": "2.77160", "2013-06-30": "2.08910", "2013-03-31": "1.35770", "2012-12-31": "1.78480", "2012-09-30": "1.95560", "2012-06-30": "2.10530", "2012-03-31": "1.16530", "2011-12-31": "1.28510", "2011-09-30": "1.39510", "2011-06-30": "1.76560", "2011-03-31": "0.71890", "2010-12-31": "1.45000", "2010-09-30": "1.57640", "2010-06-30": "2.21810", "2010-03-31": "0.67490", "2009-12-31": "0.66510", "2009-09-30": "1.09040", "2009-06-30": "1.50810", "2009-03-31": "-3.50700", "2008-12-31": "-3.96940", "2008-09-30": "-44.32730", "2008-06-30": "1.79290", "2008-03-31": "1.34830", "2007-12-31": "8.21510", "2007-09-30": "2.87340", "2007-06-30": "2.87540", "2007-03-31": "2.34590", "2006-12-31": "3.48540", "2006-09-30": "3.61730", "2006-06-30": "3.49500", "2006-03-31": "2.51110", "2005-12-31": "3.37690", "2005-09-30": "3.93520", "2005-06-30": "3.46900", "2005-03-31": "2.55170"}, "Return On Tangible Equity": {"2020-09-30": "4.39600", "2020-06-30": "-1.08650", "2020-03-31": "2.49720", "2019-12-31": "5.71950", "2019-09-30": "3.59590", "2019-06-30": "4.70710", "2019-03-31": "2.98160", "2018-12-31": "5.81320", "2018-09-30": "5.55490", "2018-06-30": "4.85620", "2018-03-31": "5.31960", "2017-12-31": "6.50320", "2017-09-30": "7.84900", "2017-06-30": "8.28540", "2017-03-31": "6.84810", "2016-12-31": "8.76840", "2016-09-30": "10.99070", "2016-06-30": "12.00990", "2016-03-31": "9.22340", "2015-12-31": "11.77250", "2015-09-30": "13.85810", "2015-06-30": "13.44310", "2015-03-31": "1.12030", "2014-12-31": "6.94940", "2014-09-30": "6.99730", "2014-06-30": "7.10870", "2014-03-31": "4.10450", "2013-12-31": "5.76110", "2013-09-30": "6.64100", "2013-06-30": "5.31530", "2013-03-31": "2.87120", "2012-12-31": "3.72960", "2012-09-30": "4.21190", "2012-06-30": "4.72790", "2012-03-31": "2.68230", "2011-12-31": "3.05790", "2011-09-30": "3.41870", "2011-06-30": "4.38220", "2011-03-31": "1.86330", "2010-12-31": "3.87220", "2010-09-30": "4.29980", "2010-06-30": "6.36780", "2010-03-31": "2.04990", "2009-12-31": "2.11960", "2009-09-30": "3.52500", "2009-06-30": "5.13760", "2009-03-31": "-12.74800", "2008-12-31": "-13.48290", "2008-09-30": "-172.07200", "2008-06-30": "9.26380", "2008-03-31": "7.76100", "2007-12-31": "52.38960", "2007-09-30": "41.87000", "2007-06-30": "85.16640", "2007-03-31": "-363.69640", "2006-12-31": "-78.73240", "2006-09-30": "-39.49770", "2006-06-30": "-25.49970", "2006-03-31": "-11.90340", "2005-12-31": "-13.99730", "2005-09-30": "9.31120", "2005-06-30": "8.68450", "2005-03-31": "6.69980"}, "ROA - Return On Assets": {"2020-09-30": "1.49050", "2020-06-30": "-0.36340", "2020-03-31": "0.83330", "2019-12-31": "1.97710", "2019-09-30": "1.16230", "2019-06-30": "1.46790", "2019-03-31": "0.89360", "2018-12-31": "1.75620", "2018-09-30": "1.75390", "2018-06-30": "1.53210", "2018-03-31": "1.66590", "2017-12-31": "1.99150", "2017-09-30": "2.29240", "2017-06-30": "2.25850", "2017-03-31": "1.87420", "2016-12-31": "2.29220", "2016-09-30": "2.59900", "2016-06-30": "2.48350", "2016-03-31": "1.67230", "2015-12-31": "1.93270", "2015-09-30": "2.14320", "2015-06-30": "1.83730", "2015-03-31": "0.27160", "2014-12-31": "1.77510", "2014-09-30": "1.73830", "2014-06-30": "1.72110", "2014-03-31": "0.93360", "2013-12-31": "1.30400", "2013-09-30": "1.40250", "2013-06-30": "1.00770", "2013-03-31": "0.69630", "2012-12-31": "1.05320", "2012-09-30": "1.11550", "2012-06-30": "1.16820", "2012-03-31": "0.64090", "2011-12-31": "0.70730", "2011-09-30": "0.75980", "2011-06-30": "0.97190", "2011-03-31": "0.39160", "2010-12-31": "0.77780", "2010-09-30": "0.84410", "2010-06-30": "1.14870", "2010-03-31": "0.33660", "2009-12-31": "0.33310", "2009-09-30": "0.54550", "2009-06-30": "0.74280", "2009-03-31": "-1.66850", "2008-12-31": "-1.96120", "2008-09-30": "-21.27320", "2008-06-30": "1.00920", "2008-03-31": "0.74000", "2007-12-31": "4.45520", "2007-09-30": "1.43140", "2007-06-30": "1.38710", "2007-03-31": "1.08690", "2006-12-31": "1.57680", "2006-09-30": "1.55090", "2006-06-30": "1.43170", "2006-03-31": "0.98160", "2005-12-31": "1.28450", "2005-09-30": "2.45900", "2005-06-30": "2.09110", "2005-03-31": "1.50870"}, "ROI - Return On Investment": {"2020-09-30": "1.96610", "2020-06-30": "-0.46280", "2020-03-31": "1.18000", "2019-12-31": "2.74420", "2019-09-30": "1.68310", "2019-06-30": "2.25390", "2019-03-31": "1.33970", "2018-12-31": "2.56870", "2018-09-30": "2.50570", "2018-06-30": "2.13390", "2018-03-31": "2.34270", "2017-12-31": "2.79200", "2017-09-30": "3.24880", "2017-06-30": "3.43100", "2017-03-31": "2.79360", "2016-12-31": "3.39270", "2016-09-30": "3.96050", "2016-06-30": "3.91240", "2016-03-31": "2.71900", "2015-12-31": "3.17370", "2015-09-30": "3.58370", "2015-06-30": "2.92170", "2015-03-31": "0.46590", "2014-12-31": "2.52500", "2014-09-30": "2.36960", "2014-06-30": "2.35860", "2014-03-31": "1.28550", "2013-12-31": "1.67750", "2013-09-30": "1.82240", "2013-06-30": "1.30810", "2013-03-31": "0.84590", "2012-12-31": "1.31530", "2012-09-30": "1.38880", "2012-06-30": "1.45020", "2012-03-31": "0.79450", "2011-12-31": "0.95100", "2011-09-30": "1.03870", "2011-06-30": "1.32900", "2011-03-31": "0.49170", "2010-12-31": "1.03700", "2010-09-30": "1.13160", "2010-06-30": "1.56300", "2010-03-31": "0.47740", "2009-12-31": "0.42560", "2009-09-30": "0.70110", "2009-06-30": "0.95670", "2009-03-31": "-2.16980", "2008-12-31": "-2.50590", "2008-09-30": "-28.14080", "2008-06-30": "1.30290", "2008-03-31": "0.95990", "2007-12-31": "5.74720", "2007-09-30": "1.91470", "2007-06-30": "1.87540", "2007-03-31": "1.49570", "2006-12-31": "2.18630", "2006-09-30": "2.13940", "2006-06-30": "1.98660", "2006-03-31": "1.25610", "2005-12-31": "1.65170", "2005-09-30": "3.17880", "2005-06-30": "2.78060", "2005-03-31": "2.03300"}, "Book Value Per Share": {"2020-09-30": "114.70760", "2020-06-30": "111.31210", "2020-03-31": "110.24290", "2019-12-31": "113.44720", "2019-09-30": "108.08380", "2019-06-30": "108.08680", "2019-03-31": "104.62350", "2018-12-31": "102.89540", "2018-09-30": "101.49560", "2018-06-30": "98.83700", "2018-03-31": "98.56050", "2017-12-31": "94.95990", "2017-09-30": "91.44180", "2017-06-30": "86.82630", "2017-03-31": "81.62400", "2016-12-31": "77.97820", "2016-09-30": "76.49570", "2016-06-30": "72.62900", "2016-03-31": "69.60640", "2015-12-31": "65.75040", "2015-09-30": "64.34170", "2015-06-30": "62.43580", "2015-03-31": "57.78900", "2014-12-31": "60.65880", "2014-09-30": "62.78230", "2014-06-30": "64.16200", "2014-03-31": "61.69860", "2013-12-31": "61.50160", "2013-09-30": "59.67220", "2013-06-30": "56.60080", "2013-03-31": "53.50720", "2012-12-31": "53.78820", "2012-09-30": "52.05900", "2012-06-30": "50.38510", "2012-03-31": "51.02580", "2011-12-31": "49.66180", "2011-09-30": "49.72130", "2011-06-30": "51.12450", "2011-03-31": "49.66650", "2010-12-31": "47.67020", "2010-09-30": "48.33230", "2010-06-30": "45.32880", "2010-03-31": "45.95880", "2009-12-31": "46.73830", "2009-09-30": "47.41240", "2009-06-30": "45.73090", "2009-03-31": "43.70490", "2008-12-31": "46.54910", "2008-09-30": "48.91100", "2008-06-30": "73.71690", "2008-03-31": "72.36090", "2007-12-31": "68.86330", "2007-09-30": "62.18950", "2007-06-30": "58.73740", "2007-03-31": "56.61090", "2006-12-31": "54.82570", "2006-09-30": "52.15150", "2006-06-30": "50.49750", "2006-03-31": "46.56450", "2005-12-31": "45.30920", "2005-09-30": "43.97980", "2005-06-30": "42.31050", "2005-03-31": "41.03390"}, "Operating Cash Flow Per Share": {"2020-09-30": 8.356, "2020-06-30": 8.009, "2020-03-31": "2.71640", "2019-12-31": 6.122, "2019-09-30": 5.7189, "2019-06-30": 5.4501, "2019-03-31": "2.34200", "2018-12-31": 3.8639, "2018-09-30": 3.6484, "2018-06-30": 5.8414, "2018-03-31": "2.44540", "2017-12-31": 4.2677, "2017-09-30": 6.148, "2017-06-30": 3.3141, "2017-03-31": "2.21900", "2016-12-31": 4.634, "2016-09-30": 5.8342, "2016-06-30": 5.5341, "2016-03-31": "2.03880", "2015-12-31": 3.7233, "2015-09-30": 5.1984, "2015-06-30": 4.3023, "2015-03-31": "-0.67520", "2014-12-31": 4.6185, "2014-09-30": 3.0724, "2014-06-30": 2.3042, "2014-03-31": "-0.96890", "2013-12-31": 2.7898, "2013-09-30": 2.9105, "2013-06-30": 2.1205, "2013-03-31": "-0.55720", "2012-12-31": 4.1725, "2012-09-30": 2.9257, "2012-06-30": 2.0232, "2012-03-31": "-0.64320", "2011-12-31": 2.3604, "2011-09-30": 1.5896, "2011-06-30": 1.3929, "2011-03-31": "-0.97840", "2010-12-31": 1.5888, "2010-09-30": 1.7658, "2010-06-30": 1.9656, "2010-03-31": "-0.67210", "2009-12-31": 3.8084, "2009-09-30": 2.0832, "2009-06-30": 3.3744, "2009-03-31": "0.55410", "2008-12-31": 2.9117, "2008-09-30": 2.7897, "2008-06-30": 3.8899, "2008-03-31": "-1.16910", "2007-12-31": 4.0805, "2007-09-30": 4.1852, "2007-06-30": 3.2878, "2007-03-31": "1.30050", "2006-12-31": 3.4607, "2006-09-30": 2.9957, "2006-06-30": 3.4994, "2006-03-31": "1.53540", "2005-12-31": 3.4431, "2005-09-30": 2.5655, "2005-06-30": 1.5439, "2005-03-31": "0.74900"}, "Free Cash Flow Per Share": {"2020-09-30": 7.3948, "2020-06-30": 6.8628, "2020-03-31": "1.10540", "2019-12-31": 4.1769, "2019-09-30": 3.9829, "2019-06-30": 3.4681, "2019-03-31": "0.45690", "2018-12-31": 1.8225, "2018-09-30": 1.7198, "2018-06-30": 2.5401, "2018-03-31": "-0.90360", "2017-12-31": 0.9088, "2017-09-30": 3.0884, "2017-06-30": 0.3191, "2017-03-31": "-0.47340", "2016-12-31": 1.7958, "2016-09-30": 3.3721, "2016-06-30": 3.7114, "2016-03-31": "0.14820", "2015-12-31": 1.6508, "2015-09-30": 3.5657, "2015-06-30": 2.6441, "2015-03-31": "-2.11400", "2014-12-31": 2.2972, "2014-09-30": 1.1424, "2014-06-30": 0.5635, "2014-03-31": "-2.63480", "2013-12-31": 1.2162, "2013-09-30": 1.4193, "2013-06-30": 1.0208, "2013-03-31": "-1.46250", "2012-12-31": 3.114, "2012-09-30": 2.2449, "2012-06-30": 1.3826, "2012-03-31": "-1.26870", "2011-12-31": 1.0078, "2011-09-30": 0.5775, "2011-06-30": 0.5281, "2011-03-31": "-1.74480", "2010-12-31": 0.5722, "2010-09-30": 1.1971, "2010-06-30": 1.6194, "2010-03-31": "-1.01120", "2009-12-31": 3.2554, "2009-09-30": 1.8162, "2009-06-30": 2.999, "2009-03-31": "0.15820", "2008-12-31": 1.9976, "2008-09-30": 2.0614, "2008-06-30": 3.164, "2008-03-31": "-1.98530", "2007-12-31": 3.1257, "2007-09-30": 3.6401, "2007-06-30": 2.7723, "2007-03-31": "0.93490", "2006-12-31": 2.8486, "2006-09-30": 2.3863, "2006-06-30": 2.9554, "2006-03-31": "0.86510", "2005-12-31": 2.0206, "2005-09-30": 1.8038, "2005-06-30": 0.5821, "2005-03-31": "0.23900"}}, "revenue": {"Mohawk Industries Annual Revenue (Millions of US $)": {"2019": "$9,971", "2018": "$9,984", "2017": "$9,491", "2016": "$8,959", "2015": "$8,072", "2014": "$7,803", "2013": "$7,349", "2012": "$5,788", "2011": "$5,642", "2010": "$5,319", "2009": "$5,344", "2008": "$6,826", "2007": "$7,586", "2006": "$7,906", "2005": "$6,620"}, "Mohawk Industries Quarterly Revenue (Millions of US $)": {"2020-09-30": "$2,575", "2020-06-30": "$2,050", "2020-03-31": "$2,286", "2019-12-31": "$2,425", "2019-09-30": "$2,519", "2019-06-30": "$2,584", "2019-03-31": "$2,442", "2018-12-31": "$2,449", "2018-09-30": "$2,546", "2018-06-30": "$2,577", "2018-03-31": "$2,412", "2017-12-31": "$2,369", "2017-09-30": "$2,449", "2017-06-30": "$2,453", "2017-03-31": "$2,221", "2016-12-31": "$2,183", "2016-09-30": "$2,294", "2016-06-30": "$2,310", "2016-03-31": "$2,172", "2015-12-31": "$1,998", "2015-09-30": "$2,151", "2015-06-30": "$2,042", "2015-03-31": "$1,881", "2014-12-31": "$1,951", "2014-09-30": "$1,991", "2014-06-30": "$2,048", "2014-03-31": "$1,813", "2013-12-31": "$1,924", "2013-09-30": "$1,962", "2013-06-30": "$1,976", "2013-03-31": "$1,487", "2012-12-31": "$1,436", "2012-09-30": "$1,473", "2012-06-30": "$1,470", "2012-03-31": "$1,409", "2011-12-31": "$1,378", "2011-09-30": "$1,443", "2011-06-30": "$1,478", "2011-03-31": "$1,344", "2010-12-31": "$1,262", "2010-09-30": "$1,310", "2010-06-30": "$1,400", "2010-03-31": "$1,347", "2009-12-31": "$1,347", "2009-09-30": "$1,383", "2009-06-30": "$1,406", "2009-03-31": "$1,208", "2008-12-31": "$1,485", "2008-09-30": "$1,763", "2008-06-30": "$1,840", "2008-03-31": "$1,738", "2007-12-31": "$1,807", "2007-09-30": "$1,938", "2007-06-30": "$1,977", "2007-03-31": "$1,864", "2006-12-31": "$1,899", "2006-09-30": "$2,024", "2006-06-30": "$2,058", "2006-03-31": "$1,925", "2005-12-31": "$1,805", "2005-09-30": "$1,698", "2005-06-30": "$1,625", "2005-03-31": "$1,493"}}, "gross-profit": {"Mohawk Industries Annual Gross Profit (Millions of US $)": {"2019": "$2,676", "2018": "$2,838", "2017": "$2,996", "2016": "$2,813", "2015": "$2,411", "2014": "$2,154", "2013": "$1,921", "2012": "$1,490", "2011": "$1,417", "2010": "$1,403", "2009": "$1,232", "2008": "$1,738", "2007": "$2,115", "2006": "$2,231", "2005": "$1,768"}, "Mohawk Industries Quarterly Gross Profit (Millions of US $)": {"2020-09-30": "$706", "2020-06-30": "$370", "2020-03-31": "$616", "2019-12-31": "$623", "2019-09-30": "$692", "2019-06-30": "$737", "2019-03-31": "$625", "2018-12-31": "$646", "2018-09-30": "$720", "2018-06-30": "$767", "2018-03-31": "$705", "2017-12-31": "$754", "2017-09-30": "$783", "2017-06-30": "$779", "2017-03-31": "$680", "2016-12-31": "$691", "2016-09-30": "$727", "2016-06-30": "$756", "2016-03-31": "$640", "2015-12-31": "$622", "2015-09-30": "$661", "2015-06-30": "$615", "2015-03-31": "$512", "2014-12-31": "$542", "2014-09-30": "$556", "2014-06-30": "$575", "2014-03-31": "$481", "2013-12-31": "$513", "2013-09-30": "$517", "2013-06-30": "$514", "2013-03-31": "$377", "2012-12-31": "$369", "2012-09-30": "$373", "2012-06-30": "$388", "2012-03-31": "$359", "2011-12-31": "$335", "2011-09-30": "$358", "2011-06-30": "$382", "2011-03-31": "$342", "2010-12-31": "$342", "2010-09-30": "$345", "2010-06-30": "$375", "2010-03-31": "$341", "2009-12-31": "$342", "2009-09-30": "$369", "2009-06-30": "$367", "2009-03-31": "$154", "2008-12-31": "$356", "2008-09-30": "$439", "2008-06-30": "$483", "2008-03-31": "$460", "2007-12-31": "$489", "2007-09-30": "$545", "2007-06-30": "$557", "2007-03-31": "$523", "2006-12-31": "$554", "2006-09-30": "$569", "2006-06-30": "$592", "2006-03-31": "$516", "2005-12-31": "$482", "2005-09-30": "$463", "2005-06-30": "$438", "2005-03-31": "$385"}}, "operating-income": {"Mohawk Industries Annual Operating Income (Millions of US $)": {"2019": "$827", "2018": "$1,095", "2017": "$1,354", "2016": "$1,280", "2015": "$838", "2014": "$773", "2013": "$547", "2012": "$380", "2011": "$316", "2010": "$314", "2009": "$44", "2008": "$-1,124", "2007": "$750", "2006": "$839", "2005": "$672"}, "Mohawk Industries Quarterly Operating Income (Millions of US $)": {"2020-09-30": "$263", "2020-06-30": "$-61", "2020-03-31": "$151", "2019-12-31": "$155", "2019-09-30": "$240", "2019-06-30": "$267", "2019-03-31": "$165", "2018-12-31": "$213", "2018-09-30": "$287", "2018-06-30": "$326", "2018-03-31": "$268", "2017-12-31": "$343", "2017-09-30": "$380", "2017-06-30": "$356", "2017-03-31": "$275", "2016-12-31": "$305", "2016-09-30": "$378", "2016-06-30": "$351", "2016-03-31": "$246", "2015-12-31": "$249", "2015-09-30": "$289", "2015-06-30": "$256", "2015-03-31": "$44", "2014-12-31": "$206", "2014-09-30": "$214", "2014-06-30": "$222", "2014-03-31": "$131", "2013-12-31": "$151", "2013-09-30": "$176", "2013-06-30": "$133", "2013-03-31": "$87", "2012-12-31": "$96", "2012-09-30": "$104", "2012-06-30": "$108", "2012-03-31": "$72", "2011-12-31": "$66", "2011-09-30": "$91", "2011-06-30": "$102", "2011-03-31": "$56", "2010-12-31": "$86", "2010-09-30": "$85", "2010-06-30": "$90", "2010-03-31": "$54", "2009-12-31": "$47", "2009-09-30": "$68", "2009-06-30": "$75", "2009-03-31": "$-146", "2008-12-31": "$-93", "2008-09-30": "$-1,301", "2008-06-30": "$146", "2008-03-31": "$124", "2007-12-31": "$180", "2007-09-30": "$201", "2007-06-30": "$198", "2007-03-31": "$171", "2006-12-31": "$229", "2006-09-30": "$223", "2006-06-30": "$223", "2006-03-31": "$164", "2005-12-31": "$193", "2005-09-30": "$189", "2005-06-30": "$167", "2005-03-31": "$124"}}, "ebitda": {"Mohawk Industries Annual EBITDA (Millions of US $)": {"2019": "$1,464", "2018": "$1,617", "2017": "$1,801", "2016": "$1,737", "2015": "$1,200", "2014": "$1,118", "2013": "$856", "2012": "$660", "2011": "$613", "2010": "$611", "2009": "$347", "2008": "$714", "2007": "$1,057", "2006": "$1,114", "2005": "$823"}, "Mohawk Industries Quarterly EBITDA (Millions of US $)": {"2020-09-30": "$414", "2020-06-30": "$93", "2020-03-31": "$297", "2019-12-31": "$303", "2019-09-30": "$450", "2019-06-30": "$407", "2019-03-31": "$303", "2018-12-31": "$352", "2018-09-30": "$420", "2018-06-30": "$453", "2018-03-31": "$391", "2017-12-31": "$462", "2017-09-30": "$494", "2017-06-30": "$466", "2017-03-31": "$380", "2016-12-31": "$410", "2016-09-30": "$530", "2016-06-30": "$452", "2016-03-31": "$346", "2015-12-31": "$343", "2015-09-30": "$384", "2015-06-30": "$344", "2015-03-31": "$129", "2014-12-31": "$302", "2014-09-30": "$299", "2014-06-30": "$306", "2014-03-31": "$212", "2013-12-31": "$237", "2013-09-30": "$257", "2013-06-30": "$214", "2013-03-31": "$147", "2012-12-31": "$160", "2012-09-30": "$175", "2012-06-30": "$180", "2012-03-31": "$145", "2011-12-31": "$141", "2011-09-30": "$166", "2011-06-30": "$176", "2011-03-31": "$130", "2010-12-31": "$160", "2010-09-30": "$158", "2010-06-30": "$162", "2010-03-31": "$130", "2009-12-31": "$129", "2009-09-30": "$145", "2009-06-30": "$152", "2009-03-31": "$-78", "2008-12-31": "$100", "2008-09-30": "$196", "2008-06-30": "$221", "2008-03-31": "$198", "2007-12-31": "$262", "2007-09-30": "$276", "2007-06-30": "$274", "2007-03-31": "$244", "2006-12-31": "$302", "2006-09-30": "$291", "2006-06-30": "$293", "2006-03-31": "$229", "2005-12-31": "$248", "2005-09-30": "$220", "2005-06-30": "$199", "2005-03-31": "$156"}}, "net-income": {"Mohawk Industries Annual Net Income (Millions of US $)": {"2019": "$744", "2018": "$862", "2017": "$972", "2016": "$930", "2015": "$615", "2014": "$532", "2013": "$349", "2012": "$250", "2011": "$174", "2010": "$182", "2009": "$-5", "2008": "$-1,458", "2007": "$707", "2006": "$456", "2005": "$387"}, "Mohawk Industries Quarterly Net Income (Millions of US $)": {"2020-09-30": "$205", "2020-06-30": "$-48", "2020-03-31": "$111", "2019-12-31": "$265", "2019-09-30": "$156", "2019-06-30": "$202", "2019-03-31": "$122", "2018-12-31": "$229", "2018-09-30": "$227", "2018-06-30": "$197", "2018-03-31": "$209", "2017-12-31": "$240", "2017-09-30": "$270", "2017-06-30": "$261", "2017-03-31": "$201", "2016-12-31": "$234", "2016-09-30": "$270", "2016-06-30": "$255", "2016-03-31": "$172", "2015-12-31": "$192", "2015-09-30": "$215", "2015-06-30": "$186", "2015-03-31": "$22", "2014-12-31": "$147", "2014-09-30": "$151", "2014-06-30": "$153", "2014-03-31": "$81", "2013-12-31": "$95", "2013-09-30": "$119", "2013-06-30": "$85", "2013-03-31": "$50", "2012-12-31": "$66", "2012-09-30": "$70", "2012-06-30": "$73", "2012-03-31": "$40", "2011-12-31": "$43", "2011-09-30": "$47", "2011-06-30": "$61", "2011-03-31": "$23", "2010-12-31": "$46", "2010-09-30": "$51", "2010-06-30": "$65", "2010-03-31": "$21", "2009-12-31": "$20", "2009-09-30": "$34", "2009-06-30": "$46", "2009-03-31": "$-106", "2008-12-31": "$-128", "2008-09-30": "$-1,485", "2008-06-30": "$89", "2008-03-31": "$65", "2007-12-31": "$379", "2007-09-30": "$122", "2007-06-30": "$115", "2007-03-31": "$90", "2006-12-31": "$129", "2006-09-30": "$128", "2006-06-30": "$120", "2006-03-31": "$79", "2005-12-31": "$103", "2005-09-30": "$116", "2005-06-30": "$98", "2005-03-31": "$70"}}, "eps-earnings-per-share-diluted": {"Mohawk Industries Annual EPS": {"2019": "$10.30", "2018": "$11.47", "2017": "$12.98", "2016": "$12.48", "2015": "$8.31", "2014": "$7.25", "2013": "$4.82", "2012": "$3.61", "2011": "$2.52", "2010": "$2.65", "2009": "$-0.08", "2008": "$-21.32", "2007": "$10.32", "2006": "$6.70", "2005": "$5.72"}, "Mohawk Industries Quarterly EPS": {"2020-09-30": "$2.87", "2020-06-30": "$-0.68", "2020-03-31": "$1.54", "2019-12-31": "$3.69", "2019-09-30": "$2.15", "2019-06-30": "$2.79", "2019-03-31": "$1.67", "2018-12-31": "$3.05", "2018-09-30": "$3.02", "2018-06-30": "$2.62", "2018-03-31": "$2.78", "2017-12-31": "$3.21", "2017-09-30": "$3.61", "2017-06-30": "$3.48", "2017-03-31": "$2.68", "2016-12-31": "$3.14", "2016-09-30": "$3.62", "2016-06-30": "$3.42", "2016-03-31": "$2.30", "2015-12-31": "$2.59", "2015-09-30": "$2.89", "2015-06-30": "$2.53", "2015-03-31": "$0.30", "2014-12-31": "$2.00", "2014-09-30": "$2.06", "2014-06-30": "$2.08", "2014-03-31": "$1.11", "2013-12-31": "$1.31", "2013-09-30": "$1.63", "2013-06-30": "$1.16", "2013-03-31": "$0.72", "2012-12-31": "$0.96", "2012-09-30": "$1.01", "2012-06-30": "$1.06", "2012-03-31": "$0.58", "2011-12-31": "$0.62", "2011-09-30": "$0.68", "2011-06-30": "$0.88", "2011-03-31": "$0.34", "2010-12-31": "$0.66", "2010-09-30": "$0.74", "2010-06-30": "$0.95", "2010-03-31": "$0.30", "2009-12-31": "$0.30", "2009-09-30": "$0.50", "2009-06-30": "$0.67", "2009-03-31": "$-1.55", "2008-12-31": "$-1.86", "2008-09-30": "$-21.70", "2008-06-30": "$1.29", "2008-03-31": "$0.95", "2007-12-31": "$5.54", "2007-09-30": "$1.78", "2007-06-30": "$1.68", "2007-03-31": "$1.32", "2006-12-31": "$1.90", "2006-09-30": "$1.88", "2006-06-30": "$1.76", "2006-03-31": "$1.16", "2005-12-31": "$1.53", "2005-09-30": "$1.71", "2005-06-30": "$1.45", "2005-03-31": "$1.03"}}, "shares-outstanding": {"Mohawk Industries Annual Shares Outstanding (Millions of Shares)": {"2019": "72", "2018": "75", "2017": "75", "2016": "75", "2015": "74", "2014": "73", "2013": "72", "2012": "69", "2011": "69", "2010": "69", "2009": "68", "2008": "68", "2007": "68", "2006": "68", "2005": "68"}, "Mohawk Industries Quarterly Shares Outstanding (Millions of Shares)": {"2020-09-30": "71", "2020-06-30": "71", "2020-03-31": "72", "2019-12-31": "72", "2019-09-30": "72", "2019-06-30": "73", "2019-03-31": "73", "2018-12-31": "75", "2018-09-30": "75", "2018-06-30": "75", "2018-03-31": "75", "2017-12-31": "75", "2017-09-30": "75", "2017-06-30": "75", "2017-03-31": "75", "2016-12-31": "75", "2016-09-30": "75", "2016-06-30": "75", "2016-03-31": "74", "2015-12-31": "74", "2015-09-30": "74", "2015-06-30": "74", "2015-03-31": "74", "2014-12-31": "73", "2014-09-30": "73", "2014-06-30": "73", "2014-03-31": "73", "2013-12-31": "72", "2013-09-30": "73", "2013-06-30": "73", "2013-03-31": "70", "2012-12-31": "69", "2012-09-30": "69", "2012-06-30": "69", "2012-03-31": "69", "2011-12-31": "69", "2011-09-30": "69", "2011-06-30": "69", "2011-03-31": "69", "2010-12-31": "69", "2010-09-30": "69", "2010-06-30": "69", "2010-03-31": "69", "2009-12-31": "68", "2009-09-30": "69", "2009-06-30": "69", "2009-03-31": "68", "2008-12-31": "68", "2008-09-30": "68", "2008-06-30": "69", "2008-03-31": "69", "2007-12-31": "68", "2007-09-30": "69", "2007-06-30": "69", "2007-03-31": "68", "2006-12-31": "68", "2006-09-30": "68", "2006-06-30": "68", "2006-03-31": "68", "2005-12-31": "68", "2005-09-30": "68", "2005-06-30": "68", "2005-03-31": "68"}}, "total-assets": {"Mohawk Industries Annual Total Assets (Millions of US $)": {"2019": "$13,387", "2018": "$13,099", "2017": "$12,095", "2016": "$10,231", "2015": "$9,934", "2014": "$8,286", "2013": "$8,494", "2012": "$6,304", "2011": "$6,206", "2010": "$6,099", "2009": "$6,391", "2008": "$6,446", "2007": "$8,680", "2006": "$8,212", "2005": "$8,040"}, "Mohawk Industries Quarterly Total Assets (Millions of US $)": {"2020-09-30": "$13,784", "2020-06-30": "$13,369", "2020-03-31": "$13,257", "2019-12-31": "$13,387", "2019-09-30": "$13,393", "2019-06-30": "$13,806", "2019-03-31": "$13,605", "2018-12-31": "$13,099", "2018-09-30": "$13,001", "2018-06-30": "$12,894", "2018-03-31": "$12,560", "2017-12-31": "$12,095", "2017-09-30": "$11,823", "2017-06-30": "$11,589", "2017-03-31": "$10,728", "2016-12-31": "$10,231", "2016-09-30": "$10,421", "2016-06-30": "$10,313", "2016-03-31": "$10,292", "2015-12-31": "$9,934", "2015-09-30": "$10,064", "2015-06-30": "$10,166", "2015-03-31": "$8,285", "2014-12-31": "$8,286", "2014-09-30": "$8,701", "2014-06-30": "$8,882", "2014-03-31": "$8,681", "2013-12-31": "$8,494", "2013-09-30": "$8,564", "2013-06-30": "$8,509", "2013-03-31": "$7,262", "2012-12-31": "$6,304", "2012-09-30": "$6,303", "2012-06-30": "$6,265", "2012-03-31": "$6,399", "2011-12-31": "$6,206", "2011-09-30": "$6,278", "2011-06-30": "$6,389", "2011-03-31": "$6,266", "2010-12-31": "$6,099", "2010-09-30": "$6,192", "2010-06-30": "$6,004", "2010-03-31": "$6,319", "2009-12-31": "$6,391", "2009-09-30": "$6,488", "2009-06-30": "$6,356", "2009-03-31": "$6,288", "2008-12-31": "$6,446", "2008-09-30": "$6,972", "2008-06-30": "$8,960", "2008-03-31": "$9,017", "2007-12-31": "$8,680", "2007-09-30": "$8,527", "2007-06-30": "$8,310", "2007-03-31": "$8,315", "2006-12-31": "$8,212", "2006-09-30": "$8,235", "2006-06-30": "$8,348", "2006-03-31": "$8,061", "2005-12-31": "$8,040", "2005-09-30": "$4,708", "2005-06-30": "$4,690", "2005-03-31": "$4,641"}}, "cash-on-hand": {"Mohawk Industries Annual Cash on Hand (Millions of US $)": {"2019": "$135", "2018": "$119", "2017": "$85", "2016": "$122", "2015": "$82", "2014": "$98", "2013": "$54", "2012": "$478", "2011": "$312", "2010": "$382", "2009": "$531", "2008": "$94", "2007": "$90", "2006": "$63", "2005": "$135"}, "Mohawk Industries Quarterly Cash on Hand (Millions of US $)": {"2020-09-30": "$1,189", "2020-06-30": "$738", "2020-03-31": "$263", "2019-12-31": "$177", "2019-09-30": "$111", "2019-06-30": "$128", "2019-03-31": "$106", "2018-12-31": "$119", "2018-09-30": "$91", "2018-06-30": "$518", "2018-03-31": "$115", "2017-12-31": "$85", "2017-09-30": "$85", "2017-06-30": "$130", "2017-03-31": "$188", "2016-12-31": "$122", "2016-09-30": "$112", "2016-06-30": "$112", "2016-03-31": "$98", "2015-12-31": "$82", "2015-09-30": "$111", "2015-06-30": "$171", "2015-03-31": "$107", "2014-12-31": "$98", "2014-09-30": "$106", "2014-06-30": "$70", "2014-03-31": "$73", "2013-12-31": "$54", "2013-09-30": "$64", "2013-06-30": "$169", "2013-03-31": "$1,120", "2012-12-31": "$478", "2012-09-30": "$381", "2012-06-30": "$319", "2012-03-31": "$305", "2011-12-31": "$312", "2011-09-30": "$276", "2011-06-30": "$285", "2011-03-31": "$256", "2010-12-31": "$382", "2010-09-30": "$366", "2010-06-30": "$343", "2010-03-31": "$452", "2009-12-31": "$531", "2009-09-30": "$306", "2009-06-30": "$227", "2009-03-31": "$137", "2008-12-31": "$94", "2008-09-30": "$62", "2008-06-30": "$64", "2008-03-31": "$73", "2007-12-31": "$90", "2007-09-30": "$82", "2007-06-30": "$58", "2007-03-31": "$54", "2006-12-31": "$63", "2006-09-30": "$70", "2006-06-30": "$73", "2006-03-31": "$82", "2005-12-31": "$135", "2005-09-30": "", "2005-06-30": "", "2005-03-31": ""}}, "long-term-debt": {"Mohawk Industries Annual Long Term Debt (Millions of US $)": {"2019": "$1,518", "2018": "$1,516", "2017": "$1,560", "2016": "$1,129", "2015": "$1,189", "2014": "$1,402", "2013": "$2,133", "2012": "$1,328", "2011": "$1,200", "2010": "$1,303", "2009": "$1,802", "2008": "$1,860", "2007": "$2,021", "2006": "$2,208", "2005": "$3,195"}, "Mohawk Industries Quarterly Long Term Debt (Millions of US $)": {"2020-09-30": "$2,283", "2020-06-30": "$2,573", "2020-03-31": "$1,514", "2019-12-31": "$1,518", "2019-09-30": "$1,484", "2019-06-30": "$1,169", "2019-03-31": "$1,498", "2018-12-31": "$1,516", "2018-09-30": "$1,529", "2018-06-30": "$1,884", "2018-03-31": "$1,586", "2017-12-31": "$1,560", "2017-09-30": "$1,545", "2017-06-30": "$1,174", "2017-03-31": "$1,132", "2016-12-31": "$1,129", "2016-09-30": "$1,166", "2016-06-30": "$1,161", "2016-03-31": "$1,174", "2015-12-31": "$1,189", "2015-09-30": "$1,263", "2015-06-30": "$1,778", "2015-03-31": "$606", "2014-12-31": "$1,402", "2014-09-30": "$1,807", "2014-06-30": "$1,808", "2014-03-31": "$1,812", "2013-12-31": "$2,133", "2013-09-30": "$2,257", "2013-06-30": "$2,451", "2013-03-31": "$2,253", "2012-12-31": "$1,328", "2012-09-30": "$1,467", "2012-06-30": "$1,571", "2012-03-31": "$1,642", "2011-12-31": "$1,200", "2011-09-30": "$1,173", "2011-06-30": "$1,155", "2011-03-31": "$1,577", "2010-12-31": "$1,303", "2010-09-30": "$1,303", "2010-06-30": "$1,303", "2010-03-31": "$1,303", "2009-12-31": "$1,802", "2009-09-30": "$1,802", "2009-06-30": "$1,804", "2009-03-31": "$1,844", "2008-12-31": "$1,860", "2008-09-30": "$1,925", "2008-06-30": "$1,897", "2008-03-31": "$2,003", "2007-12-31": "$2,021", "2007-09-30": "$2,127", "2007-06-30": "$2,137", "2007-03-31": "$2,190", "2006-12-31": "$2,208", "2006-09-30": "$2,439", "2006-06-30": "$2,596", "2006-03-31": "$3,148", "2005-12-31": "$3,195", "2005-09-30": "$700", "2005-06-30": "$700", "2005-03-31": "$700"}}, "total-liabilities": {"Mohawk Industries Annual Total Liabilities (Millions of US $)": {"2019": "$5,260", "2018": "$5,659", "2017": "$5,028", "2016": "$4,447", "2015": "$5,074", "2014": "$3,863", "2013": "$4,024", "2012": "$2,584", "2011": "$2,790", "2010": "$2,827", "2009": "$3,191", "2008": "$3,261", "2007": "$3,973", "2006": "$4,497", "2005": "$4,982"}, "Mohawk Industries Quarterly Total Liabilities (Millions of US $)": {"2020-09-30": "$5,617", "2020-06-30": "$5,445", "2020-03-31": "$5,409", "2019-12-31": "$5,260", "2019-09-30": "$5,627", "2019-06-30": "$5,985", "2019-03-31": "$6,028", "2018-12-31": "$5,659", "2018-09-30": "$5,429", "2018-06-30": "$5,521", "2018-03-31": "$5,214", "2017-12-31": "$5,028", "2017-09-30": "$5,025", "2017-06-30": "$5,135", "2017-03-31": "$4,663", "2016-12-31": "$4,447", "2016-09-30": "$4,748", "2016-06-30": "$4,927", "2016-03-31": "$5,136", "2015-12-31": "$5,074", "2015-09-30": "$5,309", "2015-06-30": "$5,551", "2015-03-31": "$4,061", "2014-12-31": "$3,863", "2014-09-30": "$4,125", "2014-06-30": "$4,208", "2014-03-31": "$4,188", "2013-12-31": "$4,024", "2013-09-30": "$4,231", "2013-06-30": "$4,405", "2013-03-31": "$3,537", "2012-12-31": "$2,584", "2012-09-30": "$2,708", "2012-06-30": "$2,788", "2012-03-31": "$2,880", "2011-12-31": "$2,790", "2011-09-30": "$2,859", "2011-06-30": "$2,872", "2011-03-31": "$2,853", "2010-12-31": "$2,827", "2010-09-30": "$2,876", "2010-06-30": "$2,895", "2010-03-31": "$3,167", "2009-12-31": "$3,191", "2009-09-30": "$3,242", "2009-06-30": "$3,225", "2009-03-31": "$3,296", "2008-12-31": "$3,261", "2008-09-30": "$3,626", "2008-06-30": "$3,917", "2008-03-31": "$4,068", "2007-12-31": "$3,973", "2007-09-30": "$4,279", "2007-06-30": "$4,301", "2007-03-31": "$4,463", "2006-12-31": "$4,497", "2006-09-30": "$4,704", "2006-06-30": "$4,928", "2006-03-31": "$4,910", "2005-12-31": "$4,982", "2005-09-30": "$1,766", "2005-06-30": "$1,863", "2005-03-31": "$1,897"}}, "total-share-holder-equity": {"Mohawk Industries Annual Share Holder Equity (Millions of US $)": {"2019": "$8,126", "2018": "$7,440", "2017": "$7,067", "2016": "$5,783", "2015": "$4,861", "2014": "$4,423", "2013": "$4,470", "2012": "$3,720", "2011": "$3,416", "2010": "$3,272", "2009": "$3,201", "2008": "$3,185", "2007": "$4,707", "2006": "$3,715", "2005": "$3,058"}, "Mohawk Industries Quarterly Share Holder Equity (Millions of US $)": {"2020-09-30": "$8,167", "2020-06-30": "$7,925", "2020-03-31": "$7,848", "2019-12-31": "$8,126", "2019-09-30": "$7,765", "2019-06-30": "$7,822", "2019-03-31": "$7,577", "2018-12-31": "$7,440", "2018-09-30": "$7,572", "2018-06-30": "$7,373", "2018-03-31": "$7,346", "2017-12-31": "$7,067", "2017-09-30": "$6,798", "2017-06-30": "$6,454", "2017-03-31": "$6,065", "2016-12-31": "$5,783", "2016-09-30": "$5,673", "2016-06-30": "$5,386", "2016-03-31": "$5,157", "2015-12-31": "$4,861", "2015-09-30": "$4,756", "2015-06-30": "$4,615", "2015-03-31": "$4,224", "2014-12-31": "$4,423", "2014-09-30": "$4,577", "2014-06-30": "$4,673", "2014-03-31": "$4,493", "2013-12-31": "$4,470", "2013-09-30": "$4,334", "2013-06-30": "$4,104", "2013-03-31": "$3,725", "2012-12-31": "$3,720", "2012-09-30": "$3,595", "2012-06-30": "$3,476", "2012-03-31": "$3,519", "2011-12-31": "$3,416", "2011-09-30": "$3,419", "2011-06-30": "$3,517", "2011-03-31": "$3,413", "2010-12-31": "$3,272", "2010-09-30": "$3,316", "2010-06-30": "$3,109", "2010-03-31": "$3,151", "2009-12-31": "$3,201", "2009-09-30": "$3,246", "2009-06-30": "$3,130", "2009-03-31": "$2,991", "2008-12-31": "$3,185", "2008-09-30": "$3,346", "2008-06-30": "$5,043", "2008-03-31": "$4,949", "2007-12-31": "$4,707", "2007-09-30": "$4,248", "2007-06-30": "$4,009", "2007-03-31": "$3,853", "2006-12-31": "$3,715", "2006-09-30": "$3,531", "2006-06-30": "$3,420", "2006-03-31": "$3,151", "2005-12-31": "$3,058", "2005-09-30": "$2,942", "2005-06-30": "$2,827", "2005-03-31": "$2,744"}}, "profit-margins": {"current": "5.7%"}, "gross margin": {"2020-09-30": "24.80%", "2020-06-30": "24.80%", "2020-03-31": "27.19%", "2019-12-31": "26.85%", "2019-09-30": "27.02%", "2019-06-30": "27.22%", "2019-03-31": "27.54%", "2018-12-31": "28.43%", "2018-09-30": "29.75%", "2018-06-30": "30.68%", "2018-03-31": "31.20%", "2017-12-31": "31.56%", "2017-09-30": "31.52%", "2017-06-30": "31.44%", "2017-03-31": "31.68%", "2016-12-31": "31.41%", "2016-09-30": "31.29%", "2016-06-30": "31.04%", "2016-03-31": "30.35%", "2015-12-31": "29.86%", "2015-09-30": "29.03%", "2015-06-30": "28.29%", "2015-03-31": "27.76%", "2014-12-31": "27.60%", "2014-09-30": "27.33%", "2014-06-30": "26.93%", "2014-03-31": "26.38%", "2013-12-31": "26.14%", "2013-09-30": "25.90%", "2013-06-30": "25.63%", "2013-03-31": "25.69%", "2012-12-31": "25.73%", "2012-09-30": "25.39%", "2012-06-30": "25.26%", "2012-03-31": "25.12%", "2011-12-31": "25.11%", "2011-09-30": "25.76%", "2011-06-30": "26.16%", "2011-03-31": "26.41%", "2010-12-31": "26.38%", "2010-09-30": "25.96%", "2010-06-30": "26.05%", "2010-03-31": "25.88%", "2009-12-31": "23.05%", "2009-09-30": "22.73%", "2009-06-30": "22.45%", "2009-03-31": "22.74%", "2008-12-31": "25.46%", "2008-09-30": "26.18%", "2008-06-30": "27.00%", "2008-03-31": "27.49%", "2007-12-31": "27.87%", "2007-09-30": "28.38%", "2007-06-30": "28.37%", "2007-03-31": "28.53%", "2006-12-31": "28.22%", "2006-09-30": "27.64%", "2006-06-30": "27.42%", "2006-03-31": "26.92%", "2005-12-31": "26.70%"}, "operating margin": {"2020-09-30": "5.44%", "2020-06-30": "5.23%", "2020-03-31": "8.28%", "2019-12-31": "8.29%", "2019-09-30": "8.86%", "2019-06-30": "9.30%", "2019-03-31": "9.90%", "2018-12-31": "10.96%", "2018-09-30": "12.36%", "2018-06-30": "13.43%", "2018-03-31": "13.91%", "2017-12-31": "14.26%", "2017-09-30": "14.14%", "2017-06-30": "14.36%", "2017-03-31": "14.53%", "2016-12-31": "14.29%", "2016-09-30": "13.95%", "2016-06-30": "13.15%", "2016-03-31": "12.44%", "2015-12-31": "10.38%", "2015-09-30": "9.91%", "2015-06-30": "9.15%", "2015-03-31": "8.72%", "2014-12-31": "9.91%", "2014-09-30": "9.23%", "2014-06-30": "8.78%", "2014-03-31": "7.70%", "2013-12-31": "7.44%", "2013-09-30": "7.17%", "2013-06-30": "6.59%", "2013-03-31": "6.73%", "2012-12-31": "6.57%", "2012-09-30": "6.11%", "2012-06-30": "5.91%", "2012-03-31": "5.80%", "2011-12-31": "5.58%", "2011-09-30": "6.06%", "2011-06-30": "6.10%", "2011-03-31": "5.96%", "2010-12-31": "5.92%", "2010-09-30": "5.11%", "2010-06-30": "4.73%", "2010-03-31": "4.45%", "2009-12-31": "0.82%", "2009-09-30": "-1.75%", "2009-06-30": "-24.99%", "2009-03-31": "-22.14%", "2008-12-31": "-16.47%", "2008-09-30": "-11.91%", "2008-06-30": "8.89%", "2008-03-31": "9.42%", "2007-12-31": "9.89%", "2007-09-30": "10.41%", "2007-06-30": "10.57%", "2007-03-31": "10.78%", "2006-12-31": "10.61%", "2006-09-30": "10.28%", "2006-06-30": "10.27%", "2006-03-31": "10.11%", "2005-12-31": "10.16%"}, "ebitda margin": {"2020-09-30": "11.86%", "2020-06-30": "12.32%", "2020-03-31": "14.85%", "2019-12-31": "14.67%", "2019-09-30": "15.13%", "2019-06-30": "14.79%", "2019-03-31": "15.26%", "2018-12-31": "16.19%", "2018-09-30": "17.43%", "2018-06-30": "18.35%", "2018-03-31": "18.72%", "2017-12-31": "18.98%", "2017-09-30": "18.81%", "2017-06-30": "19.52%", "2017-03-31": "19.67%", "2016-12-31": "19.40%", "2016-09-30": "19.04%", "2016-06-30": "17.67%", "2016-03-31": "16.94%", "2015-12-31": "14.87%", "2015-09-30": "14.44%", "2015-06-30": "13.66%", "2015-03-31": "13.16%", "2014-12-31": "14.34%", "2014-09-30": "13.55%", "2014-06-30": "13.06%", "2014-03-31": "11.99%", "2013-12-31": "11.63%", "2013-09-30": "11.34%", "2013-06-30": "10.92%", "2013-03-31": "11.29%", "2012-12-31": "11.40%", "2012-09-30": "11.19%", "2012-06-30": "11.09%", "2012-03-31": "11.00%", "2011-12-31": "10.86%", "2011-09-30": "11.43%", "2011-06-30": "11.57%", "2011-03-31": "11.47%", "2010-12-31": "11.47%", "2010-09-30": "10.71%", "2010-06-30": "10.33%", "2010-03-31": "10.14%", "2009-12-31": "6.51%", "2009-09-30": "5.82%", "2009-06-30": "6.31%", "2009-03-31": "6.97%", "2008-12-31": "10.47%", "2008-09-30": "12.27%", "2008-06-30": "13.07%", "2008-03-31": "13.54%", "2007-12-31": "13.92%", "2007-09-30": "14.27%", "2007-06-30": "14.31%", "2007-03-31": "14.40%", "2006-12-31": "14.10%", "2006-09-30": "13.58%", "2006-06-30": "13.22%", "2006-03-31": "12.70%", "2005-12-31": "12.43%"}, "pre tax profit margin": {"2020-09-30": "4.97%", "2020-06-30": "4.23%", "2020-03-31": "7.41%", "2019-12-31": "7.51%", "2019-09-30": "7.94%", "2019-06-30": "8.92%", "2019-03-31": "9.50%", "2018-12-31": "10.51%", "2018-09-30": "11.94%", "2018-06-30": "13.02%", "2018-03-31": "13.48%", "2017-12-31": "13.87%", "2017-09-30": "13.81%", "2017-06-30": "13.97%", "2017-03-31": "14.21%", "2016-12-31": "13.85%", "2016-09-30": "13.22%", "2016-06-30": "12.28%", "2016-03-31": "11.36%", "2015-12-31": "9.27%", "2015-09-30": "8.79%", "2015-06-30": "7.90%", "2015-03-31": "7.47%", "2014-12-31": "8.51%", "2014-09-30": "7.90%", "2014-06-30": "7.51%", "2014-03-31": "6.36%", "2013-12-31": "6.06%", "2013-09-30": "5.80%", "2013-06-30": "5.26%", "2013-03-31": "5.35%", "2012-12-31": "5.25%", "2012-09-30": "4.66%", "2012-06-30": "4.11%", "2012-03-31": "3.89%", "2011-12-31": "3.56%", "2011-09-30": "3.93%", "2011-06-30": "4.15%", "2011-03-31": "3.72%", "2010-12-31": "3.61%", "2010-09-30": "2.70%", "2010-06-30": "2.25%", "2010-03-31": "2.24%", "2009-12-31": "-1.48%", "2009-09-30": "-4.23%", "2009-06-30": "-27.35%", "2009-03-31": "-24.46%", "2008-12-31": "-18.65%", "2008-09-30": "-13.71%", "2008-06-30": "7.07%", "2008-03-31": "7.60%", "2007-12-31": "8.07%", "2007-09-30": "8.45%", "2007-06-30": "8.66%", "2007-03-31": "8.80%", "2006-12-31": "8.56%", "2006-09-30": "8.29%", "2006-06-30": "8.55%", "2006-03-31": "8.71%", "2005-12-31": "9.11%"}, "net profit margin": {"2020-09-30": "5.71%", "2020-06-30": "5.22%", "2020-03-31": "7.48%", "2019-12-31": "7.47%", "2019-09-30": "7.09%", "2019-06-30": "7.78%", "2019-03-31": "7.74%", "2018-12-31": "8.63%", "2018-09-30": "8.81%", "2018-06-30": "9.34%", "2018-03-31": "10.12%", "2017-12-31": "10.24%", "2017-09-30": "10.38%", "2017-06-30": "10.56%", "2017-03-31": "10.66%", "2016-12-31": "10.39%", "2016-09-30": "10.13%", "2016-06-30": "9.66%", "2016-03-31": "9.15%", "2015-12-31": "7.62%", "2015-09-30": "7.10%", "2015-06-30": "6.43%", "2015-03-31": "6.01%", "2014-12-31": "6.82%", "2014-09-30": "6.17%", "2014-06-30": "5.78%", "2014-03-31": "4.95%", "2013-12-31": "4.75%", "2013-09-30": "4.66%", "2013-06-30": "4.25%", "2013-03-31": "4.42%", "2012-12-31": "4.30%", "2012-09-30": "3.94%", "2012-06-30": "3.56%", "2012-03-31": "3.35%", "2011-12-31": "3.08%", "2011-09-30": "3.20%", "2011-06-30": "3.36%", "2011-03-31": "3.48%", "2010-12-31": "3.44%", "2010-09-30": "2.91%", "2010-06-30": "2.56%", "2010-03-31": "2.21%", "2009-12-31": "-0.11%", "2009-09-30": "-2.81%", "2009-06-30": "-28.54%", "2009-03-31": "-25.89%", "2008-12-31": "-21.37%", "2008-09-30": "-13.32%", "2008-06-30": "8.94%", "2008-03-31": "9.13%", "2007-12-31": "9.31%", "2007-09-30": "5.94%", "2007-06-30": "5.95%", "2007-03-31": "5.95%", "2006-12-31": "5.77%", "2006-09-30": "5.50%", "2006-06-30": "5.58%", "2006-03-31": "5.61%", "2005-12-31": "5.85%"}, "pe ratio": {"current": "20.23", "2021-02-05": "20.58", "2020-09-30": "13.17", "2020-06-30": "15.21", "2020-03-31": "7.50", "2019-12-31": "13.25", "2019-09-30": "12.84", "2019-06-30": "14.00", "2019-03-31": "12.18", "2018-12-31": "10.20", "2018-09-30": "15.08", "2018-06-30": "17.53", "2018-03-31": "17.75", "2017-12-31": "21.26", "2017-09-30": "19.19", "2017-06-30": "18.72", "2017-03-31": "17.86", "2016-12-31": "16.01", "2016-09-30": "16.82", "2016-06-30": "16.97", "2016-03-31": "18.55", "2015-12-31": "22.85", "2015-09-30": "23.55", "2015-06-30": "27.71", "2015-03-31": "28.84", "2014-12-31": "21.43", "2014-09-30": "20.61", "2014-06-30": "22.64", "2014-03-31": "26.20", "2013-12-31": "31.02", "2013-09-30": "29.20", "2013-06-30": "29.29", "2013-03-31": "30.25", "2012-12-31": "25.13", "2012-09-30": "24.47", "2012-06-30": "23.75", "2012-03-31": "24.10", "2011-12-31": "23.75", "2011-09-30": "16.76", "2011-06-30": "22.90", "2011-03-31": "22.40", "2010-12-31": "21.10", "2010-09-30": "22.97", "2010-06-30": "22.00", "2010-03-31": "30.90", "2009-12-31": "0.00", "2009-09-30": "0.00", "2009-06-30": "0.00", "2009-03-31": "0.00", "2008-12-31": "0.00", "2008-09-30": "0.00", "2008-06-30": "6.71", "2008-03-31": "7.20", "2007-12-31": "7.22", "2007-09-30": "12.17", "2007-06-30": "14.87", "2007-03-31": "11.96", "2006-12-31": "11.38"}, "price sales": {"2021-02-05": "1.17", "2020-09-30": "0.75", "2020-06-30": "0.79", "2020-03-31": "0.56", "2019-12-31": "0.99", "2019-09-30": "0.91", "2019-06-30": "1.09", "2019-03-31": "0.94", "2018-12-31": "0.88", "2018-09-30": "1.33", "2018-06-30": "1.64", "2018-03-31": "1.80", "2017-12-31": "2.17", "2017-09-30": "1.99", "2017-06-30": "1.97", "2017-03-31": "1.90", "2016-12-31": "1.66", "2016-09-30": "1.70", "2016-06-30": "1.64", "2016-03-31": "1.69", "2015-12-31": "1.74", "2015-09-30": "1.67", "2015-06-30": "1.78", "2015-03-31": "1.73", "2014-12-31": "1.46", "2014-09-30": "1.27", "2014-06-30": "1.30", "2014-03-31": "1.29", "2013-12-31": "1.46", "2013-09-30": "1.36", "2013-06-30": "1.24", "2013-03-31": "1.34", "2012-12-31": "1.08", "2012-09-30": "0.97", "2012-06-30": "0.85", "2012-03-31": "0.80", "2011-12-31": "0.73", "2011-09-30": "0.54", "2011-06-30": "0.77", "2011-03-31": "0.79", "2010-12-31": "0.73", "2010-09-30": "0.68", "2010-06-30": "0.57", "2010-03-31": "0.68", "2009-12-31": "0.61", "2009-09-30": "0.60", "2009-06-30": "0.42", "2009-03-31": "0.32", "2008-12-31": "0.43", "2008-09-30": "0.65", "2008-06-30": "0.60", "2008-03-31": "0.66", "2007-12-31": "0.67", "2007-09-30": "0.72", "2007-06-30": "0.89", "2007-03-31": "0.71", "2006-12-31": "0.64"}, "price book": {"current": "1.33", "2021-02-05": "1.33", "2020-09-30": "0.85", "2020-06-30": "0.91", "2020-03-31": "0.69", "2019-12-31": "1.20", "2019-09-30": "1.15", "2019-06-30": "1.36", "2019-03-31": "1.21", "2018-12-31": "1.14", "2018-09-30": "1.73", "2018-06-30": "2.17", "2018-03-31": "2.36", "2017-12-31": "2.91", "2017-09-30": "2.71", "2017-06-30": "2.78", "2017-03-31": "2.81", "2016-12-31": "2.56", "2016-09-30": "2.62", "2016-06-30": "2.61", "2016-03-31": "2.74", "2015-12-31": "2.88", "2015-09-30": "2.83", "2015-06-30": "3.06", "2015-03-31": "3.21", "2014-12-31": "2.56", "2014-09-30": "2.15", "2014-06-30": "2.16", "2014-03-31": "2.20", "2013-12-31": "2.42", "2013-09-30": "2.18", "2013-06-30": "1.99", "2013-03-31": "2.11", "2012-12-31": "1.68", "2012-09-30": "1.54", "2012-06-30": "1.39", "2012-03-31": "1.30", "2011-12-31": "1.21", "2011-09-30": "0.86", "2011-06-30": "1.17", "2011-03-31": "1.23", "2010-12-31": "1.19", "2010-09-30": "1.10", "2010-06-30": "1.01", "2010-03-31": "1.18", "2009-12-31": "1.02", "2009-09-30": "1.01", "2009-06-30": "0.78", "2009-03-31": "0.68", "2008-12-31": "0.92", "2008-09-30": "1.38", "2008-06-30": "0.87", "2008-03-31": "0.99", "2007-12-31": "1.08", "2007-09-30": "1.31", "2007-06-30": "1.72", "2007-03-31": "1.45", "2006-12-31": "1.37", "2006-09-30": "1.43", "2006-06-30": "1.39", "2006-03-31": "1.73"}, "price fcf": {"2021-02-05": "", "2020-09-30": "$19.54", "2020-06-30": "$16.13", "2020-03-31": "$12.73", "2019-12-31": "$12.08", "2019-09-30": "$9.73", "2019-06-30": "$7.47", "2019-03-31": "$6.54", "2018-12-31": "$5.18", "2018-09-30": "$4.27", "2018-06-30": "$5.63", "2018-03-31": "$3.41", "2017-12-31": "$3.84", "2017-09-30": "$4.73", "2017-06-30": "$5.01", "2017-03-31": "$8.41", "2016-12-31": "$9.03", "2016-09-30": "$8.88", "2016-06-30": "$9.08", "2016-03-31": "$8.01", "2015-12-31": "$5.75", "2015-09-30": "$6.39", "2015-06-30": "$3.97", "2015-03-31": "$1.89", "2014-12-31": "$1.37", "2014-09-30": "$0.29", "2014-06-30": "$0.56", "2014-03-31": "$1.02", "2013-12-31": "$2.19", "2013-09-30": "$4.09", "2013-06-30": "$4.92", "2013-03-31": "$5.28", "2012-12-31": "$5.47", "2012-09-30": "$3.37", "2012-06-30": "$1.70", "2012-03-31": "$0.84", "2011-12-31": "$0.37", "2011-09-30": "$-0.07", "2011-06-30": "$0.55", "2011-03-31": "$1.64", "2010-12-31": "$2.38", "2010-09-30": "$5.06", "2010-06-30": "$5.68", "2010-03-31": "$7.06", "2009-12-31": "$8.23", "2009-09-30": "$6.97", "2009-06-30": "$7.22", "2009-03-31": "$7.38", "2008-12-31": "$5.24", "2008-09-30": "$6.37", "2008-06-30": "$7.94", "2008-03-31": "$7.55", "2007-12-31": "$10.47", "2007-09-30": "$10.20", "2007-06-30": "$8.94", "2007-03-31": "$9.13", "2006-12-31": "$9.06"}, "net worth": {"value": "$10.86B"}, "current ratio": {"current": "2.16", "2020-09-30": "2.16", "2020-06-30": "2.54", "2020-03-31": "1.61", "2019-12-31": "1.63", "2019-09-30": "1.52", "2019-06-30": "1.30", "2019-03-31": "1.37", "2018-12-31": "1.38", "2018-09-30": "1.54", "2018-06-30": "1.75", "2018-03-31": "1.54", "2017-12-31": "1.53", "2017-09-30": "1.48", "2017-06-30": "1.25", "2017-03-31": "1.32", "2016-12-31": "1.28", "2016-09-30": "1.20", "2016-06-30": "1.12", "2016-03-31": "1.04", "2015-12-31": "1.00", "2015-09-30": "1.06", "2015-06-30": "1.20", "2015-03-31": "1.11", "2014-12-31": "1.53", "2014-09-30": "1.84", "2014-06-30": "1.81", "2014-03-31": "1.77", "2013-12-31": "2.34", "2013-09-30": "2.30", "2013-06-30": "2.43", "2013-03-31": "3.93", "2012-12-31": "3.08", "2012-09-30": "3.17", "2012-06-30": "3.21", "2012-03-31": "3.27", "2011-12-31": "2.18", "2011-09-30": "2.01", "2011-06-30": "2.00", "2011-03-31": "2.95", "2010-12-31": "2.14", "2010-09-30": "2.03", "2010-06-30": "1.97", "2010-03-31": "1.73", "2009-12-31": "2.67", "2009-09-30": "2.54", "2009-06-30": "2.42", "2009-03-31": "2.31", "2008-12-31": "2.56", "2008-09-30": "2.25", "2008-06-30": "2.04", "2008-03-31": "2.00", "2007-12-31": "2.02", "2007-09-30": "1.92", "2007-06-30": "1.83", "2007-03-31": "1.70", "2006-12-31": "1.48", "2006-09-30": "1.52", "2006-06-30": "1.50", "2006-03-31": "2.11", "2005-12-31": "2.15", "2005-09-30": "2.37", "2005-06-30": "2.13", "2005-03-31": "2.04"}, "quick ratio": {"2020-09-30": "1.39", "2020-06-30": "1.51", "2020-03-31": "0.84", "2019-12-31": "0.79", "2019-09-30": "0.77", "2019-06-30": "0.66", "2019-03-31": "0.69", "2018-12-31": "0.68", "2018-09-30": "0.79", "2018-06-30": "0.99", "2018-03-31": "0.81", "2017-12-31": "0.80", "2017-09-30": "0.77", "2017-06-30": "0.67", "2017-03-31": "0.71", "2016-12-31": "0.66", "2016-09-30": "0.64", "2016-06-30": "0.59", "2016-03-31": "0.55", "2015-12-31": "0.50", "2015-09-30": "0.57", "2015-06-30": "0.67", "2015-03-31": "0.59", "2014-12-31": "0.74", "2014-09-30": "0.94", "2014-06-30": "0.93", "2014-03-31": "0.89", "2013-12-31": "1.15", "2013-09-30": "1.14", "2013-06-30": "1.25", "2013-03-31": "2.53", "2012-12-31": "1.71", "2012-09-30": "1.78", "2012-06-30": "1.74", "2012-03-31": "1.77", "2011-12-31": "1.17", "2011-09-30": "1.08", "2011-06-30": "1.10", "2011-03-31": "1.60", "2010-12-31": "1.18", "2010-09-30": "1.15", "2010-06-30": "1.14", "2010-03-31": "1.07", "2009-12-31": "1.66", "2009-09-30": "1.53", "2009-06-30": "1.42", "2009-03-31": "1.29", "2008-12-31": "1.23", "2008-09-30": "1.14", "2008-06-30": "1.05", "2008-03-31": "1.00", "2007-12-31": "0.97", "2007-09-30": "0.96", "2007-06-30": "0.95", "2007-03-31": "0.87", "2006-12-31": "0.73", "2006-09-30": "0.74", "2006-06-30": "0.74", "2006-03-31": "1.06", "2005-12-31": "1.06", "2005-09-30": "1.08", "2005-06-30": "0.94", "2005-03-31": "0.86"}, "debt equity ratio": {"current": "0.28", "2020-09-30": "0.69", "2020-06-30": "0.69", "2020-03-31": "0.69", "2019-12-31": "0.65", "2019-09-30": "0.73", "2019-06-30": "0.77", "2019-03-31": "0.80", "2018-12-31": "0.76", "2018-09-30": "0.72", "2018-06-30": "0.75", "2018-03-31": "0.71", "2017-12-31": "0.71", "2017-09-30": "0.74", "2017-06-30": "0.80", "2017-03-31": "0.77", "2016-12-31": "0.77", "2016-09-30": "0.84", "2016-06-30": "0.92", "2016-03-31": "1.00", "2015-12-31": "1.04", "2015-09-30": "1.12", "2015-06-30": "1.20", "2015-03-31": "0.96", "2014-12-31": "0.87", "2014-09-30": "0.90", "2014-06-30": "0.90", "2014-03-31": "0.93", "2013-12-31": "0.90", "2013-09-30": "0.98", "2013-06-30": "1.07", "2013-03-31": "0.95", "2012-12-31": "0.70", "2012-09-30": "0.75", "2012-06-30": "0.80", "2012-03-31": "0.82", "2011-12-31": "0.82", "2011-09-30": "0.84", "2011-06-30": "0.82", "2011-03-31": "0.84", "2010-12-31": "0.86", "2010-09-30": "0.87", "2010-06-30": "0.93", "2010-03-31": "1.01", "2009-12-31": "1.00", "2009-09-30": "1.00", "2009-06-30": "1.03", "2009-03-31": "1.10", "2008-12-31": "1.02", "2008-09-30": "1.08", "2008-06-30": "0.78", "2008-03-31": "0.82", "2007-12-31": "0.84", "2007-09-30": "1.01", "2007-06-30": "1.07", "2007-03-31": "1.16", "2006-12-31": "1.21", "2006-09-30": "1.33", "2006-06-30": "1.44", "2006-03-31": "1.56", "2005-12-31": "1.63", "2005-09-30": "0.60", "2005-06-30": "0.66", "2005-03-31": "0.69"}, "return on equity": {"2020-09-30": "6.65%", "2020-06-30": "6.11%", "2020-03-31": "9.30%", "2019-12-31": "9.52%", "2019-09-30": "9.27%", "2019-06-30": "10.26%", "2019-03-31": "10.35%", "2018-12-31": "11.60%", "2018-09-30": "11.89%", "2018-06-30": "12.82%", "2018-03-31": "14.17%", "2017-12-31": "14.74%", "2017-09-30": "15.39%", "2017-06-30": "16.12%", "2017-03-31": "16.76%", "2016-12-31": "16.93%", "2016-09-30": "16.87%", "2016-06-30": "16.55%", "2016-03-31": "15.78%", "2015-12-31": "13.33%", "2015-09-30": "12.65%", "2015-06-30": "11.35%", "2015-03-31": "10.57%", "2014-12-31": "11.71%", "2014-09-30": "10.54%", "2014-06-30": "9.97%", "2014-03-31": "8.74%", "2013-12-31": "8.39%", "2013-09-30": "8.06%", "2013-06-30": "7.16%", "2013-03-31": "7.14%", "2012-12-31": "6.96%", "2012-09-30": "6.45%", "2012-06-30": "5.87%", "2012-03-31": "5.51%", "2011-12-31": "5.06%", "2011-09-30": "5.20%", "2011-06-30": "5.36%", "2011-03-31": "5.64%", "2010-12-31": "5.70%", "2010-09-30": "4.92%", "2010-06-30": "4.41%", "2010-03-31": "3.80%", "2009-12-31": "-0.19%", "2009-09-30": "-4.91%", "2009-06-30": "-52.89%", "2009-03-31": "-44.76%", "2008-12-31": "-35.32%", "2008-09-30": "-21.10%", "2008-06-30": "13.83%", "2008-03-31": "15.21%", "2007-12-31": "16.79%", "2007-09-30": "11.53%", "2007-06-30": "12.23%", "2007-03-31": "12.87%", "2006-12-31": "13.20%", "2006-09-30": "13.07%", "2006-06-30": "13.30%", "2006-03-31": "13.22%", "2005-12-31": "13.38%"}, "return on assets": {"2020-09-30": "3.96%", "2020-06-30": "3.63%", "2020-03-31": "5.45%", "2019-12-31": "5.50%", "2019-09-30": "5.26%", "2019-06-30": "5.83%", "2019-03-31": "5.89%", "2018-12-31": "6.69%", "2018-09-30": "6.91%", "2018-06-30": "7.42%", "2018-03-31": "8.16%", "2017-12-31": "8.41%", "2017-09-30": "8.71%", "2017-06-30": "8.99%", "2017-03-31": "9.21%", "2016-12-31": "9.03%", "2016-09-30": "8.68%", "2016-06-30": "8.22%", "2016-03-31": "7.56%", "2015-12-31": "6.40%", "2015-09-30": "6.20%", "2015-06-30": "5.71%", "2015-03-31": "5.54%", "2014-12-31": "6.16%", "2014-09-30": "5.52%", "2014-06-30": "5.18%", "2014-03-31": "4.44%", "2013-12-31": "4.25%", "2013-09-30": "4.18%", "2013-06-30": "3.82%", "2013-03-31": "3.96%", "2012-12-31": "3.94%", "2012-09-30": "3.59%", "2012-06-30": "3.23%", "2012-03-31": "3.02%", "2011-12-31": "2.77%", "2011-09-30": "2.83%", "2011-06-30": "2.90%", "2011-03-31": "3.01%", "2010-12-31": "2.97%", "2010-09-30": "2.52%", "2010-06-30": "2.22%", "2010-03-31": "1.89%", "2009-12-31": "-0.09%", "2009-09-30": "-2.41%", "2009-06-30": "-25.68%", "2009-03-31": "-22.74%", "2008-12-31": "-18.59%", "2008-09-30": "-11.32%", "2008-06-30": "7.45%", "2008-03-31": "7.89%", "2007-12-31": "8.35%", "2007-09-30": "5.47%", "2007-06-30": "5.59%", "2007-03-31": "5.64%", "2006-12-31": "5.55%", "2006-09-30": "5.26%", "2006-06-30": "5.73%", "2006-03-31": "6.21%", "2005-12-31": "7.01%"}, "return on investments": {"2020-09-30": "5.09%", "2020-06-30": "5.01%", "2020-03-31": "8.73%", "2019-12-31": "8.95%", "2019-09-30": "9.76%", "2019-06-30": "10.32%", "2019-03-31": "10.89%", "2018-12-31": "12.07%", "2018-09-30": "13.63%", "2018-06-30": "14.98%", "2018-03-31": "16.07%", "2017-12-31": "17.03%", "2017-09-30": "17.50%", "2017-06-30": "18.39%", "2017-03-31": "19.04%", "2016-12-31": "19.23%", "2016-09-30": "19.00%", "2016-06-30": "18.20%", "2016-03-31": "16.78%", "2015-12-31": "14.39%", "2015-09-30": "13.79%", "2015-06-30": "12.29%", "2015-03-31": "11.67%", "2014-12-31": "12.37%", "2014-09-30": "11.14%", "2014-06-30": "10.47%", "2014-03-31": "9.07%", "2013-12-31": "8.50%", "2013-09-30": "8.14%", "2013-06-30": "7.42%", "2013-03-31": "7.48%", "2012-12-31": "7.48%", "2012-09-30": "7.04%", "2012-06-30": "6.94%", "2012-03-31": "6.95%", "2011-12-31": "6.68%", "2011-09-30": "7.12%", "2011-06-30": "6.98%", "2011-03-31": "6.82%", "2010-12-31": "6.98%", "2010-09-30": "5.97%", "2010-06-30": "5.48%", "2010-03-31": "5.02%", "2009-12-31": "0.89%", "2009-09-30": "-1.93%", "2009-06-30": "-29.18%", "2009-03-31": "-25.24%", "2008-12-31": "-18.57%", "2008-09-30": "-13.15%", "2008-06-30": "9.65%", "2008-03-31": "10.73%", "2007-12-31": "11.86%", "2007-09-30": "13.05%", "2007-06-30": "13.64%", "2007-03-31": "14.13%", "2006-12-31": "13.86%", "2006-09-30": "13.09%", "2006-06-30": "13.85%", "2006-03-31": "14.46%", "2005-12-31": "15.96%"}, "return on tangible equity": {"2020-09-30": "11.72%", "2020-06-30": "10.84%", "2020-03-31": "16.60%", "2019-12-31": "17.19%", "2019-09-30": "17.01%", "2019-06-30": "18.97%", "2019-03-31": "19.13%", "2018-12-31": "21.47%", "2018-09-30": "22.09%", "2018-06-30": "24.17%", "2018-03-31": "27.51%", "2017-12-31": "29.34%", "2017-09-30": "31.62%", "2017-06-30": "34.40%", "2017-03-31": "37.62%", "2016-12-31": "40.76%", "2016-09-30": "43.93%", "2016-06-30": "46.42%", "2016-03-31": "47.49%", "2015-12-31": "37.35%", "2015-09-30": "32.24%", "2015-06-30": "26.37%", "2015-03-31": "22.43%", "2014-12-31": "25.32%", "2014-09-30": "23.39%", "2014-06-30": "22.81%", "2014-03-31": "20.77%", "2013-12-31": "19.65%", "2013-09-30": "18.38%", "2013-06-30": "15.89%", "2013-03-31": "15.33%", "2012-12-31": "15.26%", "2012-09-30": "14.62%", "2012-06-30": "13.74%", "2012-03-31": "13.22%", "2011-12-31": "12.51%", "2011-09-30": "13.22%", "2011-06-30": "13.99%", "2011-03-31": "15.29%", "2010-12-31": "16.05%", "2010-09-30": "14.47%", "2010-06-30": "13.56%", "2010-03-31": "12.21%", "2009-12-31": "-0.64%", "2009-09-30": "-16.72%", "2009-06-30": "-188.93%", "2009-03-31": "-181.16%", "2008-12-31": "-160.51%", "2008-09-30": "-110.83%", "2008-06-30": "91.42%", "2008-03-31": "134.52%", "2007-12-31": "247.72%", "2007-09-30": "766.39%", "2007-06-30": "-490.19%", "2007-03-31": "-190.42%", "2006-12-31": "-112.52%", "2006-09-30": "-78.36%", "2006-06-30": "-265.82%", "2006-03-31": "163.47%", "2005-12-31": "57.78%"}, "dividend yield history": {"last payout": "$0.00", "last yield": "0.00%"}}